3852 6178
391 247 498 308 463
523 300 529 307 .

1381 246 1445 302 Β.
1484 246 1899 304 LANFRANCI
1938 247 2299 304 CANTUAR.
2338 248 2672 305 ARCHIEP.

3520 262 3609 320 464

391 376 563 433 dierit
579 374 735 448 prior
752 389 785 428 a
804 372 1038 428 diacono
1058 371 1300 439 Surgite,
1324 387 1512 427 cantus
1537 373 1685 439 hinc,
1707 373 1985 445 percutiat
1998 376 2049 435 A
2066 372 2270 429 ferant.
2302 375 2438 429 Post
2458 375 2575 429 haec
2603 374 2774 428 abbas
2804 354 3015 445 surgat,
3034 380 3091 430 et
3118 376 3312 432 humili
3330 396 3447 435 voce
3464 383 3611 440 dicat.

392 464 667 532 tabulam,
697 462 842 519 sicut
868 460 1011 515 solet
1045 459 1262 531 percuti
1291 459 1628 531 cymbalum.
1658 462 1817 526 Quod
1847 463 1981 516 dum

391 556 474 622 fit,
498 556 733 623 surgant
750 565 961 615 omnes,
977 566 1060 614 ac,
1073 547 1419 619 praecedente
1440 549 1673 603 diacono
1684 566 1810 604 cum
1825 554 1985 604 textu

393 648 451 697 et
473 639 751 696 conversis
778 654 905 692 cum
934 636 1281 692 candelabris
1300 640 1357 690 et
1375 636 1683 699 thuribulo,
1716 645 1985 709 sequatur

390 734 695 785 conventus
738 727 799 781 in
847 726 1224 791 refectorium,
1257 725 1403 780 sicut
1431 726 1495 779 fit
1523 725 1579 780 in
1638 726 1880 781 Sabbato
1914 727 1984 781 ad

387 818 744 874 charitatem.
790 813 877 869 Ibi
915 814 1249 870 secretarius
1294 812 1501 868 habeat
1546 816 1867 887 analogium
1913 816 1982 871 de

386 907 619 963 ecclesia
631 913 914 980 paratum,
929 908 1005 961 im
1012 905 1304 977 positoque
1324 904 1563 973 desuper
1574 909 1753 972 textu,
1776 905 1981 959 iterum

387 997 579 1052 mittat
627 997 895 1053 diaconus
941 995 1072 1050 thus
1120 995 1177 1048 in
1224 995 1596 1059 thuribulum,
1638 1000 1695 1048 et
1731 993 1983 1048 incenset

385 1087 709 1157 analogium
739 1092 797 1141 et
823 1089 1060 1140 textum.
1093 1084 1164 1138 Et
1211 1084 1441 1139 sedente
1469 1085 1682 1153 majore
1708 1083 1894 1154 priore
1923 1084 1981 1137 in

384 1176 506 1230 loco
526 1174 766 1241 abbatis,
789 1174 859 1228 ad
880 1174 1005 1243 ejus
1028 1178 1230 1227 nutum
1252 1171 1482 1243 incipiat
1502 1172 1769 1226 diaconus
1792 1171 1982 1225 lectio-

384 1282 516 1320 nem
545 1264 615 1319 ab
640 1281 705 1319 eo
742 1264 863 1319 loco
892 1262 988 1317 ubi
1017 1261 1327 1316 dimiserat.
1362 1262 1432 1315 Et
1456 1260 1805 1331 percutiente
1834 1261 1979 1315 refe-

382 1353 625 1409 ctorario
655 1352 907 1407 tabulam
936 1368 1049 1406 uno
1073 1351 1208 1416 ictu,
1238 1349 1429 1417 abbas,
1467 1355 1524 1403 et
1553 1349 1756 1403 fratres
1784 1349 1879 1420 qui
1908 1349 1979 1403 ad

382 1441 555 1514 pedes
567 1441 834 1495 lavandos
846 1439 1018 1511 ipsius
1031 1438 1316 1508 adjutores
1332 1436 1679 1501 exstiterant,
1695 1436 1895 1490 vadant
1907 1436 1979 1489 ad

382 1533 567 1588 locum
588 1530 684 1586 ubi
707 1535 873 1602 potus
900 1528 1190 1583 charitatis
1232 1534 1464 1598 paratus
1494 1532 1598 1591 est,
1632 1528 1875 1581 ferentes
1906 1526 1981 1580 vi-

2064 464 2418 531 Adiuterium
2453 469 2706 517 nostrum
2750 466 2812 516 in
2846 466 3070 518 nomine
3097 466 3336 531 Domini,
3366 473 3418 522 et
3443 471 3611 526 eadem

2067 566 2195 604 voce
2222 556 2526 605 conventus
2555 552 2909 622 respondeat,
2953 555 3060 620 Qui
3086 556 3212 621 fecit
3242 559 3421 611 emtum
3447 565 3490 612 ct
3529 566 3619 613 ter-

2065 655 2191 693 ram
2227 658 2238 692 :
2282 639 2483 693 deinde
2523 640 2869 710 praecedente
2912 640 3145 696 diacono
3196 659 3317 697 cum
3365 650 3616 703 conversis

2063 727 2399 781 candelabra
2454 733 2511 781 et
2553 727 2902 783 thuribulum
2962 730 3330 800 portantibus,
3380 743 3621 805 sequatur

2065 822 2370 871 conventus
2409 817 2479 871 ad
2511 818 2938 880 monasterium,
2971 820 3269 874 secretario
3309 825 3622 893 percutiente

2064 904 2312 959 tabulam
2363 906 2433 959 ad
2486 905 2932 976 completorium,
2983 912 3057 974 et,
3113 908 3258 962 facta
3291 912 3621 975 confessione.

2062 993 2252 1047 dicant
2270 994 2714 1064 completorium,
2732 994 2849 1048 bini
2871 1002 2971 1049 aut
2983 996 3129 1050 terni
3150 997 3252 1052 sub
3271 998 3498 1056 silentio.
3510 1002 3626 1057 Post

2062 1082 2489 1153 completorium
2532 1087 2648 1136 tres
2697 1083 2979 1138 orationes
3023 1086 3188 1140 solito
3232 1103 3381 1141 more
3421 1088 3624 1156 faciant,

2061 1170 2218 1242 prior
2241 1170 2493 1225 tabulam
2517 1172 2795 1242 percutiat
2810 1172 2988 1227 tribus
3012 1173 3211 1228 ictibus
3232 1182 3357 1246 post
3375 1177 3630 1233 orationes

2061 1259 2362 1326 infantum,
2387 1259 2532 1314 sicut
2556 1261 2777 1314 skillam
2805 1262 3028 1332 pulsare
3050 1262 3209 1317 solet.
3229 1265 3535 1319 Notandum
3557 1273 3632 1321 est

2062 1354 2271 1415 autem,
2285 1349 2343 1403 in
2370 1349 2540 1418 hujus
2559 1348 2670 1402 diei
2692 1348 2981 1421 obsequio,
3004 1351 3135 1423 quia
3154 1351 3203 1405 si
3218 1351 3386 1407 abbas
3402 1354 3634 1410 sufficere

2060 1436 2492 1503 valet,omniui_n
2520 1438 2755 1492 fratrum
2782 1441 2953 1510 pedes
2977 1442 3129 1496 solus
3152 1442 3210 1496 in
3232 1443 3336 1498 hac
3359 1444 3444 1498 die
3469 1445 3634 1500 lavare

2062 1524 2246 1589 debet,
2278 1530 2520 1580 testante
2551 1527 2699 1580 enim
2729 1527 2894 1582 beato
2926 1528 3254 1597 Benedicto,
3277 1533 3423 1588 vices
3451 1534 3640 1590 Chiisti

380 1626 532 1676 treas
551 1619 784 1691 phialas,
817 1623 916 1672 aut
943 1617 1181 1688 scyphos
1204 1622 1436 1671 fratrum
1468 1616 1526 1669 in
1553 1615 1813 1670 manibus
1841 1614 2181 1691 suis._agit
2233 1614 2291 1667 in
2346 1614 2708 1682 monasterio,
2761 1620 2818 1670 et
2882 1617 3124 1672 maxime
3181 1619 3241 1672 in
3318 1620 3419 1674 hoc
3488 1622 3639 1676 mini-

381 1711 453 1765 Et
491 1685 718 1780 accepto
746 1707 876 1761 vino
902 1706 961 1760 in
989 1685 1269 1777 praedictis
1295 1705 1462 1769 vasis,
1494 1709 1717 1759 tacente
1746 1705 1970 1768 lectore,
2000 1685 2042 1744 Β
2062 1703 2254 1758 sterio.

379 1797 697 1870 praecedant
725 1796 795 1850 ad
821 1795 1082 1867 gradum,
1117 1794 1265 1849 sicut
1293 1811 1412 1851 mos
1438 1798 1541 1848 est.
1570 1793 1976 1848 Refectorarius

376 1903 530 1954 vero,
565 1904 630 1941 ex
661 1902 771 1957 quo
813 1889 1039 1955 accepto
1074 1888 1210 1955 potu
1248 1883 1528 1955 incipiunt
1570 1884 1652 1938 ire
1681 1882 1974 1953 paulatim,

377 1975 659 2049 percutiat
683 1974 935 2029 tabulam
966 1989 1126 2027 suam
1159 1988 1450 2043 quousque
1478 1973 1549 2026 ad
1581 1972 1818 2042 gradum
1847 1988 1976 2042 per-

375 2065 644 2134 veniant;
677 2081 788 2135 quo
816 2080 943 2118 cum
980 2062 1358 2134 pervenerint,
1394 2067 1484 2116 ter
1526 2067 1627 2115 aut
1666 2065 1866 2131 quater
1891 2059 1972 2113 fe-

376 2154 680 2211 stinantius
703 2151 983 2226 percutiat
1010 2156 1067 2206 et
1093 2152 1458 2206 cesset.Tunc
1483 2149 1743 2205 omnibus
1771 2148 1972 2203 humili

372 2262 505 2301 voce
532 2241 847 2298 dicentibus
878 2241 1192 2304 Bcnedicite,
1223 2239 1481 2294 sacerdos
1499 2237 1971 2292 hebdomadarius

373 2338 590 2405 surgat,
630 2337 687 2387 et
711 2330 906 2386 eadem
934 2344 1066 2383 voce
1096 2327 1541 2382 benedictionem
1572 2327 1756 2381 faciat.
1790 2327 1970 2381 Bene-

373 2421 617 2477 dictione
646 2420 814 2485 facta,
835 2417 1089 2490 porrigat
1123 2415 1296 2470 abbas
1323 2415 1497 2487 priori
1525 2421 1720 2487 potum
1759 2420 1817 2469 et
1844 2415 1970 2469 reli-

372 2512 516 2584 quis,
568 2509 715 2564 sicut
759 2513 891 2562 sunt
935 2506 1171 2577 priores,
1223 2505 1481 2560 osculans
1519 2520 1711 2559 eorum
1744 2520 1964 2568 manus,

370 2597 826 2659 ministrantibus
856 2595 906 2650 ei
936 2593 1203 2650 fratribus
1242 2594 1338 2665 qui
1366 2610 1494 2648 cum
1522 2593 1645 2665 ipso
1674 2598 1868 2664 potum
1896 2593 1968 2647 ad

367 2689 608 2761 gradum
637 2686 996 2751 detulerunt;
1027 2683 1347 2738 ministrate
1377 2689 1513 2754 potu
1553 2681 1878 2752 majoribus,
1911 2687 1967 2736 et

365 2777 696 2840 infantibus,
717 2781 845 2847 post
865 2773 1104 2843 majores
1118 2772 1345 2827 accedat
1358 2770 1528 2825 abbas
1549 2771 1620 2825 ad
1642 2770 1962 2835 diaconum,

366 2868 465 2940 qui
491 2866 845 2923 collationem
870 2862 1022 2934 legit,
1049 2867 1102 2916 et
1126 2866 1445 2932 exspectato
1466 2862 1577 2914 fine
1595 2860 1822 2931 incoepti
1842 2877 1966 2914 ver-

365 2973 463 3013 sus
492 2955 739 3029 praebeat
777 2952 829 3008 ei
875 2956 1088 3023 potum,
1138 2950 1340 3005 dehinc
1369 2949 1548 3004 tribus
1598 2948 1706 3002 illis
1757 2948 1854 3020 qui
1895 2948 1964 3003 de

362 3043 714 3100 candelabris
729 3047 787 3097 et
812 3039 1098 3095 thuribulo
1120 3037 1388 3102 serviunt,
1416 3036 1777 3092 scrvitoribus
1797 3036 1964 3090 abba-

362 3134 437 3189 tis
479 3130 817 3188 candelabra
867 3135 925 3183 et
956 3128 1309 3183 thuribulum
1351 3125 1578 3180 interim
1616 3125 1958 3179 tenentibus.

361 3223 472 3288 Qui
501 3228 561 3277 et
579 3220 819 3292 scyphos
844 3235 875 3272 a
897 3218 1130 3272 diacono
1160 3221 1218 3270 et
1245 3215 1315 3271 ab
1340 3214 1420 3269 eis
1449 3213 1799 3285 recipientes,
1833 3231 1963 3285 por-

359 3316 485 3366 tent
511 3311 581 3364 ad
609 3308 858 3363 tabulam
888 3305 1123 3372 abbatis,
1155 3309 1214 3359 et
1239 3320 1410 3374 super
1435 3318 1559 3356 eam
1598 3306 1829 3373 ponant.
1862 3302 1963 3356 His

362 3398 524 3463 actis,
544 3396 794 3470 praedicti
813 3393 1111 3449 servitores
1141 3391 1378 3458 abbatis,
1412 3390 1508 3461 qui
1532 3406 1657 3444 cum
1681 3407 1746 3445 eo
1766 3395 1961 3461 potum

361 3487 435 3542 ad
476 3486 716 3557 gradum
745 3483 1087 3548 detulerunt,
1134 3485 1266 3534 ante
1296 3480 1482 3551 ipsum
1526 3478 1765 3550 gradum
1796 3478 1963 3532 simul

358 3573 608 3639 veniant,
641 3577 699 3628 et
725 3575 857 3626 ante
887 3575 945 3625 et
983 3575 1133 3623 retro
1169 3567 1395 3633 faciant,
1429 3572 1487 3621 et
1512 3573 1710 3638 postea
1745 3583 1962 3621 sessum

360 3662 596 3730 vadant;
629 3660 831 3733 quibus
854 3658 1025 3713 abbas
1039 3656 1299 3712 similiter
1319 3662 1514 3727 potum
1528 3655 1674 3710 ferat
1705 3655 1962 3710 osculans

361 3768 557 3808 eorum
587 3766 806 3813 manus,
843 3744 1292 3802 ministrantibus
1321 3744 1403 3799 illi
1428 3743 1696 3799 fratribus
1724 3744 1837 3798 illis
1867 3743 1964 3815 qui

360 3841 414 3896 ei
443 3840 513 3895 ad
540 3838 805 3894 lavandos
826 3837 996 3908 pedes
1026 3833 1229 3906 prioris
1259 3838 1315 3888 et
1348 3833 1599 3905 ipsorum
1625 3832 1959 3887 servitorum

359 3930 840 3985 ministraverunt.
867 3983 876 3990 ,

433 4019 552 4073 Hoc
580 4018 749 4084 facto,
786 4013 960 4069 abbas
1001 4013 1073 4066 ad
1104 4011 1295 4067 sedem
1324 4026 1484 4065 suam
1522 4009 1709 4075 vadat,
1743 4014 1800 4064 et
1828 4015 1959 4065 ante

359 4123 487 4163 eam
523 4112 654 4162 ante
685 4109 743 4158 et
769 4107 920 4158 retro
948 4100 1137 4165 faciat,
1175 4103 1506 4169 assurgente
1544 4096 1652 4152 sibi
1680 4104 1958 4153 conventu

357 4197 536 4252 donec
564 4195 784 4260 sedeat;
816 4191 1112 4263 priorvero
1131 4204 1370 4259 surgens
1397 4186 1649 4258 porrigat
1668 4186 1748 4239 illi
1762 4192 1958 4257 potum

357 4285 619 4340 osculans
646 4282 766 4352 ejus
794 4294 1055 4345 manum;
1087 4278 1231 4331 lecto
1266 4291 1525 4330 sermone
1555 4282 1827 4346 quantum
1858 4275 1957 4329 ab-

357 4372 476 4427 bati
506 4372 685 4426 visum
714 4368 906 4433 fuerit,
936 4367 1207 4421 innuente
1247 4382 1313 4419 eo
1359 4364 1633 4418 diaconus
1661 4363 1955 4417 lectionem

357 4460 570 4531 absque
595 4461 671 4513 Tu
684 4462 890 4520 autem,
915 4458 1162 4519 Domine,
1180 4454 1359 4518 finiat,
1374 4459 1432 4507 et
1450 4453 1638 4508 clauso
1652 4452 1812 4518 libro,
1827 4457 1959 4507 ante

358 4555 417 4604 et
440 4546 788 4609 retrofaciat,
804 4550 861 4599 et
874 4550 1068 4616 postea
1080 4542 1439 4596 dalmaticam
1464 4546 1518 4595 et
1531 4540 1733 4596 stolam
1755 4546 1811 4595 et
1836 4556 1959 4595 ma-

356 4638 414 4692 ni
420 4635 612 4709 pulum
625 4640 817 4702 265
826 4649 996 4704 supra
1008 4631 1330 4701 analogium
1347 4634 1520 4702 ponat
1532 4629 1814 4685 .Conversi
1829 4646 1958 4684 vero

358 4723 696 4782 candelabra
723 4728 782 4778 et
820 4720 1172 4776 thuribulum
1209 4736 1380 4791 super
1430 4736 1683 4774 mensam
1740 4718 1958 4774 abbatis

358 4817 563 4877 ferant,
595 4818 654 4868 et
681 4817 812 4867 ante
832 4810 1015 4882 ipsam
1040 4825 1294 4864 mensam
1319 4813 1451 4863 ante
1471 4813 1528 4863 et
1548 4814 1699 4862 retro
1729 4807 1954 4862 faciant.

354 4901 493 4957 Post
512 4901 628 4955 haec
657 4905 715 4954 et
741 4899 1008 4953 diaconus
1037 4903 1094 4952 et
1112 4896 1382 4964 conversi,
1412 4896 1483 4951 ad
1503 4895 1684 4967 ipsam
1704 4912 1957 4950 mensam

2128 1792 2290 1847 Feria
2339 1799 2495 1847 sexta
2537 1800 2668 1848 ante
2715 1799 2992 1849 nocturna
3048 1796 3310 1866 pulsetur
3367 1798 3550 1853 tabula
3594 1800 3643 1853 in

2058 1881 2322 1947 claustro,
2355 1887 2413 1936 et
2440 1888 2569 1937 ante
2590 1883 2897 1947 cellarium,
2917 1890 2973 1938 et
2987 1890 3118 1939 ante
3147 1886 3378 1941 domum
3406 1887 3641 1943 infirmo-

2058 1987 2205 2032 rum,
2239 1972 2309 2025 ad
2339 1971 2658 2027 excitandos
2687 1972 3049 2027 dormientes.
3082 1974 3218 2029 Post
3247 1976 3526 2031 orationes
3565 1994 3651 2033 so-

2053 2059 2200 2126 litas,
2233 2060 2377 2115 sicut
2395 2062 2452 2114 in
2476 2060 2672 2132 quinta
2696 2061 2852 2127 feria,
2886 2062 3203 2133 quindecim
3234 2064 3438 2135 psalmi
3467 2065 3648 2120 dican-

2051 2152 2165 2214 tur,
2218 2149 2461 2203 candelze
2538 2149 2988 2221 exstinguantur,
3037 2151 3306 2207 lectiones
3366 2154 3425 2208 in
3479 2155 3649 2225 primo

2052 2243 2325 2292 nocturno
2362 2243 2420 2292 et
2455 2239 2697 2293 secundo
2726 2239 3005 2310 legantur,
3038 2240 3190 2296 unde
3234 2242 3393 2297 lectae
3432 2249 3560 2297 sunt
3597 2244 3650 2298 in

2053 2325 2250 2396 quinta
2272 2327 2429 2381 feria.
2454 2328 2517 2382 In
2547 2327 2713 2382 tertio
2740 2333 3015 2383 nocturno
3046 2328 3116 2383 de
3158 2330 3416 2402 Epistola
3445 2332 3516 2387 ad
3550 2334 3648 2387 He-

2051 2413 2228 2469 braeos
2256 2418 2493 2480 Fratres,
2524 2418 2844 2484 festinemus
2873 2420 3117 2485 ingredi,
3150 2425 3207 2474 et
3236 2426 3444 2475 caetera
3475 2422 3653 2475 omnia

2050 2519 2227 2574 usque
2253 2505 2323 2558 ad
2355 2504 2593 2575 primam
2622 2504 2768 2559 sicut
2794 2505 2853 2560 in
2880 2506 3268 2580 quintaferia.
3296 2510 3385 2564 Ad
3416 2510 3651 2582 primam

2049 2591 2269 2661 pulsata
2313 2591 2505 2646 tabula
2534 2597 2829 2663 surgentes
2874 2594 3040 2648 nudis
3077 2595 3321 2665 pedibus
3350 2597 3559 2652 vadant
3585 2599 3649 2652 ad

2048 2681 2475 2745 monasterium,
2502 2687 2556 2735 et
2577 2681 2655 2736 sic
2686 2688 2953 2736 maneant
2980 2699 3195 2751 omnes,
3221 2686 3408 2740 donec
3434 2686 3655 2758 implea-

2046 2775 2142 2822 tur
2166 2768 2280 2823 diei
2310 2769 2574 2835 officium,
2608 2771 2717 2824 nisi
2749 2771 3169 2840 jussuabbatis
3198 2776 3530 2830 calceentur
3558 2792 3652 2846 pro

2048 2856 2222 2911 nimia
2260 2858 2561 2929 asperitate
2603 2860 2848 2930 frigoris.
2884 2861 3044 2924 Quod
3074 2862 3121 2915 si
3169 2864 3450 2930 evenerit,
3481 2864 3653 2918 officio

2047 2950 2268 3000 tantum
2293 2946 2611 3003 intererunt
2628 2949 2793 3003 nudis
2820 2950 3075 3020 pedibus.

2294 2997 2492 3001 ___--___
2512 2997 2609 3003 κ---
2630 2997 2791 3003 ___----
2820 2997 3075 3020 rm"--.

1981 2997 2024 3056 Ο
2118 3035 2365 3089 Primam
2414 3047 2472 3090 et
2507 3054 2701 3091 omnes
2740 3038 2908 3092 horas
2951 3038 3081 3104 diei,
3119 3045 3333 3110 praeter
3378 3059 3652 3115 vesperas,

2046 3139 2224 3193 usque
2255 3124 2321 3178 ad
2356 3142 2614 3196 vesperas
2670 3125 2898 3180 Sabbati
2936 3127 3130 3181 dicant
3160 3128 3316 3184 sicut
3362 3131 3426 3184 in
3466 3131 3663 3201 quinta

2044 3210 2202 3277 feria,
2223 3218 2450 3282 excepto
2476 3213 2625 3283 quod
2649 3212 2706 3267 in
2734 3214 2932 3285 quinta
2958 3215 3098 3269 feria
3127 3216 3184 3270 in
3208 3218 3330 3272 alto
3362 3223 3662 3273 cantantur

2044 3298 2259 3370 hymni,
2300 3300 2631 3356 intonantur
2671 3302 2891 3373 psalmi,
2947 3309 3254 3359 cantantur
3304 3307 3659 3378 antiphonazz

2043 3387 2102 3442 in
2130 3388 2218 3442 his
2244 3406 2373 3444 vero
2403 3390 2598 3445 diebus
2626 3390 2844 3446 duobus
2871 3392 2989 3447 haec
3024 3394 3219 3449 omnia
3250 3395 3313 3449 in
3345 3395 3577 3450 silentio
3607 3399 3663 3448 et

2044 3475 2103 3530 in
2135 3477 2408 3532 directum
2441 3478 2733 3548 dicuntur;
2757 3481 2903 3535 dicta
2933 3480 3134 3552 prima,
3159 3489 3391 3554 septem
3419 3484 3665 3555 psalmos

2045 3570 2103 3619 et
2129 3565 2382 3621 litaniam
2412 3566 2471 3621 in
2500 3569 2614 3622 alto
2644 3568 2851 3624 dicant.
2873 3569 3075 3624 Postea
3097 3570 3344 3626 sedeant
3377 3589 3577 3627 omnes
3608 3573 3661 3626 in

2044 3654 2310 3723 claustro,
2343 3661 2400 3711 et
2416 3656 2726 3711 inchoante
2747 3656 2966 3723 abbate,
3000 3658 3191 3713 dicant
3221 3661 3572 3731 psalterium
3598 3680 3665 3716 ex

2045 3741 2266 3813 integro
2300 3763 2313 3811 ;
2347 3761 2456 3815 quo
2485 3746 2761 3816 completo
2790 3746 2997 3800 vadant
3015 3747 3086 3801 ad
3118 3749 3549 3806 confessionem
3572 3750 3665 3822 qui

2043 3832 2339 3897 voluerint,
2382 3850 2560 3905 usque
2582 3834 2651 3888 ad
2676 3835 2872 3888 horam
2904 3834 3090 3890 officii.

2112 3922 2610 3993 Appropinquante
2639 3924 2779 3977 hora
2808 3923 2993 3988 tertia,
3021 3925 3249 3995 pulsata
3273 3927 3499 3995 tabula,
3525 3927 3668 3983 sicut

2041 4010 2241 4075 solent,
2272 4017 2510 4081 pergant
2553 4012 2614 4065 in
2654 4011 3069 4068 dormitorium.
3107 4013 3338 4072 Dehinc
3390 4016 3577 4073 abluti
3614 4023 3673 4074 et

2043 4099 2330 4169 pectinati,
2362 4100 2583 4170 pulsata
2630 4099 2826 4155 tabula
2853 4102 3062 4157 vadant
3101 4102 3173 4157 ad
3217 4107 3669 4171 monasterium,

2045 4192 2101 4241 et
2122 4187 2285 4242 factis
2314 4188 2494 4243 solitis
2518 4189 2865 4245 orationibus
2891 4189 3081 4245 dicant
3098 4192 3365 4248 tertiam.
3396 4196 3542 4250 Post
3566 4200 3676 4250 ter-

2042 4275 2181 4330 tiam
2203 4276 2426 4347 pulsata
2452 4277 2647 4332 tabula
2682 4284 2922 4350 pergant
2963 4278 3023 4333 in
3054 4280 3383 4351 capitulum
3415 4302 3430 4353 ;
3477 4284 3540 4339 in
3567 4302 3677 4355 quo

2040 4380 2233 4418 versus
2288 4365 2346 4419 in
2403 4365 2624 4421 silentio
2673 4366 2911 4433 dicatur,
2958 4373 3014 4422 et
3051 4372 3374 4439 sententia,
3427 4373 3582 4429 sicut
3618 4372 3678 4429 in

2040 4452 2238 4523 quinta
2264 4453 2423 4518 feria,
2445 4454 2514 4508 de
2534 4455 2731 4525 regula
2760 4455 2997 4526 legatur.
3021 4457 3157 4511 Post
3184 4476 3535 4517 sermonem
3554 4478 3682 4517 nar-

2040 4547 2237 4596 rentur
2264 4549 2324 4597 et
2364 4542 2696 4598 ordinentur
2743 4560 2866 4615 quae
2919 4546 3139 4616 agenda
3183 4555 3334 4605 sunt
3385 4567 3577 4622 usque
3607 4547 3680 4605 ad

2039 4631 2347 4686 crastinum
2371 4630 2699 4703 capitulum.
2727 4632 3005 4688 Exeuntes
3024 4634 3094 4689 de
3120 4636 3411 4708 capitulo,
3440 4638 3683 4695 sedeant
3750 4647 3757 4653 ’

2040 4718 2099 4772 in
2136 4720 2379 4775 claustro
2419 4737 2531 4775 non
2560 4721 2876 4792 loquentes,
2916 4722 3016 4778 sed
3073 4730 3390 4782 cantantes
3450 4734 3554 4786 aut
3598 4728 3680 4783 le-

2041 4814 2258 4877 gentes.

2111 4895 2267 4950 Dicta
2299 4913 2465 4962 nona,
2495 4895 2805 4954 induantur
2840 4900 3097 4955 sacerdos
3122 4905 3179 4956 et
3207 4902 3423 4973 levita,
3464 4912 3529 4960 et
3552 4906 3689 4961 reli-

357 4990 637 5055 sedentes,
669 4988 884 5053 bibant,
907 4986 1176 5041 diaconus
1195 4986 1355 5055 juxta
1394 4983 1673 5051 abbatem,
1708 4984 1959 5039 conversi
2043 4983 2138 5055 qui
2184 4985 2278 5055 qui
2307 4986 2377 5040 ad
2426 4986 2673 5042 ofﬁcium
2717 4992 2850 5042 sunt
2896 4988 3180 5044 servituri.
3215 4993 3577 5050 Procedant
3621 4996 3693 5050 ad

349 5080 513 5151 juxta
533 5075 1016 5142 diaconum,sicut
1040 5079 1174 5129 sunt
1201 5073 1436 5145 priores.
1457 5072 1640 5128 Abbas
1660 5089 1788 5127 vero
1812 5074 1955 5129 lecto
2041 5073 2216 5127 altare
2259 5075 2516 5129 sacerdos
2554 5080 2611 5130 et
2651 5076 2818 5131 levita
2867 5077 2992 5145 soli,
3028 5079 3300 5135 sacerdos
3347 5083 3414 5138 in
3468 5083 3691 5149 casula,

316 5221 319 5223 _
351 5183 611 5222 sermone
625 5165 817 5221 statim
830 5163 1107 5236 percutiat
1118 5178 1230 5216 uno
1256 5162 1371 5216 ictu
1391 5160 1665 5229 tabulam,
1680 5166 1738 5215 et
1761 5168 1956 5233 postea
2036 5160 2304 5216 diaconus
2340 5162 2400 5217 in
2425 5163 2571 5217 stola
2595 5181 2610 5232 ;
2639 5165 2906 5236 nullaque
2926 5166 3217 5238 praemissa
3240 5170 3699 5243 supplicatione

348 5262 435 5311 tot
458 5254 670 5311 vicibus
698 5257 837 5326 quot
865 5251 1076 5306 vicibus
1107 5251 1330 5305 skillam
1362 5250 1577 5322 percuti
1604 5250 1950 5307 consuetudo
2036 5249 2188 5305 dicat
2215 5251 2472 5306 sacerdos
2515 5253 2760 5319 Oremus,
2806 5254 3074 5310 diaconus
3103 5256 3442 5315 Flectamus
3474 5279 3694 5330 genua,

349 5350 437 5400 est
467 5344 709 5400 Sabbato
731 5342 802 5397 ad
830 5341 1163 5395 charitatem
1190 5345 1317 5411 post
1345 5339 1697 5395 mandatum.
1714 5338 1950 5394 Interim
2034 5344 2091 5393 et
2117 5338 2187 5392 ad
2218 5340 2453 5394 alteram
2476 5341 2763 5395 collectam
2787 5340 3065 5396 similiter.
3096 5345 3303 5400 Altare
3328 5348 3416 5402 sit
3438 5366 3696 5423 cooper-

348 5433 460 5487 duo
489 5431 776 5488 secretarii
805 5433 1059 5501 surgant,
1077 5433 1132 5483 et
1161 5427 1484 5498 analogium
1513 5433 1571 5483 et
1593 5428 1946 5484 dalmaticam
2030 5435 2151 5484 tum
2211 5430 2453 5501 desuper
2510 5446 2624 5485 uno
2681 5434 2903 5485 tantum
2965 5430 3339 5493 linteamine.
3404 5439 3695 5511 Singulos

348 5538 477 5577 cum
503 5526 684 5590 textu,
706 5525 763 5575 et
788 5519 949 5585 stola,
1005 5524 1063 5573 et
1090 5516 1396 5588 manipulo,
1428 5517 1499 5571 ad
1540 5518 1946 5574 monasterium
2032 5524 2244 5575 tractus
2273 5520 2382 5575 duo
2402 5519 2461 5574 in
2490 5517 2630 5573 albis
2655 5524 2875 5575 canant.
2904 5519 3097 5577 Passio
3116 5521 3345 5594 absque
3384 5527 3690 5586 Dominus
