3852 6178
225 254 297 310 465

1090 252 1418 307 DECRE’llA
1460 253 1601 309 PRO
1644 253 1917 310 ORDINE
1956 254 2013 309 S.
2056 254 2459 313 BENEDICTI.

3311 254 3415 312 466

223 379 420 431 utriscum
445 378 699 449 legatur;
735 381 807 435 ad
838 393 1009 452 quam
1031 396 1133 435 nec
1172 372 1589 447 candelabrum,
1632 398 1736 436 nec
1754 387 1805 445 Α
1828 384 1891 437 in
1921 386 2299 448 tentationem,
2332 389 2391 437 et
2415 382 2617 437 chorus
2637 380 2994 454 respondeat,
3007 380 3111 435 Sed
3131 373 3305 435 l'ibcra
3323 394 3421 434 nos

223 464 513 533 thuribulum,
548 473 628 537 et,
648 486 777 524 cum
807 473 1135 541 perventum
1163 468 1335 524 fuerit
1346 470 1416 524 ad
1438 471 1619 524 locum
1644 470 1740 525 ubi

219 555 367 609 dicitur
387 557 582 610 Partiti
603 563 739 612 sunt
762 562 1084 613 vestimenta
1105 574 1227 613 mea
1248 560 1374 624 sibi,
1400 559 1516 613 sint
1543 559 1654 614 duo
1671 560 1742 613 de

220 644 372 698 indutis
397 645 554 713 juxta
581 646 779 713 altare,
811 647 943 701 hinc
991 652 1047 702 et
1100 647 1230 701 inde
1260 648 1548 702 trahentes
1572 648 1643 702 ad
1682 665 1742 702 se

217 734 316 787 duos
334 749 522 804 pannos
561 736 659 807 qui
688 741 820 791 ante
848 736 1094 791 officium
1144 752 1314 807 super
1363 737 1541 791 altare
1582 736 1740 791 missi

217 822 396 888 fuerant,
421 823 589 879 linteo
640 830 832 880 tamen
862 829 1191 880 remanente
1221 824 1417 879 subtus
1465 826 1690 879 missale
1723 845 1736 892 ;

215 912 318 965 lecta
333 912 565 982 passione
592 913 853 969 dicantur
879 914 1162 968 orationes
1192 914 1489 979 solemnes,
1520 913 1663 967 sicut
1682 913 1739 967 in

216 1001 372 1054 missali
395 1002 763 1057 continentur.
798 1004 907 1057 Pro
934 1003 1149 1057 cunctis
1179 1002 1467 1057 ordinibus
1510 1005 1741 1056 tlectan-

216 1100 281 1142 tur
296 1106 467 1159 genua,
498 1090 607 1144 nisi
639 1108 739 1162 pro
760 1092 986 1146 Judmis.

263 1178 340 1231 His
363 1180 581 1249 expletis
602 1179 858 1251 deposita
886 1181 1076 1235 casula
1100 1188 1158 1235 et
1180 1180 1357 1246 stolis,
1392 1187 1744 1235 revertantur

211 1266 411 1320 sacerdos
436 1272 490 1321 et
516 1267 684 1322 levita
702 1269 758 1323 in
798 1270 1029 1323 chorum
1060 1270 1117 1323 in
1155 1268 1315 1323 albis.
1347 1269 1503 1323 Tunc
1519 1270 1630 1324 duo
1651 1287 1741 1324 sa-

210 1354 614 1425 cerdotesquibus
643 1364 839 1412 cantor
864 1359 1116 1429 jusserit,
1163 1357 1347 1412 induti
1374 1358 1537 1425 albis,
1585 1375 1744 1413 acce-

212 1440 310 1496 dant
326 1444 385 1498 ad
408 1461 646 1513 crucem,
673 1463 798 1518 qua:
828 1446 994 1501 debet
1025 1463 1146 1501 esse
1174 1452 1487 1519 praeparata
1520 1454 1577 1501 et
1615 1463 1743 1502 coo-

208 1538 327 1600 pelta
349 1532 407 1585 ad
433 1535 611 1589 altare
640 1535 993 1590 matutinale.
1022 1552 1190 1607 quam
1206 1535 1540 1607 accipientes
1558 1535 1747 1590 ferunt

211 1633 301 1672 eam
345 1622 621 1699 paulatim
647 1624 1087 1694 progredientes,
1125 1630 1183 1678 et
1216 1628 1508 1678 cantantes
1554 1640 1745 1679 versus

1822 488 1856 525 a
1886 476 2051 527 malo.
2104 472 2318 527 Dehinc
2371 471 2628 525 sacerdos
2674 470 2732 525 in
2774 470 2995 525 silentio
3047 471 3239 525 Libera
3295 483 3414 536 nos,

1821 577 2152 629 quasumus,
2181 562 2430 625 Domine,
2482 566 2541 614 et
2592 564 2794 615 cmtera
2846 575 3025 631 usque
3074 561 3143 614 In
3196 562 3416 614 unitate

1822 647 2068 718 Spiritus
2098 651 2298 711 sancti,
2324 649 2483 702 Deus.
2538 647 2611 702 Et
2641 654 2767 720 post
2817 649 3107 703 moderata
3150 663 3283 702 voce
3311 649 3416 701 Per

1823 741 2014 791 omnia
2050 740 2248 791 saecula
2285 739 2633 791 seculorum.
2691 736 2762 791 Et
2813 736 3189 808 respondente
3243 735 3416 789 choro

1820 830 2016 886 Amen.
2049 826 2191 881 nihil
2220 826 2461 898 amplius
2512 827 2696 893 dicat;
2728 826 3012 895 missaque
3058 826 3119 880 in
3165 824 3415 887 calicem,

1822 916 1967 969 sicut
1994 916 2153 979 solet,
2166 915 2443 986 particula
2453 914 2729 969 Dominici
2762 914 3030 985 corporis,
3045 913 3422 968 communicet

1825 1020 1884 1057 se
1904 1010 1961 1057 et
1988 1004 2191 1058 fratres
2211 1020 2423 1066 omnes,
2448 1004 2570 1057 sine
2597 1003 2784 1057 osculo
2805 1003 2977 1075 pacis.
3021 1002 3417 1057 Communica-

1824 1092 1896 1145 tis
1918 1092 2178 1146 omnibus
2202 1093 2459 1163 pulsetur
2483 1092 2677 1146 tabula
2693 1098 2751 1146 et
2770 1093 2868 1145 ﬁat
2880 1092 3060 1146 oratio
3080 1090 3418 1162 vespertina.

1826 1180 1948 1245 Qua
1962 1182 2258 1253 completa,
2292 1188 2494 1237 exeant
2522 1183 2580 1236 in
2600 1182 2931 1245 claustrum,
2964 1186 3022 1234 et
3045 1180 3233 1234 lavent
3249 1178 3422 1249 pedes

1825 1267 1894 1321 de
1919 1285 2067 1339 aqua
2095 1270 2277 1324 calida
2327 1278 2385 1325 et
2412 1270 2659 1325 calccent
2684 1287 2744 1324 se
2774 1268 3123 1325 diurnalibus
3143 1267 3279 1325 suis.
3313 1267 3423 1323 Po-

1826 1362 1949 1412 stea
1972 1359 2208 1429 pulsatis
2231 1358 2440 1413 tabulis
2470 1358 2770 1413 redeuntes
2787 1359 2848 1413 in
2863 1359 3095 1413 chorum
3125 1356 3313 1410 dicant
3332 1370 3425 1408 ve-

1827 1462 2020 1517 speras
2049 1447 2106 1501 in
2129 1447 2373 1514 silentio,
2402 1447 2614 1502 eisdem
2651 1447 2797 1502 sicut
2815 1447 2873 1501 in
2899 1446 3097 1519 quinta
3113 1445 3253 1500 feria“
3270 1442 3426 1516 psal-

1827 1535 1955 1595 mis.
2014 1535 2356 1606 antiphonis,
2412 1535 2692 1607 precibus,
2752 1535 2997 1590 collectis
3046 1552 3060 1602 ;
3117 1533 3224 1588 nisi
3276 1531 3428 1604 quod

1827 1641 1928 1695 pro
1956 1625 2174 1695 psalmo
2217 1626 2336 1679 Voce
2385 1640 2525 1689 mea,
2567 1624 2663 1695 qui
2693 1623 2875 1678 dictus
2902 1628 2987 1677 est
3026 1622 3224 1693 quinta
3260 1619 3422 1685 feria,

207 1710 357 1777 Popute
382 1727 545 1777 meus,
578 1711 690 1766 duo
711 1712 934 1779 Levitae,
976 1712 1033 1766 in
1064 1711 1203 1766 albis
1232 1718 1447 1768 stantes
1474 1718 1603 1767 ante
1620 1700 1805 1783 gra—B
1825 1713 1929 1767 hac
1959 1713 2050 1767 die
2092 1712 2297 1767 dicitur
2324 1713 2577 1784 psalmus
2607 1713 2923 1766 Benedictus
2960 1712 3231 1767 Dominus
3284 1708 3425 1762 Deus

206 1796 297 1862 dus,
315 1803 425 1853 ante
443 1800 622 1853 altare
651 1802 837 1871 majus
861 1801 1239 1872 respondeant
1266 1805 1429 1870 Agios
1457 1819 1486 1855 0
1528 1804 1689 1856 Tlicos
1723 1821 1737 1866 ;

200 1884 358 1940 chorus
379 1895 563 1942 autem
594 1889 747 1943 dicat
793 1890 1029 1945 Sanctus
1055 1892 1214 1954 Deus,
1252 1891 1569 1945 sacerdotes
1601 1891 1741 1957 Quia

201 1974 329 2028 eduxi
350 1992 446 2043 vos,
475 1978 683 2031 Levitae
710 1980 874 2045 Agios
906 1979 1108 2033 chorus
1129 1980 1385 2043 Sanctus,
1425 1979 1744 2033 sacerdotes

198 2061 309 2128 Quid
324 2068 479 2133 ultra,
504 2066 709 2122 Levita;
727 2066 920 2139 Agim,
948 2067 1149 2122 chorus
1175 2066 1429 2122 Sanctus.
1461 2068 1616 2123 Tunc
1649 2084 1743 2123 sa-

199 2151 417 2218 cerdotes,
435 2171 659 2209 crucem
672 2156 1169 2222 ferentes,veniant
1178 2162 1309 2211 ante
1325 2148 1601 2218 altare,'et
1613 2174 1740 2212 cum

194 2239 393 2295 ﬁnierint
417 2242 675 2311 Sanctus,
709 2245 903 2299 statim
931 2246 1401 2317 discooperientes
1429 2262 1554 2300 eam
1598 2246 1740 2300 inci-

194 2327 315 2396 piant
339 2330 490 2386 ambo
511 2333 880 2405 antiphonam
908 2335 1038 2389 Ecce
1067 2338 1287 2403 lignum
1310 2354 1325 2398 ;
1357 2340 1415 2388 et
1453 2339 1589 2388 tunc
1642 2333 1741 2386 de-

192 2434 310 2473 mum
336 2436 520 2475 omnes
550 2423 778 2477 ﬂectant
819 2439 1023 2495 genua.
1080 2425 1389 2495 Repetatur
1432 2423 1742 2495 antiphona

190 2523 285 2562 cum
333 2510 575 2565 versibus
625 2512 827 2582 psalmi
856 2515 1008 2567 Beati
1060 2515 1433 2577 immaculati,
1468 2518 1742 2583 quantum

188 2598 360 2652 mntori
376 2600 558 2654 visum
597 2600 798 2658 fuerit.
836 2601 1051 2656 Dehinc
1078 2607 1355 2656 canentur
1386 2600 1497 2655 alia
1527 2602 1598 2655 ad
1639 2601 1745 2655 hoc

183 2686 425 2742 servitium
452 2689 816 2760 pertinentia,
845 2697 1121 2761 quantum
1140 2706 1281 2761 opus
1299 2690 1489 2745 fuerit.
1511 2689 1747 2761 Tapetia

185 2773 271 2827 sint
293 2782 503 2832 extensa
539 2784 734 2844 πω
757 2787 889 2833 ante
918 2779 1116 2846 altare,
1151 2795 1320 2850 super
1349 2795 1472 2849 qua:
1498 2784 1741 2849 proster-

178 2870 347 2917 nantur
372 2868 623 2936 primum
651 2867 850 2922 domus
878 2867 1071 2932 abbas,
1126 2878 1183 2921 et
1231 2867 1415 2921 induti
1445 2885 1459 2934 ;
1514 2866 1740 2921 interim

180 2949 222 3002 in
266 2952 430 3008 locum
480 2973 683 3010 eorum
715 2956 810 3027 qui
839 2961 1036 3011 tenent
1062 2973 1283 3011 crucem
1314 2955 1741 3011 succedentibus

144 3038 289 3105 .aliis,
312 3042 507 3098 deinde
543 3045 750 3110 caeteri,
786 3046 927 3100 sicut
957 3051 1045 3100 est
1074 3045 1210 3100 ordo
1262 3061 1478 3099 eorum.
1514 3046 1582 3100 Et
1624 3061 1738 3099 non

175 3129 348 3195 prolixe
392 3133 700 3187 adorantes
758 3138 1002 3201 taceant,
1053 3134 1151 3188 sed
1204 3133 1448 3188 breviter
1485 3139 1544 3189 et
1597 3150 1737 3205 pure

169 3226 357 3274 orantes
384 3240 396 3275 :
430 3228 638 3293 postea
665 3223 1048 3294 unusquisque
1077 3223 1362 3278 osculetur
1374 3222 1544 3293 pedes
1565 3221 1738 3277 cruci-

171 3304 259 3369 ﬁxi,
289 3316 342 3361 et
365 3317 494 3380 post
522 3315 844 3364 revertatur
880 3310 938 3365 in
962 3311 1213 3365 chorum.
1245 3311 1404 3375 Quod
1456 3310 1502 3365 si
1544 3326 1740 3365 conve-

166 3394 319 3450 nerint
341 3398 519 3469 aliqui
575 3399 660 3453 vel
707 3399 894 3453 clerici
938 3400 1025 3454 vel
1071 3399 1199 3453 laici
1228 3400 1474 3453 volentes
1502 3399 1738 3453 adorare

167 3498 369 3550 crucem,
430 3493 700 3558 portetur
748 3488 829 3542 eis
884 3504 1019 3543 crux
1074 3488 1133 3542 in
1191 3488 1363 3542 alium
1394 3489 1598 3553 locum,
1640 3488 1737 3542 ubi

164 3573 316 3641 aptius
341 3575 592 3631 adorent
618 3592 764 3631 eam.
788 3577 922 3641 Quae
960 3577 1007 3631 si
1038 3594 1139 3648 per
1164 3578 1397 3631 chorum
1427 3576 1733 3640 transierit,

163 3661 287 3715 ﬂexis
312 3664 380 3718 ad
411 3671 637 3718 terram
656 3665 893 3734 genibus
921 3666 1189 3721 adoretur
1232 3681 1267 3719 a
1303 3666 1589 3733 fratribus,
1624 3684 1738 3722 non

166 3747 299 3803 simul
317 3753 606 3819 omnibus,
629 3753 729 3807 sed
759 3753 904 3807 sicut
924 3754 1241 3825 portabitur
1258 3771 1446 3809 coram
1469 3756 1570 3809 eis.
1592 3756 1738 3810 Ado-

160 3846 258 3891 rata
280 3840 346 3893 ab
368 3843 646 3896 omnibus
692 3858 875 3907 cruce,
928 3843 1228 3913 portitores
1280 3845 1403 3914 ejus
1458 3844 1738 3898 elevantes

161 3928 561 4000 eamincipiant
615 3930 984 4000 antiphonam
1016 3930 1193 4001 Super
1230 3935 1420 3986 omnia
1460 3935 1614 4001 tigna
1661 3950 1737 3988 ce-

154 4014 375 4085 drorum,
407 4026 469 4073 et
488 4019 580 4073 sic
615 4019 826 4073 vadant
870 4020 941 4073 ad
975 4020 1161 4074 locum
1186 4020 1281 4075 ubi
1307 4037 1431 4075 eam
1460 4021 1732 4077 collocare

153 4100 342 4160 debent.
370 4109 539 4162 Tunc
567 4124 767 4162 omnes
792 4115 988 4179 petant
1017 4110 1235 4165 veniam
1260 4110 1415 4164 ﬂexis
1432 4110 1503 4164 ad
1521 4116 1730 4165 terram

147 4195 369 4258 genibus.

1826 1819 1995 1856 meus.

1895 1891 2073 1946 Dictis
2103 1892 2347 1963 vesperis
2376 1896 2435 1947 et
2465 1893 2686 1964 pulsata
2715 1890 2926 1955 tabula,
2955 1893 3090 1943 eant
3108 1887 3168 1941 in
3196 1885 3429 1939 refecto-

1824 1979 1994 2045 rium,
2027 1980 2123 2035 ubi
2145 1980 2471 2035 reficiantur
2496 1997 2641 2052 pane
2668 1984 2892 2035 tantum
2932 1983 2990 2032 et
3014 1990 3182 2048 aqua,
3214 1977 3272 2027 et
3294 1971 3429 2025 her-

1824 2067 1910 2122 bis
1939 2069 2144 2123 crudis.
2180 2068 2302 2124 Cibi
2334 2070 2573 2124 fratrum
2593 2066 2978 2140 coqnanturin
2997 2063 3256 2135 coquina,
3280 2060 3429 2115 sicut

1824 2158 2041 2213 caeteris
2070 2158 2287 2225 diebus,
2314 2165 2371 2214 et
2398 2158 2530 2213 inde
2558 2162 2857 2230 portentur
2883 2155 2954 2210 ad
2984 2155 3424 2222 eleemosynam.

1826 2248 2036 2302 Solitus
2065 2265 2287 2319 quoque
2310 2252 2477 2319 potus
2507 2247 2674 2300 detur
2725 2242 3087 2317 pauperibus.
3117 2238 3425 2296 Reﬂciente

1824 2342 2119 2401 conventu,
2182 2336 2471 2391 secretarii
2526 2334 2805 2405 adjunctis
2865 2331 2972 2386 sibi
3018 2326 3424 2390 sacerdotibus,

1825 2430 1964 2494 quot
1987 2425 2289 2480 necessarii
2317 2424 2529 2479 fuerint
2564 2429 2623 2477 et
2641 2421 2843 2493 quibus
2868 2422 3090 2492 jussum
3112 2419 3303 2486 fuerit,
3333 2436 3425 2475 re-

1825 2519 2093 2568 maneant
2120 2514 2179 2568 in
2220 2513 2470 2577 ecclesia,
2524 2511 2596 2567 ad
2638 2510 2918 2566 abluenda
2963 2508 3166 2564 altaria
3210 2509 3421 2576 omnia,

1826 2617 1949 2673 quae
1980 2602 2135 2674 prius
2154 2602 2396 2657 lavanda
2420 2605 2555 2655 sunt
2578 2616 2745 2671 aqua,
2778 2598 2981 2654 deinde
3002 2598 3151 2652 vino.
3181 2597 3423 2653 Retectis

1829 2692 2210 2758 servitoribus,
2234 2695 2531 2763 postquam
2560 2690 2631 2743 de
2652 2688 2994 2743 monasterio
3015 2692 3069 2741 et
3090 2686 3423 2742 dormitorio

1822 2781 1879 2835 in
1906 2781 2214 2836 claustrum
2245 2780 2537 2842 redierint,
2568 2777 2792 2849 pulsata
2810 2776 3025 2840 tabula,
3056 2776 3258 2830 fratres
3288 2779 3425 2829 eant

1820 2871 1879 2924 in
1909 2870 2267 2925 refectorium
2299 2873 2528 2941 propter
2573 2866 2909 2924 servandum
2939 2864 3214 2930 ordinem,
3258 2863 3423 2936 quasi

1822 2960 1893 3014 ad
1921 2958 2247 3023 bibendum,
2271 2965 2328 3013 et
2349 2957 2545 3012 bibant
2572 2972 2776 3029 aquam
2793 2955 2888 3027 qui
2915 2954 3216 3016 voluerint,
3237 2953 3417 3009 alium

1819 3055 2013 3122 potum
2044 3048 2292 3103 minime.
2320 3049 2439 3103 Illis
2468 3046 2798 3102 exeuntibus
2850 3046 2920 3099 de
2945 3044 3237 3099 refectorio
3273 3049 3332 3099 et
3357 3045 3420 3100 in

1817 3131 2062 3185 claustro
2090 3127 2485 3193 residentibus,
2519 3128 2666 3182 facto
2686 3141 2934 3197 congruo
2954 3123 3269 3190 intervallo,
3294 3124 3419 3195 pul-

1818 3224 1977 3274 setur
2003 3217 2216 3283 tabula,
2246 3224 2303 3272 et
2331 3217 2537 3272 vadant
2577 3232 2771 3271 omnes
2822 3215 2895 3269 ad
2956 3212 3332 3269 collationem.
3364 3215 3417 3270 Α

1819 3307 2180 3380 quajubente
2200 3306 2421 3371 abbate,
2453 3320 2721 3377 percussa
2741 3321 2776 3358 a
2805 3302 2991 3375 priore
3032 3301 3247 3366 tabula,
3296 3318 3419 3356 sur-

1816 3403 2013 3467 gentes
2049 3402 2286 3469 pergant
2316 3396 2373 3450 in
2403 3394 2763 3449 refectorium
2777 3392 2849 3447 ad
2868 3391 3200 3447 charitatem
3224 3389 3416 3446 biben-

1858 3503 1970 3540 am.

1858 3503 1970 3540 am.

1818 3486 1852 3541 ἀ
1892 3570 2139 3626 Sabbato
2167 3575 2360 3624 sancto
2376 3567 2724 3641 percutiatur
2750 3564 2943 3620 tabula
2962 3570 3094 3620 ante
3113 3568 3413 3627 nocturna,

1819 3661 1965 3714 sicut
1988 3660 2047 3713 in
2074 3663 2231 3713 sexta
2243 3658 2403 3723 feria,
2422 3663 2481 3711 et
2493 3661 2695 3710 caetera
2708 3654 2971 3709 similiter
2981 3654 3120 3707 fiant
3136 3668 3315 3724 usque
3342 3653 3414 3706 ad

1819 3750 2081 3819 primam.
2128 3750 2193 3804 In
2237 3747 2405 3803 tertio
2454 3750 2729 3800 nocturno
2775 3743 2999 3813 legatur
3053 3742 3123 3795 de
3164 3741 3417 3812 Epistola

1818 3838 1979 3892 Pauli
1997 3836 2234 3909 apostoli
2248 3836 2499 3891 Christus
2517 3836 2771 3888 assistens
2794 3834 3048 3901 pontifex
3059 3832 3385 3899 futurorum
3397 3869 3411 3884 .

1817 3926 1903 3980 Ad
1930 3927 2170 3996 primam
2193 3928 2430 3994 surgant
2451 3923 2509 3976 in
2533 3919 2955 3976 noctumalibus
2972 3917 3115 3983 suis;
3145 3917 3408 3989 primam,

1814 4021 1873 4069 et
1900 4020 2115 4085 septem
2141 4013 2405 4084 psalmos,
2452 4017 2507 4065 et
2555 4008 2810 4063 litaniam
2865 4014 2924 4062 et
2976 4011 3207 4061 caeteras
3243 4005 3413 4058 horas

1813 4120 1992 4174 usque
2044 4103 2114 4157 ad
2147 4116 2404 4172 vesperas
2451 4098 2660 4163 dicant,
2690 4097 2837 4151 sicut
2864 4096 2922 4150 in
2951 4099 3110 4150 sexta
3134 4092 3293 4147 feria.
3344 4092 3411 4147 In

1813 4192 2057 4263 capitulo
2092 4191 2317 4260 legatur
2341 4186 2622 4243 sententia
2650 4186 2720 4241 de
2740 4184 2936 4255 regula
2959 4182 3141 4237 sancti
3168 4179 3413 4235 Benedi-

207 4285 295 4340 His
321 4291 402 4344 ita
425 4291 617 4362 gestis
640 4289 901 4343 sacerdos
929 4293 1217 4358 resumpta
1245 4288 1436 4341 casula
1463 4302 1590 4342 cum
1619 4293 1794 4355 sto-1)
1812 4282 1906 4348 cti,
1939 4287 1997 4335 et
2021 4281 2390 4350 disponantur
2426 4293 2550 4348 quae
2578 4274 2801 4345 agenda
2839 4276 2974 4327 sunt
3001 4286 3179 4342 usque
3208 4269 3279 4324 ad
3308 4284 3411 4340 pa-

145 4370 202 4435 ls,
221 4382 271 4429 et
286 4378 571 4435 diaconus
598 4380 763 4445 stola,
814 4375 1255 4449 praecedentibus
1284 4376 1579 4430 conversis"
1606 4392 1735 4431 cum

144 4464 474 4522 candelabris
496 4474 564 4523 et
579 4466 893 4531 thuribulo,
916 4465 1124 4520 vadant
1145 4464 1216 4518 ad
1236 4464 1417 4518 locum
1430 4463 1526 4518 ubi
1539 4464 1737 4535 quinta

142 4546 254 4605 fen’a
281 4572 495 4628 corpus
516 4556 754 4612 Domini
783 4554 894 4609 fuit
918 4554 1225 4625 repositum
1260 4571 1272 4619 ;
1316 4559 1373 4607 et
1428 4553 1608 4623 posito
1653 4554 1736 4607 in-

140 4654 280 4697 censo
306 4644 366 4698 in
395 4645 706 4700 thuribulo
730 4645 983 4699 incenset
1010 4642 1171 4707 illud,
1203 4648 1261 4697 et
1286 4642 1366 4695 sic
1397 4641 1587 4696 tradat
1611 4641 1733 4695 dia-

137 4742 255 4786 cono
276 4734 348 4789 ad
369 4734 819 4807 reportandum.
844 4733 911 4787 In
939 4731 1122 4786 eundo
1162 4739 1220 4785 et
1272 4730 1558 4785 redeundo
1600 4747 1733 4785 con-

136 4833 299 4876 Versos
345 4829 646 4895 sequatur
692 4821 979 4887 diaconus,
1010 4818 1269 4873 sacerdos
1316 4824 1599 4874 extremus
1649 4837 1736 4874 ve-

135 4908 247 4963 niat.
290 4912 439 4967 Cum
502 4910 975 4983 appropinquant
1012 4908 1200 4976 altari,
1255 4907 1493 4963 adorent
1540 4925 1734 4963 omnes

131 4995 311 5054 fratres
329 5018 560 5072 corpus
575 4999 801 5054 Domini
817 4997 972 5052 ﬂexis
989 4997 1227 5068 genibus
1247 5015 1259 5063 ;
1286 4997 1553 5052 collocato
1565 5013 1735 5069 super

133 5086 283 5142 altare
311 5089 551 5145 Christi
584 5103 838 5159 corpore,
892 5088 1040 5141 facta
1066 5086 1125 5139 in
1155 5085 1324 5140 calice
1354 5085 1467 5139 vini
1496 5092 1554 5140 et
1575 5102 1734 5157 aquae

127 5179 543 5242 commistione,
579 5176 730 5230 dicta
772 5192 806 5229 a
853 5174 1140 5229 sacerdote
1186 5190 1315 5228 cum
1343 5173 1579 5227 diacono
1606 5190 1735 5227 con-

128 5262 365 5332 fessione,
388 5267 562 5321 facta.
593 5263 923 5335 suppliciter
949 5279 982 5317 a
1008 5262 1298 5317 sacerdote
1325 5262 1588 5316 adaltare
1611 5279 1733 5324 ora-

126 5354 274 5417 tione,
305 5358 599 5411 incenset
615 5353 874 5408 sacerdos
900 5368 1103 5423 corpus
1131 5352 1338 5406 Christi
1370 5358 1427 5407 et
1454 5352 1685 5406 calicem
1718 5372 1731 5420 ;

128 5443 304 5498 deinde
371 5445 549 5499 dicat
616 5442 881 5496 mediocri
936 5457 1067 5495 voce
1128 5442 1395 5507 Oremus;
1451 5444 1734 5509 Praeceptis

128 5538 463 5592 salutaribus
476 5535 992 5600 moniti,ctczctera
1006 5546 1183 5602 usque
1206 5530 1274 5586 Et
1296 5546 1364 5585 ne
1380 5545 1478 5587 nos
1498 5531 1732 5587 inducas

1262 5650 1269 5655 τ
1300 5652 1377 5667 ιο.-
1406 5652 1453 5665 ν-η.

1468 5670 1475 5679 ³
1500 5678 1587 5717 Ἰὼ

1816 4371 2002 4426 schale
2025 4368 2355 4440 capitulum.
2375 4368 2521 4422 Ante
2550 4362 2879 4435 capitulum,
2931 4366 2989 4415 et
3035 4364 3162 4432 post
3200 4358 3413 4430 capitu-

1815 4460 1933 4514 lum
1955 4458 2163 4513 debent
2191 4455 2474 4511 secretarii
2514 4451 2921 4508 monasterium
2952 4454 3011 4505 et
3036 4446 3227 4503 omnia
3264 4446 3412 4502 alta-

1816 4549 1903 4603 ria
1928 4563 2148 4613 ornare,
2179 4562 2369 4601 cereos
2399 4543 2715 4614 ubicunque
2740 4557 2861 4596 esse
2890 4538 3097 4594 debent
3115 4537 3408 4602 collocare,

1815 4654 2040 4693 cereum
2070 4637 2141 4691 ad
2164 4633 2605 4690 benedicendum
2655 4632 2715 4687 in
2763 4631 2886 4685 loco
2915 4645 3016 4684 suo
3041 4627 3311 4683 stabilire.
3344 4628 3411 4683 In

1817 4742 1926 4797 quo
1955 4743 1991 4780 a
2016 4730 2245 4779 cantore
2274 4721 2442 4777 scribi
2475 4720 2641 4775 debet
2681 4725 2886 4791 quotus
2913 4734 3096 4773 annus
3117 4716 3213 4771 ille
3240 4716 3315 4771 sit
3339 4714 3411 4770 ab

1817 4814 2208 4869 Incarnatione
2236 4810 2483 4877 Domini,
2520 4816 2578 4865 et
2615 4826 2750 4865 crux
2777 4806 3062 4879 designari
3096 4806 3303 4861 inﬁxus
3349 4805 3411 4861 in

1817 4905 2065 4976 quinque
2085 4903 2221 4958 locis
2242 4901 2490 4973 quinque
2516 4898 2707 4970 granis
2725 4897 2960 4953 incensi.

1886 4982 2021 5047 Post
2048 5009 2254 5047 nonam
2276 4991 2586 5045 induantur
2612 4988 2708 5060 qui
2736 4986 2980 5043 ofﬁcium
3009 4992 3146 5042 sunt
3169 4983 3412 5040 celebra—

1814 5084 1950 5149 turi,
1983 5088 2041 5137 et
2067 5083 2139 5137 ad
2167 5081 2413 5137 ofﬁcium
2441 5079 2763 5152 specialiter
2782 5074 3064 5141 servituri,
3089 5079 3148 5128 et
3170 5072 3413 5127 infantes

1815 5189 2030 5236 omnes,
2058 5170 2319 5226 sacerdos
2347 5168 2474 5223 alba
2501 5175 2559 5223 et
2585 5167 2749 5232 stola,
2776 5164 2993 5221 caeteris
3037 5161 3177 5217 albis
3204 5159 3408 5224 induti,

1819 5262 1879 5317 in
1911 5262 2147 5315 chorum
2194 5259 2462 5322 redeant;
2497 5255 2701 5310 dehinc
2745 5251 3053 5325 procedant
3085 5248 3157 5303 ad
3188 5262 3412 5302 sacran-

1819 5351 1955 5405 dum
1983 5351 2193 5420 ignem,
2226 5351 2491 5401 canentes
2540 5344 2821 5416 psalmum
2861 5336 3409 5411 quinquagesimum,

1817 5440 2040 5494 Primus
2071 5436 2321 5491 omnium
2350 5433 2684 5489 secretarius
2719 5431 2814 5502 qui
2856 5430 3079 5482 hastam
3113 5430 3322 5499 portat,
3353 5425 3414 5480 in

1816 5546 1927 5603 qua
1954 5533 2236 5585 sacratum
2264 5525 2452 5597 ignem
2483 5525 2731 5597 reportet
2751 5537 2764 5589 ;
2788 5517 2991 5575 dehinc
3006 5515 3417 5591 portitoraquae
