3852 6178
456 279 561 371 ων
1448 288 1513 345 Β.
1553 287 1967 371 “arma;
2005 284 2367 367 curvas.
2407 280 2746 360 ARCHIEP.
3573 281 3660 357 4.6.8

455 408 792 478 benedictae;
823 416 950 481 post
974 410 1099 478 hos,
1129 412 1226 493 qui
1250 418 1478 489 portant
1506 430 1727 473 crucem
1779 418 1836 471 et
1861 412 2046 479 thuri-
2063 414 2115 474 Α
2133 410 2422 476 diaconus,
2470 414 2586 465 tres
2613 406 2884 473 conversi,
2916 409 2975 493 et
3003 404 3204 475 induat
3230 420 3289 469 se
3313 406 3548 473 sacerdos
3588 425 3667 473 ca,-

456 495 653 569 bulum
672 496 915 567 {deinde
938 501 1197 555 sacerdos
1226 503 1321 573 qui
1349 503 1538 573 ignem
1561 508 1883 565 sacraturus
1922 508 2008 557 est
2034 520 2045 567 ;
2131 499 2277 566 sula,
2306 497 2474 557 levita
2503 495 2821 561 dalmatica,
2845 492 3221 557 subdiaconus
3248 493 3442 559 tunica.

456 593 585 660 post
610 604 775 658 quem
806 587 1069 654 infantes.
1100 590 1300 656 dehinc
1326 592 1525 663 reliqui
1543 592 1721 651 induti
1744 611 1756 658 ;
1777 598 2051 663 postquos
2204 585 2387 641 Finita
2416 584 2631 649 litania,
2649 581 3283 653 pronuntientcantores
3301 580 3469 637 tribus
3492 580 3673 649 vicibus

458 664 577 731 alii.
595 666 813 741 fratres,
848 676 993 735 sicut
1022 680 1334 748 procedunt
1365 681 1670 745 Dominicis
1695 680 1911 741 diebus.
1946 681 2049 734 Sa-
2131 675 2246 735 alta
2265 691 2395 729 voce
2432 674 2741 740 Accendite,
2781 676 2838 729 et
2874 676 3010 727 tunc
3046 669 3291 748 primum
3343 670 3676 729 accendantur

455 768 609 829 orato
646 763 796 843 igne,
849 746 1110 847 projiciat
1149 769 1409 825 sacerdos
1464 786 1666 841 aquam
1697 768 2050 825 benedictum
2131 763 2465 825 candelabra
2492 767 2549 817 et
2576 767 2775 825 antem
2821 746 3122 819 luminaria
3150 774 3272 828 quae
3300 763 3423 817 ante
3449 758 3607 823 altare
3630 766 3680 813 et

452 870 623 926 super
652 871 800 917 eum,
826 862 881 917 et
904 864 1098 929 postea
1126 877 1192 915 ex
1220 860 1551 921 carbonibus
1578 862 1757 939 ipsius
1783 862 2051 931 ignisim—
2131 853 2278 911 circa
2332 854 2509 907 altare
2550 855 2698 914 sunt,
2746 855 2804 909 et
2844 854 3100 909 cantores
3140 846 3413 939 incipiant
3451 847 3677 939 testium

454 942 678 1023 pleatur
697 942 1069 1013 thuribulum,
1103 964 1212 1021 quo
1242 949 1492 1021 impleto,
1515 932 1766 1027 imponat
1791 950 2049 1005 sacerdos
2133 942 2299 1009 Kyrie
2333 944 2561 1005 chiron;
2597 945 2653 992 et
2672 937 2947 1002 sacerdos,
2981 952 3111 1001 cum
3145 933 3484 1005 processione
3510 932 3678 1027 solita,

452 1022 605 1101 thus.
650 1039 707 1098 et
746 1033 998 1097 inccnsct
1027 1036 1236 1107 ignem.
1288 1030 1443 1095 Tunc
1491 1022 1830 1095 accendatur
1858 1044 2044 1105 *λεια
2131 1031 2201 1085 ad
2222 1031 2399 1085 altare
2424 1028 2705 1100 procedat,
2739 1032 2796 1085 et
2822 1026 2982 1096 signa
3021 1031 3157 1080 tunc
3191 1023 3397 1095 pulsari
3424 1022 3679 1094 incipiant,

453 1139 666 1190 cereus,
699 1140 865 1196 quem
896 1131 1121 1196 portare
1174 1128 1231 1187 in
1268 1127 1431 1185 hasta
1483 1127 1650 1181 debet
1691 1108 2043 1183 secremriug,
2130 1136 2231 1172 nec
2252 1119 2531 1181 desinant,
2556 1132 2733 1186 usque
2749 1115 2816 1168 ad
2836 1116 3002 1171 tinem
3020 1115 3185 1181 Kyrie
3215 1115 3426 1166 eteison.
3471 1109 3542 1167 Et
3568 1116 3686 1166 tunc

453 1211 808 1277 Accendatur
843 1220 897 1267 et
936 1215 1169 1279 candela
1206 1216 1263 1270 in
1317 1215 1558 1275 laterna.
1604 1222 1667 1271 ut
1723 1216 1772 1271 si
1816 1216 1960 1273 forte
1988 1216 2047 1271 in
2127 1208 2374 1280 primum
2405 1207 2497 1260 det
2519 1213 2713 1263 cantor
2739 1220 2943 1275 cappas
2985 1201 3071 1257 his
3110 1201 3204 1274 qui
3242 1203 3477 1269 Altituia
3514 1204 3567 1253 et
3595 1205 3691 1251 tra-

454 1300 639 1378 eundo
660 1290 1057 1372 'exstinguatur
1081 1320 1295 1370 cereus,
1324 1321 1389 1359 ex
1405 1321 1471 1358 ea
1487 1304 1826 1361 accendatur
1858 1323 1871 1371 ;
1903 1305 2049 1363 hanc
2130 1303 2281 1351 ctum
2312 1294 2593 1351 cantaturi
2619 1300 2771 1348 sunt.
2801 1292 2985 1349 Finito
3022 1292 3190 1357 [Cyris
3221 1291 3434 1351 elcison,
3484 1288 3691 1358 incipiat

453 1376 734 1455 lutei-nam
757 1397 983 1464 portare
1024 1393 1191 1449 debet
1218 1410 1365 1449 unus
1409 1395 1477 1457 de
1525 1395 1809 1465 magistris
1852 1410 2051 1466 puero.
2132 1386 2389 1440 sacerdos
2430 1385 2617 1445 Gloria
2673 1386 2736 1435 in
2790 1384 3005 1439 excelsis
3060 1381 3181 1436 Deo.
3232 1377 3465 1447 Quando
3502 1376 3697 1446 legetur

454 1494 603 1545 rum.
768 1470 773 1475 ’
1856 1486 1863 1487 ⁷
2134 1475 2515 1544 Evangelium,
2550 1489 2662 1527 non
2690 1476 2993 1527 teneantur
3019 1466 3373 1531 candelabra,
3412 1466 3505 1520 sed
3534 1466 3692 1519 solum

525 1565 618 1629 Ad
647 1566 790 1649 hanc
815 1569 1227 1638 processionem
1252 1570 1588 1649 candelabra
1602 1588 1714 1628 non
1728 1576 2045 1645 portantur;
2130 1564 2481 1619 thuribulum
2532 1563 2595 1616 In
2623 1562 2727 1614 hac
2748 1556 3151 1615 consuetudine
3169 1546 3504 1615 concordant
3527 1569 3698 1609 omnes

453 1643 715 1720 eumdem
744 1656 995 1721 ordinem
1028 1664 1250 1723 servent
1300 1660 1358 1714 in
1378 1646 1381 1651 ’
1403 1644 1689 1714 redeundo
1736 1643 1901 1731 quem
1946 1660 2048 1713 ha-
2132 1654 2247 1709 fere
2277 1651 2613 1723 principales
2642 1648 3044 1703 monachorum
3074 1643 3332 1703 Ecclesiae
3364 1660 3484 1715 quae
3527 1648 3697 1699 nostro

452 1740 697 1807 buerunt
721 1744 776 1809 in
811 1747 1015 1802 eundo.
1044 1746 1407 1802 Revertentes
1436 1748 1624 1805 dicant
1644 1750 1743 1804 bos
1754 1730 2042 1820 psalmos:
2062 1770 2108 1829 B
2128 1747 2383 1813 tempore
2397 1738 2622 1811 majoris
2646 1734 2994 1793 auctoritatis
3010 1740 3159 1800 sunt,
3182 1734 3329 1829 sicut
3342 1732 3465 1829 et
3479 1746 3541 1783 eo
3569 1730 3702 1829 quod

451 1832 609 1897 Deus,
644 1836 706 1886 in
737 1838 960 1888 nomine
991 1842 1083 1888 tuo
1106 1855 1119 1901 ;
1144 1838 1399 1889 Miserere
1428 1842 1555 1901 mei,
1588 1840 1746 1903 Deus,
1792 1820 2106 1892 miserere"
2130 1830 2437 1891 offerenda,
2469 1834 2525 1882 et
2549 1827 2739 1894 Agnus
2774 1827 2883 1891 Dei.
2912 1830 2968 1879 et
2998 1823 3325 1879 σοηυηιιηίο
3351 1820 3421 1879 ad
3438 1820 3575 1883 hanc
3590 1820 3705 1873 mis-

448 1922 560 1981 τηβί
576 1957 594 1987 ι
629 1921 764 1984 θξιιςς
792 1924 1124 1985 misereatur
1152 1927 1331 1979 nostri
1352 1943 1365 1991 ;
1400 1926 1557 1990 Deus,
1586 1928 1646 1981 in
1675 1928 2041 1993 adiutorium.
2129 1937 2247 1974 sam
2274 1935 2385 1974 non
2413 1918 2709 1978 ducantur,
2732 1913 2864 1969 licet
2887 1918 3086 1966 caetera
3118 1909 3312 1969 festive
3352 1908 3620 1965 dicantur.
3646 1908 3706 1963 1n

450 2006 517 2090 in
540 2007 672 2085 sede
702 2007 1000 2087 episcopali
1031 2017 1266 2071 canatur
1293 2029 1325 2071 a
1355 2012 1572 2071 duobus
1593 2014 1781 2085 pueris
1803 2013 2046 2090 hymnus
2129 2013 2465 2086 quibusdam
2519 2024 2739 2080 quoque
2794 2023 2907 2063 non
2944 2004 3329 2075 improbandae
3375 2001 3709 2059 auctoritatis

450 2086 712 2158 Ιηυεηιρν
742 2101 927 2159 rutili.
974 2099 1126 2168 Ignis
1156 2101 1553 2167 sanctiﬁcatus,
1582 2102 1678 2173 qui
1716 2102 1774 2157 in
1804 2086 2047 2165 claustro
2129 2101 2416 2165 C(enobiis,
2449 2116 2551 2154 nec
2578 2103 2707 2152 ante
2736 2095 3085 2169 sacerdotem
3114 2094 3183 2157 ad
3209 2094 3394 2157 altare
3430 2090 3710 2165 proceden-

450 2184 744 2253 παιδευθῇ,
782 2202 815 2241 a
843 2187 1068 2269 famulis
1098 2189 1371 2253 cellerarii
1398 2190 1709 2259 colligatur,
1746 2196 1803 2244 et
1831 2206 1896 2244 ex
1944 2190 2047 2244 hoc
2128 2202 2243 2250 tem
2274 2196 2379 2249 hac
2406 2193 2497 2249 die
2517 2188 2854 2269 candelabra
2883 2178 3198 2259 portantqu

450 2271 581 2355 igne
602 2290 796 2339 omnes
812 2268 916 2337 feci
959 2275 1015 2330 in
1055 2276 1313 2339 omnibus
1342 2278 1581 2341 ofﬁcinis
1610 2280 1764 2355 prius
1789 2278 2045 2335 exstincti
2202 2282 2496 2341 celebrata
2532 2282 2648 2334 fere
2680 2268 2869 2342 inissa,
2921 2276 3211 2333 sacerdote
3265 2273 3570 2345 incipiente
3622 2273 3714 2343 Per

450 2361 657 2427 iterum
678 2364 1071 2428 accendantur-
1099 2365 1351 2430 Plurima
1370 2368 1771 2429 monachorum
1793 2367 2045 2422 C(Bnobin
2128 2377 2430 2429 Dominum
2461 2376 2735 2433 nostrum,
2767 2367 3039 2438 incipiant
3067 2366 3281 2438 pulsari
3313 2366 3441 2421 dua:
3464 2363 3634 2431 skillae
3657 2362 3721 2416 ad

450 2451 665 2523 faciunt
707 2452 851 2511 hanc
888 2455 959 2508 ad
1001 2456 1465 2521 sunctiﬁcandum
1507 2458 1694 2527 ignem
1738 2458 2047 2531 processio-
2132 2478 2409 2533 vespel‘as,
2441 2466 2505 2514 ut
2533 2475 2653 2515 mos
2684 2463 2768 2517 est
2804 2456 2863 2513 in
2899 2456 3157 2512 maximis
3176 2454 3597 2519 festivitatibus.
3628 2452 3722 2513 Re-

448 2557 598 2608 nem.
630 2542 689 2595 in
718 2542 917 2614 {illium
946 2544 1116 2607 etiam
1146 2550 1203 2601 et
1230 2552 1385 2601 sexta
1422 2546 1577 2609 feria,
1596 2546 1895 2605 secretario
1907 2564 2049 2621 prze-
2132 2567 2335 2623 sponso
2383 2551 2488 2603 Deo
2515 2549 2729 2614 gratias
2758 2545 2829 2599 ad
2858 2547 2936 2600 Ite
2966 2547 3138 2599 missa
3167 2550 3265 2609 est,
3294 2545 3400 2597 ﬁat
3430 2542 3611 2597 oratio
3639 2557 3725 2595 ve-

446 2629 660 2695 ferente
688 2647 914 2697 cereum
946 2632 1004 2687 in
1033 2634 1195 2698 hasta
1240 2635 1325 2689 vel
1352 2635 1507 2706 virga
1543 2636 1602 2701 in
1650 2636 1848 2708 quinta
1887 2636 2047 2699 feria,
2133 2639 2413 2710 spertina;
2445 2637 2716 2706 quatacta
2738 2632 2946 2691 vadant
2982 2631 3225 2695 infantes
3255 2631 3316 2686 in
3355 2629 3722 2692 refectorium,

447 2719 635 2802 priore
655 2719 712 2783 in
743 2726 918 2785 sexta.
952 2720 1152 2787 abbate
1179 2723 1238 2781 in
1258 2724 1528 2793 sabbato,
2130 2728 2178 2784 si
2208 2727 2383 2799 aliqui
2425 2726 2564 2780 adeo
2601 2722 2759 2794 parvi
2797 2728 2930 2776 sunt
2971 2727 3033 2777 ut
3067 2737 3246 2795 usque
3306 2726 3441 2795 post
3483 2734 3731 2790 vesperas

518 2808 879 2875 Processione
901 2810 959 2873 in
977 2811 1208 2877 chorum
1232 2829 1452 2869 reversa
1481 2814 1600 2873 sine
1627 2812 1974 2875 candelabris
1989 2820 2046 2869 et
2127 2824 2449 2889 exspectare
2486 2830 2598 2879 non
2626 2811 2861 2885 possint.
2905 2810 3137 2867 Interim
3178 2810 3492 2885 pulsentur
3526 2808 3732 2877 majora

445 2895 755 2983 thuribulo,
778 2899 1036 2963 sacerdos
1060 2900 1291 2965 indutus
1317 2903 1506 2964 casula
1526 2903 1792 2975 procedat
1811 2904 1881 2957 ad
1901 2904 2043 2967 alta-
2127 2906 2288 2976 signa
2309 2904 2419 2958 duo
2441 2913 2497 2959 et
2525 2904 2637 2958 duo
2670 2921 2684 2973 ί
2727 2902 2798 2955 ad
2829 2906 3165 2967 extremum,
3204 2899 3458 2969 pulsatis
3485 2895 3736 2953 omnibus

446 2984 508 3053 re
525 3006 537 3056 ;
556 2987 833 3053 diaconus
860 3004 989 3051 vero
1013 2990 1157 3053 stola
1185 2997 1246 3057 et
1272 2991 1572 3047 dalmatica
1602 2992 1833 3055 indutus
1857 2994 2045 3055 veniat
2063 3048 2103 3067 η
2127 2996 2321 3067 signis,
2340 2999 2615 3049 canentur
2633 3007 2896 3063 vesperae,
2920 2995 2985 3044 ut
3014 2989 3192 3053 decet,
3210 2987 3576 3053 solemniter.
3600 2983 3737 3057 Heb-

448 3084 581 3145 μηιε
609 3075 889 3143 abbatem,
913 3083 970 3130 et
987 3084 1143 3153 petat
1170 3079 1240 3141 ab
1257 3097 1322 3135 eo
1337 3079 1782 3147 benedictionem
1807 3102 1818 3149 ;
1843 3083 2045 3143 dehinc
2060 3071 2105 3123 Ψ
2127 3082 2486 3145 domadarius
2503 3086 2700 3143 cantor
2725 3079 2959 3151 incipiat
2987 3080 3234 3133 Alleluia
3274 3093 3346 3130 ex
3378 3075 3579 3147 aliqua
3605 3071 3767 3140 autin

447 3158 616 3233 vadat
642 3168 713 3233 ad
739 3186 963 3235 cereum
991 3176 1049 3227 et
1076 3169 1371 3233 benedicat
1400 3187 1550 3238 eum,
1582 3187 1684 3224 nec
1714 3176 1844 3231 ante
1875 3170 2046 3235 bene-
2127 3174 2315 3244 phona
2342 3188 2404 3225 ex
2439 3188 2550 3241 qua
2574 3175 2770 3229 cantor
2797 3168 3140 3239 praeceperit.
3173 3167 3401 3223 Psalmi
3435 3166 3742 3231 Con/ileon-

446 3256 769 3337 dictionem,
818 3275 922 3315 nec
979 3265 1104 3331 post
1134 3258 1576 3317 benedictionem
1609 3266 1739 3313 ante
1784 3265 1842 3315 et
1896 3269 2047 3317 retro
2133 3268 2244 3325 tur,
2306 3260 2611 3332 capitulum
2670 3258 2733 3313 Si
2786 3258 3229 3325 consurrexistis,
3315 3251 3745 3327 responsorium

451 3345 680 3420 faciens.
712 3362 861 3411 unus
890 3353 1078 3409 autem
1110 3363 1173 3400 ex
1202 3347 1503 3411 conversis,
1535 3362 1658 3400 cum
1683 3353 1905 3419 tempus
1924 3348 2048 3403 fue-
2129 3352 2372 3418 Angelus
2398 3351 2624 3407 Domini
2653 3351 2864 3417 locutus
2893 3350 2987 3408 est,
3011 3344 3359 3417 hymnusad
3382 3360 3601 3400 canam
3618 3343 3751 3409 agni

452 3432 547 3499 rit,
594 3431 880 3509 indicante
905 3443 1153 3498 cantare,
1188 3433 1404 3497 deferat
1424 3433 1613 3493 abbati
1641 3434 1831 3504 ignitis
1859 3435 2051 3497 carbo-
2126 3438 2368 3509 providi,
2396 3453 2589 3491 versus
2619 3436 2937 3491 Res-arrexit
2959 3435 3249 3491 Dominus.
3285 3432 3380 3501 Ad
3405 3432 3750 3500 Magniﬁcat.

452 3518 618 3573 nibus
638 3520 866 3589 plenum
893 3519 1277 3587 thuribulum;
1311 3521 1368 3574 in
1393 3538 1502 3593 quo
1531 3523 1697 3576 thure
1726 3524 1931 3593 injecto
1965 3541 2051 3581 ac-
2142 3528 2358 3597 Vespere
2386 3531 2571 3579 autem
2602 3524 2845 3585 Sabbati.
2880 3520 3145 3593 Collecta,
3170 3523 3324 3581 Deus
3358 3522 3467 3590 qui
3495 3520 3644 3575 hanc
3670 3534 3755 3581 sa-

455 3607 619 3673 cedat
640 3608 712 3673 ad
734 3608 1051 3675 diaconum,
1084 3614 1142 3673 et
1162 3609 1325 3681 juxta
1350 3626 1479 3673 eum
1511 3611 1602 3678 sit,
1634 3618 1717 3677 ut,
1754 3628 1881 3669 cum
1911 3618 2049 3669 tem-
2132 3616 2507 3671 cratissimam
2525 3618 2753 3671 noctem.
2794 3611 2931 3675 Post
2958 3626 3239 3681 vesperas,
3306 3608 3636 3682 procedant
3687 3604 3756 3658 ad

455 3712 563 3772 pus
599 3696 786 3763 fuerit,
814 3696 1051 3768 accipiat
1078 3697 1346 3765 diaconus
1387 3698 1459 3755 ab
1495 3716 1560 3755 eo
1596 3700 1971 3768 thuribulum,
1994 3707 2052 3757 et
2130 3702 2476 3765 cruciﬁxum.

450 3787 705 3853 incenset
723 3802 968 3853 cereum.
1012 3788 1356 3853 Secretarius
1399 3807 1529 3847 vero
1565 3790 1640 3857 sit
1686 3798 1938 3862 paratus,
1989 3798 2053 3846 ut

452 3892 581 3941 cum
628 3874 842 3943 dictum
872 3876 1044 3941 fuerit
1079 3879 1335 3945 Rutilum
1371 3882 1520 3947 ignis
1551 3881 1818 3949 accendit,
1859 3880 2047 3947 statim

455 3964 724 4031 accendat
744 3982 990 4033 cereum.

2275 3792 2464 3847 SECTJO
2483 3790 2549 3843 V.
2576 3820 2641 3830 -—
2682 3792 2754 3844 De
2782 3794 3016 3857 tempore
3042 3793 3233 3855 sancto
3260 3788 3597 3853 Pass/tatis,

2202 3880 2305 3936 Die
2333 3886 2526 3937 sancto
2555 3878 2777 3950 paschae
2798 3883 2927 3945 ante
2945 3876 3167 3948 vigilias
3186 3877 3531 3937 matutinas
3546 3874 3770 3947 puisen-

2133 3976 2227 4031 tur
2247 3969 2436 4023 omnia
2450 3968 2648 4038 signa;
2684 3967 2887 4031 dehinc
2916 3966 3028 4022 duo
3053 3971 3110 4020 et
3146 3966 3287 4035 duo,
3329 3966 3495 4020 sicut
3512 3980 3641 4019 mos
3661 3968 3765 4017 est.
3824 4024 3828 4028 _

445 4117 449 4120 ν
519 4050 915 4123 Benedictione
944 4061 1189 4127 peracta,
1228 4057 1516 4123 diaconus,
1560 4058 1815 4129 deposita
1845 4060 2055 4117 dalma-
2133 4058 2220 4117 Ad
2252 4057 2635 4115 invitatoriam
2664 4061 2906 4127 quatuor
2932 4055 2991 4121 in
3019 4055 3233 4126 cappis.
3279 4054 3511 4126 psalmi
3537 4069 3576 4109 a
3606 4051 3774 4107 beato

452 4143 565 4213 ζίεει
593 4149 651 4209 et
677 4145 842 4213 Mlti.
873 4145 945 4209 ad
975 4162 1139 4211 suum
1164 4146 1345 4212 locum
1373 4146 1430 4201 in
1459 4147 1693 4203 chorum
1714 4155 2047 4209 revertatur.
2136 4147 2437 4205 Benedicto
2456 4144 2719 4210 instituti,
2742 4144 2799 4199 id
2822 4150 2927 4213 est,
2954 4144 3183 4211 Domine
3214 4146 3286 4199 in
3321 4146 3554 4207 virtute
3584 4144 3773 4213 κδ

453 4232 664 4299 Cereus
682 4250 813 4301 vero
841 4250 954 4300 non
991 4234 1382 4304 extinguatur
1412 4251 1589 4305 usque
1642 4236 1701 4301 in
1742 4237 2050 4303 crastinum
2134 4243 2252 4301 tua,
2286 4242 2344 4289 et
2371 4235 2576 4289 caeteri.
2623 4235 2709 4287 Ad
2756 4234 3021 4288 lectiones
3048 4233 3562 4293 circumferantur
3592 4229 3780 4299 thuri-

452 4329 584 4396 post
606 4339 886 4394 vesperae.
931 4322 1199 4389 lectiones
1224 4322 1416 4388 statim
1456 4323 1808 4390 inchoantur.
1853 4326 2049 4381 Sacer-
2133 4326 2285 4389 bula,
2316 4326 2462 4383 sicut
2490 4324 2547 4378 in
2575 4324 2679 4379 Die
2706 4323 3009 4387 Dominicaa
3039 4322 3388 4389 Nativitatis
3438 4323 3779 4385 institutum

452 4413 556 4479 dos
577 4410 789 4481 absque
817 4416 985 4477 cantu
1026 4410 1177 4478 dicat
1214 4411 1497 4467 orationes
1543 4412 1615 4477 ad
1661 4414 1859 4475 altare.
1907 4415 2053 4471 sicut
2069 4401 2117 4459 D
2136 4419 2240 4477 est.
2258 4414 2458 4477 Totum
2480 4413 2722 4484 denique
2748 4412 3160 4479 ofﬁciummore
3175 4412 3634 4469 monachorum
3649 4424 3784 4483 aga-

453 4505 590 4567 sunt
624 4515 727 4570 per
745 4499 1002 4565 ordinem
1036 4518 1049 4568 ;
1077 4499 1277 4563 ultima
1297 4500 1555 4567 oratione
1580 4500 1727 4567 dicta
1748 4506 1966 4569 cantor,
1999 4512 2057 4559 et
2136 4507 2247 4563 tur.
2276 4502 2562 4557 Processio
2590 4501 2659 4569 ad
2682 4501 3005 4569 crucifixum
3035 4506 3163 4572 post
3187 4502 3542 4563 matutinas
3562 4501 3784 4562 laudes,

453 4591 600 4658 alter
626 4589 800 4655 ﬁ'ater
828 4605 993 4659 quem
1034 4589 1292 4657 voluerit,
1338 4590 1524 4657 induti
1552 4592 1741 4662 cappis
1782 4592 2055 4664 incipiant
2135 4597 2193 4649 et
2239 4595 2367 4662 post
2415 4606 2696 4661 vesperas,
2734 4606 2834 4660 per
2887 4595 3067 4649 totam
3123 4591 3548 4660 septimanam
3595 4589 3789 4649 vadat.

454 4680 516 4747 in
541 4678 710 4745 choro
740 4678 994 4745 litaniam
1020 4683 1261 4746 ternum,
1292 4680 1397 4747 hoc
1424 4680 1589 4745 modo
1618 4699 1629 4732 :
1661 4688 1919 4743 cantores
1948 4685 2053 4752 Kye
2135 4679 2307 4735 Missa
2328 4678 2674 4733 matutinalis
2697 4678 2801 4731 hac
2828 4677 2918 4735 die
2937 4694 3061 4735 cum
3093 4693 3207 4733 una
3234 4679 3533 4746 collecta,
3569 4695 3799 4750 proces-

453 4772 540 4831 tie
569 4770 788 4833 cleison,
809 4767 1005 4833 dexter
1041 4767 1244 4825 chorus
1279 4769 1541 4831 similiter
1581 4771 1918 4840 respondeat
1950 4773 2056 4839 Ii'y-
2136 4768 2218 4822 sio
2248 4767 2303 4821 in
2335 4767 2545 4839 cappis.
2588 4766 2673 4820 Ad
2713 4782 2971 4837 vesperas
2998 4766 3202 4839 psalmi
3229 4767 3596 4837 regulares,
3625 4767 3687 4821 id
3715 4770 3805 4820 est

455 4860 545 4923 ria
571 4859 791 4923 eteison,
821 4855 1025 4921 deinde
1051 4856 1298 4925 sinister,
1331 4862 1390 4925 et
1408 4865 1611 4923 caetera
1647 4858 1840 4925 eodem
1865 4860 2050 4925 modo,
2137 4858 2291 4915 Dixit
2322 4859 2612 4920 Dominus,
2637 4860 2693 4909 et
2721 4855 2925 4925 reliqui
2956 4855 3050 4927 qui
3075 4853 3285 4913 diebus
3309 4856 3667 4923 Dominicis
3692 4856 3804 4911 dici

377 5005 385 5017 ,
455 4962 636 5017 usque
662 4945 732 4998 ad
762 4945 932 5012 finem
960 4944 1202 5013 litanias;
1234 4952 1428 5011 ternos
1447 4952 1668 5009 sanctos
1696 4947 1767 5005 de
1798 4964 2053 5019 unoquo-
2137 4946 2339 5001 solent.
2359 4945 2540 5016 Super
2558 4944 2823 5015 psalmos,
2846 4943 3164 5016 antiphona:
3184 4960 3326 5016 quae
3352 4945 3439 5000 ad
3470 4945 3808 5013 matutinas

454 5051 567 5109 qua
589 5034 785 5103 ordine
814 5034 1023 5103 dicant,
1086 5035 1173 5103 Ad
1225 5035 1448 5106 singula
1477 5041 1796 5101 sanctorum
1828 5037 2058 5099 nomina.
2139 5035 2333 5089 laudes
2361 5035 2521 5091 dictae
2548 5039 2700 5101 sunt.

455 5130 695 5195 uterque
714 5124 1181 5193 chorusinclinet,
1224 5128 1481 5191 cantores
1514 5122 1584 5185 ad
1612 5124 1850 5179 nullum.
1877 5125 2055 5179 lncoey
2208 5123 2408 5181 Tribus
2437 5123 2799 5193 sequentibus
2829 5122 3025 5179 diebus
3037 5126 3168 5178 ante
3194 5120 3453 5194 vigilias
3489 5126 3815 5198 pulsentur

454 5213 779 5286 ptg‘iitania
804 5212 1007 5279 fratres
1028 5212 1299 5271 accedant
1317 5213 1387 5268 ad
1408 5213 1635 5278 formas,
1673 5211 1819 5275 sicut
1844 5213 1902 5277 in
1923 5214 2058 5269 duo-
2139 5213 2318 5283 signa.
2341 5212 2451 5266 duo
2480 5218 2537 5266 ct
2558 5213 2669 5266 duo
2699 5232 2711 5279 ;
2749 5213 2816 5267 ad
2853 5213 3231 5279 invitatoriam
3267 5220 3415 5271 tres
3450 5219 3518 5271 in
3554 5217 3769 5289 cappis
3803 5235 3817 5280 ;

454 5302 638 5369 decim
681 5298 1031 5367 lectionibus,
1071 5300 1142 5352 ad
1180 5300 1405 5365 tertiam
1445 5301 1705 5357 sacerdos
1743 5306 2059 5355 revertatur
2138 5302 2339 5374 psalmi
2365 5303 2586 5361 feriales
2613 5302 2889 5369 dicantur,
2922 5320 3017 5357 sex
3043 5303 3146 5357 sub
3175 5319 3305 5357 uua
3339 5307 3725 5377 antiphona,
3764 5310 3821 5359 et

545 5388 925 5455 secretarium,
953 5394 1011 5449 et
1034 5387 1289 5459 deposita
1309 5390 1499 5449 casula
1527 5397 1583 5445 et
1610 5391 1756 5445 stola
1774 5390 1969 5455 redeat
2000 5390 2057 5444 in
2140 5408 2236 5446 sex
2264 5391 2368 5445 sub
2393 5393 2504 5446 alia
2532 5411 2546 5458 ;
2596 5392 2706 5446 duo
2737 5398 2795 5445 et
2825 5392 2937 5447 duo
2954 5391 3214 5462 primum,
3249 5398 3324 5445 et.
3347 5396 3715 5453 secundum
3741 5414 3824 5450 re-

452 5478 709 5545 gnorum.
733 5476 878 5560 Cum
907 5476 1151 5543 dixerint
1170 5483 1428 5545 cantores
1457 5479 1648 5534 Omnes
1676 5482 1879 5544 sancti,
1903 5484 2056 5533 orate
2139 5479 2598 5551 sponsoriorum;
2647 5479 2875 5533 tertium
2905 5484 3039 5545 tres,
3070 5478 3273 5533 laudes
3324 5482 3454 5537 sub
3490 5500 3627 5543 una
3673 5486 3824 5541 anti-

449 5580 558 5636 pro
593 5565 770 5635 nobis,
808 5570 1012 5636 exeant
1047 5566 1117 5633 de
1153 5567 1325 5631 choro
1377 5566 1655 5639 sacerdos,
1701 5568 1889 5639 ievita,
1929 5566 2057 5622 sub-
2138 5569 2344 5642 phona.
2379 5569 2465 5639 Ad
2490 5567 2775 5636 thuribula
2804 5568 2916 5629 duo
2942 5569 3268 5625 sacerdotes
3334 5574 3573 5646 cappis
3629 5574 3833 5646 induti
