3852 6178
381 233 482 291 471

1370 236 1429 287 ις.
1472 232 1884 288 LANFRANCI
1927 205 2284 284 CANTUA‘R.
2326 224 2662 280 ARCHIEP.

3509 220 3595 277 472

454 363 597 417 Cum
619 366 810 417 autem
824 357 1104 430 processio
1127 356 1350 412 rediens
1380 363 1511 411 ante
1539 354 1867 411 monasterii
1888 354 1969 408 in-
1986 355 2037 414 A
2056 356 2188 405 ante
2214 345 2904 417 altare.Cumincoeperint
2923 346 3094 413 Kyrie
3112 346 3324 413 eleison,
3342 343 3605 414 pulsentur

380 451 618 506 troitum
653 447 883 514 venerit,
928 445 1171 500 statione
1218 444 1365 499 facta
1418 446 1677 499 litaniam
1731 443 1967 509 ﬁniant;

2054 440 2246 494 omnia
2263 432 2952 509 signa.Sequaturg30
2979 432 3169 488 Gloria
3192 435 3253 486 in
3272 435 3472 487 excelsis
3495 434 3605 490 Deo.

383 554 499 608 qua
525 537 685 591 ﬁnita
710 539 965 589 cantores
995 533 1113 603 ejus
1154 531 1215 586 in
1243 532 1497 587 ordinem
1528 548 1695 586 suum
1716 531 1968 594 redeant,
2052 530 2139 583 Ad
2187 528 2550 598 Evangelium
2592 529 2893 580 teneantur
2921 520 3253 577 candelabra
3293 525 3348 576 et
3380 521 3609 579 thuribu-

381 632 442 681 et
468 624 716 696 praedicti
743 624 854 678 duo
885 626 1142 676 cantores
1185 622 1281 692 qui
1318 625 1736 692 praecesserant,
1782 619 1973 691 cappis

382 713 568 769 induti
596 711 762 766 nudis
782 710 1017 783 pedibus
1045 714 1177 764 ante
1202 715 1393 781 portas
1413 708 1737 764 monasterii
1761 712 1974 762 stantes

384 800 789 869 dicantAgn-us
812 802 930 867 Dei,
952 802 1052 869 qui
1072 802 1219 854 tollis
1237 803 1455 868 peccata
1475 800 1694 863 mundi,
1717 801 1976 851 miserere

384 891 541 943 nobis
560 906 583 957 ;
605 889 810 943 chorus
829 887 1087 942 similiter
1106 886 1739 957 respondeat.Cantores
1755 883 1976 953 Suscipe

383 980 819 1047 deprecationem
833 982 1101 1041 nostram,
1121 977 1220 1043 qui
1228 976 1369 1028 sedes
1379 976 1452 1026 ad
1463 976 1743 1027 dexteram
1762 977 1945 1029 Patris
1958 992 1979 1039 ,-

387 1067 608 1122 Chorus
635 1066 830 1136 Agnus
855 1068 972 1133 Dei,
986 1067 1132 1120 sicut
1145 1080 1334 1134 supra.
1362 1064 1632 1117 Cantores
1662 1066 1850 1120 Gloria
1884 1067 1981 1118 Pa-

389 1159 490 1222 tri,
510 1161 561 1211 et
573 1157 733 1219 Filio,
758 1161 809 1209 et
825 1152 1072 1222 Spiritui
1089 1154 1442 1214 sancto,sicut
1462 1157 1581 1205 erat
1599 1155 1661 1205 in
1676 1154 1977 1221 principio,

388 1251 440 1300 et
466 1261 620 1300 nunc
639 1250 688 1298 et
711 1260 940 1313 semper,
965 1248 1014 1297 et
1045 1246 1110 1296 in
1150 1243 1347 1296 secula
1390 1242 1743 1297 saeculorum.
1771 1239 1973 1299 Amen.

385 1332 625 1389 Interim
651 1329 1095 1403 praecedentibus
1123 1328 1219 1400 qui
1244 1329 1505 1382 vexillum
1540 1333 1767 1399 portant
1795 1333 1852 1382 et
1875 1344 1981 1382 cae-

387 1425 515 1475 tera
542 1437 665 1492 quae
695 1420 953 1491 superius
1001 1419 1149 1472 dicta
1177 1422 1327 1481 sunt,
1363 1422 1676 1488 sequantur
1727 1422 1983 1471 cantores

389 1515 451 1565 et
473 1509 724 1580 reliquus
742 1513 1069 1563 conventus.
1101 1507 1260 1561 Dicto
1282 1507 1469 1562 Gloria
1496 1506 1833 1577 respondeat
1855 1522 1984 1559 con-

2056 618 2193 671 lum.
2236 617 2369 670 Post
2402 614 2635 668 missam
2676 611 2914 685 pulsatis
2959 609 3175 667 duobus
3225 609 3515 680 majoribus
3541 611 3612 665 si-

2055 707 2200 778 gnis,
2230 706 2439 760 faciant
2467 705 2797 759 orationem.
2828 704 3003 757 Nonae
3041 701 3209 755 etiam
3237 700 3342 755 duo
3383 706 3614 756 cantores

2056 796 2116 850 in
2145 795 2357 866 cappis.
2390 795 2455 848 In
2484 793 2727 847 crastino
2752 798 2810 845 et
2854 790 2987 845 totis
3017 790 3221 844 octavis
3257 794 3449 859 agatur
3488 789 3616 844 sicut

2057 885 2115 938 in
2143 882 2390 954 paschali
2437 882 2793 937 solemnitate
2822 886 2880 934 et
2899 879 3106 934 octavis
3136 877 3406 950 paschalis
3438 877 3620 932 solem-

2060 972 2272 1036 nitatis,
2303 971 2411 1025 nisi
2432 971 2581 1042 quod
2602 974 2793 1024 octava
2816 970 2987 1039 hujus
3014 966 3327 1022 festivitatis
3355 966 3457 1033 die,
3485 972 3618 1020 utra-

2063 1077 2171 1131 que
2203 1060 2375 1113 missa
2404 1066 2491 1113 est
2518 1059 2764 1127 Spiritus
2793 1059 3036 1112 Domini.

2136 1149 2301 1203 Feria
2327 1146 2647 1213 secunda,si
2669 1146 2824 1201 nulla
2849 1144 3120 1198 festivitas
3146 1143 3454 1206 sit,dicatur
3471 1142 3622 1197 missa

2065 1240 2314 1303 Domine,
2348 1240 2411 1291 in
2444 1242 2543 1290 tua
2574 1236 2975 1289 misericordia.
3022 1233 3140 1288 Hac
3185 1231 3518 1286 hebdomada
3553 1232 3623 1285 in-

2064 1326 2319 1380 choanda
2345 1330 2477 1380 sunt
2510 1324 2723 1395 jejunia
2755 1340 2876 1394 quae
2909 1323 3105 1392 regula
3133 1320 3397 1393 praecipit,
3427 1326 3622 1391 quarta,

2068 1420 2126 1469 et
2149 1418 2309 1469 sexta
2334 1413 2493 1478 feria,
2528 1428 2705 1482 usque
2733 1411 2805 1465 ad
2832 1411 2965 1465 Idus
2990 1408 3457 1481 Septembris,nisi
3481 1408 3627 1462 ratio-

2067 1502 2269 1557 nabilis
2298 1518 2465 1557 causa
2492 1500 2695 1555 existat
2731 1516 2833 1554 cur
2860 1498 3030 1553 abbas
3080 1498 3164 1553 vel
3212 1498 3364 1568 prior
3388 1496 3470 1552 bis
3514 1498 3628 1550 reﬁ-

393 1603 590 1652 ventus
616 1597 810 1665 Agnus
835 1598 952 1661 Dei,
982 1601 1047 1650 ut
1063 1612 1252 1667 supra.
1278 1596 1568 1649 Conventu
1592 1595 1842 1648 intrante
1869 1611 1986 1648 mo-
2005 1665 2035 1667 _
2065 1591 2247 1646 ciendi
2265 1591 2549 1646 licentiam
2562 1589 2933 1644 tribuat.Post
2945 1586 3395 1659 capitulumipsis
3407 1585 3629 1656 jejunio-

384 1685 703 1741 nasterium
730 1685 1025 1756 pulsentur
1052 1665 1230 1754 signa.
1256 1684 1525 1738 Cantores
1548 1684 1789 1748 Exaudi,
1810 1685 1979 1746 Deus;
2004 1665 2194 1735 Brum
2221 1680 2419 1734 diebus
2448 1680 2682 1734 sedeant
2706 1678 2765 1732 in
2794 1678 3037 1731 claustro
3066 1677 3373 1746 loquentes.
3405 1675 3630 1728 Secreta.

388 1778 698 1829 conventus
730 1774 1048 1829 Orationem
1091 1776 1282 1841 populi
1321 1775 1426 1827 tui.
1456 1772 1683 1827 Cunctis
1718 1772 1986 1826 fratribus

390 1862 626 1917 chorum
654 1862 945 1932 ingressis,
998 1861 1270 1915 collocata
1313 1877 1475 1915 cruce
1503 1867 1559 1915 et
1597 1860 1829 1931 reliquis
1859 1876 1986 1931 quae

390 1951 620 2018 portata
644 1952 778 2001 sunt
812 1946 871 2000 in
899 1945 1038 2000 locis
1065 1945 1200 2011 suis,
1230 1946 1480 2016 praedicti
1507 1945 1618 1999 duo
1646 1951 1901 1999 cantores
1925 1944 1983 1998 in

391 2035 580 2091 medio
608 2035 765 2090 chori
807 2040 1020 2090 stantes
1063 2034 1431 2105 pronuntient
1486 2035 1742 2088 litaniam
1790 2035 1985 2089 Sancte

389 2130 714 2181 sanctorum
732 2125 890 2188 Deus,
924 2127 1180 2177 miserere
1209 2125 1382 2189 nobis,
1416 2123 1629 2193 priores
1657 2139 1692 2176 a
1721 2127 1879 2193 parte
1904 2122 1987 2176 al-

392 2213 532 2268 taris
560 2213 694 2279 sint,
720 2212 924 2283 reliqui
967 2218 1096 2283 post
1139 2228 1254 2275 eos,
1290 2212 1436 2266 sicut
1478 2217 1563 2266 est
1600 2211 1736 2266 ordo
1767 2227 1982 2265 eorum.

389 2300 630 2373 Expleta
656 2300 855 2356 litania
864 2301 1121 2371 pulsetur
1139 2301 1363 2371 signum
1384 2301 1455 2354 ad
1480 2316 1709 2369 nonam,
1730 2300 1986 2370 factaque

391 2388 648 2445 oratione
679 2405 858 2455 nonae,
888 2388 1099 2442 vadant
1124 2388 1184 2442 in
1231 2389 1537 2466 claustrum
1565 2388 1752 2441 lavare
1783 2389 1982 2458 pedes;

288 2476 295 2481 ’
393 2477 596 2550 quibus
634 2478 784 2542 lotis,
825 2482 1168 2531 revertentes
1212 2477 1269 2531 in
1323 2477 1577 2543 chorum,
1618 2477 1839 2547 pulsato
1876 2478 1986 2531 alio

393 2567 576 2638 signo,
604 2571 806 2621 canent
835 2581 1069 2623 nonam.

463 2656 548 2710 Ad
576 2671 859 2726 vesperas,
891 2654 1138 2708 secunda
1164 2659 1222 2708 et
1245 2654 1415 2708 tertia
1429 2654 1571 2708 feria
1592 2655 1885 2725 pulsentur
1911 2654 1990 2708 si-

389 2760 523 2815 gna,
555 2743 702 2798 sicut
754 2742 985 2814 privatis
1027 2742 1262 2810 diebus;
1319 2743 1468 2797 inter
1513 2743 1677 2814 signa
1731 2744 1991 2798 dicantur

388 2832 595 2904 psalmi
647 2833 809 2898 Deus,
864 2833 1099 2885 auribus
1156 2835 1390 2899 nostris;
1449 2839 1576 2903 post
1614 2848 1873 2903 vesperas
1919 2833 1988 2886 de

2066 1770 2185 1824 rius
2212 1785 2345 1823 vero
2371 1785 2483 1823 non
2505 1766 2751 1839 pulsabit
2769 1766 3064 1819 minimum
3085 1764 3331 1835 signum,
3357 1763 3494 1816 sicut
3518 1779 3632 1816 con-

2068 1858 2307 1913 suetudo
2336 1863 2439 1922 est,
2472 1861 2599 1928 post
2621 1855 2952 1926 capitulum,
2985 1854 3058 1908 ad
3080 1857 3413 1924 apparatum
3442 1851 3624 1906 missae.

2069 1947 2202 2000 Post
2228 1947 2453 2000 tertiam
2485 1950 2723 2015 pergant
2751 1944 3013 2003 infantes.
3047 1947 3104 1996 et
3132 1941 3335 1996 minuti
3363 1940 3631 2010 sanguine,

2067 2040 2124 2089 et
2151 2034 2362 2089 inﬁrmi
2387 2034 2590 2105 quibus
2616 2031 2848 2087 licentia
2864 2031 2997 2085 data
3017 2036 3104 2085 est
3127 2030 3377 2101 accipere
3405 2029 3631 2082 mistum.

2068 2124 2204 2177 Post
2243 2129 2458 2177 sextam
2500 2128 2702 2193 agatur
2739 2120 3089 2185 meridiana;
3141 2135 3178 2172 a
3205 2134 3315 2189 qua
3345 2124 3632 2187 surgentes,

2069 2212 2235 2266 nudis
2264 2212 2498 2283 pedibus
2521 2212 2580 2264 in
2616 2211 2924 2265 claustrum
2953 2207 3201 2273 veniant,
3238 2207 3522 2261 afferentes
3546 2220 3636 2259 sua

2069 2302 2466 2355 calceamenta.
2486 2300 2621 2353 Post
2637 2300 2755 2353 haec
2779 2297 2957 2351 abluti
2975 2302 3033 2351 et
3056 2296 3323 2368 pectinati
3349 2294 3562 2349 veniant
3586 2294 3637 2347 in

2070 2390 2381 2455 ecclesiam,
2411 2394 2467 2443 et
2494 2388 2639 2442 facta
2658 2387 2929 2453 oratione,
2966 2386 3313 2457 pulsatisque
3337 2382 3541 2439 duobus
3565 2382 3639 2435 si-

2068 2479 2213 2549 gnis,
2246 2478 2470 2532 inchoet
2497 2477 2681 2531 infans
2712 2478 2973 2544 Exsurge,
2990 2477 3241 2541 Domine,
3265 2479 3322 2527 et
3347 2477 3556 2536 caetera,
3580 2469 3640 2524 si-

2070 2574 2164 2622 cut
2190 2568 2356 2637 longe
2381 2566 2639 2637 superius
2665 2566 2879 2618 dictum
2911 2569 3015 2617 est.
3050 2563 3155 2617 Hic
3181 2562 3319 2617 ordo
3359 2559 3639 2616 servandus

2070 2662 2157 2710 est
2208 2656 2349 2710 feria
2401 2660 2603 2726 quarta
2648 2661 2706 2709 et
2754 2659 2928 2718 sexta,
2965 2668 3145 2723 usque
3194 2651 3269 2706 ad
3309 2649 3640 2706 festivitatem

2071 2745 2340 2800 Omnium
2386 2745 2737 2807 Sanctorum,
2792 2741 2902 2796 nisi
2936 2741 3011 2795 sit
3042 2740 3254 2811 vigilia,
3296 2740 3451 2809 cujus
3491 2736 3643 2790 missa

2071 2833 2398 2887 solemniter
2425 2831 2770 2900 celebretur;
2802 2836 2941 2884 tunc
2968 2828 3119 2883 enim
3149 2827 3426 2901 processio
3454 2843 3516 2881 ex
3538 2830 3641 2880 toto

390 2919 667 2976 Omnibus
722 2919 961 2985 Sanctis,
1010 2919 1271 2974 dicantur
1316 2936 1559 2992 vesperae
1597 2922 1947 2975 Mortuorum
1971 2922 2395 2998 ;Cdimittitur.

388 3009 599 3080 Vigilia
624 3009 976 3063 Mortuorum
1026 3008 1113 3062 his
1157 3008 1356 3063 diebus
1386 3026 1499 3064 non
1526 3016 1747 3080 agatur,
1775 3010 1823 3063 si
1867 3027 1992 3081 pro-

389 3099 568 3154 cessio
594 3103 753 3152 extra
786 3098 1098 3152 claustrum
1126 3099 1453 3168 perrexerit,
1503 3099 1753 3171 alioquin
1790 3105 1991 3169 agatur

389 3188 538 3243 sicut
564 3187 725 3241 solet.

461 3275 564 3329 His
588 3274 770 3329 tribus
794 3273 990 3329 diebus
1037 3274 1107 3328 ad
1153 3281 1449 3337 nocturna,
1488 3276 1735 3346 capitula
1779 3281 1834 3330 et
1881 3278 1990 3330 co]-

387 3364 545 3417 lectae
583 3362 653 3416 de
693 3363 1124 3427 resurrectione,
1158 3368 1216 3416 et
1260 3364 1332 3417 ad
1363 3380 1619 3433 vesperas
1647 3364 1905 3418 secundae
1932 3371 1991 3419 et

390 3451 573 3505 tertiae
602 3450 781 3531 feriae.
834 3450 916 3504 Ad
951 3451 1259 3504 matutinas
1298 3468 1429 3517 vero
1456 3452 1668 3517 laudes,
1701 3459 1759 3506 et
1782 3453 1853 3505 ad
1880 3459 1990 3507 ter-

387 3539 551 3604 tiam,
580 3542 638 3592 et
655 3539 725 3592 ad
754 3543 989 3602 sextam,
1024 3544 1082 3592 et
1109 3538 1180 3593 ad
1211 3555 1419 3594 nonam
1457 3540 1762 3610 capitulum
1792 3538 1849 3595 et
1875 3542 1989 3595 col-

390 3627 549 3680 lectae
577 3626 648 3679 de
664 3625 914 3695 jejuniis.
953 3626 1013 3680 Si
1049 3626 1108 3679 in
1157 3626 1245 3681 his
1282 3626 1465 3681 tribus
1494 3626 1693 3682 diebus
1721 3628 1991 3683 festivitas

386 3714 682 3769 duodecim
703 3715 1007 3768 lectionum
1038 3715 1304 3780 evenerit,
1336 3720 1521 3769 totum
1551 3716 1839 3771 servitium
1886 3734 1989 3772 no-

390 3803 495 3857 ctis
523 3808 579 3857 et
604 3802 716 3857 diei
747 3803 817 3856 de
835 3802 958 3874 ipsa
985 3803 1289 3858 festivitate
1318 3810 1539 3873 agatur.
1563 3804 1723 3859 Dicta
1742 3806 1912 3860 tertia
1934 3812 1991 3860 et

389 3892 627 3963 pulsatis
655 3890 918 3946 omnibus
967 3891 1159 3962 signis,
1214 3892 1384 3946 missa
1428 3892 1603 3963 ipsius
1648 3893 1985 3961 festivitatis,

387 3981 537 4036 sicut
563 3980 677 4034 alio
713 3986 986 4051 tempore,
1019 3981 1346 4035 solemniter
1385 3981 1715 4036 celebretur.
1762 3983 1988 4037 Proces-

389 4069 474 4124 sio
507 4068 871 4147 vadat,-sicut
897 4069 1024 4123 aliis
1058 4069 1273 4136 diebus,
1307 4075 1533 4140 excepto
1573 4070 1720 4140 quod
1756 4072 1986 4126 calceati

387 4163 448 4213 et
474 4158 595 4213 sine
621 4156 836 4213 baculis
860 4156 1042 4212 ibunt.
1065 4157 1237 4212 Missa
1250 4158 1454 4227 jejunii
1479 4159 1550 4211 ad
1581 4159 1987 4214 monasterium

2144 3011 2437 3065 Dominica
2464 3011 2649 3083 prima
2678 3015 2805 3081 post
2822 3015 3044 3064 octavas
3073 3009 3431 3063 Pentecostes
3458 3019 3642 3059 canan-

2070 3105 2167 3154 tur
2194 3100 2390 3171 hymni
2445 3101 2517 3154 ad
2553 3105 2846 3166 nocturna,
2907 3104 2963 3152 et
3003 3097 3075 3152 ad
3124 3096 3433 3151 matutinas
3472 3092 3646 3148 laudes

2072 3189 2233 3242 Nocte
2258 3193 2560 3255 surgentes.
2594 3188 2720 3242 Ecce
2748 3191 2877 3255 jam
2920 3188 3113 3251 noctis,
3148 3185 3247 3255 qui
3276 3182 3503 3239 canendi
3530 3188 3647 3235 sunt

2070 3275 2376 3330 Dominicis
2432 3275 2650 3342 diebus,
2697 3291 2876 3346 usque
2916 3274 2987 3328 ad
3025 3273 3380 3328 Dominicam
3426 3271 3647 3342 primam

2070 3364 2279 3418 mensis
2310 3364 2602 3431 Octobris;
2643 3369 2927 3435 ponantur
2953 3362 3025 3416 ad
3064 3362 3369 3432 legendum
3394 3359 3517 3414 libri
3550 3359 3648 3413 Re-

2069 3470 2203 3523 gum
2230 3458 2286 3506 et
2315 3453 2785 3525 Paralipomenon
2830 3468 3008 3523 usque
3050 3450 3121 3504 ad
3159 3449 3506 3505 Dominicam
3544 3448 3647 3520 pri-

2072 3558 2222 3595 mam
2245 3542 2455 3595 mensis
2484 3541 2723 3611 Augusti
2746 3559 2760 3608 ;
2791 3539 3039 3594 Historia
3068 3540 3211 3593 Deus
3237 3541 3508 3593 omnium.

2143 3629 2435 3683 Dominica
2462 3630 2646 3701 prima
2669 3629 2880 3683 mensis
2903 3628 3143 3699 Augusti
3173 3633 3392 3699 ponant
3418 3627 3653 3681 Salomo-

2073 3734 2223 3784 nem,
2256 3734 2433 3789 usque
2456 3719 2525 3771 ad
2550 3718 2899 3772 Dominicam
2919 3716 3162 3787 primam
3190 3716 3401 3771 mensis
3426 3716 3653 3785 Septem-

2072 3806 2207 3860 bris.
2244 3807 2620 3877 Responsoria
2648 3809 2716 3861 In
2742 3809 3044 3874 principio.

2142 3895 2438 3949 Dominica
2466 3896 2647 3966 prima
2687 3895 2895 3949 mensis
2937 3893 3287 3965 Septembris
3316 3896 3524 3964 ponant
3540 3888 3650 3953 Job,

2066 3982 2225 4048 Tobi,
2259 3983 2473 4049 Judith,
2508 3983 2728 4049 Hester,
2779 3983 3033 4048 Esdram,
3082 3998 3265 4054 usque
3309 3982 3382 4036 ad
3417 3976 3655 4036 Domini-

2067 4086 2188 4125 cam
2230 4072 2472 4142 primam
2502 4072 2711 4126 mensis
2740 4071 3013 4126 Octobris.

2136 4159 2221 4214 Ab
2268 4160 2461 4214 Idibus
2509 4159 2874 4231 Septembris,
2906 4160 3139 4231 privatis
3188 4160 3391 4215 diebus
3429 4163 3655 4231 agantur

386 4263 497 4319 quo
554 4245 930 4317 processerint
975 4245 1307 4301 celebretur.
1355 4246 1414 4300 Si
1469 4251 1656 4301 autem
1718 4248 2336 4306 festivitasDcontinue
2383 4249 2600 4319 jejunia
2635 4265 2757 4319 quae
2790 4249 2985 4319 regula
3031 4249 3307 4320 przecipit,
3340 4254 3507 4320 atque
3549 4248 3659 4318 ipsa

384 4334 560 4388 trium
615 4333 923 4388 lectionum
977 4333 1246 4398 evenerit,
1292 4334 1751 4389 commemoratio
1805 4335 1982 4406 ipsius

383 4422 778 4476 tantummodo
811 4423 912 4475 ﬁat
934 4422 1007 4475 ad
1043 4439 1321 4493 vesperas,
1354 4428 1411 4476 et
1433 4423 1504 4476 ad
1534 4423 1841 4478 matutinas
1866 4425 1985 4479 lau-

387 4509 487 4564 des
515 4515 573 4564 et
594 4510 666 4564 ad
695 4510 942 4580 priorem
970 4510 1204 4566 missam
1233 4511 1302 4565 de
1323 4512 1566 4582 jejunio.

665 4598 862 4653 Sec'no
880 4598 977 4653 VI.
1009 4628 1072 4641 -
1111 4601 1336 4667 Tempus
1365 4603 1711 4654 Pentecosles.

459 4684 703 4741 Sabbato
733 4684 794 4739 in
844 4686 1037 4757 vigilia
1084 4687 1441 4742 Pentecostes
1487 4693 1781 4759 surgentes
1809 4706 1844 4743 a
1872 4706 1985 4744 me-

383 4774 624 4841 ridiana,
666 4773 845 4829 abluti
870 4779 929 4829 et
955 4775 1239 4846 pectinati,
1265 4776 1336 4829 ad
1365 4777 1655 4831 ecclesiam
1675 4778 1985 4845 veniant,et

385 4863 640 4919 oratione
678 4863 845 4929 facta,
875 4863 1185 4919 induantur
1230 4865 1475 4919 ofﬁcium
1523 4866 1879 4930 celebraturi,
1926 4874 1984 4921 et

385 4952 458 5007 ad
486 4951 731 5007 ofﬁcium
759 4952 1041 5007 servituri.
1073 4955 1294 5024 Agatur
1330 4953 1579 5008 ofﬁcium
1620 4954 1813 5009 festive
1839 4955 1985 5010 sicut

381 5041 444 5095 in
482 5039 725 5096 Sabbato
778 5048 1000 5110 sancto;
1033 5047 1247 5108 cantor,
1299 5048 1357 5096 et
1401 5042 1546 5096 alius
1592 5042 1770 5097 frater
1813 5060 1981 5113 quem

379 5129 640 5199 voluerit,
689 5130 873 5185 induti
915 5131 1109 5202 cappis
1157 5131 1525 5202 pronuntient
1575 5132 1829 5186 litaniam
1873 5137 1983 5186 ter-

380 5234 534 5285 nam,
590 5218 737 5273 sicut
778 5219 840 5274 in
904 5219 1097 5290 vigilia
1156 5220 1402 5274 Paschas.
1460 5221 1602 5275 Cum
1658 5222 1985 5293 pronuntia-

379 5312 505 5363 tum
555 5306 729 5362 fuerit
780 5309 1087 5374 Accendite,
1145 5309 1484 5363 accendatur
1548 5324 1741 5364 cereus
1806 5309 1980 5364 bene-

381 5395 583 5462 dictus,
616 5401 674 5451 et
706 5396 949 5468 reliquia
978 5397 1301 5457 luminaria.
1330 5414 1477 5452 unus
1502 5398 1650 5452 enim
1673 5414 1868 5453 cereus
1895 5415 1980 5453 so-

378 5483 668 5542 lummodo
710 5489 843 5542 ante
889 5485 1048 5542 illam
1088 5486 1289 5543 horam
1330 5485 1499 5544 debet
1539 5503 1660 5543 esse
1689 5503 1975 5556 accensus,

2064 4336 2155 4390 die
2182 4337 2384 4391 Iduum
2414 4336 2689 4407 incipiant
2712 4338 2992 4407 jejunare,
3035 4337 3183 4391 sicut
3211 4337 3413 4392 beatus
3434 4334 3658 4392 Benedi-

2066 4432 2188 4480 ctus
2216 4425 2604 4492 instituit,una
2620 4432 2846 4479 tantum
2865 4425 2984 4480 vice
3014 4425 3326 4496 loquantur
3346 4427 3408 4480 in
3431 4427 3660 4479 claustro

2065 4529 2245 4585 usque
2278 4514 2350 4568 ad
2394 4514 2675 4568 Kalendas
2703 4513 2979 4579 Octobris,
3008 4514 3066 4568 id
3099 4521 3186 4569 est
3211 4520 3342 4585 post
3368 4513 3659 4585 capitulum

2065 4619 2243 4672 usque
2271 4603 2343 4657 ad
2366 4603 2613 4657 tertiam.
2648 4602 2781 4656 Post
2809 4607 3022 4657 sextam
3059 4602 3119 4656 in
3148 4602 3544 4658 dormitorium
3573 4617 3661 4654 va-

2066 4692 2223 4752 dant.
2275 4697 2331 4745 et
2377 4697 2506 4762 post
2554 4690 2946 4761 parvissimum
2995 4691 3392 4758 intervallum,
3454 4691 3660 4762 pulsato

2065 4779 2299 4833 minimo
2324 4779 2505 4849 signo,
2541 4779 2900 4842 descendant,
2935 4780 3141 4847 lavent,
3160 4781 3234 4834 ad
3262 4779 3661 4835 monasterium

2064 4872 2318 4939 pergant,
2351 4866 2608 4937 factaque
2630 4867 2883 4921 oratione
2907 4867 3169 4938 dictaque
3196 4869 3421 4933 litania,
3444 4869 3662 4922 missam

2063 4956 2364 5010 celebrent.
2393 4954 2687 5009 Celebrata
2714 4956 2829 5010 fere
2859 4956 3034 5010 missa
3060 4958 3323 5027 pulsetur
3344 4958 3565 5027 signum
3592 4953 3658 5008 ad

2064 5061 2292 5100 nonam.
2318 5045 2453 5098 Post
2473 5045 2724 5110 missam,
2756 5045 2908 5099 facta
2929 5045 3202 5111 oratione,
3223 5051 3467 5116 pergant
3495 5042 3658 5098 servi-

2062 5138 2214 5187 tores
2243 5132 2495 5203 accipere
2517 5132 2987 5197 mistum.Quibus
3010 5133 3422 5188 revertentibus
3447 5133 3656 5205 pulsato

2064 5223 2176 5277 alio
2198 5222 2359 5292 signo
2386 5227 2621 5276 canatur
2652 5238 2821 5276 nona.

2161 5310 2359 5366 Ssc'mo
2386 5311 2509 5365 VII.
2540 5338 2581 5354 -κ
2642 5312 2894 5380 Quinque
2922 5313 3244 5379 festivitates
3262 5314 3572 5380 pracipuz.

2132 5398 2391 5469 Quinque
2419 5404 2553 5452 sunt
2570 5400 2863 5471 principum
2888 5400 3236 5464 festivitates,
3266 5400 3325 5455 id
3352 5407 3439 5456 est
3465 5398 3659 5457 Natale

2059 5486 2303 5557 Domini,
2332 5487 2690 5545 Resurrectio
2726 5490 2867 5560 ejus,
2916 5490 3298 5562 Pentecostes,
3337 5489 3655 5562 Assumptio
