3852 6178
185 265 259 325 473
1055 274 1381 331 DECRETA
1420 277 1559 332 PRO
1599 278 1870 333 0RDINE
1909 280 1965 334 S.
2011 275 2408 335 BENEDICTI.

3272 262 3373 321 474

183 398 332 445 sancta:
342 388 427 444 Dei
444 389 728 459 genitricis
748 382 957 461 Mariae,
979 394 1251 451 festivitas
1287 397 1414 456 loci.
1448 400 1691 455 Servatis
1710 401 1836 461 Ain
1868 401 2029 456 albis.
2061 401 2119 455 Si
2147 399 2319 454 abbas
2346 395 2709 467 Evangelium
2737 393 2957 465 legerit,
2972 396 3098 464 post
3128 391 3374 460 Evange-

184 478 379 533 omnibus
403 493 520 547 quae
548 478 618 532 de
668 480 913 536 Sabbato
944 489 1136 537 sancto
1161 484 1309 540 dicta
1334 492 1484 553 sunt,
1518 487 1577 541 in
1604 489 1699 543 ha-

181 583 270 621 rum
291 565 624 621 festivitatum
666 568 872 640 vigiliis
912 577 1147 626 ornetur
1184 578 1366 628 totum
1414 583 1699 631 monaste-

179 655 300 720 rium,
327 658 375 708 et
396 656 579 709 omnia
602 657 824 725 altaria,
864 661 1171 716 secundum
1217 662 1540 719 facultatem
1568 666 1694 734 loci,

176 743 281 797 sicut
302 743 567 797 honestius
598 745 720 799 ﬁeri
750 753 951 817 potest.

230 832 524 886 Mundentur
541 834 799 905 ofﬁcinae,
820 847 878 892 et
899 838 1441 896 claustrum.Sedilia
1463 843 1699 898 refecto-

176 919 238 986 rii,
258 920 469 991 capituli,
499 921 729 978 claustri
757 930 1042 997 tegantur,
1074 927 1396 984 bancalibus
1416 935 1702 987 sternatur

170 1024 338 1078 juncus.

221 1098 286 1152 Ad
309 1099 517 1154 missam
571 1102 775 1171 jejunii
831 1103 1142 1160 induantur
1190 1106 1423 1162 honeste
1446 1109 1543 1178 qui
1574 1126 1697 1164 eam

173 1191 270 1240 sunt
283 1186 612 1256 celebraturi,
641 1193 900 1247 sacerdos
930 1194 1258 1248 honoriﬁce:
1288 1196 1556 1251 diaconus
1583 1198 1699 1252 dal-

172 1273 340 1339 matica,
368 1275 733 1334 subdiaconus
758 1281 979 1348 tunica;
1013 1288 1127 1336 tres
1182 1285 1451 1350 conversi,
1503 1291 1699 1341 cantor

167 1361 576 1420 hebdomadarius
602 1383 777 1438 cappa
800 1388 814 1434 ;
847 1370 959 1425 duo
984 1371 1186 1425 fratres
1216 1373 1284 1425 ad
1319 1374 1693 1444 responsoria.

167 1451 274 1505 Ante
288 1453 495 1507 missam
517 1456 814 1525 pulsentur
831 1458 1012 1529 signa,
1037 1460 1181 1515 sicut
1199 1460 1257 1515 in
1291 1461 1447 1516 festis
1476 1461 1690 1531 diebus,

162 1537 312 1594 litania
329 1541 548 1597 minime
568 1544 789 1600 dicatur
808 1566 821 1613 ;
847 1548 1017 1615 Kyrz'c
1030 1552 1229 1603 eleison
1245 1550 1501 1605 festivum
1524 1568 1693 1606 cana-

162 1632 244 1693 tur,
269 1644 366 1683 una
389 1636 609 1686 tantum
654 1632 888 1689 collecta
933 1636 1176 1694 dicatur.
1216 1638 1274 1692 Si
1324 1640 1597 1694 festivitas
1634 1641 1693 1695 in

1781 490 1921 545 lium
1950 490 2181 544 indutus
2196 504 2370 559 cappa
2387 487 2444 540 in
2460 487 2692 541 chorum
2711 473 3376 551 revertatdrAntiphona

1780 580 1851 634 ad
1880 580 2197 634 Benedictus
2220 582 2309 631 ter
2326 576 2564 630 dicatur.

1849 668 1934 723 Ad
1964 667 2224 739 primam,
2252 666 2362 720 duo
2383 664 2595 733 majora
2609 663 2770 732 signa
2786 661 3098 732 pulsentur.
3120 659 3258 713 Tres
3280 673 3372 712 ce-

1778 758 1862 812 rei
1891 765 2023 811 ante
2061 757 2237 810 altare
2266 753 2661 816 accendantur,
2694 750 2953 804 similiter
2978 748 3049 803 ad
3068 748 3293 802 tertiam
3315 750 3372 801 et

1783 853 2016 900 sextam.
2045 850 2101 898 et
2120 860 2359 909 nonam;
2391 841 2699 912 capitulum
2752 838 2995 892 breviter
3045 840 3368 907 peragatur.

1852 936 2022 989 Missa
2042 932 2388 987 matutinalis
2407 946 2534 984 cum
2573 944 2687 983 una
2706 927 2938 982 collecta
2964 931 3022 980 et
3046 924 3372 996 praefatione

1781 1023 2179 1078 dicatur.Dum
2200 1020 2457 1075 sacerdos
2487 1019 2544 1072 in
2567 1033 2778 1072 canone
2811 1021 2915 1081 est,
2948 1012 3368 1069 remanentibus

1778 1112 2084 1167 infantibus
2113 1128 2237 1165 cum
2266 1107 2550 1180 magistris
2593 1106 2711 1159 suis
2766 1105 2823 1158 in
2876 1104 3063 1167 choro,
3114 1102 3209 1173 qui
3237 1107 3369 1155 ante

1778 1202 2007 1255 missam
2032 1199 2238 1254 debent
2265 1214 2384 1252 esse
2413 1194 2615 1261 induti,
2647 1195 2832 1249 caeteri
2873 1197 3112 1263 pergant
3135 1191 3368 1245 induere

1778 1306 1873 1357 se;
1908 1289 2022 1360 qui,
2054 1287 2388 1359 accipientes
2411 1301 2445 1339 a
2474 1282 2776 1338 secretario
2830 1280 3180 1345 vestimenta,
3213 1285 3370 1333 extra

1779 1378 2144 1432 secretarium
2174 1393 2233 1430 se
2283 1372 2538 1428 induant.
2573 1373 2632 1427 Si
2660 1388 2790 1425 vero
2834 1385 3039 1440 parvus
3084 1369 3238 1422 locus
3261 1372 3365 1433 est,

1778 1472 1978 1521 exeant
1997 1466 2171 1537 aliqui
2198 1465 2256 1519 in
2271 1464 2576 1518 claustrum
2606 1461 2693 1515 vel
2721 1459 3051 1531 capitulum,
3096 1462 3153 1511 et
3180 1455 3259 1510 ibi
3288 1456 3371 1509 in-

1776 1554 1955 1609 duant
1974 1570 2054 1607 se.
2081 1553 2339 1608 Meliores
2382 1568 2513 1605 vero
2550 1549 2691 1604 albae
2728 1542 3368 1617 tribuantur'prioribus

1777 1650 1834 1698 et
1862 1641 2274 1698 honestioribus
2294 1640 2576 1713 personis;
2610 1637 2995 1708 unusquisque
3014 1651 3162 1701 mox,
3195 1637 3259 1687 ut
3286 1633 3370 1686 in-

158 1715 236 1769 hac
255 1716 330 1771 die
353 1722 614 1788 evenerit,
648 1724 823 1778 missa
842 1726 1192 1780 matutinalis
1220 1727 1289 1781 de
1320 1744 1384 1782 ea
1414 1735 1689 1787 cantetur.
1712 1714 1757 1773 Β
1779 1733 1949 1787 dutus
1973 1731 2162 1791 fuerit,
2198 1735 2511 1784 revertatur
2537 1729 2596 1781 in
2624 1728 2855 1781 chorum
2880 1744 2892 1791 ;
2922 1724 3092 1777 missa
3115 1724 3360 1793 peracta,

158 1804 220 1856 Ad
236 1820 408 1860 nonam
422 1808 536 1863 duo
552 1812 766 1880 majora
787 1812 949 1883 signa
982 1815 1297 1884 pulsentur.
1317 1816 1399 1869 Ad
1430 1833 1690 1887 vesperas

157 1890 239 1946 duo
259 1895 486 1962 minima,
515 1898 718 1953 dehinc
740 1902 1021 1970 gradatim
1069 1903 1179 1957 duo
1234 1910 1292 1958 et
1319 1905 1451 1969 duo,
1491 1906 1562 1959 ad
1602 1923 1691 1959 ex-

156 1988 347 2037 tremum
375 1987 585 2043 omnia.
620 1989 776 2042 Inter
803 1990 983 2060 signa,
1014 1991 1318 2047 luminaria
1359 1995 1689 2049 monasterii

156 2074 689 2130 omniaaccendantur.
711 2081 859 2133 Ante
891 2080 1113 2150 singula
1153 2081 1353 2137 altaria
1383 2099 1505 2153 quze
1534 2089 1690 2138 extra

151 2159 501 2255 presbyterium
521 2172 672 2232 sunt,
704 2167 927 2237 singula
953 2168 1256 2224 luminaria
1283 2171 1537 2226 ardeant.
1570 2175 1688 2227 An-

149 2247 355 2343 tiphanes
381 2268 552 2343 super
577 2256 845 2324 psalmos,
877 2257 1079 2327 quibus
1118 2264 1312 2313 cantor
1338 2262 1685 2332 praeceperit,

147 2336 379 2407 incipiant.
408 2341 853 2412 Responsorium
888 2354 1132 2416 quatuor
1157 2348 1215 2401 in
1248 2350 1438 2420 cappis
1461 2355 1680 2405 canant.

146 2423 418 2495 Antiphona
468 2431 548 2484 ad
606 2434 929 2501 Magni/lcet
978 2441 1066 2489 ter
1102 2436 1358 2505 dicatur;
1422 2437 1593 2492 abbas
1632 2445 1689 2494 et

142 2512 258 2581 prior
282 2519 459 2588 cappis
494 2520 680 2575 induti
711 2521 1010 2578 incensent
1054 2530 1294 2596 utraque
1351 2527 1686 2598 presbyterii

142 2600 314 2668 altaria,
341 2613 466 2661 ante
502 2613 558 2661 et
580 2608 823 2682 desuper
851 2613 1078 2684 utrique
1107 2613 1293 2682 simul,
1326 2616 1535 2686 singuli
1575 2617 1688 2671 sin-

136 2688 237 2757 gula
267 2692 443 2750 latera.
465 2697 665 2752 Parati
694 2699 809 2753 sint
853 2701 965 2755 duo
994 2702 1091 2756 alii
1127 2703 1444 2758 sacerdotes
1482 2705 1689 2760 hebdo-

139 2779 576 2873 laedariimcilicet
594 2788 825 2858 majoris
843 2790 1047 2856 missae,
1068 2796 1126 2845 et
1169 2792 1420 2859 minoris,
1445 2794 1540 2864 qui
1559 2795 1685 2849 thu-

136 2865 281 2924 ribnla
305 2871 371 2926 de
397 2890 595 2929 eorum
616 2876 878 2932 manibus
899 2880 1196 2950 accipiant,
1223 2886 1281 2935 et
1297 2881 1447 2949 hinc,
1466 2888 1523 2936 et
1550 2883 1681 2937 inde

1775 1823 1823 1877 si
1842 1822 1961 1876 dies
1982 1820 2305 1875 Dominicus
2337 1835 2449 1872 non
2466 1816 2655 1881 fuerit,
2669 1819 2920 1870 cessante
2939 1813 3150 1882 majore
3180 1811 3359 1881 signo,

1771 1912 1918 1982 quod
1952 1910 2194 1980 incmpta
2221 1908 2421 1963 ultima
2449 1907 2683 1960 collecta
2702 1904 2885 1957 missae
2913 1901 3124 1974 pulsari
3173 1900 3360 1970 ccepit,

1771 2000 1871 2054 ﬁat
1892 1999 2071 2053 oratio
2093 1997 2290 2052 tertiae.
2309 1997 2445 2051 Post
2459 1994 2793 2058 orationem,
2814 1992 3036 2063 pulsato
3053 1989 3161 2044 alio
3180 1988 3358 2058 signo,

1771 2094 2028 2143 cantetur
2053 2086 2241 2140 tertia.

1842 2177 1901 2232 Si
1917 2192 2048 2231 vero
2064 2173 2390 2230 Dominicus
2406 2170 2590 2236 fuerit,
2607 2170 2825 2241 expleta
2836 2163 3153 2221 matutinali
3170 2163 3362 2230 missa,

1769 2282 1881 2320 non
1901 2265 2121 2336 pulsato
2137 2263 2319 2317 adhuc
2336 2261 2517 2315 tertiae
2533 2260 2713 2329 signo,
2745 2259 2843 2311 ﬁat
2871 2272 3019 2327 aqua
3046 2253 3359 2317 benedicta,

1770 2354 1911 2409 sicut
1934 2353 2060 2408 aliis
2086 2350 2393 2407 Dominicis
2419 2348 2616 2403 diebus
2646 2346 2766 2400 ﬁeri
2798 2346 2972 2407 solet;
3005 2344 3138 2399 dum
3171 2347 3363 2397 cantat

1767 2446 2026 2512 Asperges
2056 2440 2404 2510 mcpulsetur
2433 2437 2615 2506 majus
2642 2435 2865 2505 signum
2887 2432 2956 2485 ad
2986 2431 3229 2485 tertiam.
3253 2431 3361 2483 As-

1769 2547 1936 2602 persa
1964 2545 2110 2600 aqua
2130 2527 2443 2592 benedicta,
2473 2523 2639 2578 vadat
2669 2522 2928 2576 sacerdos
2957 2536 3059 2591 per
3088 2519 3359 2581 ofﬁcinas,

1769 2637 1895 2675 cum
1925 2616 2290 2691 portitoribus
2318 2630 2476 2685 aquae
2489 2619 2545 2667 et
2573 2612 2771 2666 crucis.
2793 2611 3058 2665 Cessante
3078 2608 3239 2678 signo
3261 2608 3362 2662 ﬁat

1769 2708 1949 2763 oratio
1972 2706 2176 2763 tertia.
2199 2705 2322 2769 Qua
2335 2703 2571 2775 expleta,
2596 2701 2817 2772 pulsato
2845 2700 2957 2753 alio
2984 2699 3167 2769 signo,
3196 2713 3359 2751 cana-

1765 2800 1860 2851 tur
1886 2796 2072 2851 tertia.
2108 2794 2377 2850 Sacerdos
2402 2791 2650 2855 interim,
2684 2789 2779 2860 qui
2809 2804 2911 2859 per
2929 2786 3179 2841 ofﬁcinas
3235 2785 3355 2850 ivit,

1764 2892 2049 2940 revertens
2076 2890 2207 2937 ante
2233 2882 2527 2936 introitum
2569 2877 2915 2942 monasterii,
2955 2876 3106 2929 dicat
3146 2874 3359 2928 oratio-

135 2968 212 3023 Ρετ
232 2958 415 3015 altaria
443 2980 569 3034 qua;
616 2971 775 3019 extra
816 2972 947 3021 sunt
987 2968 1413 3037 circumferant;
1456 2972 1552 3042 qui
1595 2988 1680 3026 re—
1761 2990 1890 3028 nem
1920 2973 2178 3039 solitam;
2210 2971 2411 3025 dehinc
2440 2970 2658 3023 intrans
2689 2971 2820 3021 ante
2852 2980 3030 3019 unum
3057 2964 3127 3017 de
3154 2962 3350 3017 altari-

136 3048 365 3103 tenentes
391 3051 450 3105 in
477 3053 720 3108 chorum
758 3054 947 3109 abbati
970 3057 1147 3127 prius,
1170 3058 1344 3129 priori
1372 3066 1567 3131 postea
1602 3061 1740 3129 fe—C
1760 3062 1885 3127 bus,
1927 3064 2019 3117 Via
2044 3068 2386 3116 sanctorum.

131 3141 244 3197 rant,
272 3144 406 3205 post,
442 3139 525 3193 eis
554 3141 653 3210 qui
681 3145 1099 3214 responsorium
1143 3152 1528 3215 cantaverunt,
1568 3165 1682 3203 non

132 3218 259 3275 ambo
283 3224 460 3293 simul,
488 3230 594 3283 sed
632 3246 779 3285 unus
829 3232 981 3302 hinc,
1012 3239 1067 3288 et
1113 3235 1257 3289 alter
1278 3235 1443 3303 inde;
1482 3236 1682 3291 dehinc

129 3306 211 3404 duo
231 3317 466 3370 conversi
494 3318 558 3371 in
589 3318 751 3385 albis,
796 3322 1012 3376 caeteris
1046 3322 1334 3378 fratribus.
1380 3323 1583 3380 Abbati
1611 3327 1681 3380 de

128 3393 233 3539 ﬁlim
255 3404 449 3458 serviat
500 3406 601 3477 qui
649 3408 999 3464 thuribulum
1029 3411 1099 3465 de
1150 3414 1269 3481 ejus
1308 3429 1481 3467 manu
1521 3429 1682 3468 acce-

129 3499 201 3539 οι.

127 3499 201 3552 Ρη.

178 3581 226 3640 2
240 3583 286 3643 τ
302 3586 336 3644 1
373 3582 435 3636 In
457 3583 530 3638 iis
557 3584 763 3655 vigiliis
786 3586 991 3642 tabulae
1008 3590 1290 3644 refectorii
1338 3590 1542 3646 debent
1563 3608 1683 3646 esse

127 3673 379 3734 cooperta.

178 3752 228 3805 In
245 3758 481 3814 crastino
524 3766 661 3815 ante
685 3769 990 3820 nocturnas
1015 3767 1234 3836 vigilias
1261 3768 1329 3822 ad
1362 3769 1681 3824 excitandos

119 3836 279 3897 fratres
286 3847 594 3915 pulsentur
612 3851 803 3906 omnia
820 3854 980 3924 signa
1005 3874 1017 3922 ;
1035 3855 1236 3910 dehinc
1263 3856 1544 3926 gradatim
1567 3859 1678 3913 duo

120 3929 283 3997 etduo,
308 3936 377 3989 ad
407 3943 733 3993 extremum
752 3943 961 3997 omnia.
994 3945 1080 3997 Ad
1132 3945 1515 4000 invitatorium
1544 3964 1679 4017 qua-

117 4016 278 4112 tuor‘in
296 4026 509 4097 cappis.
548 4028 740 4083 Terna
768 4032 1121 4102 responsoria
1157 4033 1215 4087 in
1243 4035 1425 4089 tribus
1454 4016 1678 4090 noctur-

114 4107 530 4183 nis,duoetduo;
559 4124 846 4187 quartum,
890 4128 1159 4191 quatuor;
1201 4130 1477 4189 octavum,
1513 4126 1677 4196 quin-

116 4206 232 4263 que;
252 4199 666 4270 duodecimum,
695 4224 788 4261 sex
818 4215 1039 4264 canant.
1079 4211 1143 4264 In
1170 4211 1353 4266 tribus
1386 4214 1678 4268 nocturnis

1837 3152 1997 3205 Dicta
2022 3151 2208 3214 tertia,
2241 3147 2554 3203 distributis
2573 3146 2782 3218 cappis,
2800 3142 3085 3215 dispositis
3112 3141 3170 3196 in
3188 3142 3357 3196 choro

1764 3256 1799 3293 a
1824 3244 2070 3302 cantare,
2092 3238 2187 3309 qui
2207 3254 2273 3292 ea
2302 3253 2425 3307 quae
2451 3234 2729 3307 portanda
2756 3238 2887 3287 sunt
2910 3236 3133 3303 portare
3154 3229 3360 3284 debent

1767 3326 1859 3400 Ui,
1887 3327 2094 3397 debet],
2122 3331 2323 3381 exeant
2368 3341 2563 3379 omnes
2617 3323 2722 3377 hoc
2776 3321 2971 3376 ordine
3024 3319 3358 3390 processuri.

1762 3416 2014 3471 Primum
2042 3432 2339 3470 conversus
2366 3415 2553 3468 ferens
2577 3412 2804 3466 situlam
2848 3426 2976 3464 cum
3015 3424 3164 3479 aqua
3187 3407 3360 3462 bene-

1764 3505 1914 3560 dicta
1935 3524 1946 3558 :
1971 3505 2173 3558 dehinc
2192 3504 2302 3558 duo
2332 3507 2622 3574 portantes
2641 3501 2782 3555 duas
2807 3515 3000 3553 cruces
3023 3517 3035 3565 ;
3067 3502 3193 3569 post
3213 3513 3354 3568 quos

1765 3595 1877 3649 duo
1900 3610 2028 3648 cum
2057 3592 2275 3648 duobus
2304 3590 2673 3656 candelabris,
2707 3589 2955 3643 accensis
2985 3588 3228 3658 desuper
3260 3603 3352 3640 ce-

1761 3683 1905 3749 reis;
1939 3683 2037 3737 alii
2066 3683 2177 3737 duo
2208 3682 2453 3735 ferentes
2480 3680 2592 3734 duo
2616 3677 2907 3733 thuribula
2951 3677 3080 3746 igne
3109 3681 3167 3730 et
3186 3675 3353 3730 thure

1761 3774 1929 3844 plena
1949 3791 1961 3838 ;
1986 3772 2089 3826 hos
2108 3778 2417 3841 sequantur
2431 3770 2542 3823 duo
2561 3766 2889 3822 subdiaconi
2917 3765 3122 3819 tunicis
3150 3763 3355 3830 induti,

1760 3865 2051 3933 portantes
2078 3860 2218 3914 duos
2232 3857 2658 3929 Evangeliorum
2677 3862 2863 3910 textus
2886 3874 2899 3923 ;
2922 3860 3048 3925 post
3071 3870 3231 3926 quos,
3262 3853 3353 3907 in-

1758 3950 1942 4004 fantes
1964 3966 2089 4004 cum
2106 3949 2390 4019 magistris
2410 3948 2560 4012 suis;
2585 3946 2822 4001 extremi
2835 3944 3007 3999 abbas
3033 3948 3091 3996 et
3112 3942 3348 4013 priores,

1757 4037 2200 4110 praecedentibus
2209 4037 2335 4091 aliis
2344 4036 2489 4090 binis
2500 4035 2882 4101 etbinis,sicut
2891 4038 2977 4086 est
2986 4031 3122 4085 ordo
3134 4047 3352 4084 eorum.

1831 4119 2273 4198 Cum'processio
2301 4126 2371 4179 de
2392 4125 2559 4178 choro
2589 4122 2787 4193 incipit
2838 4120 3004 4184 exire,
3050 4119 3346 4190 pulsentur

1761 4216 1873 4270 duo
1900 4216 2118 4284 majora
2144 4215 2323 4284 signa,
2354 4230 2467 4267 non
2497 4217 2783 4265 cessatura
2809 4225 2986 4279 usque
3044 4208 3179 4261 dum
3209 4222 3348 4277 pro-

235 4286 430 4357 legitur
457 4293 639 4348 tertia
661 4295 826 4350 lectio
846 4298 958 4352 duo
1005 4300 1341 4365 sacerdotes,
1368 4302 1558 4373 cappis
1583 4302 1672 4356 in-
1693 4301 1742 4359 D
1759 4304 1932 4358 cessio
1962 4279 2021 4357 in
2049 4279 2281 4357 chorum
2308 4302 2382 4356 sit
2410 4317 2650 4364 reversa,
2677 4303 3005 4368 cessentque
3031 4296 3141 4350 alia
3164 4296 3346 4366 signa.

111 4366 221 4438 dati,
244 4375 541 4435 incensent
566 4383 793 4450 altaria,
819 4386 1003 4456 majus
1023 4392 1081 4441 et
1119 4388 1339 4456 minus;
1373 4366 1574 4445 dehinc
1600 4390 1677 4445 fe-

108 4469 207 4515 rant
231 4464 432 4534 abbati,
464 4476 527 4525 et
552 4472 750 4542 priori,
774 4479 832 4528 et
858 4476 1073 4531 caeteris
1095 4477 1365 4533 fratribus
1394 4496 1496 4550 per
1522 4480 1673 4534 ordi-

106 4561 235 4640 ιξεως
258 4560 543 4625 octavum,
577 4566 635 4614 et
662 4561 1056 4619 duodecimum
1079 4568 1497 4638 responsorium
1547 4574 1675 4640 post

103 4634 254 4727 Gloria
295 4660 330 4697 a
377 4647 573 4718 capite
612 4658 960 4721 repetantur;
984 4634 1346 4726 pronuntiato
1377 4634 1674 4727 Evangelio

102 4721 244 4780 altare
268 4730 746 4806 discooperiatur,
767 4746 825 4795 et
839 4744 1030 4798 omnia
1048 4744 1351 4799 luminaria
1372 4746 1675 4799 accendan-

100 4818 187 4867 tur.
209 4818 289 4872 Ad
323 4822 392 4875 Te
412 4827 593 4879 Deum
621 4828 921 4885 laudamus
940 4832 1051 4886 duo
1098 4835 1314 4903 majora
1356 4833 1517 4903 signa
1546 4835 1673 4904 pul-

99 4908 298 5002 sentur;
333 4910 488 5002 lecto
545 4915 870 4987 Evangelio,
934 4920 1167 4975 collecta
1222 4921 1393 4987 dicta,
1433 4923 1673 4992 pulsatis

96 4992 316 5088 ignibus
335 5000 545 5070 signis,
570 5003 796 5059 inchoet
836 5008 1094 5062 sacerdos
1125 5010 1431 5064 matutinas
1456 5010 1671 5066 laudes.

94 5073 267 5136 Dehinc
294 5085 355 5139 in
387 5091 729 5146 vestiarium
758 5110 955 5148 rursus
993 5096 1240 5151 casulam
1271 5104 1329 5151 et
1355 5098 1556 5152 stolam
1576 5100 1675 5153 de-

93 5176 248 5238 Ρῡιωί,
274 5180 333 5229 et
362 5177 449 5232 sic
480 5179 545 5233 in
576 5180 702 5235 alba
730 5198 859 5236 cum
898 5185 1185 5255 manipulo
1220 5186 1277 5239 in
1317 5187 1549 5241 chorum
1580 5205 1671 5242 re-

92 5256 495 5338 deat;inc(epto
532 5269 744 5341 hymno
775 5279 952 5337 exeat,
1010 5275 1360 5347 manipulum
1405 5277 1668 5348 deponat,

91 5357 291 5444 ξεξψειω
316 5355 557 5422 induat.
584 5367 786 5416 etcum
820 5362 931 5417 alio
970 5362 1144 5418 fratre
1199 5365 1462 5419 similiter
1495 5382 1673 5437 cappa

92 5440 272 5509 induto,
295 5447 450 5502 sicut
481 5449 564 5502 ad
580 5450 871 5506 hesternas
894 5469 1175 5524 vesperae,
1209 5470 1336 5508 cum
1366 5454 1669 5509 thuribulis

76 5542 165 5598 δἐι
184 5535 387 5597 altaria
417 5538 617 5611 vadat,
640 5540 857 5599 duobus
874 5543 1159 5603 conversis
1186 5560 1315 5602 cum
1357 5544 1438 5602 eis
1455 5544 1669 5602 inclutis

1758 4393 2129 4446 Procedentes
2168 4408 2268 4463 per
2307 4392 2550 4460 majores
2582 4390 2788 4459 januas
2821 4384 3227 4440 monasterium
3257 4384 3346 4437 in-

1759 4486 2001 4546 troeant,
2037 4486 2095 4535 et
2121 4487 2252 4534 ante
2280 4479 2603 4534 cruciﬁxum
2634 4477 2934 4531 stationem
2956 4474 3181 4528 faciant.
3224 4474 3348 4538 Qua

1756 4570 1920 4637 facta,
1954 4572 2170 4640 expleto
2190 4573 2358 4623 cantu
2387 4583 2553 4638 quem
2606 4565 2968 4635 incoeperant,
3001 4562 3234 4633 incipiat
3258 4561 3353 4617 ab-
3394 4614 3398 4619 .

1755 4660 1855 4714 bas
1880 4660 1965 4713 vel
1986 4663 2182 4712 cantor
2196 4657 2343 4727 quod
2371 4657 2441 4709 ad
2472 4657 2654 4726 ipsum
2684 4655 2832 4708 idem
2855 4653 3156 4724 pertineat,
3189 4658 3246 4706 et
3266 4652 3346 4707 sic

1757 4746 2086 4802 sonantibus
2111 4745 2371 4800 omnibus
2395 4744 2571 4813 signis
2622 4744 2856 4797 chorum
2903 4742 3204 4803 introeant,
3236 4742 3347 4796 eis-

1757 4852 1865 4907 que
1888 4834 2234 4889 cessantibus
2260 4833 2487 4887 missam
2514 4832 2805 4903 incipiant.

1829 4926 1977 4978 Ante
2001 4924 2185 4977 missa:
2232 4921 2524 4976 introitum
2575 4926 2860 4974 sternatur
2899 4937 3074 4975 unum
3098 4925 3199 4974 aut
3235 4921 3347 4974 duo

1755 5014 1970 5084 tapetia
1999 5029 2097 5083 per
2144 5018 2527 5066 transversum
2581 5010 2756 5075 chori,
2812 5008 2908 5064 ubi
2953 5016 3103 5063 stare
3151 5007 3355 5062 debeat

1758 5108 1955 5155 cantor
1985 5108 2041 5155 et
2092 5100 2277 5155 caeteri
2333 5116 2472 5171 quos
2515 5099 2582 5153 ad
2632 5116 2692 5153 se
2716 5098 2993 5153 vocaverit
3020 5098 3090 5151 ad
3119 5096 3351 5150 chorum

1754 5190 2081 5260 regendum.
2113 5189 2324 5244 Omnes
2375 5188 2541 5253 cerei,
2604 5189 2700 5258 qui
2746 5188 2804 5241 in
2853 5185 3072 5240 coronis
3101 5190 3252 5249 sunt,
3295 5190 3353 5238 et

1754 5286 1956 5335 caetera
2009 5279 2309 5333 luminaria
2344 5295 2466 5349 qua:
2504 5278 2563 5331 in
2610 5279 2778 5332 choro
2817 5282 2874 5330 et
2910 5273 3256 5346 presbyterio
3296 5280 3352 5328 et

1756 5372 1885 5420 ante
1897 5367 2222 5421 cruciﬁxum
2239 5372 2390 5432 sunt,
2414 5365 2811 5419 accendantur.
2834 5362 3045 5417 Cantor
3060 5361 3349 5431 provideat

1754 5461 1891 5526 quot
1919 5462 1977 5510 et
2002 5455 2117 5526 qui,
2141 5472 2263 5525 quae
2291 5454 2674 5525 singulariter,
2720 5450 2999 5504 cantanda
3044 5455 3196 5514 sunt,
3223 5466 3351 5505 can-

1749 5549 1891 5601 tent.
1923 5544 2009 5601 Ad
2033 5544 2387 5615 sequentiam
2418 5544 2528 5598 duo
2572 5542 2789 5612 majora
2825 5538 2988 5611 signa
3033 5540 3348 5613 pulsentur.
