3852 6178
462 245 572 324 4.7.5

1403 251 1464 331 β-
1507 251 1919 335 smmum
1963 251 2322 334 www-
2364 252 2698 332 esseea

3579 262 3665 325 415

470 374 816 446 Communia.
848 378 896 452 si
934 394 1074 461 opus
1101 378 1288 451 fuerit
1320 382 1611 452 repetatur
1637 393 1763 457 cura
1789 392 1972 456 νθτειὲν
2009 375 2130 461 ειᾼ
2147 380 2399 454 Octavam
2422 381 2680 452 quatuor,
2704 378 3098 450 duodecimum
3137 381 3387 461 quisque.
3416 385 3546 453 quod
3566 394 3670 456 post

471 463 659 536 Gloria
682 468 854 536 Patri.
871 459 1098 537 Expleta
1143 465 1312 540 missa
1328 466 1623 539 pulsentur
1645 463 1832 545 originis}
1862 464 2056 544 signa;

472 553 857 623 unusquisque
881 555 1278 607 vestimentum
1309 571 1473 629 suum
1524 560 1579 608 et
1615 541 1870 631 cappari],
1903 541 2060 631 utra-

470 657 577 714 que
607 641 746 710 bene
773 643 997 714 plicata,
1027 643 1241 712 deferat
1259 643 1560 716 secretario
1578 643 1644 720 ad
1672 629 1878 708 aream.
1920 629 1925 634 ”

538 729 771 802 Festive:
805 747 1018 803 mappae
1067 749 1237 806 super
1277 731 1501 805 tabulas
1531 731 1804 808 refectorii
1835 731 1947 811 sint
1966 746 2060 810 er.-

467 821 659 889 tensae,
691 819 770 878 ita
796 826 858 874 ut
877 826 1007 887 ante
1028 822 1332 894 pendeant.
1373 821 1498 894 Sint
1521 825 1577 884 et
1602 820 1957 890 quotidianae,
1982 819 2060 870 lo-

467 909 537 976 iiﬁ
556 911 766 978 tamen,
801 926 970 981 super
998 927 1144 981 quas
1166 910 1508 978 manducent
1525 895 1748 985 fratres.
1781 910 2062 961 Manuter—

467 995 562 1062 gia
591 996 762 1052 etiam
794 997 1032 1066 candida
1062 1005 1118 1052 et
1147 999 1380 1072 honesta
1419 1015 1587 1068 super
1617 997 1853 1062 tersoria
1883 996 2061 1066 quoti-

467 1082 636 1154 diana
664 1085 777 1138 sint
793 1093 1054 1150 extensa;
1089 1104 1211 1158 quae
1241 1086 1591 1156 manutergia
1615 1092 1737 1156 post
1751 1072 2057 1156 capitulum

467 1188 500 1230 a
522 1174 845 1230 camerariis
863 1183 996 1230 sunt
1017 1177 1382 1230 extendenda.
1404 1177 1602 1234 Nullus
1621 1181 1810 1231 tamen
1825 1174 2058 1228 fratrum
2091 1175 2095 1178 ’

467 1260 634 1332 debet
664 1261 742 1332 ibi
757 1280 956 1329 manus
972 1249 1209 1334 tergere,
1231 1265 1335 1320 nisi
1353 1264 1703 1330 solummodo
1726 1263 1795 1321 ad
1813 1251 2065 1328 refectio-

467 1365 594 1402 nem
628 1351 887 1420 primam,
922 1359 978 1421 et
1004 1370 1127 1416 sero
1154 1354 1224 1422 ad
1252 1369 1486 1426 orenam.
1944 1339 1950 1342 V

537 1439 623 1491 Ad
642 1455 844 1514 nonam
863 1427 974 1510 duo
997 1443 1211 1511 majora
1227 1441 1389 1511 signa
1403 1442 1722 1512 pulsentur.
1759 1440 1845 1498 Ad
1873 1455 2062 1512 vespe-

469 1541 561 1598 ras
590 1533 794 1598 agatur
823 1529 891 1582 de
917 1529 1092 1600 signis
1123 1535 1180 1582 et
1206 1530 1402 1592 cereis.
1435 1529 1581 1596 sicut
1626 1533 1814 1601 272
1866 1517 2057 1601 autem

469 1617 656 1686 actum
676 1622 760 1680 est
782 1616 850 1686 ad
872 1599 1130 1685 vesperas
1151 1616 1512 1686 praecedentis
1533 1599 1672 1672 dici.’
1689 1599 1822 1670 Post
1842 1599 2059 1678 orenam

469 1702 692 1768 refectis
741 1705 1106 1778 servitoribus
1147 1707 1412 1774 colligant
1440 1706 1782 1774 refectorarii
1829 1721 2059 1775 mappas

466 1791 713 1858 festivas,
751 1799 806 1848 et
826 1795 967 1848 bene
999 1796 1233 1866 plicatas
1266 1797 1502 1860 reddant
1526 1796 1813 1862 cellerario
1841 1812 2059 1848 conser-

464 1881 673 1935 vandas
694 1901 706 1950 ;
726 1869 1066 1946 Camerarius
1086 1902 1213 1948 vero
1239 1885 1560 1950 honestiora
1575 1885 1812 1958 tersoria
1825 1884 2060 1956 accipiat

467 1976 524 2034 et
547 1971 842 2036 custodiat.
1960 1957 1961 1960 Ἴ

470 2057 675 2112 SECTIO
697 2059 912 2111 Vlll.—
932 2063 1264 2114 [festivitates
1282 2065 1570 2130 p-rwm’pua?
1587 2065 1831 2119 secunda:
1851 2065 2056 2122 classis.

540 2147 683 2200 Sunt
708 2146 832 2200 alia:
857 2147 1207 2218 festivitates,
1233 2168 1353 2221 quae
1375 2152 1666 2220 magnifice
1689 2150 2061 2224 celebrantur,

470 2233 723 2302 quamvis
750 2251 862 2288 non
909 2239 1659 2310 aequaliter-superioribus;
1701 2244 1833 2306 sunt
1875 2245 2064 2296 autem

468 2323 553 2376 hae
573 2337 590 2373 :
607 2322 938 2395 Epiphania,
961 2327 1278 2392 Purificatio
1317 2335 1522 2390 sanctae
1561 2328 1767 2390 Marim,
1791 2327 2063 2383 festivitas

469 2412 646 2466 sancti
705 2412 983 2481 Gregorii,
1031 2416 1400 2469 Annuntiatio
1457 2417 1683 2479 Christi,
1718 2423 1908 2470 octava
1945 2417 2063 2471 dies

468 2501 746 2570 paschalis
775 2503 1166 2576 solemnitatis,
1201 2504 1472 2578 festivitas
1501 2507 1680 2576 sancti
1709 2506 1890 2575 Alfegi
1920 2522 2065 2566 mar-

471 2589 632 2660 tyris,
657 2591 920 2651 Ascensio
947 2593 1176 2656 ()hristi,
1205 2594 1497 2658 Festivitas
1544 2595 1721 2664 sancti
1760 2594 2065 2664 Augustini

471 2679 778 2748 Anglorum
809 2681 1231 2754 archiepiscopi,
1283 2688 1476 2752 octava
1524 2684 1880 2756 Pentecostes
1923 2684 2060 2748 dies,

470 2767 747 2837 Nativitas
778 2770 832 2825 S.
857 2770 1087 2830 Joannis
1125 2772 1411 2842 Baptistae,
1457 2772 1646 2838 Passio
1687 2773 2064 2844 apostolorum

472 2856 624 2915 Petri
645 2864 700 2909 et
711 2859 890 2931 Pauli,
909 2859 1227 2931 Translatio
1244 2861 1424 2914 sancti
1462 2861 1766 2925 Benedicti,
1789 2861 2065 2916 Nativitas

472 2951 676 3016 sanctae
707 2947 914 3017 Mariae,
940 2948 1211 3008 festivitas
1249 2950 1426 3004 sancti
1456 2950 1760 3018 Michaelis,
1797 2950 2065 3022 festivitas

2074 1763 2121 1820 B

473 3033 737 3087 Omnium
773 3037 1130 3101 Sanctorum,
1163 3038 1434 3092 festivitas
1463 3039 1641 3094 sancti
1685 3039 1941 3114 Andreaa,
1964 3031 2126 3106 De-C

471 3121 677 3197 dicatio
709 3123 986 3188 Ecclesiae.

545 3211 758 3285 Harum
787 3213 1041 3288 omnium
1072 3215 1434 3286 festivitatum
1486 3215 1925 3290 praecedentibus
1954 3216 2066 3290 die-

473 3298 575 3362 bus
606 3308 880 3370 ornentur
925 3303 1143 3375 altaria,
1180 3303 1608 3376 presbyterium,
1640 3289 1861 3370 chorus,
1896 3289 2066 3376 mem-

471 3385 573 3450 bra
603 3389 949 3455 monasterii,
982 3407 1046 3443 ex
1076 3399 1314 3464 utraque
1374 3397 1528 3464 parte
1567 3393 1740 3459 chori,
1775 3393 2068 3461 pulsentur

475 3476 637 3544 signa
661 3476 804 3550 sicut
836 3477 892 3532 in
921 3480 1213 3550 praecipuis
1242 3481 1654 3550 festivitatibus,
1690 3482 2068 3537 accendantur

472 3562 595 3636 duae
623 3570 809 3637 partes
837 3582 1125 3638 cereorum
1173 3585 1388 3630 coronae
1420 3569 1752 3642 presbyterii
1796 3575 1851 3624 et
1879 3571 2069 3642 omnia

475 3651 774 3726 luminaria
795 3670 915 3730 quae
945 3656 1089 3720 circa
1146 3659 1330 3728 majus
1375 3659 1549 3732 altare
1607 3666 1757 3732 sunt,
1788 3666 1844 3733 et
1873 3675 2064 3734 cereus

475 3747 605 3805 ante
637 3743 982 3800 crucifixum.
1015 3746 1367 3820 Antipiionze,
1395 3747 1442 3800 si
1472 3748 1708 3823 propria:
1765 3747 2061 3810 habentur.

476 3829 676 3904 quibus
705 3838 901 3906 cantor
919 3836 1259 3908 praeceperit,
1294 3852 1464 3909 super
1492 3836 2061 3911 psalmosimponant;

476 3919 561 3992 sin
591 3927 804 3990 autem,
829 3939 953 3976 cum
983 3940 1094 3978 una
1128 3925 1435 3999 antipbona
1468 3926 1536 3996 de
1597 3926 1717 3999 ipsa
1767 3927 2065 3997 festivitate

475 4017 786 4081 canuntur;
817 4013 1234 4084 responsorium
1267 4014 1376 4077 duo
1401 4015 1456 4067 in
1489 4015 1717 4089 cappis;
1759 4016 2066 4086 antiphona

475 4098 545 4151 ad
578 4101 896 4167 Magnifica!
936 4100 1021 4153 bis
1049 4101 1304 4167 dicatur;
1339 4102 1449 4176 duo
1497 4104 1831 4170 sacerdotes,
1876 4103 2064 4176 cappis

477 4187 676 4260 induti,
709 4187 778 4240 ad
806 4187 1113 4253 thuribula,
1165 4189 1309 4250 sicut
1361 4191 1616 4262 superius
1671 4192 1740 4243 de
1770 4189 2065 4266 praecipuis

471 4275 865 4351 festivitatibus
883 4277 1095 4346 dictum
1115 4284 1225 4334 est.

548 4366 728 4430 Missae
769 4365 1088 4440 vigiliarum
1141 4367 1497 4438 Ascensionis
1545 4367 1770 4444 Christi,
1842 4353 2105 4440 Joannis.

477 4454 762 4531 Baptistae.
788 4457 1168 4529 apostolorum
1193 4457 1345 4528 Petri
1364 4463 1419 4510 et
1439 4457 1616 4531 Pauli,
1635 4457 1902 4522 Omnium
1928 4457 2069 4510 San-

477 4529 693 4604 ctorum
710 4542 904 4616 festive
944 4544 1385 4606 celebrentur.Si
1421 4529 1682 4622 quaelibet
1709 4545 1908 4620 harum
1941 4545 2070 4616 vigi-

476 4631 802 4707 liarum,vel
843 4632 899 4696 in
919 4633 1126 4701 aliqua,
1162 4650 1283 4706 quae
1304 4635 1499 4690 festive
1522 4634 1854 4712 celebratur,
1885 4635 2069 4706 Domi-

478 4719 603 4789 nica
631 4720 720 4773 die
745 4721 1010 4786 evenerit,
1034 4728 1211 4794 totum
1243 4723 1531 4797 servitium
1563 4724 1761 4792 noctis,
1791 4731 1848 4776 et
1899 4723 2069 4798 missa

481 4809 832 4862 matutinalis
864 4809 932 4861 de
963 4809 1248 4864 Dominica
1266 4820 1467 4880 agatur
1490 4832 1502 4880 ;
1530 4814 1709 4882 major
1731 4829 1858 4887 vero
1876 4797 2064 4879 missa,

479 4915 604 4971 cum
639 4901 883 4968 Alleluia
926 4906 1052 4969 post
1075 4902 1490 4970 responsorium
1518 4903 1586 4956 de
1616 4901 1804 4972 vigilia
1835 4902 2070 4977 dicatur,

477 4999 705 5062 excepta
747 4991 1050 5058 Dominicaa
1102 4992 1420 5060 Nativitatis
1469 4993 1672 5062 vigilia,
1707 4993 1762 5046 in
1791 5009 1902 5061 qua
1921 4993 1966 5058 si
1999 4994 2075 5045 ita

479 5078 731 5148 evenerit
759 5079 815 5149 in
850 5079 1018 5134 tertio
1046 5085 1319 5140 nocturno
1349 5081 1417 5132 de
1442 5081 1564 5152 ipsa
1591 5080 1779 5150 vigilia
1792 5085 2068 5153 cantatur,

483 5173 540 5223 et
570 5168 794 5239 legitur.
830 5168 891 5230 In
938 5168 1180 5237 crastino
1215 5176 1342 5222 ante
1377 5178 1680 5242 nocturnas
1710 5168 1926 5238 vigilias
1956 5170 2076 5239 pul-

480 5257 869 5328 sentursigna,
900 5255 1049 5319 bina,
1069 5263 1126 5322 et
1171 5256 1318 5322 bina,
1338 5258 1538 5314 dehinc
1557 5258 1726 5323 simul
1751 5258 1957 5312 omnia.
1990 5257 2076 5312 Ad

484 5346 871 5417 invitatorium
906 5352 1022 5415 tres
1060 5347 1118 5416 in
1148 5348 1355 5418 cappis,
1388 5347 1497 5400 tria
1528 5347 1883 5420 responsoria
1903 5347 1960 5400 in
1983 5348 2078 5400 tri-

487 5433 590 5507 bus
613 5435 904 5506 nocturnis
960 5435 1091 5506 duo,
1117 5441 1174 5488 et
1217 5436 1328 5502 duo
1358 5441 1605 5504 cantant,
1647 5441 1909 5507 quartum
1938 5442 2076 5503 tres,

554 5521 663 5596 (56.)
695 5524 931 5608 Videtur
960 5524 1154 5606 deesse
1179 5541 1279 5595 vox
1306 5526 1576 5595 indigent.
1600 5531 1702 5598 aut
1718 5525 1830 5598 alia
1857 5526 2076 5598 similis.

2144 464 2332 540 Gloria
2374 484 2408 540 a
2459 467 2638 538 capite
2681 474 2984 538 repetatur.
3035 470 3386 532 Pronuntiato
3413 471 3672 544 Evangelia

2143 554 2319 628 altare
2345 555 2804 628 discooperiatur,
2839 557 3160 621 luminaria,
3210 559 3348 620 sicut
3372 560 3436 621 ad
3479 577 3676 632 vespera

2141 645 2510 717 praecedentis
2540 646 2669 714 diei,
2708 636 3101 715 accendantur.
3132 647 3436 717 Antiphona
3457 649 3517 709 ad
3544 653 3678 706 Bono-

2143 735 2321 786 dictus
2351 734 2434 786 bis
2461 735 2698 792 dicatur.
2746 742 2802 788 et
2829 735 3118 814 thuribula
3145 735 3392 798 similiter
3424 737 3678 797 circumfe-

2142 827 2360 896 rantur.
2393 823 2480 876 Ad
2507 823 2748 895 primam
2780 825 2892 890 duo
2923 825 3082 893 signa
3104 825 3401 894 pulsentur,
3431 831 3534 884 tres
3556 830 3678 881 cerei
3759 819 3764 824 ’

2141 897 2538 986 accendantur,
2571 911 2831 980 similiter
2858 913 2928 979 ad
2958 913 3202 989 tertiam,
3236 918 3290 966 et
3315 918 3510 974 sextam
3528 919 3578 973 et
3603 929 3682 972 no-

2140 1014 2292 1050 nam.
2331 999 2617 1053 Ornentur
2644 1001 2858 1061 sedilia,
2886 1001 3257 1054 extendantur
3272 1017 3492 1070 mappae.
3521 1005 3570 1060 et
3592 1008 3683 1064 tero

2141 1086 2310 1150 soria,
2332 1087 2474 1144 sicut
2504 1104 2674 1158 supra
2704 1089 2913 1156 dictum
2945 1096 3047 1154 est.
3076 1089 3245 1164 Missa
3285 1088 3604 1150 matutinalis
3627 1089 3685 1141 de

2145 1174 2268 1244 ipsa
2294 1176 2648 1244 solemnitate
2675 1193 2800 1240 cum
2833 1194 2948 1232 una
2975 1178 3220 1240 collecta,
3241 1177 3345 1240 nisi
3359 1177 3430 1234 sit
3453 1176 3687 1239 festivitas

2144 1261 2379 1332 alicujus
2408 1264 2604 1334 sancti,
2640 1265 2788 1333 unde
2804 1265 3287 1331 commemoratio;
3312 1264 3450 1328 quod
3473 1265 3689 1327 sievene-

2145 1350 2238 1414 rit,
2262 1353 2611 1418 matutinalis
2631 1354 2803 1421 missa
2830 1353 2935 1407 erit
2965 1354 3033 1407 de
3063 1359 3274 1418 sancto,
3305 1359 3359 1416 et
3378 1353 3691 1423 collectapri-

2144 1456 2256 1501 ma,
2279 1441 2524 1502 secunda
2555 1441 2624 1513 de
2653 1441 2777 1511 ipsa
2805 1433 3180 1511 sollemnitate,
3222 1446 3280 1504 et
3318 1457 3425 1503 non
3461 1442 3688 1511 amplius.

2144 1529 2472 1583 Sacerdotes
2512 1529 2581 1584 ad
2633 1530 2834 1583 missas
2861 1515 3107 1600 privatas
3153 1530 3407 1595 similiter
3441 1530 3693 1590 collectam

2142 1631 2334 1668 unam.
2352 1617 2510 1680 Dicta
2539 1619 2859 1688 matutinali
2890 1609 3078 1684 missa,
3105 1623 3338 1674 canatur
3381 1619 3554 1683 tertia,
3580 1619 3696 1684 cele-

2146 1703 2336 1762 bretur
2364 1705 2532 1768 missa
2559 1706 2616 1770 in
2636 1708 2846 1777 cappis,
2879 1713 3107 1778 excepta
3120 1708 3508 1773 Purificatione
3521 1716 3696 1768 sancte

2141 1793 2348 1858 Mariae,
2373 1794 2431 1848 in
2474 1811 2586 1864 qua
2615 1797 2686 1858 ad
2714 1796 2938 1862 missam
2987 1797 3102 1850 sint
3148 1813 3342 1861 omnes
3382 1796 3515 1856 albis
3543 1797 3698 1854 induti

2141 1887 2371 1958 prOpter
2412 1899 2621 1944 cereos,
2654 1891 2858 1954 praeter
2900 1871 3205 1951 cautorem,
3242 1893 3299 1940 et
3326 1903 3418 1950 eos
3461 1885 3550 1954 qui
3575 1886 3700 1940 circa

2143 1987 2270 2024 eum
2293 1978 2442 2036 sunt,
2465 1989 2603 2040 quos
2623 1973 2811 2044 cappis
2838 1974 3006 2027 etiam
3029 1975 3256 2040 inclutos
3280 1991 3398 2034 esse
3425 1981 3640 2044 oportet.

2218 2061 2582 2130 Excipiuntur
2617 2079 2838 2133 quoque
2870 2063 3014 2120 beati
3047 2063 3304 2132 Gregorii
3346 2068 3401 2125 et
3439 2061 3702 2122 Dominicw

2145 2150 2607 2222 Annuntiationis
2627 2145 2978 2219 festivitates,
3003 2153 3229 2221 quando
3248 2153 3397 2212 intra
3423 2151 3704 2221 quadrage-

2147 2237 2344 2292 simam
2362 2239 2732 2310 celebrantur.
2757 2241 2821 2306 In
2853 2241 2942 2295 his
2966 2242 3112 2310 enim
3141 2240 3520 2304 similitersint
3535 2254 3703 2293 omnes

2145 2327 2286 2380 albis
2313 2327 2516 2390 induti,
2541 2337 2743 2398 praeter
2771 2329 3137 2398 supradictos,
3171 2320 3232 2383 et
3249 2346 3360 2391 eos,
3381 2329 3474 2398 qui
3502 2343 3706 2405 respon-

2145 2414 2356 2470 sorium
2377 2423 2433 2484 et
2450 2421 2688 2470 tractum
2716 2422 2963 2470 cantant.
3001 2418 3069 2470 lli
3095 2434 3344 2487 namque
3383 2415 3706 2486 pracipiente

2146 2510 2392 2569 cantore,
2422 2506 2748 2559 accedentes
2777 2506 2844 2558 ad
2886 2506 3228 2572 cantandum
3262 2521 3467 2576 cappas
3495 2505 3550 2567 in
3565 2504 3710 2558 choro

2146 2592 2404 2670 induant,
2419 2597 2475 2667 et
2504 2610 2628 2647 cum
2656 2595 3106 2664 percantaverint
3137 2579 3434 2656 venientes
3453 2594 3509 2656 in
3533 2592 3712 2651 vestia-

2146 2681 2292 2746 rium
2322 2699 2417 2744 eas
2445 2682 2521 2735 ibi
2550 2682 2852 2754 deponant.
2879 2684 3087 2737 Cantor
3114 2689 3256 2753 quot
3271 2689 3329 2737 et
3347 2699 3484 2753 quos
3508 2680 3721 2740 voluerit

2147 2771 2217 2822 ad
2238 2787 2296 2823 se
2327 2779 2500 2842 vocet.
2525 2773 2807 2843 Numerus
2829 2773 3177 2840 cantantium
3215 2771 3638 2842 responsorium,
3674 2774 3721 2822 et

2147 2860 2408 2926 Alleluia,
2447 2867 2502 2932 et
2531 2871 2731 2928 caetera
2762 2877 2883 2936 quae
2911 2862 3191 2927 cantanda
3225 2867 3363 2924 sunt
3411 2860 3470 2914 in
3513 2856 3720 2918 arbitrio

2147 2947 2391 3014 cantoris
2422 2949 2514 3014 sit.
2547 2949 2840 3020 Celebrata
2897 2950 3072 3016 missa
3122 2950 3423 3019 pulsentur
3450 2947 3645 3010 omnia.
3674 2944 3724 2998 Si

2148 3035 2336 3112 aliqua
2362 3037 2560 3100 harum
2613 3038 2981 3107 festivitatum
3034 3038 3330 3108 Dominica
3358 3038 3449 3091 die
3477 3033 3718 3096 evenerit,

2147 3124 2294 3178 dicta
2320 3126 2642 3197 matutinali
2671 3115 2862 3196 missa.
2895 3127 2992 3194 fiat
3017 3143 3165 3196 aqua
3186 3126 3504 3192 benedicta,
3531 3132 3585 3202 et
3611 3138 3724 3193 pro-

2146 3215 2321 3274 cessio
2346 3232 2446 3286 per
2475 3217 2803 3287 claustrum,
2838 3216 2983 3284 sicut
3019 3216 3160 3280 solet
3187 3215 3498 3276 Dominicis
3530 3211 3724 3273 diebus,

2150 3319 2343 3375 omnes
2373 3310 2564 3375 tamen
2583 3305 2699 3375 sint
2727 3304 2868 3360 albis
2899 3304 3099 3375 induti.
3125 3304 3210 3370 Ad
3233 3320 3442 3367 nonam
3462 3303 3731 3373 pulsentur

2149 3390 2309 3458 signa
2357 3392 2488 3465 duo,
2543 3398 2599 3464 et
2641 3399 2881 3462 agantur
2917 3409 3174 3462 vesperae,
3223 3393 3375 3456 sicut
3417 3387 3730 3462 praecedenti

2149 3479 2255 3531 die.
2303 3480 2688 3534 Festivitatem
2730 3481 2880 3534 beati
2930 3480 3190 3548 Gregorii
3243 3483 3396 3534 inter
3439 3478 3734 3549 superiores

2149 3567 2274 3621 ideo
2323 3576 2733 3641 computamus,
2786 3569 2917 3640 quia
2961 3575 3185 3635 nostra},
3219 3569 3282 3622 id
3322 3575 3410 3632 est
3446 3567 3732 3640 Anglorum

2147 3657 2333 3724 gentis
2361 3660 2648 3727 apostolus
2677 3664 2780 3712 est.
3245 3726 3248 3727 ν

2222 3745 2277 3800 Si
2297 3746 2599 3816 Dominicae
2630 3746 3089 3818 Annuntiationis
3106 3744 3386 3813 festivitas
3401 3745 3587 3814 aliqua
3613 3757 3736 3812 qua-

2149 3833 2475 3907 dragesimae
2507 3835 2798 3910 Dominiea
2813 3834 3152 3910 evenerit.in
3180 3834 3502 3900 crastinum
3534 3831 3740 3892 (litiera-

2149 3927 2276 3990 tur;
2304 3908 2551 3996 alioquin
2600 3925 2888 3997 servitium
2925 3908 3230 3993 Dominicaa
3281 3923 3398 3990 diei
3454 3917 3739 3982 restaurari

2147 4028 2257 4064 non
2277 4019 2482 4084 posset.
2519 4013 2776 4084 Vespera:
2806 4029 2984 4082 usque
3013 4011 3083 4080 ad
3116 4012 3435 4090 capitulum
3480 4011 3549 4075 de
3576 4005 3743 4071 Domi-

2147 4103 2269 4170 nica
2292 4109 2550 4176 agantur,
2576 4103 2885 4172 capitulum
2917 4098 2984 4153 de
3011 4100 3320 4176 festivitate
3359 4100 3595 4167 dicatur.
3627 4097 3744 4152 Post

2151 4191 2393 4265 primam
2417 4192 2705 4262 collectam
2722 4189 3503 4261 comniemoratioDominicaz
3521 4185 3744 4259 dieifiat.

2087 4283 2133 4340 D
2159 4280 2215 4333 Si
2244 4280 2485 4353 Sabbato
2517 4280 2782 4345 evenerit,
2818 4286 2996 4346 totum
3025 4278 3135 4344 diei
3177 4279 3486 4343 servitium
3518 4277 3586 4335 de
3639 4274 3748 4342 ipsa

2157 4369 2510 4441 solemnitate
2531 4375 2750 4438 agatur.
2775 4368 2909 4444 Post
2939 4367 3176 4439 primam
3209 4367 3598 4437 vespertinam
3647 4360 3748 4418 col-

2155 4458 2377 4530 lectam,
2403 4459 2631 4532 collecta
2665 4458 2734 4529 de
2787 4451 3076 4524 Dominica
3105 4456 3353 4524 dicatur,
3380 4460 3610 4524 excepto
3631 4450 3752 4512 Sab-

2153 4547 2282 4606 bato
2313 4554 2443 4601 ante
2468 4548 2700 4618 palmas,
2734 4547 2792 4616 in
2814 4562 2924 4618 quo
2946 4545 2991 4601 si
3021 4546 3137 4606 hmc
3180 4545 3468 4616 festivitas
3498 4538 3748 4602 evenerit,

2153 4638 2220 4690 de
2249 4637 2367 4710 ipsa
2389 4636 2688 4708 festivitate
2718 4642 2922 4704 agatur
2950 4633 3263 4706 servitium,
3299 4650 3489 4709 usque
3515 4631 3585 4691 ad
3615 4627 3755 4698 capi-

2153 4716 2333 4796 tulum
2362 4731 2551 4797 πίθῃ
2594 4722 2990 4796 vespertinum.
3024 4716 3154 4794 Ipsa
3191 4722 3286 4776 die
3315 4723 3433 4803 duo
3469 4721 3668 4774 fratres
3704 4716 3755 4768 in

2154 4815 2349 4886 froccis
2379 4813 2794 4886 responsorium
2815 4818 3059 4876 cantent,
3093 4827 3239 4864 unus
3286 4810 3562 4874 sacerdos
3595 4820 3760 4876 cappa

2157 4904 2385 4975 indutus
2434 4902 2635 4970 altaria
2681 4902 2951 4954 incenset.
3003 4902 3136 4969 Post
3183 4900 3440 4968 primam
3482 4899 3759 4952 collectam

2157 4991 2616 5062 commemoratio
2645 4990 2962 5054 festivitatis
2992 4991 3108 5048 fiat.
3142 4988 3199 5048 Si
3225 5005 3363 5053 vero
3423 4988 3600 5048 tertia
3636 4982 3766 5045 feria

2157 5087 2283 5151 post
2304 5081 2516 5151 palmas
2538 5081 2804 5148 evenerit,
2819 5078 3091 5147 festivitas
3113 5077 3373 5147 quidem,
3398 5078 3550 5132 sicut
3561 5075 3764 5130 dictum

2158 5178 2258 5238 est,
2283 5169 2614 5236 celebretur,
2649 5169 2744 5232 sed
2775 5166 2975 5234 fratres
3010 5167 3066 5218 in
3096 5166 3350 5231 crastino
3387 5166 3686 5236 radantur,
3718 5169 3770 5236 et

2158 5265 2292 5311 tunc
2318 5264 2443 5330 post
2469 5257 2800 5328 capitulum,
2831 5261 2886 5326 et
2911 5263 3035 5325 post
3060 5261 3275 5330 sextam
3334 5255 3397 5319 in
3425 5254 3674 5317 claustro
3699 5251 3770 5308 lo-

2161 5343 2422 5418 quantur.
2446 5347 2553 5415 Qui
2572 5354 2760 5417 autem
2784 5342 2889 5416 (66)
2909 5344 3027 5415 ipso
3047 5343 3138 5414 die
3168 5342 3544 5411 balneentur.
3569 5342 3631 5404 Si
3649 5354 3770 5418 vero

2164 5436 2358 5508 quinta
2393 5436 2551 5507 feria,
2595 5435 2680 5506 vei
2721 5440 2893 5502 sexta,
2945 5434 3029 5502 vel
3075 5431 3313 5504 sabbato
3363 5440 3504 5488 ante
3561 5431 3772 5492 Pascha
