3852 6178
208 285 286 359 417

1081 284 1410 361 DEGBETA
1445 286 1591 359 PBQ
1635 286 1909 359 ORDINEL
1948 288 2007 342 3-
2049 287 2454 359 BENEQICTI-

3293 288 3402 362 418

204 414 262 470 vel
284 412 332 473 in
362 408 584 487 paschali
612 408 989 480 solemnitate»
1032 409 1121 479 vel
1149 408 1332 484 tribus
1360 402 2070 487 sequentilfusenumerus
2088 414 2441 477 sacerdotum
2462 421 2655 479 tantus
2673 417 2958 487 esLDicta
2982 416 3172 487 tertia,
3199 420 3403 487 agatur

204 500 408 565 evenerit,
436 500 489 563 in
515 499 766 573 quintam
795 498 994 569 feriam
1024 504 1149 570 post
1177 501 1497 572 paschalem
1530 502 1728 555 solem-

200 592 381 649 nitatem
409 588 704 661 ditfeintur.
731 588 1029 645 Festivitas
1054 588 1162 642 ista
1190 596 1324 655 tunc
1353 590 1432 645 ita
1461 590 1726 655 solemni-

106 670 109 675 ’
199 687 261 735 ter
282 686 451 755 agetur
476 677 614 735 sicut
635 677 915 748 paschalis
944 676 1288 749 solemnitas,
1323 686 1550 751 excepto
1578 680 1726 750 quod

196 786 270 842 PN
289 767 427 825 Skiua
448 772 572 840 903:8
593 772 897 827 nocturnas
924 766 1140 839 Vigilias
1165 767 1234 821 ad
1268 768 1587 837 excitandos
1610 770 1723 827 fru-

197 868 281 917 tres
301 856 561 923 classicum
588 872 701 910 non
732 856 985 928 pulsetur
1018 872 1122 911 nec
1147 857 1428 927 processio
1458 858 1573 911 ﬁat.
1606 859 1722 911 An-

194 948 385 1019 tiphone
424 952 478 1009 et
518 944 892 1014 responsoria,
927 961 1050 1015 quas
1092 944 1150 1001 in
1196 945 1301 999 hac
1331 946 1631 1003 festivitate
1663 946 1721 1000 in

195 1034 558 1107 quadragesima
586 1040 942 1107 canerentur,
976 1033 1035 1086 in
1064 1033 1169 1099 hoc
1195 1050 1417 1104 quoque
1448 1041 1717 1104 tempore,

193 1140 286 1185 cum
309 1122 560 1193 adiunctis
588 1120 848 1178 Alleluiis
876 1128 1168 1185 canuntur,
1203 1123 1460 1187 versiculi
1499 1140 1720 1193 quoque

192 1228 339 1268 omnes
362 1227 477 1265 cum
522 1210 679 1277 finali
713 1210 959 1269 Alleluia
987 1211 1269 1267 dicantur.
1309 1211 1716 1281 lnvitatorium,

189 1304 393 1367 Jlleluia,
423 1303 650 1355 alleluia
696 1299 999 1359 secundum
1048 1300 1347 1355 melodiam
1392 1300 1716 1368 invitatorii,

187 1390 269 1445 Asc
290 1391 466 1453 Maria,
495 1387 716 1441 cantica
738 1387 807 1442 de
830 1388 1086 1443 Adventu
1117 1388 1362 1443 Domini.

239 1477 319 1532 Die
357 1476 703 1541 Ascensionis
751 1476 958 1535 Christi
996 1478 1094 1547 fiat
1143 1477 1422 1547 processio
1458 1478 1517 1537 in
1554 1478 1715 1542 albis,

187 1566 250 1620 vel
270 1572 401 1620 extra
426 1566 731 1620 claustrum
778 1565 923 1619 circa
959 1566 1285 1623 monasterii
1317 1566 1549 1632 curiam,
1585 1583 1726 1637 pree-

188 1655 453 1715 ccdentibus
483 1654 698 1715 vexillis
729 1661 784 1711 et
811 1654 1082 1725 reliquiis,
1107 1672 1235 1709 cum
1256 1656 1489 1726 reliquis
1510 1672 1633 1726 quae
1654 1657 1723 1710 ad

187 1744 389 1801 festivam
431 1742 846 1814 processionem
892 1742 1206 1813 praecedere
1249 1735 1448 1807 solent,
1500 1744 1583 1797 vel
1624 1761 1724 1813 per

187 1834 437 1903 claustrum
470 1832 595 1885 sine
641 1831 891 1897 vexillis;
944 1848 1009 1885 ex
1056 1848 1165 1901 quo
1202 1832 1399 1902 incipit
1443 1833 1722 1902 processio

185 1921 314 1989 exire,
331 1922 612 1993 pulsentur
632 1920 743 1981 duo
764 1920 942 1991 signa,
966 1920 1112 1977 sicut
1130 1922 1388 1992 superius
1407 1921 1616 1976 dictum
1639 1927 1725 1976 est

186 2012 226 2067 in
250 2010 323 2065 die
343 2009 655 2075 Nativitatis
682 2016 885 2063 sanctae
910 2009 962 2062 Μ
968 2009 1118 2062 urire.
1142 2010 1225 2063 Ad
1245 2026 1505 2080 vesperae
1524 2010 1722 2082 psalmi

185 2100 297 2151 Din'l
321 2100 597 2163 Dominus,
642 2100 872 2152 Lzelalus
900 2114 1025 2153 sum
1055 2103 1119 2155 in
1150 2101 1254 2161 his,
1285 2100 1411 2157 Nisi
1435 2101 1721 2163 Dominus,

182 2188 392 2247 Hanenlo
417 2188 648 2260 Domine
676 2203 804 2241 cum
843 2186 1154 2257 antiphona
1184 2189 1253 2241 De
1289 2188 1479 2254 fructu
1518 2190 1725 2240 centris

181 2280 255 2329 lui.
281 2276 371 2343 Qui
397 2276 648 2347 psalmus
675 2292 800 2330 cum
832 2276 935 2328 hac
964 2276 1273 2347 antiphona
1311 2281 1545 2346 quartus
1586 2275 1725 2329 dici-

179 2372 247 2418 tur
268 2366 315 2419 in
339 2365 592 2427 omnibus
618 2364 1013 2421 festivitatibus
1035 2371 1241 2419 sancta:
1263 2365 1470 2433 Mariae.

233 2454 280 2510 In
303 2454 591 2522 festivitate
616 2453 795 2511 sancti
827 2453 1112 2507 Michaelis
1138 2453 1340 2524 psalmi
1367 2454 1436 2508 ad
1467 2469 1725 2523 vesperas

178 2544 294 2596 Diti!
317 2544 598 2611 Dominus.
634 2542 953 2607 Con/ltebor,
992 2543 1182 2607 Beatus
1211 2544 1321 2607 vir,
1352 2541 1501 2609 aliud
1545 2542 1723 2608 Conﬁ-

178 2633 290 2684 lebor
311 2648 426 2686 cum
455 2631 769 2701 antiphona
796 2631 863 2687 In
893 2635 1175 2699 conspectu
1203 2632 1558 2695 Angelorum.

225 2720 400 2790 Vigilia
439 2718 715 2791 Omnium
754 2719 1088 2789 Sanctorum
1129 2725 1201 2771 ad
1232 2734 1492 2790 vesperas
1521 2718 1723 2788 psalmi

174 2826 271 2869 cum
303 2810 617 2882 autipbonis
644 2809 715 2867 de
758 2809 895 2881 ipsis
941 2809 1170 2881 psalmis
1218 2809 1314 2880 qui
1368 2809 1619 2879 quotidie
1656 2809 1727 2869 ad

173 2915 329 2955 eorum
354 2900 686 2967 memoriam
726 2898 913 2955 solent
938 2898 1076 2964 dici;
1110 2914 1319 2968 preces,
1352 2900 1473 2965 Post
1496 2903 1726 2966 partum

172 2991 311 3055 uirgo,
346 2995 399 3053 et
436 2993 663 3057 cratera.
714 2987 855 3040 Cum
898 2986 1109 3057 dictum
1158 2985 1327 3055 fuerit
1368 2988 1728 3045 Adducenlur

171 3079 264 3142 regi
298 3079 531 3144 uirgines
568 3081 687 3145 posl
730 3092 871 3143 eam,
922 3075 1266 3145 adiungatur
1312 3078 1416 3129 Pro
1445 3076 1725 3142 fratribus

174 3166 677 3227 nostrisabscnlibus;
696 3166 847 3218 Mille
868 3166 962 3229 eis,
978 3165 1236 3227 Domine;
1264 3166 1508 3227 Domine,
1525 3164 1727 3217 emaudi

168 3255 424 3313 mulionem
439 3271 463 3322 ;
489 3255 746 3315 Domine,
788 3254 1059 3309 Dominus
1097 3255 1373 3319 virtutum
1400 3271 1412 3314 ;
1455 3254 1725 3311 Dominus

170 3343 415 3403 nobiscum.
470 3343 613 3413 Post
662 3340 951 3396 collectam
1008 3340 1467 3405 commemoratio
1515 3341 1726 3401 solum-

169 3428 297 3487 mOdo
314 3430 378 3501 de
392 3436 594 3497 sancta
614 3445 795 3487 cruce.
818 3430 880 3501 In
901 3428 1146 3499 crastino
1168 3429 1238 3493 ad
1259 3429 1453 3485 laudes
1467 3429 1727 3493 similiter

169 3532 319 3584 preces
362 3521 479 3573 Post
520 3523 757 3587 partum
792 3521 971 3587 uirgo,
1003 3517 1074 3587 ad
1112 3533 1370 3588 vesperas
1417 3517 1637 3588 psalmi,
1671 3522 1727 3575 et

168 3620 300 3674 super
318 3608 563 3678 psalmos
591 3606 932 3677 antiphonae,
964 3606 1111 3675 sicut
1140 3607 1476 3676 praecedenti
1506 3606 1614 3662 die.

218 3694 366 3748 Dictis
410 3695 666 3766 vesperis
713 3695 1006 3765 pulsentur
1052 3695 1243 3761 omnia
1292 3696 1471 3764 signa,
1503 3701 1560 3759 et
1596 3710 1727 3764 pro-

168 3780 346 3841 dnctius
377 3785 546 3839 solito
578 3789 855 3849 canentur
885 3800 1125 3853 vesperae
1150 3800 1251 3854 pro
1281 3783 1584 3849 Defunctis.
1617 3782 1726 3836 nisi

168 3867 210 3923 in
243 3873 468 3939 crastino
511 3872 594 3927 sit
638 3871 761 3927 dies
788 3871 1130 3939 Dominicus.
1160 3872 1245 3929 vel
1275 3871 1535 3942 quislibet
1569 3871 1727 3937 festi-

171 3956 278 4017 vitas
316 3948 611 4029 duodecim
654 3959 978 4025 lectionum.
1020 3960 1265 4027 collecta
1313 3975 1427 4014 una
1456 3960 1727 4017 Fidelium

169 4046 290 4101 Deus.
308 4049 593 4120 Sequente
615 4054 805 4115 autern
824 4049 1071 4117 noctead
1092 4048 1353 4117 Vigiliam
1376 4053 1727 4111 mortuorum

168 4135 419 4201 pulsentur
435 4137 707 4194 similiter
725 4137 913 4197 omnia
933 4137 1111 4206 signa.
1136 4136 1267 4207 Ipsa
1292 4137 1382 4205 die
1411 4137 1729 4203 sacerdotes

166 4239 324 4293 omnes
361 4226 655 4295 celebrent
687 4225 888 4292 missas
916 4242 1016 4295 pro
1059 4224 1316 4293 omnibus
1349 4226 1603 4291 ﬁdelibus
1630 4226 1730 4280 de-

1809 503 2086 572 processio
2116 503 2312 571 festiva
2350 505 2407 559 in
2443 506 2606 572 albis,
2639 513 2739 569 aut
2783 507 2928 573 circa
2974 494 3398 571 monasterium,

1808 591 1856 646 si
1886 592 2040 659 locus
2066 598 2231 662 aptus
2256 598 2358 655 est,
2379 599 2480 648 aut
2502 611 2601 664 per
2618 594 2944 659 claustrum,
2962 591 3402 665 praecedentibus

1810 697 1934 750 quae
1978 680 2231 734 festivam
2280 683 2692 751 processionem
2734 683 3046 754 praecedere
3091 681 3293 750 solent,
3346 686 3405 737 et

1808 767 2159 837 ingrediatur
2188 769 2589 827 monasterium
2631 787 2730 840 per
2757 772 2999 839 majores
3023 770 3245 842 januas,
3281 769 3403 840 fiat-

1772 896 1775 899 -
1808 874 1917 927 que
1944 858 2112 912 statio
2141 863 2272 921 ante
2299 858 2647 917 cruciﬁxum.
2680 859 2891 913 Psalmi
2914 858 2986 930 ad
3009 874 3287 931 vesperas,
3305 857 3402 928 qui

1806 946 1863 999 in
1899 946 2201 1001 festivitate
2244 946 2522 1017 virginum
2568 947 2680 1003 dici
2716 948 2916 1015 scient.
2962 947 3092 1013 Ilaec
3130 946 3401 1013 festivitas

1805 1041 2027 1090 octavas
2056 1036 2241 1091 habet.

2004 1124 2204 1183 διεστιο
2236 1125 2328 1179 IX.
2358 1155 2428 1165 —
2458 1126 2788 1181 Feslivilales
2820 1128 2991 1191 lerlise
3018 1127 3225 1183 classis.

1874 1212 2018 1267 Sunt
2044 1214 2166 1269 aliae
2196 1214 2379 1267 tertia:
2422 1214 2715 1284 dignitatis
2755 1212 3106 1279 festivitates,
3138 1229 3260 1284 quae
3289 1228 3404 1267 non

1803 1307 2096 1372 tantopere
2115 1302 2484 1361 celebrantur.
2512 1304 2642 1358 Haec
2668 1308 2858 1361 autem
2886 1308 3049 1356 sunt:
3075 1294 3402 1365 festivitates

1802 1391 1985 1449 sancti
2009 1392 2308 1446 Vincentii.
2338 1393 2637 1447 Conversio
2663 1392 2841 1457 sancti
2869 1391 3049 1447 Pauli.
3075 1389 3319 1460 Philippi
3347 1394 3406 1456 et

1802 1479 2012 1543 Jacobi.
2069 1482 2321 1537 Inventio
2365 1489 2569 1539 sanctae
2613 1482 2794 1537 crucis
2829 1500 2841 1542 ;
2893 1480 3087 1539 Jacobi
3144 1478 3403 1555 apostoli,

1807 1569 1986 1629 sancti
2026 1570 2175 1627 Petri
2215 1571 2271 1624 in
2313 1571 2578 1633 Kalendis
2606 1571 2883 1640 Augusti;
2924 1568 3214 1645 Laurentii
3250 1584 3404 1635 marc-

1742 1657 1981 1745 Btyris;
2024 1658 2229 1713 Octava
2280 1659 2400 1713 dies
2449 1657 2866 1728 Assumptionis
2915 1662 3120 1745 sanctae
3173 1655 3400 1745 Mariae;

1805 1745 2198 1815 Bartholomaei
2219 1746 2785 1816 apostoli,Augustini
2801 1744 3072 1810 doctoris;
3097 1744 3401 1821 Decollatio

1803 1835 2034 1903 Joannis
2063 1836 2344 1905 Baptistae.
2379 1836 2654 1899 Exaltatio
2684 1841 2888 1889 sanctae
2917 1833 3135 1900 crucis;
3177 1832 3402 1899 Mathmi

1805 1923 2061 1993 apostoli,
2093 1923 2339 1979 Simonis
2386 1929 2443 1976 et
2487 1924 2663 1986 Iudae,
2696 1923 2846 1991 beati
2892 1921 3140 1987 Martini,
3173 1922 3400 1985 Thomas

1808 2010 2087 2082 apostoli;
2121 2017 2178 2066 et
2219 2012 2268 2066 si
2298 2028 2420 2083 quae
2466 2011 2590 2069 alite
2634 2010 2963 2077 festivitates
3002 2010 3084 2073 ita
3128 2008 3399 2075 celebrari

1808 2100 2195 2169 instituantur.

1878 2188 2066 2247 Pridie
2090 2193 2221 2245 ante
2250 2188 2350 2256 has
2378 2187 2708 2251 festivitates
2738 2192 3006 2258 parentur
3037 2187 3149 2241 duo
3177 2183 3406 2257 presby-

1807 2277 1935 2333 terii
1974 2278 2191 2341 altaria,
2234 2276 2667 2348 presbyterium,
2714 2283 2771 2331 et
2813 2277 3018 2337 chorus
3083 2275 3168 2339 Ad
3196 2264 3403 2333 nonam

1808 2373 1865 2420 et
1893 2367 1962 2420 ad
1989 2382 2247 2436 vesperas
2276 2367 2574 2436 pulsentur
2594 2365 2756 2435 signa
2784 2365 2929 2425 sicut
2949 2364 3182 2435 privatis
3198 2361 3406 2429 duode-

1807 2455 1913 2509 cim
1946 2454 2295 2518 lectionibus,
2319 2455 2427 2507 nisi
2458 2455 2603 2524 quod
2635 2455 2850 2523 majora
2879 2454 3041 2523 signa
3070 2451 3283 2525 pulsari
3313 2452 3406 2505 de-

1808 2542 1959 2601 bent.
1994 2544 2129 2597 Tria
2158 2542 2494 2609 candelabra
2523 2549 2654 2597 ante
2683 2542 2879 2606 altare,
2914 2549 2972 2603 et
3008 2550 3211 2607 eastern
3235 2540 3404 2601 lumi-

1808 2634 1968 2687 naria
2008 2649 2132 2703 quae
2174 2632 2321 2687 circa
2366 2637 2499 2686 sunt
2527 2631 2942 2697 accendantur;
2979 2630 3239 2701 Vespera:
3274 2645 3404 2695 cum

1806 2738 1917 2775 una
1947 2722 2256 2791 antiphona
2275 2721 2344 2774 de
2363 2720 2484 2791 ipsa
2507 2720 2808 2773 festivitate
2826 2725 3119 2785 canentur,
3143 2718 3250 2777 nisi
3268 2734 3405 2788 prm-

1810 2809 1975 2879 cedat
2018 2810 2292 2869 festivitas
2332 2814 2521 2877 τιτιι
2558 2808 2627 2867 de
2682 2824 2794 2878 qua
2829 2807 3105 2862 dicantur.
3146 2807 3406 2875 Vespera:

1810 2915 1987 2980 usque
2006 2899 2076 2963 ad
2105 2898 2444 2968 capitulum;
2474 2896 2888 2967 responsorium
2910 2896 2958 2949 si
2985 2894 3215 2965 propria
3234 2893 3407 2967 histo-

1764 3040 1784 3063 η
1808 2989 1895 3047 ria
1917 2993 2019 3049 est,
2040 2988 2152 3051 duo
2175 2987 2379 3051 fratres
2406 2990 2613 3039 canant
2635 2984 2692 3037 in
2717 2982 2914 3051 froccis
2934 2983 3083 3049 suis;
3114 2981 3162 3041 si
3190 2997 3303 3047 non
3321 2985 3409 3037 est

1809 3075 2037 3146 propria
2074 3074 2325 3139 historia,
2358 3072 2502 3139 sicut
2526 3072 2584 3129 in
2612 3070 3005 3139 festivitatibus
3034 3068 3407 3139 quorumdam

1809 3165 2207 3235 apostolorum,
2232 3168 2332 3216 aut
2350 3162 2397 3217 si
2415 3163 2533 3231 jam
2559 3166 2786 3219 cantata
2804 3169 2907 3223 est,
2934 3157 3407 3229 quemadmodum

1809 3259 2005 3308 octava
2032 3252 2120 3307 die
2162 3250 2577 3322 Assumptionis
2622 3254 2827 3319 sanctae
2857 3247 3063 3319 Mariae,
3107 3246 3220 3309 duo
3247 3244 3407 3316 pueri

1808 3346 2014 3407 canant
2038 3339 2201 3399 breve
2226 3337 2663 3408 responsorium.
2685 3336 2955 3393 Sacerdos
2981 3334 3212 3403 indutus
3231 3350 3410 3409 989??

1808 3429 2063 3501 incenset
2094 3428 2313 3491 altaria,
2349 3442 2649 3481 conversus
2677 3426 2752 3483 sit
2794 3425 2851 3493 in
2882 3422 3034 3493 alba.
3072 3424 3137 3489 In
3164 3423 3408 3490 crastino

1809 3518 1879 3573 ad
1910 3516 2299 3587 invitatoriam
2329 3516 2440 3571 duo
2471 3516 2527 3577 in
2558 3514 2765 3585 cappis.
2801 3513 2935 3582 Tria
2967 3511 3322 3582 requnsuria
3349 3511 3411 3577 in

1810 3606 1991 3675 tribus
2018 3606 2305 3673 nocturnis
2334 3604 2539 3674 singuli
2567 3603 2792 3673 singula
2822 3620 2834 3665 ;
2880 3606 3143 3672 quartum
3175 3615 3409 3671 respon-

1811 3696 2024 3764 sorium
2063 3695 2193 3763 duo,
2241 3691 2497 3757 oetavum
2535 3697 2672 3758 tres,
2720 3690 3116 3759 duodecimum
3146 3694 3406 3763 quatuor,

1811 3786 1959 3857 quod
1979 3791 2104 3855 post
2119 3786 2309 3851 quria
2353 3790 2661 3854 repetatur.
2698 3782 3071 3849 Pronuntiato
3090 3780 3407 3850 Evangelia,

1810 3871 2255 3941 discoOperiatur
2310 3870 2507 3932 altare,
2550 3875 2607 3931 et
2652 3867 3036 3937 accendantur
3086 3864 3408 3931 luminaria,

1811 3962 1957 4016 sicut
1977 3960 2156 4030 pridie
2183 3958 2259 4027 ad
2280 3973 2560 4028 vesperas.
2585 3956 2669 4025 Ad
2697 3956 2765 4021 Te
2783 3957 2955 4015 Deum
2986 3956 3284 4019 laudamus
3300 3954 3411 4025 duo

1813 4048 2118 4113 mediocria
2140 4048 2300 4117 signa
2319 4046 2630 4117 pulsentur.
2656 4045 2792 4111 Post
2814 4044 3023 4111 lectum
3047 4042 3412 4112 Evangelium

1812 4137 2068 4197 sacerdos
2102 4136 2159 4193 in
2199 4135 2431 4203 chorum
2464 4133 2657 4199 redeat
2682 4131 2740 4187 in
2771 4130 2917 4199 alba.
2951 4130 3033 4199 Ad
3076 4129 3272 4196 laudes
3300 4130 3411 4193 duo

1814 4225 1973 4296 pueri
2005 4225 2168 4291 breve
2189 4222 2626 4293 responsorium,
2656 4220 2768 4287 sive
2796 4219 2872 4272 sit
2898 4218 3126 4289 propria
3152 4216 3408 4285 historia,

166 4310 347 4373 functis.
383 4316 490 4383 Qui
518 4332 656 4373 vero
684 4314 1004 4382 sacerdotes
1028 4330 1140 4381 non
1180 4320 1331 4381 sunt,
1362 4310 1799 4387 injunganturl)
1817 4314 1930 4373 sive
1958 4330 2089 4375 non.
2124 4314 2193 4373 Et
2216 4313 2286 4379 ad
2316 4326 2575 4381 vesperns
2607 4308 2883 4377 similiter.
2912 4307 2998 4376 Ad
3023 4306 3263 4377 primum
3292 4306 3415 4375 pul-

165 4400 227 4457 eis
248 4401 297 4456 in
320 4405 567 4474 capitulo
596 4403 799 4473 psalmi
830 4419 930 4473 pro
961 4403 1166 4465 missis.
1191 4404 1411 4472 Agatur
1429 4403 1602 4470 missa
1622 4420 1737 4467 ma-

165 4489 378 4547 tutinalis
406 4491 628 4557 festive,
658 4492 954 4562 pulsentur
989 4490 1181 4545 omnia
1225 4491 1405 4561 signa,
1454 4508 1633 4562 cappa
1662 4492 1737 4549 sit

164 4576 207 4637 in
228 4579 411 4648 choro;
454 4581 632 4636 levita
663 4587 720 4633 et
757 4579 1131 4641 subdiaconus
1161 4580 1362 4647 casulis
1388 4579 1729 4647 induantur;

162 4665 250 4719 duo
289 4669 532 4725 infantes
574 4669 993 4739 responsorium
1032 4669 1091 4733 in
1138 4668 1298 4733 albis,
1340 4668 1452 4722 duo
1491 4670 1735 4739 majores

162 4754 334 4810 fratres
359 4765 612 4826 tractum
641 4757 901 4827 similiter
926 4757 985 4811 in
1028 4756 1190 4823 albis,
1232 4763 1349 4813 tres
1386 4758 1637 4811 conversi
1664 4759 1736 4823 ad

159 4843 481 4909 thuribulum
523 4852 584 4913 et
633 4836 971 4911 candelabra
1019 4866 1034 4900 :
1081 4851 1296 4917 septem
1335 4846 1533 4913 diebus
1572 4847 1737 4916 plena

162 4933 333 5002 cilicia,
365 4952 551 5006 usque
578 4936 650 4991 ad
675 4936 950 5005 tringinta
984 4936 1105 4992 dies
1146 4936 1265 4990 Voce
1304 4951 1442 5001 mea,
1476 4939 1533 4987 et
1576 4937 1737 4991 Verba

162 5038 276 5079 meo.

216 5110 269 5173 In
306 5113 615 5169 festivitate
643 5112 904 5181 Ecclesiae
934 5112 1301 5179 dedicationis
1328 5114 1474 5181 cerei
1520 5114 1738 5173 accensi

159 5200 214 5253 ad
240 5204 447 5271 priores
474 5220 740 5274 vesperae
766 5220 867 5274 per
889 5203 1077 5270 omnia
1105 5203 1322 5266 altaria,
1350 5220 1472 5273 quae
1502 5203 1624 5279 ipsa
1647 5204 1738 5265 die

161 5298 352 5344 sacrata
391 5292 647 5356 fuerunt,
702 5308 812 5344 non
857 5292 1292 5361 exstinguuntur
1327 5308 1504 5362 usque
1532 5291 1590 5346 in
1624 5308 1741 5355 cra-

161 5378 341 5435 stinum
372 5387 507 5450 post
537 5380 985 5451 completorium.
1019 5379 1249 5445 Cantica
1279 5382 1480 5443 bstare
1514 5382 1741 5435 Jerusa-

164 5468 247 5519 lem
266 5486 283 5530 ;
340 5469 474 5525 Urbs
506 5470 891 5536 fortitudinis;
942 5469 1064 5535 Non
1093 5471 1365 5527 rocaberis
1393 5472 1575 5527 ullra.
1614 5470 1741 5538 Ipsa

162 5552 236 5607 die
275 5555 597 5626 celebretur
630 5557 803 5625 missa
840 5573 940 5628 per
976 5557 1416 5629 unumquodque
1454 5557 1653 5629 altare,
1692 5557 1741 5623 si

1818 4408 1974 4469 setur
1999 4416 2176 4461 unum
2208 4399 2277 4467 de
2305 4395 2610 4467 majoribus
2639 4396 2844 4465 signis;
2885 4393 3261 4463 accendantur
3301 4393 3412 4459 duo

1818 4489 1965 4542 cerei
2003 4494 2133 4542 ante
2182 4487 2403 4551 altaria,
2445 4492 2502 4539 et
2521 4501 2622 4556 per
2668 4500 2864 4553 omnes
2919 4483 3088 4551 horas
3125 4498 3305 4553 usque
3342 4482 3414 4537 ad

1816 4593 2094 4647 vesperae.
2135 4576 2219 4630 Ad
2252 4575 2480 4643 missam
2508 4573 2565 4627 in
2604 4573 2774 4645 choro
2813 4588 3009 4643 omnes
3045 4571 3160 4641 sint
3184 4571 3245 4624 in
3272 4569 3415 4639 albis

1818 4671 2024 4737 praeter
2042 4670 2348 4733 cantarem,
2374 4668 2432 4731 et
2457 4678 2552 4717 eos
2573 4662 2668 4734 qui
2694 4675 2888 4731 secum
2911 4666 3095 4728 erunt,
3116 4658 3213 4731 qui
3242 4658 3416 4729 etiam

1818 4754 2009 4825 cappis
2055 4753 2238 4821 induti
2278 4753 2508 4821 chorum
2558 4766 2753 4821 regere
2798 4747 3021 4821 debent.
3072 4748 3157 4819 Ad
3206 4764 3416 4819 nonam

1820 4845 2073 4915 pulsetur
2099 4842 2318 4914 signum
2342 4842 2489 4911 sicut
2505 4840 2575 4894 ad
2596 4839 2859 4911 primam.
2878 4836 3229 4910 Antiphontis
3249 4853 3419 4908 super

1819 4934 2065 5004 psalmos
2096 4931 2166 4999 ad
2191 4946 2450 5000 vesperas
2479 4929 2773 5001 imponant
2796 4929 3033 5000 juvenes
3062 4926 3264 5000 quibus
3293 4942 3420 4983 can-

1820 5029 1910 5077 tor
1961 5021 2237 5092 praecepit.
2290 5021 2505 5087 Caetera
2550 5024 2795 5090 agantur
2843 5017 2989 5091 sicut
3042 5016 3114 5087 ad
3158 5031 3418 5086 vesperas-

1819 5110 2183 5182 praecedentis
2230 5108 2360 5179 diei.
2397 5108 2480 5179 Ad
2528 5108 2743 5179 priores
2776 5121 3036 5177 vesperas
3076 5102 3419 5173 Inventionis

1821 5206 2026 5269 sancta:
2057 5198 2236 5267 crucis
2264 5198 2508 5269 hymnus
2550 5198 2751 5264 Vexilla
2782 5198 2945 5263 regis.
2972 5195 3036 5249 In
3062 5191 3306 5262 crastino
3335 5191 3419 5263 in-

1822 5288 2165 5349 vitatorium,
2190 5292 2248 5345 et
2268 5286 2381 5353 duo
2402 5290 2677 5357 nocturna
2694 5284 2764 5353 de
2788 5280 3129 5355 martyribus
3143 5278 3420 5341 .Tertium

1824 5378 1894 5445 de
1918 5382 2113 5444 sancta
2139 5392 2321 5443 cruce,
2354 5374 2570 5446 cantica
2601 5374 2846 5434 Domine,
2869 5371 3084 5436 audivi,
3109 5367 3258 5441 quod
3289 5367 3424 5439 divi-

1825 5467 1992 5534 datur
2019 5465 2213 5535 intres
2234 5464 2448 5523 Glorias
2474 5484 2488 5517 :
2513 5462 2703 5533 Prima
2727 5460 2915 5515 Gloria
2937 5463 3024 5513 est
3050 5462 3181 5525 ante
3203 5473 3424 5528 versum

1822 5558 1931 5621 Pro
1964 5556 2268 5625 iniquitate
2294 5573 2310 5623 ς
2340 5551 2585 5623 secunda
2622 5553 2752 5621 ante
2788 5563 3019 5622 Versum
3057 5548 3316 5623 tiaram:
3349 5565 3421 5621 9;-
