3852 6178
455 287 559 344 479

1448 284 1512 337 B.
1548 269 1968 340 DLANFRANCI
2007 285 2366 341 CANTUAR.
2407 286 2743 342 ARCHIEP.

3579 296 3670 354 480

457 412 714 485 Hymnus
738 417 808 471 ad
827 415 1021 471 laudes
1044 413 1256 469 Lustris
1280 424 1388 463 sem.
1412 407 1585 462 Missa
1612 409 1961 463 matutinalis
1986 409 2118 470 deA
2134 414 2341 480 quente
2358 410 2609 477 diacono,
2636 416 2691 464 et
2720 411 2899 483 posito
2932 413 3144 467 missali
3172 418 3332 485 Super
3350 416 3509 472 altare
3531 420 3673 476 faciat

458 503 820 574 martyribus,
842 506 1025 575 major
1043 502 1112 556 de
1132 505 1325 555 sancta
1348 512 1530 563 cruce,
1554 497 1754 567 psalmi
1774 498 1844 552 ad
1864 515 2056 569 vespe-

454 606 548 645 ras
589 594 743 647 Dixit
769 595 1058 658 Dominus,
1099 589 1419 657 Conﬁtebor,
1452 588 1646 641 Beatus
1675 591 1785 653 vir,
1815 589 2054 642 Laudate

452 684 637 750 pueri,
669 681 911 753 hymnus
949 683 1154 736 Vexilta
1183 681 1346 746 regis.

521 768 587 822 In
616 769 963 825 Exaltatione
993 772 1198 824 sanctae
1228 765 1410 821 crucis
1441 765 1626 819 simile
1652 764 1941 819 servitium
1967 771 2055 820 est

455 856 680 911 servitio
704 858 1046 914 Inventionis
1067 856 1337 926 ejusdem,
1359 854 1466 908 nisi
1487 854 1634 924 quod
1654 854 1713 908 in
1737 854 1841 908 hac
1861 860 2054 908 sancta

452 960 587 999 crux
617 947 903 1012 adoratur,
938 948 996 1001 in
1023 947 1120 1000 illa
1150 944 1381 999 minine.
1411 944 1476 998 In
1503 943 1607 997 hac
1636 942 1827 1013 itaque
1853 944 2054 997 solem-

453 1033 650 1100 nitate,
684 1036 835 1090 dicta
880 1036 1088 1101 Tertia,
1130 1038 1417 1087 sternatur
1439 1031 1850 1103 presbyterium
1893 1036 2053 1103 tape-

452 1121 623 1189 tibus,
657 1140 835 1195 usque
877 1125 948 1178 ad
979 1124 1163 1193 majus
1191 1122 1400 1186 altare;
1445 1137 1554 1191 quo
1580 1121 1724 1174 facto
1757 1127 1957 1175 exeant
1983 1121 2052 1174 de

451 1217 615 1281 parte
633 1213 981 1267 matutinalis
1000 1212 1195 1266 altaris
1221 1211 1332 1264 duo
1356 1210 1558 1263 fratres
1582 1209 1639 1263 in
1670 1209 1828 1274 albis,
1849 1209 2053 1280 quibus

453 1305 652 1354 cantor
687 1301 1031 1372 praeceperit,
1089 1304 1378 1371 portantes
1432 1314 1655 1359 crucem
1707 1303 2048 1368 coopertum,

452 1385 630 1442 donec
677 1389 903 1442 veniant
943 1404 1111 1459 super
1154 1387 1393 1457 gradum
1441 1386 1537 1457 qui
1584 1391 1713 1439 ante
1761 1387 1938 1440 altare
1968 1392 2053 1441 est

452 1475 681 1546 propior
717 1477 824 1548 ipsi
861 1477 1060 1544 altari;
1104 1483 1239 1530 tunc
1260 1492 1291 1528 a
1321 1474 1674 1546 portantibus
1703 1475 2052 1547 discooperta

448 1578 634 1630 cruce,
658 1570 717 1618 et
742 1564 811 1618 ab
836 1565 1045 1618 eisdem
1076 1565 1319 1634 incoepta
1334 1564 1657 1634 Antiphone
1682 1565 1807 1618 Ecce
1829 1568 2050 1632 lignum

450 1655 653 1717 crucis,
691 1669 885 1707 omnes
927 1654 1157 1707 ﬂectant
1202 1669 1406 1723 genua,
1443 1669 1506 1705 ac
1534 1653 1736 1706 deinde
1765 1670 1935 1725 super
1960 1660 2049 1708 ta-

446 1741 599 1810 petia
626 1742 893 1812 prostrati
920 1749 1044 1797 toto
1084 1759 1317 1813 corpore
1347 1743 1583 1796 adorent
1612 1760 1757 1808 eam,
1800 1750 1857 1797 et
1887 1760 2049 1798 oscu-

446 1826 639 1884 lentur
664 1831 836 1901 pedes
865 1832 1130 1896 cruciﬁxi,
1179 1832 1325 1885 sicut
1363 1841 1496 1886 sunt
1543 1832 1777 1902 priores.
1811 1834 2051 1888 Cantata

451 1916 762 1988 antiphona
789 1920 1129 1989 supradicta,
1176 1919 1409 1990 incipiat
1444 1925 1640 1972 cantor
1684 1920 2047 1991 antiphonam

455 2004 684 2059 Crucem
716 2012 872 2060 tuam
892 2010 1212 2071 adoramus,
1243 2024 1411 2078 quam
1440 2012 1697 2078 repetant
1727 2025 1828 2077 per
1854 2010 2048 2079 singu-

450 2090 537 2146 los
558 2109 751 2148 versus
772 2096 969 2165 psalmi
995 2099 1132 2150 Deus
1152 2101 1483 2150 misereatur
1502 2101 1680 2151 nostri
1687 2097 1918 2151 .Deinde
1937 2097 2049 2150 alia

455 2196 578 2250 qua
636 2184 991 2249 conveniunt,
1046 2184 1094 2238 si
1146 2201 1285 2254 opus
1338 2185 1527 2239 fuerit.
1561 2185 1809 2239 Adorata
1863 2202 2044 2250 cruce,

451 2269 705 2339 praedicti
732 2271 842 2325 duo
872 2271 1073 2326 fratres
1096 2273 1190 2343 qui
1218 2290 1341 2326 eam
1365 2277 1563 2327 tenent
1582 2273 1854 2343 incipiant
1882 2274 2050 2328 simul

451 2357 567 2411 alta
594 2374 725 2413 voce
752 2361 1117 2431 antiphonam
1148 2362 1323 2430 Super
1350 2365 1570 2423 omnia;
1604 2368 1662 2415 et
1697 2363 2047 2417 ﬂectentibus

452 2446 713 2501 omnibus
750 2464 954 2518 genua,
985 2451 1205 2521 ﬁxaque
1235 2468 1396 2505 cruce
1424 2451 1482 2505 in
1508 2451 1629 2504 loco
1656 2468 1778 2518 suo,
1811 2453 2048 2523 pulsatis

449 2533 625 2604 signis
653 2536 966 2593 celebretur
1012 2540 1203 2594 missa.
1236 2541 1319 2594 Ad
1363 2540 1653 2594 introitum
1712 2543 1775 2595 In
1821 2546 2048 2595 nomine

452 2623 678 2680 Domini
699 2642 858 2681 omne
870 2644 1013 2695 genu
1033 2632 1310 2699 ﬂectatur;
1343 2629 1705 2699 Evangelium
1726 2630 2050 2699 Nuncjudi-

449 2714 601 2767 cium
630 2720 705 2768 est
727 2718 945 2770 mundi.

561 2802 757 2857 SECTIO
785 2804 855 2858 X.
882 2836 944 2844 —
970 2805 1221 2874 Quinque
1253 2807 1563 2860 Dominica:-
1575 2810 1935 2878 principales.

521 2890 780 2961 Quinque
811 2892 929 2946 dies
955 2893 1229 2947 Dominici
1255 2900 1404 2952 sunt.
1433 2894 1529 2965 qui
1551 2895 1872 2949 communia
1901 2912 2047 2966 quae-

448 2977 581 3031 dam
624 2979 775 3034 inter
815 2997 875 3035 se
928 2981 1139 3036 habent
1192 2988 1451 3053 separata
1501 3000 1534 3037 a
1575 2984 1789 3038 caeteris
1846 2984 2044 3039 diebus

445 3064 753 3123 Dominicis
788 3087 800 3122 :
852 3070 1143 3125 Dominica
1180 3071 1433 3126 videlicet
1464 3073 1647 3142 prima
1683 3073 1752 3126 de
1789 3073 2046 3128 Adventu

446 3153 690 3223 Domini,
736 3158 1028 3212 Dominica
1069 3160 1251 3229 prima
1279 3162 1722 3231 septuagesimae,
1756 3162 2045 3216 Dominica

446 3243 632 3312 prima
661 3246 1124 3317 quadragesimae,
1171 3248 1463 3303 Dominica
1490 3250 1547 3302 in
1587 3250 1771 3303 medio
1800 3250 2043 3320 quadra-

445 3331 690 3400 gesimae.
732 3334 1022 3389 Dominica
1060 3336 1120 3389 in
1158 3337 1385 3390 Palmis.
1418 3338 1483 3391 In
1520 3337 1609 3391 his
1639 3338 1750 3392 duo
1780 3338 2042 3392 invitato-

445 3419 595 3472 rium
640 3427 843 3475 canant
890 3423 951 3476 in
1007 3423 1183 3490 albis;
1240 3425 1499 3479 sacerdos
1550 3426 1692 3479 lecto
1743 3427 2040 3495 Evangelio

445 3514 645 3561 exutus
699 3509 757 3562 in
804 3511 1063 3565 vestiario
1101 3513 1294 3566 casula
1331 3519 1388 3566 et
1431 3514 1592 3577 stola,
1638 3520 1951 3568 revertatur
1979 3515 2039 3570 in

445 3595 676 3649 chorum
718 3596 776 3650 in
819 3597 978 3663 albis,
1011 3616 1140 3653 cum
1182 3601 1488 3671 manipulo,
1521 3602 1770 3656 exiturus
1799 3603 2039 3673 incoepto

443 3683 673 3754 hymno,
697 3690 754 3739 et
773 3686 1016 3758 incoepta
1033 3688 1338 3759 antiphona
1358 3690 1427 3743 ad
1450 3692 1764 3744 Benedictus
1781 3691 2041 3744 similiter

442 3772 501 3826 in
527 3772 654 3827 alba
676 3774 1006 3839 intraturus,
1035 3782 1091 3832 et
1118 3777 1407 3832 incensum
1434 3796 1533 3848 per
1560 3779 1763 3833 altaria
1789 3784 2039 3850 portatu-

442 3876 559 3929 rus,
591 3863 792 3917 chorus
833 3863 901 3917 ab
939 3865 1205 3918 hesterna
1239 3866 1328 3919 die
1355 3865 1521 3920 debet
1549 3884 1670 3921 esse
1700 3873 1950 3938 paratus,
1983 3874 2037 3921 et

440 3964 543 4018 per
563 3949 794 4003 chorum
818 3952 1024 4021 juncus
1061 3970 1307 4023 sparsus.
1342 3955 1427 4008 Ad
1470 3963 1736 4025 utrasque
1779 3971 2038 4025 vesperas

442 4042 499 4091 et
525 4038 596 4092 ad
625 4038 819 4093 laudes
860 4041 971 4094 duo
1017 4041 1219 4095 fratres
1268 4044 1326 4096 in
1374 4044 1570 4097 froccis
1616 4044 2038 4114 responsorium

438 4132 661 4180 canant.
714 4127 937 4183 Tabulae
986 4130 1264 4184 refectorii
1309 4131 1423 4184 sint
1476 4136 1768 4202 coopertaz,
1804 4132 2035 4185 honesta

440 4216 794 4286 manutergia
846 4217 961 4272 sint
1003 4223 1231 4272 extensa
1287 4235 1459 4290 super
1502 4220 1758 4285 tersoria,
1808 4219 1951 4274 sicut
1977 4220 2035 4273 in

439 4303 698 4358 omnibus
753 4306 1147 4361 festivitatibus
1193 4308 1251 4361 in
1307 4308 1509 4378 quibus
1556 4308 1936 4362 invitatoriam
1978 4308 2035 4362 in

438 4392 629 4463 cappis
676 4395 914 4449 canitur.
960 4395 1097 4459 Quae
1139 4397 1514 4451 extendantur
1571 4404 1628 4450 et
1678 4397 2032 4467 colligantur,

440 4479 584 4533 sicut
608 4483 866 4551 superius
895 4484 1105 4538 dictum
1130 4491 1233 4538 est.

510 4568 710 4624 Sacrxo
734 4571 829 4626 ΧΙ.
862 4599 929 4610 -
968 4575 1299 4627 Festim'tatcs
1335 4574 1619 4627 duodecim
1646 4576 1962 4629 lectionum.

512 4656 577 4710 In
609 4658 869 4713 omnibus
927 4660 1319 4715 festivitatibus
1363 4661 1658 4715 duodecim
1710 4663 2032 4729 lectionum,

440 4761 785 4818 quaecunque
829 4748 961 4815 sint,
1007 4757 1064 4804 et
1108 4750 1165 4803 in
1214 4749 1471 4804 omnibus
1512 4750 1707 4805 diebus
1746 4752 1841 4822 qui
1882 4753 2031 4806 infra

439 4840 660 4890 octavas
689 4842 839 4901 sunt,
872 4838 930 4892 in
961 4839 1162 4910 quibus
1191 4839 1248 4893 in
1291 4840 1534 4894 claustro
1562 4857 1675 4894 non
1721 4841 2031 4911 loquuntur

435 4925 718 4994 monachi,
736 4927 989 4997 quamvis
1009 4927 1113 4999 ipsi
1142 4927 1260 4981 dies
1279 4928 1453 4981 trium
1484 4928 1784 4983 lectionum
1813 4929 1943 4994 sint,
1973 4934 2030 4983 et

436 5013 497 5068 in
527 5016 787 5071 omnibus
814 5017 1033 5088 vigiliis,
1062 5018 1121 5072 in
1152 5018 1354 5089 quibus
1384 5018 1565 5071 missae
1594 5018 1830 5088 pulsatis
1857 5019 2033 5072 omni-

435 5104 541 5159 bus
565 5104 738 5176 signis
774 5107 968 5161 festive
996 5114 1260 5177 aguntur,
1292 5114 1349 5161 et
1382 5107 1442 5160 in
1476 5106 1735 5160 omnibus
1777 5106 2031 5161 Sabbatis

429 5194 778 5264 jejuniorum
803 5195 1056 5259 Quatuor
1072 5195 1433 5267 Temporum,
1452 5211 1576 5249 cum
1598 5201 1795 5249 cantor
1808 5195 2031 5251 inchoa-

432 5283 576 5337 verit
599 5284 787 5340 Gloria
814 5287 974 5338 Patri
996 5285 1068 5339 ad
1091 5286 1356 5350 ofﬁcium,
1393 5284 1653 5338 sacerdos
1679 5284 2029 5354 ingrediatur

435 5371 507 5424 ad
535 5372 712 5425 altare
750 5373 934 5427 ferens
958 5374 1181 5427 missale
1209 5373 1468 5427 manibus
1496 5372 1632 5437 suis,
1669 5373 2030 5443 praecedenti-

434 5456 539 5512 bus
567 5460 746 5514 tribus
775 5462 1055 5515 conversis
1083 5477 1209 5514 cum
1240 5460 1588 5514 candelabris
1624 5465 1681 5514 et
1716 5461 2025 5525 thuribulo,

434 5547 774 5605 subdiacono
802 5556 930 5621 post
973 5566 1067 5604 eos
1112 5566 1241 5605 cum
1279 5555 1458 5618 textu,
1497 5549 1900 5606 subdiaconum
1938 5567 2028 5606 se-

2053 4351 2101 4409 D

2137 503 2327 565 ξτες
2372 499 2683 554 orationem
2723 500 3052 571 suppliciter
3088 502 3408 570 inclinatus;
3441 506 3676 564 diaconus

2136 603 2357 658 quoque
2398 594 2551 643 retro
2596 594 2723 660 post
2764 606 2892 643 eum
2936 590 3193 645 similiter
3232 591 3417 659 faciat;
3455 594 3679 667 factaque

2135 676 2388 731 oratione
2437 677 2624 747 signet
2658 695 2717 732 se
2765 679 3044 744 sacerdos,
3090 685 3147 733 et
3187 681 3452 735 osculetur
3493 689 3679 740 textum

2136 764 2439 834 Evangelii,
2473 781 2639 835 quem
2668 765 3041 820 subdiaconus
3079 783 3246 837 super
3274 768 3439 821 altare
3458 768 3681 839 "positum

2136 851 2341 906 habere
2374 852 2570 921 debet;
2603 853 2871 909 diaconus
2891 871 3113 926 quoque
3141 855 3391 910 similiter
3413 856 3613 927 signans
3630 876 3679 914 se

2135 941 2305 995 faciat
2333 948 2465 996 ante
2494 948 2551 996 et
2578 948 2746 1006 retro,
2782 949 2839 997 et
2868 943 3094 997 veniens
3133 944 3206 998 ad
3233 944 3501 998 sinistram
3525 962 3682 1000 sacer-

2134 1029 2279 1083 dotis
2308 1031 2592 1084 osculetur
2629 1048 2802 1085 cornu
2849 1032 3068 1099 altaris;
3102 1033 3301 1086 dehinc
3328 1033 3519 1087 faciant
3542 1034 3683 1089 simul

2133 1118 2556 1171 confessionem.
2587 1119 2709 1182 Qua
2730 1120 2891 1187 facta,
2916 1120 3179 1191 imposito
3199 1137 3233 1174 a
3258 1121 3527 1175 sacerdote
3543 1122 3685 1176 thure

2136 1205 2195 1258 in
2210 1206 2515 1273 thuribulo,
2534 1207 2749 1262 tribuat
2765 1197 3031 1263 diaconus
3052 1209 3323 1263 sacerdoti
3337 1209 3650 1264 thuribulum
3669 1233 3680 1279 ;

2135 1296 2395 1349 sacerdos
2420 1295 2671 1350 incenset
2689 1298 2867 1351 altare
2896 1304 3027 1352 ante
3054 1304 3111 1352 et
3138 1299 3393 1369 desuper,
3415 1298 3685 1369 reddatque

2134 1383 2397 1451 diacono;
2444 1385 2712 1440 diaconus
2752 1387 3004 1442 incenset
3028 1393 3267 1459 utraque
3303 1388 3486 1442 altaris
3513 1389 3682 1455 latera,

2135 1478 2192 1527 et
2234 1474 2410 1526 altare
2454 1475 2807 1542 matutinale,
2853 1482 2911 1529 et
2945 1476 3025 1530 sic
3062 1476 3263 1532 reddat
3288 1493 3553 1542 converso,
3585 1478 3683 1548 qui,

2134 1562 2387 1616 deferens
2434 1562 2492 1616 in
2535 1564 2788 1630 chorum,
2841 1566 3039 1618 offerat
3083 1567 3324 1636 primum
3378 1565 3595 1634 cantori,
3640 1572 3688 1619 et

2132 1649 2268 1720 ipsis
2288 1651 2384 1721 qui
2405 1667 2530 1705 cum
2554 1669 2619 1706 eo
2638 1659 2795 1721 sunt;
2824 1653 3027 1708 dehinc
3055 1654 3113 1708 in
3144 1654 3338 1708 dextro
3358 1655 3515 1707 choro
3538 1652 3687 1705 omni-

2066 1736 2234 1825 Bbus
2265 1757 2366 1809 per
2392 1740 2666 1806 ordinem,
2692 1746 2750 1795 et
2776 1741 2854 1795 sic
2883 1742 2943 1795 in
2972 1743 3220 1807 sinistro,
3246 1743 3442 1797 deinde
3460 1740 3684 1802 inﬁrmis,

2134 1827 2229 1897 qui
2282 1834 2437 1882 extra
2483 1829 2714 1882 chorum
2760 1837 2911 1884 sunt.
2963 1831 3085 1884 Duo
3138 1847 3270 1885 vero
3324 1830 3559 1884 conversi
3609 1829 3689 1898 qui

2131 1921 2329 1970 tenent
2373 1917 2707 1971 candelabra
2753 1927 2885 1972 ante
2923 1919 3120 1985 altare,
3160 1936 3273 1974 non
3327 1919 3595 1973 dimittant
3634 1933 3691 1969 ea
3776 1919 3785 1925 ’

2132 2020 2422 2076 usquequo
2460 2006 2756 2061 inchoetur
2791 2009 2960 2076 Kyrie
2996 2011 3236 2073 ctez’son;
3292 2024 3400 2078 quo
3440 2006 3686 2072 inchoato,

2131 2093 2399 2164 depositis
2429 2096 2777 2149 candelabris
2805 2101 3157 2151 revertantur
3184 2097 3245 2151 in
3272 2097 3523 2152 chorum.

2203 2169 2288 2236 Ad
2316 2183 2677 2254 Evangelium
2699 2185 2832 2239 dum
2855 2185 3077 2239 canitur
3102 2186 3403 2251 offerenda,
3425 2184 3506 2237 vel
3525 2199 3689 2236 versus

2131 2272 2444 2335 offerendac,
2478 2289 2777 2327 conversus
2797 2274 2995 2327 afferat
3019 2273 3367 2328 thuribulum
3389 2288 3509 2327 cum
3526 2287 3693 2325 acerra

2130 2360 2343 2414 cantori
2365 2360 2682 2431 quicunque
2701 2361 2795 2416 ille
2846 2362 2921 2415 sit
2941 2362 3036 2431 qui
3056 2363 3290 2416 chorum
3312 2368 3478 2428 tenet,
3500 2361 3543 2414 si
3565 2358 3693 2413 festi-

2130 2449 2269 2502 vitas
2313 2449 2385 2503 sit
2433 2450 2723 2504 duodecim
2766 2452 3087 2517 lectionum,
3120 2451 3206 2505 vel
3235 2451 3413 2506 festivi
3452 2450 3563 2504 dies
3596 2448 3693 2501 sint

2129 2536 2301 2590 trium
2332 2537 2634 2592 lectionum
2662 2538 2813 2593 intra
2841 2544 3062 2593 octavas
3087 2540 3347 2611 superius
3383 2537 3685 2607 descriptas.

2201 2626 2411 2680 Cantor
2437 2642 2568 2690 vero
2592 2644 2718 2681 cum
2748 2628 2951 2683 viderit
2988 2634 3211 2701 tempus
3245 2645 3387 2694 esse,
3433 2634 3596 2698 ponat
3619 2624 3693 2677 in-

2130 2730 2358 2768 censum
2388 2715 2445 2769 in
2465 2716 2773 2784 thuribulo,
2804 2722 2861 2771 et
2883 2718 3073 2772 mittat
3092 2718 3330 2772 diacono
3348 2716 3418 2771 ad
3442 2716 3625 2777 altare,
3648 2720 3697 2766 et

2128 2802 2395 2858 diaconus
2431 2804 2643 2876 tribuat
2671 2807 2965 2870 sacerdoti,
2989 2807 3095 2861 nisi
3121 2805 3296 2861 abbas
3318 2807 3404 2859 vel
3432 2805 3695 2875 episcopus

2125 2891 2183 2944 in
2214 2892 2383 2946 choro
2411 2895 2506 2956 sit,
2528 2894 2613 2947 vel
2638 2894 2867 2949 missam
2895 2895 3168 2962 celebret;
3204 2895 3353 2966 quod
3385 2894 3431 2948 si
3456 2890 3695 2955 evenerit,

2125 2980 2196 3034 ad
2225 2980 2407 3051 ipsum
2439 2981 2723 3037 deferatur
2747 2983 3099 3039 thuribulum
3128 3000 3258 3038 cum
3301 2996 3491 3038 acerra
3528 2980 3595 3034 ad
3626 2979 3698 3032 in-

2128 3068 2358 3123 troitum
2389 3074 2446 3123 et
2475 3076 2606 3124 ante
2636 3071 3018 3141 Evangelium,
3036 3088 3070 3125 a
3092 3072 3330 3127 diacono
3358 3077 3416 3125 et
3437 3083 3693 3131 converso,

2126 3164 2255 3228 post
2284 3158 2646 3223 offerendam,
2678 3176 2712 3212 a
2740 3168 2967 3214 cantore
2997 3167 3054 3215 et
3081 3177 3374 3215 converso.

2199 3246 2359 3300 Circa
2380 3247 2548 3301 ﬁnem
2570 3248 2754 3302 missae
2764 3265 2890 3303 cum
2907 3254 3237 3320 perventum
3254 3248 3426 3304 fuerit
3438 3248 3507 3302 ad
3518 3244 3700 3318 prioris

2125 3335 2367 3389 collectae
2396 3338 2500 3389 Per
2527 3338 2827 3391 Dominum
2856 3343 3128 3397 nostrum.
3152 3338 3443 3408 deponant
3468 3338 3572 3390 duo
3590 3349 3701 3388 con-

2123 3425 2268 3477 versi
2297 3424 2633 3479 candelabra
2660 3431 2793 3480 ante
2813 3426 3008 3491 altare,
3032 3431 3090 3479 ct
3116 3426 3196 3479 sic
3223 3443 3359 3479 cum
3385 3442 3449 3480 eo
3478 3424 3569 3495 qui
3592 3422 3703 3477 thu-

2121 3512 2365 3567 ribulum
2408 3518 2565 3567 tenet
2600 3519 2954 3568 revertantur
3000 3514 3060 3567 in
3098 3514 3450 3568 vestiarium.
3485 3510 3703 3582 Expleta

2122 3602 2296 3656 missa
2340 3608 2609 3673 sequatur
2658 3603 2918 3656 sacerdos
2966 3602 3375 3673 praecedentem
3426 3601 3701 3656 diaconum

2121 3688 2395 3742 ferentem
2424 3689 2666 3743 missale.

2194 3777 2253 3830 Si
2274 3776 2545 3831 festivitas
2565 3777 2740 3831 trium
2764 3777 3069 3831 lectionum
3094 3777 3318 3831 eveniat
3339 3778 3398 3831 in
3423 3775 3603 3845 aliqua
3623 3772 3702 3825 dic

2120 3864 2430 3932 Dominica,
2452 3867 2538 3918 vel
2568 3866 2625 3918 in
2651 3865 2763 3920 alia
2783 3865 3086 3920 festivitate
3111 3866 3353 3936 alicujus
3372 3864 3568 3928 sancti,
3595 3877 3705 3931 qua:

2119 3954 2403 4024 propriam
2434 3954 2723 4007 historiam
2754 3954 2976 4019 habeat,
3009 3955 3113 4019 vel,
3148 3955 3195 4007 si
3226 3941 3515 4025 propriam
3543 3950 3702 4003 histo-

2121 4041 2262 4095 riam
2292 4058 2405 4095 non
2436 4041 2622 4107 habet,
2656 4043 2717 4095 in
2769 4041 2909 4096 albis
2951 4047 3143 4096 tamen
3174 4042 3259 4095 vel
3298 4043 3358 4096 in
3407 4039 3593 4111 cappis
3629 4038 3702 4093 ﬁt.

2120 4132 2582 4185 commemoratio
2631 4132 2700 4185 de
2743 4130 3044 4185 festivitate
3074 4131 3247 4184 trium
3292 4131 3595 4185 lectionum
3621 4141 3705 4178 so-

2118 4220 2404 4274 lummodo
2435 4221 2534 4273 ﬁat
2571 4220 2642 4273 ad
2692 4221 2910 4291 priores
2934 4236 3194 4290 vesperas
3223 4225 3282 4273 et
3310 4220 3383 4274 ad
3417 4216 3708 4272 matutinas

2117 4308 2332 4373 laudes,
2355 4314 2412 4362 et
2441 4309 2611 4363 missa
2640 4309 2988 4363 matutinalis
3017 4309 3086 4361 de
3116 4324 3184 4362 ea
3216 4314 3476 4363 canatur.
3505 4306 3563 4360 Si
3591 4318 3706 4356 vero

2116 4397 2354 4451 historia
2376 4398 2494 4466 jam
2523 4398 2635 4451 alia
2660 4398 2751 4451 die
2781 4397 3071 4451 Dominica
3098 4402 3327 4451 cantata
3356 4402 3465 4460 est.
3496 4398 3593 4448 aut
3622 4391 3711 4446 illa

2117 4485 2228 4538 alia
2265 4485 2539 4540 festivitas
2570 4486 2864 4540 duodecim
2911 4486 3214 4559 lectionum
3257 4485 3558 4540 historiam
3594 4496 3708 4553 pro-

2118 4573 2298 4644 priam
2327 4590 2441 4628 non
2481 4574 2668 4639 habet,
2708 4590 2811 4628 nec
2862 4575 2920 4628 in
2963 4574 3104 4627 albis
3149 4590 3252 4628 nec
3291 4575 3352 4627 in
3395 4572 3586 4644 cappis
3623 4570 3702 4633 ﬁt,

2117 4662 2426 4733 antiphona
2452 4663 2520 4716 de
2560 4663 2860 4717 festivitate
2907 4664 2976 4717 de
3015 4679 3127 4734 qua
3163 4670 3279 4717 tres
3310 4663 3584 4717 lectiones
3619 4660 3709 4711 ﬁe-

2111 4757 2256 4813 rent,
2304 4751 2375 4804 ad
2419 4751 2633 4805 cantica
2677 4752 3093 4821 pronuntietur,
3143 4756 3202 4805 et
3239 4751 3510 4822 deinceps
3539 4753 3708 4803 totum

2110 4838 2396 4893 servitium
2446 4855 2625 4909 usque
2670 4839 2749 4917 ad
2796 4840 2965 4893 ﬁnem
3011 4839 3222 4893 ultima:
3259 4839 3509 4893 collecta:
3557 4837 3624 4890 de
3652 4849 3713 4887 ea

2113 4933 2331 4997 agatur.
2362 4928 2497 4981 Post
2533 4931 2918 4982 Benedicamus
2962 4930 3196 4982 Domino
3242 4928 3348 4983 ﬁat
3385 4939 3713 4981 commemo«

2080 5022 2087 5023 “
2112 5017 2257 5070 ratio
2287 5015 2605 5070 festivitatis
2637 5016 2704 5070 de
2735 5032 2843 5087 qua
2875 5020 2999 5070 octo
3028 5017 3294 5070 lectiones
3329 5017 3573 5081 fuerint;
3604 5029 3714 5067 om-

2111 5122 2211 5159 nes
2234 5121 2455 5176 quoque
2477 5105 2627 5158 horae
2646 5105 2715 5158 de
2739 5105 2836 5159 illa
2857 5105 3135 5169 dicantur,
3158 5121 3344 5159 sermo
3365 5106 3425 5159 in
3449 5102 3707 5173 capitulo,

2112 5199 2169 5248 et
2198 5195 2378 5264 major
2406 5194 2606 5259 missa;
2639 5194 2988 5248 matutinalis
3018 5210 3147 5250 vero
3177 5195 3325 5249 unde
3366 5194 3565 5249 laudes
3593 5192 3708 5246 fuc-

2111 5289 2263 5337 runt.
3146 5351 3163 5359 ρ

2184 5372 2241 5425 Si
2284 5372 2556 5426 festivitas
2598 5370 2834 5441 alicujus
2879 5373 3078 5436 sancti,
3133 5372 3204 5425 de
3255 5387 3369 5442 qua
3413 5368 3704 5425 duodecim

2112 5461 2376 5515 lectiones
2420 5462 2581 5526 ﬁunt,
2622 5461 2839 5514 eveniat
2888 5461 2946 5514 in
2992 5461 3083 5514 die
3135 5461 3431 5515 Dominica
3483 5461 3553 5513 de
3601 5473 3707 5526 qua

2109 5549 2341 5605 historia
2365 5550 2483 5619 jam
2504 5553 2729 5606 cantata
2748 5549 2839 5617 sit,
2864 5555 2964 5606 aut
2983 5548 3357 5620 subsequente
3390 5549 3484 5604 die
3519 5545 3703 5604 Domi-
