3978 6174
292 254 395 312 481

1254 262 1586 319 DECRETA
1622 262 1765 319 PRO
1806 263 2081 323 ORDINE
2120 271 2177 325 S.
2224 269 2628 325 BENEDICTI.

3473 274 3578 331 482
3602 320 3605 325 .

293 380 425 434 nica
452 381 671 435 cantari
699 382 893 453 possit,
928 390 1109 439 totum
1140 387 1432 442 servitium
1468 386 1667 453 noctis,
1704 391 1761 440 et
1782 387 1895 442 diei
1914 392 1959 450 A
1981 407 2147 461 sena;
2193 393 2353 447 ﬁnito
2381 393 2529 463 quod
2559 397 2838 458 cantatur,
2859 398 3075 465 surgat,
3109 399 3166 451 et
3196 395 3245 450 si
3276 396 3570 467 episcopus

294 468 366 522 de
387 476 584 524 sancto
616 476 816 540 agatur
839 491 852 538 ;
879 473 1049 529 missa
1067 481 1292 531 tantum
1318 476 1670 529 matutinalis
1699 477 1766 529 de
1796 477 1901 531 Du-

293 558 505 612 minica
533 559 792 627 dicatur;
826 562 1057 616 tertium
1077 565 1226 618 enim
1251 571 1587 619 nocturnum
1609 565 1677 619 de
1706 565 1900 619 Domi-

293 646 425 700 nica
453 647 545 701 die
586 665 873 719 nunquam
902 652 1028 718 erit,
1061 653 1169 706 nisi
1200 653 1575 724 praecedentia
1603 654 1714 708 duo
1744 654 1811 708 de
1833 670 1902 708 ea

294 736 455 789 ﬁant.

366 825 431 878 In
461 825 723 881 omnibus
746 828 1052 883 Dominicis
1067 828 1283 895 diebus,
1305 826 1448 885 etin
1478 832 1661 902 prima
1678 832 1766 885 die
1787 833 1899 887 Do-

304 912 531 969 minica:
560 915 883 971 Nativitatis
913 918 984 971 ad
1018 920 1287 988 majorem
1316 921 1547 975 missam
1567 926 1808 987 tantum,
1843 927 1901 977 et

294 1001 351 1054 in
386 1001 477 1056 die
498 1004 800 1059 Dominica:
831 1006 1299 1074 Circumcisionis,
1329 1015 1387 1063 et
1406 1009 1733 1080 Epiphania,
1760 1017 1817 1064 et
1838 1011 1897 1064 in

294 1090 482 1160 prima
510 1091 603 1146 die
625 1094 899 1163 paschalis
926 1096 1318 1163 solemnitatis,
1338 1098 1469 1151 etin
1490 1098 1581 1151 die
1606 1099 1898 1153 Ascensioc

295 1178 406 1243 nis,
461 1186 521 1233 et
566 1181 627 1234 in
668 1181 851 1252 prima
879 1184 970 1238 die
1003 1185 1378 1250 Pentecostes,
1413 1192 1470 1241 et
1508 1187 1567 1240 in
1596 1187 1895 1257 festivitate

295 1267 565 1322 Omnium
601 1270 957 1338 Sanctorum,
991 1279 1046 1326 et
1075 1272 1132 1326 in
1161 1273 1522 1328 Dedicatione
1553 1275 1815 1341 ecclesiae,
1841 1283 1895 1329 et

290 1356 349 1408 in
376 1357 658 1412 'omnibus
726 1360 1122 1416 festivitatibus
1166 1361 1343 1418 beata:
1384 1364 1594 1430 Mariae,
1623 1370 1680 1418 et
1719 1365 1776 1418 in
1807 1366 1897 1421 die

292 1445 574 1512 passionis
604 1450 988 1517 apostolorum
1030 1452 1181 1505 Petri
1214 1457 1271 1506 et
1299 1453 1478 1518 Pauli,
1512 1458 1568 1507 et
1595 1454 1651 1507 in
1681 1454 1898 1509 caeteris

290 1533 692 1589 festivitatibus
720 1537 962 1592 aliorum
991 1541 1392 1610 apostolorum,
1424 1542 1644 1596 dicatur
1673 1543 1744 1597 ad
1774 1560 1896 1597 ma-

281 1621 474 1690 jorem
505 1612 733 1678 missam
767 1628 933 1680 Credo
963 1631 1031 1682 in.
1058 1646 1235 1683 unum
1264 1632 1457 1685 Deum.
1492 1632 1636 1685 Nam
1669 1632 1740 1685 ad
1768 1649 1893 1687 ma-

286 1709 591 1765 tutinalem
621 1713 847 1769 missam
876 1715 933 1769 in
963 1723 1237 1772 conventu
1263 1735 1552 1790 nunquam
1581 1720 1805 1775 dicitur.

426 1802 625 1856 δεδι-πο
655 1804 780 1858 ΧΠ.
810 1831 877 1842 -
897 1807 1150 1874 Exceptio
1168 1823 1407 1874 persons
1431 1812 1783 1878 principalis.

360 1889 597 1953 Quoties
617 1891 936 1962 disponitur
958 1900 1023 1948 ut
1048 1894 1240 1965 aliqua
1276 1912 1516 1966 persona
1538 1914 1665 1952 cum
1696 1899 1894 1954 festiva

282 1981 644 2049 processione
668 1982 1023 2052 suscipiatur,
1043 1989 1310 2054 tangatur
1328 1991 1416 2039 ter
1451 1986 1691 2041 breviter
1715 2005 1892 2042 unum

279 2068 350 2121 de
385 2068 699 2139 majoribus
716 2071 912 2141 signis,
944 2077 1007 2127 ut
1036 2073 1141 2127 hoc
1167 2073 1327 2144 signo
1352 2076 1888 2131 conveniantomnes

278 2156 490 2212 fratres
510 2157 571 2212 in
588 2160 882 2214 ecclesiam
904 2162 972 2215 ad
992 2162 1338 2217 induendum
1357 2181 1435 2218 se.
1453 2165 1523 2218 Et
1543 2181 1670 2219 cum
1689 2182 1885 2220 omnes

283 2247 482 2317 cappis
514 2248 700 2303 induti
728 2249 954 2311 fuerint,
982 2251 1030 2304 si
1057 2255 1216 2305 tanta
1251 2269 1556 2323 capparum
1587 2253 1746 2324 copia
1776 2260 1879 2318 est,

275 2341 380 2389 aut
398 2336 629 2403 casulis,
656 2343 719 2391 et
740 2339 1077 2408 dalmaticis,
1107 2340 1153 2394 si
1183 2357 1372 2412 cappae
1399 2341 1605 2406 desint,
1641 2347 1697 2395 et
1723 2343 1883 2413 pueri

271 2424 510 2490 tunicis,
534 2432 859 2498 exspectent
877 2429 1136 2483 sedentes
1162 2429 1219 2483 in
1250 2429 1440 2496 choro,
1481 2430 1657 2483 donec
1688 2447 1882 2501 proce-

269 2512 436 2566 dant.
472 2515 822 2570 Secretarius
850 2516 1076 2571 interim
1106 2519 1369 2573 extendat
1391 2535 1567 2573 unum
1610 2525 1877 2590 tapetem,

271 2609 331 2656 et
359 2603 612 2674 desuper
638 2606 869 2675 pallium
890 2611 1020 2660 ante
1034 2608 1217 2677 majus
1237 2608 1414 2662 altare
1438 2625 1609 2679 super
1636 2608 1881 2679 priorem

268 2691 544 2760 gradum,
569 2702 627 2747 et
643 2694 903 2748 similiter
921 2695 1232 2750 faciatante
1253 2698 1586 2751 cruxiﬁxum
1608 2697 1667 2750 in
1694 2698 1878 2753 medio

272 2780 577 2847 Ecclesia);
624 2783 712 2836 his
766 2784 1004 2854 peractis
1040 2802 1167 2838 cum
1214 2785 1520 2839 indicatum
1568 2786 1742 2840 fuerit
1765 2787 1882 2857 jam

268 2885 455 2939 prope
471 2870 670 2924 adesse
684 2888 1002 2942 personam,
1017 2874 1312 2944 pulsentur
1327 2874 1438 2928 duo
1458 2874 1677 2944 majora
1701 2874 1882 2945 signa.

341 2959 509 3013 Tunc
537 2959 710 3030 aliqui
742 2962 813 3015 de
831 2962 1140 3032 majoribus
1172 2962 1450 3034 accipiant
1473 2979 1677 3034 aquam
1711 2962 1886 3018 bene-

271 3047 515 3110 dictam,
551 3054 605 3101 et
640 3054 842 3103 caetera
879 3067 1000 3121 quae
1046 3051 1119 3104 ad
1166 3052 1422 3105 festivam
1468 3052 1881 3122 processionem

274 3136 499 3205 portari
528 3137 741 3203 solent;
769 3138 871 3192 hos
890 3139 1266 3208 praecedentes
1286 3146 1598 3211 sequantur
1611 3140 1802 3205 abbas,
1829 3147 1887 3195 et

269 3225 489 3289 caeteri,
525 3230 589 3279 ut
616 3232 750 3280 sunt
790 3227 1027 3298 priores.
1078 3229 1245 3282 Pueri
1295 3246 1423 3282 cum
1453 3229 1738 3300 magistris
1770 3230 1885 3284 suis

272 3314 517 3367 extremi
542 3315 787 3380 veniant,
819 3321 876 3370 et
900 3316 956 3370 in
987 3317 1183 3371 ordine
1208 3334 1310 3373 suo
1338 3323 1491 3372 stent
1512 3318 1659 3372 inter
1686 3319 1884 3373 choros

273 3401 438 3466 duos,
467 3419 599 3456 cum
638 3404 787 3458 facta
810 3405 978 3459 fuerit
1006 3406 1175 3460 statio
1205 3406 1277 3460 ad
1314 3408 1725 3479 susceptionem
1761 3425 1884 3479 per-

272 3504 465 3544 sonae:
480 3490 617 3554 Quae
648 3509 775 3546 cum
798 3492 1103 3565 suscipitur
1125 3499 1316 3561 2H6
1327 3495 1424 3549 det
1437 3495 1486 3549 ei
1504 3495 1676 3549 abbas
1698 3512 1884 3567 asper-

273 3580 491 3633 sorium
524 3596 654 3634 cum
714 3598 861 3652 aqua
898 3582 956 3636 in
985 3599 1236 3650 manum,
1272 3584 1318 3638 si
1349 3584 1641 3656 episcopus
1690 3584 1878 3650 fuerit,

273 3667 449 3721 aliam
476 3686 778 3739 personam
799 3677 1063 3742 aspergat
1091 3673 1228 3744 ipse,
1263 3674 1465 3728 dehinc
1493 3673 1815 3744 porrigatur
1831 3674 1882 3728 ei

272 3756 591 3823 incensum,
612 3758 872 3813 similiter
898 3759 969 3814 ab
989 3761 1208 3827 abbate,
1232 3767 1418 3817 textus
1446 3780 1480 3816 a
1508 3763 1725 3834 priore;
1746 3763 1881 3817 dum

276 3846 396 3900 hac
424 3848 589 3913 ﬁunt,
617 3848 915 3915 pulsentur
933 3850 1122 3903 omnia
1145 3850 1325 3921 signa.
1351 3852 1562 3906 Cantor
1589 3868 1718 3905 vero
1748 3851 1880 3905 inci-

270 3935 397 4007 piat
426 3942 654 3989 cantum
679 3937 774 4008 qui
804 3938 1099 3992 conveniat
1135 3956 1405 4009 persona},
1452 3940 1654 3993 dehinc
1697 3956 1878 3994 rever-

273 4030 436 4078 tatur
461 4025 762 4095 processio,
786 4026 948 4096 pueri
976 4042 1102 4079 cum
1132 4026 1414 4096 magistris
1445 4027 1559 4081 suis
1592 4027 1757 4099 primi
1789 4028 1878 4082 in-

275 4114 618 4183 grediantur
648 4102 959 4178 ecclesiam,
982 4115 1085 4169 hos
1115 4121 1424 4186 sequantur
1438 4115 1639 4187 reliqui
1660 4116 1878 4171 sicutin

271 4202 527 4256 statione
555 4202 783 4257 fuerunt
806 4221 819 4255 :
843 4209 1124 4257 extremus
1141 4205 1326 4258 veniat
1344 4204 1517 4257 abbas
1538 4221 1666 4259 cum
1697 4222 1882 4260 susce-

270 4296 377 4362 pta
406 4306 665 4362 persona,
690 4291 1131 4363 praecedentibus
1160 4308 1255 4346 eos
1281 4291 1616 4363 supradictis
1644 4293 1884 4363 portito-

271 4378 460 4432 ribus.

347 4469 595 4539 Ingressi
617 4471 1023 4527 monasterium
1040 4470 1250 4526 faciant
1281 4470 1579 4526 stationem
1602 4475 1734 4525 ante
1753 4487 1881 4527 cru-

272 4558 528 4613 ciﬁxum.
562 4560 731 4614 Pueri
766 4577 897 4615 vero
936 4561 1195 4615 similiter
1235 4567 1387 4615 stent
1423 4561 1574 4615 inter
1611 4564 1882 4631 utrosque

272 4647 500 4701 chorus.
532 4649 793 4703 Praedicti
820 4650 1118 4721 portitores
1147 4650 1421 4722 paulatim
1451 4649 1884 4720 progrediantur

271 4752 380 4806 per
410 4737 661 4791 medium
682 4754 900 4806 eorum,
934 4746 990 4793 et
1018 4744 1169 4793 stent
1192 4744 1324 4793 ante
1353 4738 1677 4793 cruciﬁxum
1706 4738 1881 4792 versis

273 4824 530 4880 vultibus
560 4827 629 4880 ad
659 4844 811 4881 eum.
845 4826 1081 4883 Interim
1134 4833 1256 4883 oret
1297 4832 1556 4899 suscepta
1606 4844 1878 4898 persona;

272 4915 441 4969 ﬁnito
471 4921 661 4982 cantu,
681 4923 945 4988 surgente
974 4934 1042 4971 ea
1055 4917 1127 4972 ab
1146 4917 1418 4983 oratione,
1432 4916 1664 4988 incipiat
1689 4922 1884 4971 cantor

268 5003 672 5075 antiphonam,
687 5006 773 5059 vel
793 5007 1210 5076 responsorium
1232 5007 1301 5061 de
1317 5011 1510 5060 sancto
1532 5006 1591 5060 in
1609 5006 1768 5076 cujus
1789 5006 1884 5060 ho-

274 5109 476 5147 norem
499 5093 734 5148 fundata
755 5100 842 5149 est
853 5094 1104 5149 ecclesia.
1118 5095 1273 5149 Tunc
1294 5094 1616 5165 praecedant
1631 5094 1880 5165 praedicti

267 5183 601 5252 portitores.
638 5183 950 5255 deposituri
991 5184 1049 5237 in
1081 5184 1215 5238 locis
1258 5183 1375 5238 suis
1404 5200 1471 5238 ea
1501 5200 1623 5254 quae
1652 5187 1882 5255 portant

268 5272 474 5326 statim
507 5288 635 5327 cum
662 5273 735 5327 ad
764 5273 942 5327 altare
962 5274 1234 5328 venerint.
1261 5274 1585 5345 Sequantur
1616 5272 1875 5338 infantes,

266 5366 400 5431 post
432 5360 537 5415 hos
552 5361 774 5431 reliqui,
808 5378 874 5416 eo
905 5362 1103 5416 ordine
1124 5378 1234 5433 quo
1264 5361 1524 5433 superius
1542 5361 1753 5416 dictum
1772 5364 1877 5415 est.

262 5450 521 5522 Ingressi
574 5451 811 5505 chorum
837 5455 990 5505 stent
1031 5468 1066 5505 a
1109 5456 1270 5522 parte
1316 5450 1510 5506 altaris
1549 5467 1615 5504 ex
1644 5454 1883 5521 utraque

262 5546 431 5609 parte
460 5539 607 5594 sicut
634 5544 769 5595 sunt
793 5540 1029 5612 priores.
1055 5540 1191 5595 Oret
1223 5540 1434 5596 iterum
1475 5543 1730 5611 suscepta
1764 5555 1885 5609 per-

1984 487 2071 535 est
2099 482 2194 552 qui
2222 482 2547 552 suscipitur,
2588 487 2717 552 post
2734 482 2925 536 datam
2954 483 3401 539 benedictionem
3416 501 3573 539 oscu-

1984 570 2133 624 letur
2159 588 2353 625 omnes
2384 571 2584 623 fratres
2614 585 2713 640 per
2732 571 3005 625 ordinem.
3023 572 3251 628 Fratres
3266 590 3420 639 vero,
3441 575 3574 645 quia

1983 659 2166 713 induti
2199 665 2348 723 sunt,
2380 675 2492 713 non
2518 660 2746 712 ﬂectant
2771 676 2958 729 genua
2985 666 3116 716 ante
3149 678 3298 727 eum,
3320 661 3465 716 sicut
3489 679 3575 716 so—

1983 746 2103 800 lent
2130 747 2311 801 facere
2337 763 2462 801 cum
2491 747 2818 800 osculantur
2834 749 3154 820 episcopum
3178 751 3261 805 vel
3287 749 3568 818 abbatem,

1982 835 2067 888 vel
2096 836 2405 907 principem
2449 842 2631 901 terrae,
2679 836 2772 889 sed
2815 836 3107 901 humiliter
3133 839 3465 893 inclinantes
3512 854 3573 893 se

1981 924 2289 993 procedant
2315 925 2384 977 ad
2411 924 2662 978 osculum
2694 924 2834 994 ejus.
3032 980 3052 989 ,

2053 1013 2108 1067 Si
2137 1012 2444 1083 spiritualis
2482 1029 2721 1083 persona
2760 1013 2931 1067 fuerit
2984 1019 3041 1068 et
3089 1015 3261 1070 abbas
3312 1017 3572 1087 expedire

1978 1099 2326 1163 indicaverit,
2379 1099 2667 1154 devestitis
2734 1100 3019 1167 fratribus,
3078 1108 3135 1156 et
3182 1103 3241 1157 in
3301 1105 3566 1176 capitulo,

1978 1189 2123 1243 sicut
2170 1190 2369 1255 solent,
2405 1189 2842 1255 considentibus,
2873 1191 3112 1245 ducatur
3148 1192 3279 1247 illuc
3306 1194 3571 1264 praedicta

1978 1294 2241 1348 persona,
2271 1284 2344 1335 et.
2384 1279 2560 1349 petita
2588 1277 2995 1342 benedictione.
3039 1280 3261 1351 legatur
3288 1288 3418 1336 ante
3447 1300 3571 1337 eam

1979 1366 2140 1420 lectio
2184 1367 2402 1439 divina;
2444 1383 2557 1437 qua
2584 1367 2744 1421 ﬁnita
2781 1385 2908 1421 cum
2961 1370 3039 1421 Tu
3080 1374 3287 1436 autem,
3320 1372 3568 1438 Domine,

1981 1471 2301 1509 sermonem
2334 1455 2379 1509 si
2401 1455 2642 1509 voluerit
2664 1456 2733 1509 de
2755 1472 2822 1509 ea
2845 1457 3029 1510 faciat.

2050 1544 2108 1598 Si
2131 1543 2302 1597 abbas
2332 1544 2501 1597 fuerit
2520 1543 2614 1613 qui
2640 1544 2958 1615 suscipitur,
2994 1551 3124 1600 ante
3162 1546 3457 1600 introitum
3486 1564 3573 1601 ca-

1978 1632 2142 1701 pituli
2168 1632 2520 1703 egredientes
2546 1634 2744 1687 fratres
2774 1634 3075 1688 osculetur.
3109 1634 3166 1688 Si
3194 1652 3323 1689 vero
3352 1636 3571 1706 capitu-

1909 1704 2093 1774 Blum
2146 1738 2258 1774 non
2310 1721 2623 1783 intraverit,
2676 1729 2897 1776 servata
2942 1723 3281 1793 competenti
3326 1724 3465 1778 hora
3510 1725 3568 1779 in

1980 1810 2225 1864 claustro
2257 1810 2542 1864 osculetur
2561 1826 2674 1865 eos.

2614 1899 2846 1953 CAPUT
2872 1898 2944 1953 II.

2614 1989 2688 2041 Dc
2711 1989 2921 2040 abbate.

2040 2073 2227 2129 Abbas
2246 2092 2373 2130 cum
2405 2074 2649 2145 eligitur,
2682 2092 2876 2129 omnes
2904 2075 3125 2141 fratres,
3166 2077 3252 2130 vel
3295 2079 3477 2148 major
3505 2085 3563 2133 et

1968 2163 2169 2217 melior
2200 2182 2350 2235 pars,
2379 2165 2435 2218 in
2465 2166 2587 2235 ejus
2616 2164 2946 2229 electionem
2980 2166 3298 2220 consentire
3334 2166 3560 2223 debent.

1967 2251 2188 2306 Electus
2202 2258 2389 2307 autem
2403 2253 2450 2307 si
2467 2259 2625 2307 extra
2636 2254 3037 2308 monasterium
3051 2261 3565 2323 consecratur,cum

1965 2341 2198 2395 redierit
2216 2358 2342 2395 cum
2357 2342 2553 2396 festiva
2565 2342 2916 2413 proccssione
2935 2343 3421 2415 suscipiatur.Ipse
3432 2362 3561 2400 vero

1964 2428 2023 2482 in
2053 2435 2292 2501 utraque
2316 2431 2559 2485 statione
2585 2437 2900 2503 prostratus
2921 2433 3125 2502 jaceat.
3164 2432 3349 2488 Finito
3386 2438 3557 2489 cantu

1965 2518 2223 2573 secundae
2254 2519 2531 2585 stationis,
2566 2519 2878 2590 episcopus,
2910 2520 2955 2574 si
2985 2520 3163 2588 adest,
3206 2522 3293 2575 vel
3341 2521 3564 2592 legatus

1965 2606 2085 2675 ejus
2112 2607 2170 2659 in
2202 2608 2320 2661 loco
2349 2613 2405 2661 et
2449 2608 2689 2661 statione
2730 2607 2946 2662 abbatis
2994 2625 3121 2663 eum
3168 2615 3398 2666 statuat.
3440 2611 3562 2675 Quo

1963 2700 2192 2761 statuto,
2222 2695 2268 2748 si
2297 2696 2588 2767 episcopus
2629 2695 2803 2761 abest,
2836 2696 3069 2767 incipiat
3098 2698 3251 2768 prior
3282 2701 3346 2752 Te
3384 2702 3559 2753 Deum.

1970 2784 2284 2849 laudamus,
2315 2785 2463 2854 quod
2492 2785 2625 2838 dum
2656 2790 2904 2849 cantant,
2930 2786 3198 2839 accedant
3221 2803 3416 2841 omnes
3438 2789 3556 2842 fra—

1966 2876 2101 2935 tres,
2146 2871 2291 2925 sicut
2331 2878 2463 2926 sunt
2506 2872 2738 2943 priores,
2769 2873 2836 2926 ad
2871 2874 3122 2927 osculum
3162 2874 3302 2944 ejus,
3334 2874 3421 2929 bis
3466 2878 3562 2929 lle-

1968 2966 2182 3015 ctentes
2211 2978 2415 3031 genua,
2451 2962 2624 3015 semel
2649 2966 2779 3016 ante
2810 2962 3079 3026 osculum,
3114 2967 3170 3016 et
3208 2964 3383 3017 semel
3433 2970 3561 3035 post

1968 3050 2241 3104 osculum.
2269 3051 2343 3103 Ex
2372 3049 2468 3103 illa
2497 3050 2585 3103 die
2616 3050 2675 3103 in
2691 3051 2844 3104 omni
2864 3051 2983 3105 loco
3005 3052 3277 3121 singulari
3307 3069 3560 3107 reveren-

1967 3138 2048 3191 tia
2078 3138 2439 3193 honorandus
2460 3144 2567 3192 est.

2038 3227 2102 3280 In
2132 3226 2313 3297 primo
2347 3227 2590 3298 capitulo
2641 3227 2738 3281 ubi
2781 3227 3008 3295 sederit,
3041 3245 3235 3283 omnes
3266 3229 3362 3300 qui
3408 3230 3558 3284 intra

1966 3316 2371 3369 monasterium
2405 3315 2751 3371 obedientias
2780 3316 3011 3386 habent,
3037 3323 3095 3371 et
3117 3334 3209 3372 res
3234 3319 3561 3373 monasterii

1966 3410 2206 3468 servant,
2242 3421 2473 3459 suarum
2513 3404 2959 3460 obedientiamm
3004 3406 3183 3461 claves
3222 3412 3352 3462 ante
3388 3408 3559 3479 pedes

1966 3493 2085 3563 ejus
2114 3499 2344 3564 ponant.
2373 3495 2497 3564 Ipse
2525 3511 2655 3548 vero
2676 3495 3097 3550 recommendet
3132 3496 3215 3550 eis
3243 3496 3395 3567 ipsas
3432 3497 3560 3552 obe-

1965 3582 2225 3647 dientias,
2253 3582 2299 3636 si
2332 3599 2444 3636 non
2475 3582 2640 3636 aliter
2682 3583 3020 3637 ordinandas
3059 3601 3180 3638 esse
3225 3585 3558 3640 decreverit.

1965 3671 2229 3725 Inclinari
2258 3670 2424 3725 debet
2443 3687 2477 3724 a
2501 3675 2620 3725 toto
2650 3678 2924 3726 conventu
2947 3689 3071 3726 cum
3098 3678 3225 3743 post
3253 3673 3559 3745 incmptam

1964 3760 2328 3830 antiphonam
2362 3759 2610 3824 inclinat,
2635 3776 2760 3813 cum
2787 3761 2843 3813 in
2873 3760 3065 3814 tabula
3093 3761 3152 3815 in
3188 3762 3433 3833 capitulo
3462 3780 3560 3818 no-

1963 3847 2231 3909 minatur,
2262 3845 2309 3899 si
2337 3844 2412 3898 ibi
2437 3862 2681 3916 prtesens
2711 3852 2812 3911 est,
2846 3864 2975 3901 cum
3014 3847 3073 3901 in
3106 3850 3339 3918 psalmo,
3384 3851 3472 3905 vel
3498 3851 3558 3905 in

1963 3936 2072 3989 alio
2102 3935 2290 4006 aliquo
2312 3934 2524 3988 fallitur
2556 3934 2613 3987 in
2645 3936 2834 4001 choro,
2859 3952 2959 4006 pro
2989 3954 3098 4006 quo
3140 3938 3358 3992 veniam
3382 3946 3556 4010 petat.

2034 4026 2214 4078 Eunte
2244 4040 2309 4077 eo
2338 4023 2409 4077 ad
2457 4024 2754 4093 legendum
2782 4025 2866 4077 vel
2911 4025 3182 4079 redeunte
3222 4043 3257 4079 a
3296 4028 3554 4097 legendo,

1961 4117 2223 4182 assurgat
2242 4110 2292 4164 ei
2314 4115 2466 4165 totus
2488 4116 2811 4165 conventus.
2834 4113 3183 4167 Transeunte
3205 4131 3271 4167 eo
3287 4131 3387 4184 per
3402 4116 3557 4169 clau-

1962 4208 2144 4254 strum
2203 4200 2286 4252 vel
2335 4217 2436 4270 per
2470 4217 2860 4271 quemcunque
2905 4202 3107 4266 locum,
3159 4210 3459 4273 assurgunt
3506 4204 3558 4257 ei

1964 4306 2159 4344 omnes
2177 4294 2310 4343 ante
2344 4304 2483 4359 quos
2506 4288 2732 4353 transit,
2767 4289 3132 4360 quoadusque
3180 4296 3556 4360 pertranseat.

1896 4413 1946 4471 D
1965 4380 2108 4434 Cum
2133 4378 2441 4448 capitulum
2459 4376 2765 4441 introierit,
2795 4376 3061 4431 fratribus
3085 4379 3203 4448 jam
3230 4378 3290 4434 in
3316 4397 3382 4434 eo
3421 4398 3556 4435 con-

1962 4467 2296 4529 sidentibus,
2330 4467 2401 4520 de
2430 4465 2688 4520 omnibus
2711 4465 2978 4536 gradibus
3001 4483 3194 4522 omnes
3214 4468 3559 4526 descendant

1964 4559 2140 4612 donec
2156 4558 2306 4611 idem
2328 4556 2635 4611 consideat.
2655 4555 2984 4626 Ubicunque
3013 4557 3108 4617 sit,
3135 4556 3213 4611 ibi
3242 4558 3409 4613 debet
3435 4576 3557 4616 esse

1964 4648 2100 4700 ordo
2139 4652 2195 4701 et
2221 4645 2549 4717 disciplina;
2593 4651 2937 4715 quapropter
2972 4645 3029 4699 in
3076 4663 3408 4719 quocunque
3438 4649 3558 4706 loco

1962 4734 2151 4801 fuerit,
2201 4734 2313 4789 sive
2356 4735 2416 4788 in
2446 4735 2709 4798 claustro,
2740 4734 2855 4787 sive
2884 4739 3045 4788 extra
3071 4736 3398 4803 claustrum,
3428 4754 3555 4793 cum

1962 4824 2323 4895 reprehendit
2360 4823 2603 4894 aliquem
2633 4823 2865 4876 fratrem
2910 4822 3228 4880 inordinate
3271 4831 3555 4897 agentem,

1966 4912 2079 4967 sive
2095 4912 2437 4983 loquentem,
2458 4928 2585 4966 mox
2605 4911 2698 4965 ille
2722 4928 2910 4966 coram
2935 4929 3000 4966 eo
3026 4912 3317 4969 humiliter
3338 4916 3557 4971 veniam

1962 5007 2138 5072 petat,
2173 5001 2319 5055 sicut
2360 5001 2415 5055 in
2448 5000 2716 5072 capitulo,
2749 5007 2807 5055 et
2849 5002 3047 5057 tandiu
3088 5008 3199 5057 stet
3239 5010 3372 5060 ante
3400 5005 3560 5061 illum

1963 5091 2140 5145 donec
2163 5091 2318 5145 illum
2330 5090 2529 5161 jubeat
2548 5090 2764 5144 sedere.
2784 5088 2858 5143 Et
2882 5090 2928 5144 si
2955 5090 3155 5146 viderit
3181 5093 3339 5147 illum
3364 5094 3553 5159 irasci,

1959 5184 2077 5234 tam
2107 5180 2202 5234 diu
2223 5180 2533 5234 satisfaciat
2559 5185 2689 5233 ante
2719 5178 2902 5249 ipsum
2925 5180 3142 5234 veniam
3160 5183 3561 5252 petendo,quo-

1961 5286 2140 5341 usque
2169 5270 2325 5324 illum
2354 5269 2555 5323 reddat
2583 5269 2886 5340 placatum.
2916 5268 3103 5324 Abbas
3139 5276 3331 5324 tamen
3373 5272 3559 5341 provi-

1964 5359 2096 5413 dere
2125 5358 2292 5413 debet
2318 5375 2387 5412 ne
2419 5358 2523 5412 hoc
2570 5356 2737 5412 faciat
2765 5374 2955 5412 coram
2999 5357 3356 5413 saecularibus
3384 5359 3561 5414 homi-

1965 5446 2152 5504 nibus.

2038 5537 2387 5609 Ubicumque
2413 5536 2641 5604 sederit,
2672 5535 2858 5592 nullus
2873 5536 3035 5606 juxta
3054 5550 3184 5589 eum
3198 5535 3392 5592 sedere
3421 5555 3561 5611 prae-
