3852 6178
427 265 534 334 483

1426 257 1489 322 Β.
1530 258 1944 323 LANFRANCI
1982 247 2339 322 caurum.
2382 249 2719 323 meum).

3552 258 3640 331 484

430 403 639 463 sumat,
663 388 774 453 nisi
800 392 1187 467 ips'eju‘sSeiit;
1214 392 1406 462 jussus
1436 402 1567 446 vero
1596 392 1809 457 sedere,
1837 392 1908 446 ad
1926 399 2021 462 ge-
2039 392 2229 463 Aquae
2253 392 2410 447 extra
2438 392 2743 448 cta'u'stmm
2774 398 2922 459 sunt,
2949 393 2996 446 si
3026 374 3195 446 abbas
3218 394 3383 455 deest,
3405 386 3549 465 juxta
3571 399 3646 469 ip-

430 502 542 541 nua
580 489 700 558 ejus
739 498 800 540 se
842 486 1030 538 flectat
1071 488 1129 536 et
1175 482 1475 546 osculetur,
1509 487 1566 535 et
1608 480 1687 535 sic
1731 481 2022 535 humiliter

424 576 588 645 juxta
616 584 744 629 eum
766 574 977 627 sedeat.
1019 571 1350 641 Quicunque
1378 571 1425 624 ei
1463 570 1521 623 in
1553 584 1781 623 manum
1812 569 2023 640 aliquid

429 664 665 727 dederit,
697 663 781 717 vel
799 663 867 715 de
889 674 1059 714 manu
1091 661 1213 729 ejus
1242 658 1455 729 aliquid
1482 655 1777 729 acceperit,
1808 659 2025 711 oscule-

428 759 525 807 tur
551 760 782 805 manum
823 750 1039 820 ipsius;
1073 749 1353 801 intrature
1402 747 1460 800 in
1510 747 1866 800 refectorium
1914 747 2025 801 duo

426 842 629 895 fratres
661 841 907 894 serviant
932 839 980 892 ei
1009 839 1080 892 de
1100 852 1244 908 aqua
1278 842 1334 889 et
1357 836 1731 906 manutergio.
1766 837 2025 900 Quandiu

428 930 489 984 in
519 931 689 983 choro
719 929 906 993 fuerit,
940 927 1126 981 nullus
1170 925 1499 988 infantibus,
1536 926 1644 978 nisi
1680 940 1745 979 eo
1770 924 2022 994 jubente,

429 1020 639 1073 audeat
667 1017 1018 1088 disciplinam
1050 1016 1277 1068 inferre.

499 1107 761 1171 Quamdiu
790 1105 1084 1159 dormierit
1113 1104 1170 1156 in
1197 1104 1340 1157 lecto
1370 1118 1471 1156 suo
1500 1110 1688 1165 mane,
1723 1103 1910 1156 nullus
1934 1119 2027 1157 so-

428 1197 614 1251 nitum
644 1195 850 1249 audeat
893 1195 1094 1247 facere.
1138 1192 1406 1261 Magister
1430 1199 1622 1246 tamen
1651 1192 1947 1255 infantum,
1981 1193 2027 1245 si

430 1285 634 1339 viderit
643 1283 886 1337 transire
899 1283 1097 1336 horam
1112 1286 1171 1347 9
1183 1272 1229 1345 θ
1316 1297 1427 1351 qua
1438 1281 1653 1335 sonitus
1666 1298 1697 1333 a
1710 1280 1891 1351 priore
1906 1282 2029 1334 ﬁeri

432 1374 590 1437 solet,
615 1377 828 1442 surgat,
853 1376 911 1424 et
934 1387 1100 1441 quam
1129 1371 1374 1439 quietius
1407 1371 1581 1440 possit
1611 1370 1853 1423 infantes
1892 1369 2031 1423 exci-

430 1466 529 1522 tet,
561 1460 715 1529 virga
733 1458 1124 1515 tantummodo
1154 1464 1392 1526 tangens
1419 1471 1638 1527 pannos
1665 1456 1867 1527 quibus
1899 1472 2029 1510 coo-

430 1548 575 1619 perti
600 1553 750 1601 sunt.
768 1548 888 1611 Quo
904 1547 1070 1608 facto,
1097 1552 1361 1599 exeuntes
1383 1546 1452 1598 de
1481 1545 1812 1599 dormitorio
1843 1546 2031 1599 lavent

432 1654 491 1691 se
520 1637 577 1691 et
604 1642 847 1707 pectant,
889 1642 946 1689 et
975 1635 1133 1688 factis
1163 1635 1342 1688 solitis
1373 1634 1736 1695 orationibus,
1765 1635 1823 1687 in
1866 1632 2029 1688 scho-

2106 482 2222 535 sius
2252 481 2547 536 arbitrium
2577 480 2971 553 disponuntur.
2989 481 3046 536 Si
3072 474 3240 535 abbas
3266 481 3471 553 longius
3491 500 3520 538 a
3545 500 3650 540 mo-

2107 571 2354 623 nasterio
2378 569 2566 631 fuerit,
2591 571 2709 642 ipse
2725 572 3004 641 deponere
3034 574 3216 639 potest
3236 586 3325 623 eos
3354 584 3482 641 quos
3506 572 3653 626 intel-

2108 658 2308 712 lexerit
2334 670 2444 712 non
2482 660 2643 729 juxta
2671 657 2982 729 proﬁcuum
3007 656 3259 712 Ecclesia:
3286 674 3371 713 res
3406 660 3503 713 sibi
3528 676 3656 715 com-

2108 747 2309 800 missas
2336 752 2598 801 tractare.
2634 747 2862 811 Quoties
2916 764 3005 800 res
3060 747 3383 817 expostulat,
3413 754 3556 802 tenet
3576 755 3662 803 aut

2109 836 2288 889 teneri
2313 836 2477 905 jubet
2505 836 2813 907 capitulum
2834 835 2903 889 de
2932 834 3192 889 omnibus
3209 835 3557 890 servientibus
3582 838 3662 907 qui

2109 925 2260 978 intra
2289 914 2538 978 ofﬁcinas
2588 924 2915 979 monasterii
2962 929 3375 991 cenversantur,
3416 930 3470 978 et
3495 942 3664 979 secun-

2111 1015 2244 1067 dum
2285 1014 2486 1068 merita
2538 1014 3005 1084 delinquentium.
3052 1018 3122 1067 eo
3169 1011 3414 1083 jubente,
3440 1013 3666 1068 vindictae

2111 1102 2450 1158 inferuntur.
2486 1101 2742 1156 Intrante
2771 1119 2837 1156 eo
2865 1100 3194 1173 capitulum,
3217 1114 3408 1155 omnes
3434 1102 3481 1156 ei
3508 1116 3669 1155 assur-

2109 1196 2264 1262 gunt,
2289 1196 2502 1245 stantes
2529 1192 2589 1245 in
2618 1191 2990 1262 suppedaneis
3006 1186 3181 1244 donec
3208 1190 3503 1244 consideat.
3532 1189 3671 1254 Quod

2113 1281 2159 1334 si
2188 1280 2515 1346 tardaverit,
2548 1286 2604 1334 et
2656 1280 2810 1351 prior
2855 1280 3085 1334 claustri
3140 1279 3198 1332 in
3254 1279 3372 1333 loco
3425 1279 3674 1349 superiori

2113 1370 2268 1440 prius
2284 1369 2509 1428 sederit.
2536 1369 2745 1423 intrare
2772 1384 2886 1423 non
2914 1367 3096 1422 debet.
3115 1369 3172 1422 Si
3203 1383 3372 1421 causa
3387 1366 3547 1421 fuerit
3573 1381 3678 1438 qua

2114 1458 2324 1511 differri
2352 1466 2465 1512 non
2526 1458 2721 1529 possit,
2766 1458 2866 1512 aut
2894 1474 3007 1511 non
3052 1454 3273 1516 debeat,
3323 1455 3565 1526 ingresso
3602 1471 3676 1518 eo,

2113 1547 2266 1618 prior
2291 1547 2519 1601 claustri
2550 1561 2614 1601 ex
2645 1544 2824 1602 altera
2870 1549 2996 1617 ejus
3042 1554 3221 1618 parte,
3251 1546 3407 1617 prior
3450 1545 3685 1601 omnibus

2115 1635 2325 1689 sedeat.
2352 1636 2701 1690 Transeunte
2741 1653 2805 1690 eo
2847 1648 2947 1707 per
2978 1636 3285 1690 claustrum
3334 1636 3415 1689 vel
3447 1650 3541 1705 per
3575 1628 3686 1687 cho-

429 1727 542 1780 lalm
581 1738 741 1780 suam
770 1725 1007 1778 redeant
1035 1730 1092 1778 et
1122 1736 1247 1778 cum
1296 1724 1522 1777 silentio
1568 1724 1819 1789 sedeant,
1857 1724 2032 1777 donec
2114 1726 2262 1787 rum,
2281 1740 2392 1778 non
2410 1730 2739 1796 assurgetur
2757 1726 2839 1792 ei;
2864 1725 3081 1779 volente
3100 1742 3165 1779 co
3183 1722 3379 1779 sedere
3394 1723 3451 1777 in
3468 1722 3688 1777 claustro

430 1815 603 1870 abbas
622 1815 693 1868 de
718 1814 859 1868 lecto
888 1818 1101 1883 surgat.

502 1906 644 1958 Cum
672 1901 875 1956 alicubi
906 1909 1062 1955 extra
1092 1901 1494 1954 monasterium
1534 1916 1752 1955 moram
1796 1901 2025 1963 faciens,

430 1992 663 2046 mandat
699 1991 994 2044 conventui
1025 1991 1233 2043 salutes
1262 2005 1361 2042 seu
1383 1989 1687 2057 orationes,
1710 2006 1904 2042 omnes
1935 1990 2030 2059 qui

431 2081 491 2136 in
511 2081 754 2151 capitulo
783 2084 916 2133 sunt
940 2079 1232 2137 inclinent.
1257 2078 1412 2131 ﬂexis
1451 2093 1629 2148 usque
1661 2078 1730 2131 ad
1762 2078 2035 2149 suppeda-

434 2186 603 2224 neum
623 2168 922 2222 scabellum
943 2166 1204 2237 genibus.
1223 2167 1429 2219 Eodem
1453 2167 1617 2220 modo
1642 2168 1705 2219 fit
1734 2183 1837 2236 pro
1878 2181 2034 2237 papae

432 2259 518 2311 vel
542 2257 690 2328 regis
720 2256 1084 2321 salutatiOne;
1111 2271 1211 2325 pro
1236 2256 1474 2308 aliarum
1506 2270 1635 2309 vero
1668 2271 2033 2325 personarum

400 2340 403 2349 ’
435 2345 865 2401 salutationibus
890 2344 1181 2398 humiliter
1207 2344 1509 2397 inclinetur
1529 2346 1917 2398 tantum.Cum
1940 2362 2037 2398 au-

434 2441 550 2489 tem
569 2435 736 2489 alicui
756 2434 913 2487 fratri
943 2434 1173 2486 mandat
1198 2433 1520 2502 hujusmodi
1544 2434 1776 2503 aliquid,
1804 2433 2033 2487 ubicun-

438 2540 546 2595 que
576 2525 794 2578 dicatur
820 2524 871 2577 ei
891 2524 1015 2594 ipsa
1029 2523 1314 2585 salutatio,
1341 2523 1605 2575 continuo
1634 2522 1923 2576 humiliter
1952 2522 2033 2575 in-

437 2614 608 2667 clinet
645 2612 802 2666 ﬂexis
833 2612 902 2665 ad
931 2617 1140 2665 terram
1171 2610 1427 2681 genibus.

508 2702 838 2772 Quicunque
864 2701 1038 2754 frater
1060 2700 1131 2754 ad
1170 2716 1295 2753 eum
1342 2706 1498 2753 extra
1538 2701 1842 2754 claustrum
1875 2717 2034 2753 vene-

437 2790 528 2855 rit,
545 2791 792 2862 primum
823 2790 972 2844 dicat
995 2791 1312 2851 Bcncdz’cite,
1332 2789 1537 2842 deinde
1567 2788 1775 2843 indicet
1804 2795 2036 2860 prepter

437 2894 603 2951 quam
633 2894 859 2933 causam
906 2879 1138 2933 venerit.
1171 2879 1286 2932 Nec
1335 2878 1530 2931 sedere
1578 2895 1764 2931 coram
1816 2895 1901 2942 eo,
1934 2896 2035 2933 nec

2118 1812 2214 1866 ubi
2245 1813 2341 1867 alii
2362 1815 2566 1868 fratres
2625 1815 2841 1877 sedent,
2869 1819 3178 1883 assurgunt
3214 1814 3267 1867 ei
3312 1817 3529 1866 tantum
3549 1812 3693 1880 juxta

2122 1906 2260 1973 quos
2281 1903 2476 1955 sedere
2494 1902 2635 1967 vult;
2674 1901 2990 1973 ubicunque
3021 1898 3177 1956 extra
3194 1902 3502 1955 claustrum
3513 1899 3695 1953 fratres

2118 1992 2376 2045 sedentes
2401 1992 2696 2055 invenerit,
2725 1998 3029 2061 assurgunt
3056 1991 3106 2045 ei
3135 2007 3354 2045 omnes.
3398 1990 3554 2043 Prior
3566 1989 3697 2042 clau-

2118 2083 2243 2147 stri,
2278 2081 2612 2152 quocunque
2644 2083 2824 2151 major
2851 2080 3006 2152 prior
3050 2089 3163 2145 eat,
3197 2078 3245 2133 si
3294 2078 3417 2132 ﬁeri
3451 2077 3617 2149 poesit
3648 2076 3700 2128 in

2119 2172 2382 2235 claustro,
2417 2170 2499 2223 rel
2530 2165 2679 2223 circa
2702 2169 3028 2234 claustrum,
3050 2167 3219 2222 debet
3264 2181 3489 2237 semper
3504 2178 3619 2220 esse
3654 2171 3704 2217 et

2120 2258 2371 2313 ordinem
2406 2258 2636 2311 claustri
2668 2260 2819 2311 omni
2846 2257 3223 2311 sollicitudine
3242 2266 3487 2311 servare.

2190 2350 2330 2402 Cum
2362 2347 2535 2402 abbas
2565 2353 2621 2400 et
2666 2348 2846 2416 major
2893 2348 3047 2418 prior
3096 2346 3327 2411 absunt,
3362 2345 3409 2399 si
3436 2343 3707 2412 contingat

2118 2435 2426 2507 quemlibet
2456 2436 2695 2489 fratrum
2737 2452 2803 2488 ex
2851 2435 3180 2489 inﬁrmitate
3215 2434 3500 2497 laborare,
3542 2428 3709 2503 potest

2116 2543 2183 2580 ea
2210 2525 2508 2596 praecipere
2538 2524 2597 2578 in
2626 2522 2855 2578 domum
2883 2523 3237 2578 inﬁrmorum
3268 2524 3377 2587 ire,
3414 2528 3473 2575 et
3499 2521 3543 2575 si
3566 2526 3713 2574 tanta

2116 2615 2388 2685 aegritudo
2418 2621 2520 2677 est,
2555 2622 2780 2667 carnem
2812 2614 3121 2668 comedere.
3154 2613 3241 2667 Ad
3275 2614 3465 2684 ipsum
3490 2609 3714 2664 maxime

2116 2703 2363 2774 pertinet
2392 2703 2645 2757 infirmos
2665 2701 2868 2756 fratres
2918 2703 3162 2767 visitare,
3190 2711 3250 2756 et
3297 2701 3437 2773 quid
3468 2704 3636 2768 agant
3669 2701 3719 2750 et

2118 2792 2250 2862 quid
2283 2792 2459 2846 velint
2485 2807 2837 2861 cognoscere,
2872 2797 2928 2845 et
2952 2791 3009 2844 in
3037 2789 3331 2856 omnibus,
3359 2805 3486 2859 qua:
3509 2784 3588 2840 vel
3605 2801 3718 2839 cor-

2118 2879 2370 2951 poribus.
2388 2879 2471 2933 vel
2500 2879 2797 2934 a'nimabus
2838 2894 3032 2934 eorum
3073 2879 3402 2934 necessaria
3432 2883 3582 2941 sunt,
3606 2891 3723 2928 con-

435 2969 696 3023 recedere
725 2968 796 3021 ab
825 2984 889 3021 eo
916 2968 1123 3021 audeat
1137 2968 1255 3020 sine
1276 2967 1396 3035 ejus
1416 2967 1645 3020 licentia
1670 2985 1683 3032 ;
1716 2972 1944 3037 accepta
1964 2966 2034 3020 ab
2051 2991 2094 3053 C
2118 2970 2322 3024 sulere.
2366 2967 2610 3022 Absente
2639 2969 2850 3039 majore
2901 2970 3085 3040 priore
3135 2969 3460 3040 capitulum
3492 2965 3723 3019 servien-

437 3073 504 3111 eo
550 3057 846 3111 recedendi
899 3056 1141 3120 licentia,
1196 3056 1441 3126 primum
1496 3055 1647 3109 dicat
1706 3057 2028 3122 Bcnedicite,

437 3146 639 3200 deinde
677 3146 920 3200 recedat.
958 3145 1153 3199 Omnis
1180 3145 1352 3198 totius
1390 3144 1714 3198 monasterii
1757 3145 2035 3199 ordinatio

438 3252 504 3289 ex
525 3234 648 3306 ejus
676 3234 910 3288 arbitrio
931 3234 1192 3305 pendeat.
1229 3234 1287 3287 Si
1311 3233 1443 3303 quid
1462 3248 1687 3297 novum,
1704 3235 2036 3288 necessitate

437 3330 688 3392 cogente,
726 3324 811 3376 vel
837 3324 1055 3376 ratione
1082 3323 1373 3383 suadente,
1409 3338 1474 3375 eo
1519 3321 1769 3387 absente,
1819 3322 1877 3375 in
1930 3339 2043 3375 mo-

437 3412 701 3476 nasterio,
728 3411 1047 3465 ordinatum
1075 3410 1262 3464 fuerit.
1285 3425 1411 3463 cum
1435 3408 1956 3463 redieritindicetur
1969 3409 2038 3475 ei,

439 3505 496 3553 et
526 3504 721 3570 postea
752 3500 853 3552 ﬁat
880 3499 1022 3552 sicut
1047 3499 1164 3568 ipse
1191 3498 1547 3569 praeceperit.
1582 3499 1639 3551 Si
1676 3499 1745 3551 de
1768 3505 2046 3552 monaste-

437 3586 523 3641 rio
554 3587 770 3648 exierit,
806 3592 863 3640 et
910 3588 993 3641 vel
1041 3603 1153 3641 una
1181 3593 1344 3641 nocte
1375 3593 1529 3641 extra
1565 3592 1815 3640 moratus
1852 3587 2040 3653 fuerit,

438 3690 567 3730 mox
597 3682 662 3729 ut
686 3676 936 3738 redierit,
962 3677 1274 3747 cuicunque
1302 3677 1463 3730 fratri
1494 3673 1837 3730 abstinentia
1866 3677 1921 3730 in
1960 3694 2046 3730 ca-

438 3764 618 3834 pitulo
648 3763 900 3833 injuncta
928 3764 1117 3829 fuerit,
1141 3766 1429 3819 absolutus
1458 3765 1566 3819 erit

509 3853 650 3907 Cum
682 3852 751 3905 de
783 3852 885 3904 hac
916 3851 1032 3904 vita
1055 3851 1377 3912 decesserit,
1412 3851 1480 3903 de
1516 3851 1768 3920 proximo
1803 3852 2041 3906 invitan-

438 3942 543 3995 dus
574 3945 660 3994 est
689 3940 861 3993 abbas
890 3940 972 3993 vel
1001 3940 1295 4010 episc0pus
1340 3941 1410 3993 ad
1455 3940 1832 4011 sepeliendum
1888 3950 2038 3995 eum.

436 4030 652 4084 Praeter
677 4029 871 4083 omnia
902 4046 1027 4099 quae
1050 4029 1176 4082 aliis
1204 4029 1483 4083 defunctis
1512 4030 1780 4083 fratribus
1807 4031 1927 4084 ﬁeri
1958 4047 2042 4083 so-

436 4117 571 4185 lent,
604 4118 887 4173 addantur
913 4118 963 4171 ei
1000 4119 1117 4171 haec
1150 4134 1160 4167 :
1194 4118 1612 4172 circumdentur
1640 4120 1691 4172 ei
1721 4119 2040 4173 sacerdota-

434 4210 512 4264 lia
539 4210 890 4276 indumenta,
920 4215 977 4262 et
1006 4210 1161 4280 virga
1192 4209 1485 4279 pastoralis
1529 4214 1774 4280 ponatur
1822 4209 1881 4262 in
1917 4210 2039 4278 ejus

434 4298 631 4353 dextro
652 4298 877 4353 brachio
903 4317 916 4364 ;
957 4299 1120 4353 Verba
1152 4314 1290 4362 mea,
1312 4316 1412 4369 per
1431 4299 1598 4353 unius
1615 4299 1747 4352 anni
1770 4297 2038 4352 circulum

2118 3059 2259 3113 tium
2290 3056 2455 3111 debet
2480 3064 2689 3123 tenere,
2747 3064 2803 3112 et
2849 3058 3155 3114 secundum
3201 3057 3432 3129 culpas,
3459 3051 3726 3109 vindictas

2119 3148 2343 3213 inferre,
2375 3145 2472 3201 sed
2505 3163 2617 3201 non
2646 3153 2733 3201 est
2760 3148 2848 3201 sui
2868 3148 3014 3217 juris
3062 3147 3384 3218 quemlibet
3413 3145 3623 3198 addere
3649 3140 3729 3193 vel

2121 3237 2360 3291 auferre.

2197 3327 2295 3381 Sui
2318 3330 2539 3398 quoque
2564 3326 2731 3381 officii
2752 3330 2838 3379 est
2862 3324 3013 3379 omni
3029 3324 3117 3377 die
3132 3330 3264 3395 post
3276 3320 3729 3395 completorium,

2125 3421 2403 3487 suscepta,
2438 3416 2607 3470 dante
2651 3412 3089 3469 hebdomadario
3124 3413 3431 3467 sacerdote
3452 3407 3733 3469 fratribus,

2126 3520 2273 3575 aqua
2304 3503 2615 3569 benedicta,
2649 3516 2961 3565 remanere,
2995 3502 3171 3556 donec
3199 3517 3411 3555 omnes
3461 3504 3740 3571 pertrans-

2126 3601 2276 3658 eant,
2313 3594 2371 3647 in
2402 3593 2589 3664 aliquo
2620 3609 2867 3663 congruo
2910 3592 3049 3651 loco,
3096 3590 3248 3644 unde
3280 3588 3435 3644 bene
3459 3586 3637 3659 possit
3655 3582 3741 3638 ob-

2126 3699 2349 3737 servare
2376 3682 2472 3752 qui
2498 3683 2611 3735 sint
2639 3681 2735 3752 qui
2763 3695 2873 3734 non
2905 3684 3228 3733 reverenter
3246 3677 3630 3742 incedunt,et
3655 3673 3744 3744 qui

2128 3773 2185 3826 in
2219 3771 2369 3826 exitu
2400 3770 2676 3825 Ecclesiae.
2710 3777 2776 3824 ut
2802 3786 2925 3823 mos
2981 3776 3082 3832 est,
3128 3784 3242 3822 non
3280 3768 3484 3822 velant
3511 3762 3745 3835 caputiis

2124 3863 2307 3932 capita
2329 3876 2450 3923 sua,
2480 3865 2535 3914 et
2573 3858 2753 3913 multa
2783 3858 3130 3929 hujusmodi;
3178 3872 3425 3928 egresso
3466 3860 3591 3910 toto
3621 3869 3750 3907 con-

2110 3936 2315 4015 ‘ventu,
2346 3954 2576 4019 accepta
2604 3948 2896 4011 absconsa,
2930 3948 2977 3999 si
3008 3962 3115 3999 nox
3166 3953 3275 4007 est,
3314 3946 3481 3999 vadit
3508 3961 3610 4013 per
3636 3958 3750 4010 cry-

2126 4046 2279 4111 ptam
2321 4045 2378 4091 et
2432 4044 2631 4091 caetera
2687 4035 2941 4090 membra
2985 4036 3325 4088 monasterii
3378 4033 3483 4088 ubi
3513 4029 3753 4102 suspicio

2122 4134 2309 4200 potest
2347 4142 2488 4191 esse,
2520 4142 2620 4196 per
2659 4125 2984 4183 claustrum,
3024 4123 3367 4193 capitulum,
3407 4127 3755 4190 cmterasque

2124 4216 2373 4271 ofﬁcinas
2398 4214 2681 4269 subtiliter
2710 4213 3075 4275 observando,
3096 4228 3167 4265 ne
3199 4212 3425 4283 aliquis
3446 4211 3649 4274 frater,
3665 4206 3757 4279 qui

2124 4311 2236 4360 neu
2264 4304 2485 4369 debeat,
2519 4302 2595 4357 ibi
2626 4302 2978 4357 remanserit.
3009 4302 3107 4355 His
3127 4301 3209 4355 ita
3230 4296 3490 4372 eXpletis
3520 4298 3680 4353 vadit
3704 4297 3759 4349 in

434 4404 538 4457 pro
567 4394 633 4441 eo
662 4388 899 4446 dicatur.
927 4394 983 4441 et
1003 4387 1225 4457 iustitia
1250 4389 1372 4457 ejus
1402 4404 1503 4458 per
1520 4395 1704 4443 totum
1735 4387 1915 4458 ipsum
1938 4392 2033 4439 tm-
2054 4381 2102 4440 D
2124 4394 2355 4449 domum
2379 4398 2565 4460 πθδ
2596 4392 2970 4451 inﬁrmorum,
2996 4390 3191 4444 eodem
3228 4390 3413 4444 modo
3439 4388 3762 4443 considera-

436 4491 571 4528 num
603 4476 673 4528 ad
701 4490 952 4529 mensam
979 4476 1196 4529 abbatis
1226 4477 1475 4546 quotidie
1504 4488 1630 4530 cum
1678 4476 1861 4529 tribus
1905 4474 2034 4545 pul-

437 4563 641 4616 menﬁs
668 4564 855 4617 danda
874 4564 1213 4634 pauperibus
1228 4571 1475 4635 ponatur
1517 4564 1686 4620 Omni
1711 4580 1858 4618 anno
1883 4562 2039 4617 anni-

440 4651 720 4705 versarius
743 4652 863 4705 dies
894 4653 1092 4707 mortis
1123 4654 1243 4723 ejus
1272 4654 1465 4707 festive
1486 4652 1818 4707 celebretur.

1055 4741 1288 4797 CAPUT
1318 4741 1417 4797 III.

1081 4831 1153 4885 De
1190 4832 1404 4900 priore.

514 4920 746 4973 Servata
768 4916 955 4972 abbati
994 4918 1051 4972 in
1081 4919 1341 4974 omnibus
1372 4920 1707 4984 reverentia,
1739 4919 1910 4989 prior,
1945 4920 2039 4990 qui

438 5013 496 5062 et
521 5009 858 5079 praepositus
886 5008 945 5062 in
972 5010 1168 5078 regula
1191 5009 1536 5075 nominatur,
1550 5007 1934 5062 honorabilior
1957 5015 2043 5062 est

439 5098 673 5168 reliquis
701 5098 976 5152 ministris
1005 5099 1204 5153 domus
1229 5097 1349 5152 Dei.
1379 5098 1505 5169 Ipse
1531 5098 1683 5152 solus
1711 5103 2040 5151 caeterorum

440 5187 831 5242 ministrorum
885 5188 1134 5258 primum
1187 5200 1302 5241 suae
1338 5187 1517 5258 partis
1565 5187 1749 5241 locum
1780 5186 1950 5241 habet
1980 5188 2039 5241 in

439 5276 629 5342 choro,
679 5277 741 5330 in
779 5274 1044 5348 capitulo,
1092 5277 1151 5330 in
1195 5276 1508 5331 'refectorio.
1561 5276 1673 5346 Ipsi
1716 5276 1820 5330 soli
1870 5277 2041 5331 servit

440 5367 700 5420 sacerdos
722 5366 792 5420 de
819 5366 1104 5421 thuribulo
1134 5366 1263 5437 post
1280 5364 1560 5433 abbatem,
1594 5366 1664 5419 ad
1703 5380 1959 5437 vesperas
1984 5370 2040 5420 et

440 5455 512 5509 ad
548 5456 856 5510 matutinas
878 5456 1092 5522 laudes,
1126 5456 1568 5527 quotiescunque
1588 5455 1659 5509 ad
1688 5455 1913 5509 easdem
1943 5456 2041 5509 ho-

440 5559 534 5600 ras
544 5532 947 5600 circumfertur
954 5543 1307 5600 thui-ibuhfm
1326 5556 1430 5616 per
1714 5541 1799 5599 Ea
1815 5556 2038 5616 quoqtm

2119 4488 2281 4537 turus
2311 4486 2504 4535 utrum
2536 4494 2729 4534 omnes
2758 4479 2818 4533 in
2837 4478 2997 4533 lectis
3017 4478 3133 4532 suis
3149 4479 3275 4548 jam
3318 4478 3599 4533 collocati
3630 4475 3763 4541 sint,

2121 4578 2178 4625 et
2196 4570 2445 4624 habeant
2475 4586 2534 4623 se
2560 4568 2809 4633 silenter,
2843 4574 2900 4621 et
2928 4566 3185 4622 omnibus
3214 4566 3421 4621 modis
3475 4563 3764 4636 regulari—

2122 4668 2230 4719 ter,
2262 4658 2407 4714 sicut
2428 4672 2547 4712 mos
2604 4662 2707 4712 est.
2734 4658 3037 4711 Revertens
3085 4670 3319 4727 quoque
3374 4657 3441 4710 in
3494 4654 3771 4709 dormito-

2122 4746 2270 4800 rium
2302 4746 2407 4799 hoc
2426 4744 2576 4798 idem
2605 4744 2938 4797 consideret.

2195 4836 2260 4889 In
2310 4836 2496 4888 hieme
2546 4837 2735 4887 autem
2779 4832 2847 4885 ad
2906 4828 3267 4885 intervallum
3304 4830 3476 4902 quod
3519 4832 3590 4885 fit
3626 4830 3778 4883 inter

2126 4931 2435 4978 nocturnas
2465 4928 2522 4977 et
2549 4920 2856 4975 matutinas
2886 4920 3098 4984 laudes,
3134 4919 3181 4972 si
3232 4921 3448 4990 major
3474 4920 3646 4991 prior
3675 4916 3775 4970 ab-

2125 5018 2230 5076 est,
2271 5012 2528 5067 eamdem
2557 5010 2759 5064 circam
2814 5009 2947 5063 facit
2978 5024 3146 5079 quam
3179 5009 3491 5078 majorem
3523 5008 3781 5081 priorem

2124 5101 2327 5156 debere
2358 5101 2540 5155 facere
2566 5098 2823 5171 superius
2851 5098 3060 5151 dictum
3106 5102 3210 5159 est,
3243 5108 3394 5151 enm
3430 5100 3496 5152 in
3521 5102 3780 5152 tractatu

2123 5190 2351 5245 mensis.
2384 5188 2713 5245 Novembris
2741 5187 2810 5242 de
2839 5187 2943 5240 hec
2962 5184 3259 5240 intervallo
3295 5202 3514 5242 sermo
3546 5187 3782 5243 fuisset.

2123 5279 2279 5334 Facit
2310 5284 2367 5333 et
2386 5278 2560 5333 aliam
2590 5276 2818 5337 circam,
2863 5292 3007 5340 cum,
3059 5274 3443 5331 tardantibus
3497 5276 3781 5348 vesper-is.

2124 5368 2421 5422 servitores
2446 5372 2613 5421 nocte
2636 5364 2695 5419 in
2725 5364 3023 5420 refectorio
3047 5370 3298 5430 coenant,
3328 5366 3400 5419 et
3430 5366 3661 5421 fratres
3691 5363 3789 5437 qui

2122 5456 2322 5526 majOri
2354 5464 2523 5510 cmnze
2551 5453 2947 5521 interfuemnt,
2975 5452 3222 5508 accensis
3266 5452 3702 5511 luminaribus
3728 5455 3789 5507 in

2120 5546 2366 5619 capitalia
2397 5554 2491 5602 eas
2515 5544 2867 5618 exspectant;
2906 5542 3169 5599 circumit
3202 5542 3375 5598 enim
3422 5550 3583 5602 tunc
3620 5557 3797 5618 supe-
