3852 6178
212 217 282 278 435
1064 192 1399 269 nnc-sm
1436 190 1578 269 mo
1617 189 1893 268 namss
1929 195 1987 268 s.
2030 188 2433 268 sesumam.
3273 194 3378 278 456

209 346 287 400 rius
306 335 422 396 dicta
440 327 569 402 106a,
603 337 904 391 obsiti-trans
934 338 1005 391 ne
1034 329 1208 406 aliqui
1233 334 1327 408 qui
1344 331 1470 391 cu‘m
1493 330 1705 391 caeteris
1723 341 1770 398 A
1865 330 1992 390 Haec
2023 330 2335 397 sunthoraé',
2364 333 2563 406 quibus
2583 350 2646 389 ex
2667 333 3068 393 consuetudine
3085 339 3377 398 circumire

211 438 247 488 in
263 429 446 502 capitulo
471 427 660 480 sedere
692 417 953 488 debeant,
986 419 1178 479 otiosis
1207 425 1406 488 verbis,
1427 433 1525 479 aut
1544 426 1708 479 alicui
1790 419 2012 488 debent,
2039 421 2292 496 quamvis
2318 431 2373 477 et
2404 424 2524 477 aliis
2551 424 2721 488 ho'ris,
2765 426 2811 479 si
2844 425 3035 490 abbas,
3094 431 3178 484 vel
3227 433 3379 502 prior

208 518 369 574 mimi
384 515 672 570 intendant.
698 514 856 576 Quod
873 527 999 566 cum
1021 512 1240 577 accidit,
1271 513 1318 566 si
1340 519 1498 567 tanta
1532 515 1708 568 noctis
1791 514 1864 567 ita
1881 520 2136 584 oportere
2151 511 2812 583 judicaVeritCOmpletis
2824 514 3377 588 tribusorationibus',

208 609 435 663 obscuritas
449 603 928 665 est,a'ccendantur
951 601 1323 654 luminariain
1344 603 1704 666 monasterio,
1793 607 1930 671 quas
1959 598 2261 654 conventus
2291 600 2423 653 facit
2473 605 2602 652 ante
2635 602 2896 670 psalmos,
2928 620 3066 673 quos
3096 609 3228 661 ante
3275 626 3380 663 no-

206 699 394 756 claustro,
425 690 762 750 dormitorio,
800 697 864 744 ut
892 693 1157 744 exeuntes
1188 691 1257 742 ab
1288 697 1525 760 utraque
1553 707 1711 744 omna
1793 698 1992 742 cturna
2019 689 2202 742 dicere
2233 688 2395 751 sOlet,
2429 692 2562 741 tunc
2591 689 2760 753 enim,
2795 706 3023 744 accensa
3050 692 3281 749 candela
3321 698 3381 750 in

205 786 364 838 meam
383 795 474 851 quo
505 781 831 849 procedant
1793 780 2079 841 absconsa,
2115 793 2260 830 unus
2290 793 2482 829 eorum
2517 777 2573 828 in
2605 776 2934 831 dormitorio
2963 779 3127 834 debet
3150 783 3381 838 circum-

251 865 494 926 Servitores
537 884 668 921 vero
717 872 1010 936 surgentes
1052 884 1083 920 a
1115 884 1292 927 coena.
1333 874 1463 921 ante
1492 869 1712 938 capitu-
1792 870 1874 922 ire
1904 869 2076 921 lectos
2097 867 2368 930 omnium,
2403 871 2459 918 et
2478 865 2666 918 omnia
2694 866 2890 919 sedilia
2944 868 3000 921 in
3056 875 3384 929 necessariis

203 964 297 1023 lum,
321 954 430 1012 tunc
450 958 513 1011 ad
553 957 957 1010 monasterium
985 957 1208 1012 vad‘ant.
1252 955 1326 1008 Et
1371 958 1504 1009 dum
1532 963 1712 1010 trans-
1793 949 2025 1009 sollicite
2046 955 2424 1019 considerans,
2449 955 2672 1008 neforte
2689 955 2889 1025 aliquis
2905 957 3381 1017 fraterdormicn's

205 1055 296 1102 eunt
317 1054 424 1100 ante
465 1046 789 1115 capitulum,
837 1046 1111 1098 incurvati
1161 1049 1292 1097 eant
1349 1043 1712 1114 quoadusque
1794 1042 1869 1095 ibi
1891 1043 2258 1107 remanSerit;
2290 1043 2488 1094 dehinc
2535 1048 2851 1096 revertatur
2878 1045 2934 1097 in
2959 1051 3380 1118 monasterium,

203 1141 525 1208 pertranseant.
557 1137 704 1187 Ante
724 1133 1014 1186 introitum
1044 1136 1233 1185 tamen
1262 1131 1491 1202 capituli
1519 1149 1578 1184 sc
1609 1130 1714 1184 eri-
1795 1137 1849 1184 et
1871 1131 2172 1185 circumeat
2195 1131 2383 1209 omnia
2415 1131 2616 1184 altaria
2672 1131 2728 1183 in
2760 1134 2988 1202 cryptis,
3039 1141 3091 1188 et
3141 1154 3264 1207 quae
3319 1155 3384 1193 ex

203 1232 311 1295 gent,
337 1229 382 1276 et
398 1223 545 1276 solito
568 1217 726 1274 more
754 1222 824 1274 ad
853 1221 1124 1274 orientem
1151 1221 1293 1274 versi
1313 1221 1604 1298 humiliter
1633 1220 1713 1272 in-
1796 1227 2032 1291 utraque
2063 1226 2224 1290 parte
2256 1221 2410 1273 chori
2442 1220 2638 1273 subtus
2667 1227 2829 1287 sunt;
2862 1228 3172 1295 caeteraqu
3196 1243 3385 1281 mona-

199 1315 366 1366 clinent.
394 1308 603 1365 Fratres
637 1321 859 1380 quoque
888 1310 981 1380 qui
1012 1311 1067 1362 in
1089 1311 1334 1380 capitulo
1355 1309 1568 1371 sedent,
1592 1310 1712 1362 sur-
1794 1310 1950 1364 sterii
1972 1311 2108 1372 loca,
2161 1309 2254 1363 ubi
2291 1309 2530 1379 suspicio
2568 1310 2774 1379 poterit
2815 1328 2935 1363 esse
2971 1312 3268 1382 diligenter
3297 1312 3390 1370 ob-

201 1406 338 1470 gentes
359 1418 386 1452 a
411 1396 626 1452 sedibus
654 1399 789 1465 suis,
823 1391 933 1452 illis
968 1398 1392 1452 transeuntibus
1423 1398 1712 1452 humiliter
1791 1402 2041 1456 servans.
2075 1416 2146 1451 ne
2174 1399 2376 1468 aliquis
2401 1400 2573 1451 frater
2591 1399 2668 1452 ibi
2689 1400 2951 1463 dormiat,
2976 1403 3061 1455 vel
3079 1404 3281 1472 jaceat,
3307 1405 3393 1459 vel

196 1489 472 1544 seinclinare
500 1487 726 1540 debent.
1791 1485 2109 1540 inordinate
2134 1489 2344 1540 sedeat.
2381 1489 2664 1556 Sanguine
2686 1505 2814 1542 vero
2845 1489 3067 1555 minuti,
3102 1497 3155 1545 et
3181 1495 3313 1564 aegri
3337 1500 3392 1546 et

246 1577 544 1646 Quaecunque
575 1577 757 1645 major
805 1575 954 1644 prior
1009 1576 1142 1629 dum
1174 1575 1232 1628 in
1263 1575 1602 1629 monaSterio
1633 1581 1718 1628 est
1799 1576 2011 1629 debiles
2033 1595 2101 1630 ne
2123 1577 2438 1630 clamentur
2467 1577 2523 1629 in
2554 1577 2818 1646 capitulo,
2872 1579 2918 1630 si
2961 1596 3026 1631 ea
3077 1581 3215 1634 hora
3246 1584 3393 1636 inve-

198 1665 427 1718 concedere
456 1669 638 1734 potest
668 1663 751 1716 vel
802 1663 1118 1733 prohibere,
1180 1664 1368 1718 ulcisci
1397 1666 1589 1734 culpas
1630 1665 2045 1750 veaniantur,
2106 1665 2348 1718 sedendo
2396 1666 2640 1735 quidem,
2671 1681 2780 1718 non
2820 1666 3054 1734 jacendo
3083 1670 3388 1739 quiescere.

197 1753 434 1822 indulgere,
457 1753 570 1804 haec
599 1765 821 1821 quoque
850 1751 1004 1820 prior
1023 1744 1252 1805 claustri
1273 1753 1502 1804 absente
1535 1768 1600 1804 eo
1627 1752 1713 1805 fa-
1737 1744 1775 1750 ”
1798 1755 2039 1807 Caeteros
2069 1771 2193 1806 vero
2215 1753 2692 1826 cumdormientes
2713 1754 2940 1818 invenit,
2982 1773 3092 1810 non
3127 1775 3221 1812 eos
3251 1775 3392 1829 quo-

197 1859 282 1895 cere
324 1848 496 1912 potest,
562 1840 807 1910 eitceptis
864 1839 1171 1909 majoribus
1218 1840 1417 1902 causis,
1452 1857 1590 1910 quas
1632 1842 1714 1892 vel
1799 1858 2017 1910 cunque
2055 1838 2218 1894 modio
2249 1847 2462 1910 tangat,
2496 1829 2591 1894 sed
2631 1843 2899 1906 modeste,
2938 1849 3106 1914 atque
3133 1847 3391 1902 ‘ordinate

197 1931 322 1999 ipsius
344 1930 551 1998 majoris
583 1929 787 2000 prioris
819 1931 904 1982 Vel
951 1930 1168 1983 abbatis
1192 1930 1402 1999 judicio
1435 1946 1715 1983 reservare
1799 1931 2046 1982 sonitum
2077 1931 2468 2003 tantummodo
2499 1943 2607 2000 quo
2631 1932 2959 1997 excitentur,
2993 1935 3182 1989 faciat.

198 2019 346 2085 debet;
374 2019 677 2089 ubicunque
707 2019 791 2072 vel
818 2013 873 2072 in
896 2019 1209 2083 refectorio,
1245 2019 1329 2071 vel
1366 2018 1424 2070 in
1452 2018 1714 2087 capitulo,
1873 2018 2031 2071 Circa
2076 2019 2434 2072 medietatem
2464 2019 2691 2073 secundi
2723 2020 3000 2086 nocturni,
3038 2028 3094 2076 et
3117 2017 3306 2089 σεῦε)
3335 2027 3394 2080 in

199 2109 275 2160 sive
297 2109 343 2161 in
368 2110 620 2174 claustro,
639 2108 753 2162 sive
775 2115 929 2161 extra
943 2109 1268 2168 claustrum,
1286 2107 1504 2174 assurgi
1519 2107 1720 2160 debere
1800 2107 2058 2160 laudibus
2085 2108 2372 2176 paululum
2396 2114 2524 2160 ante
2555 2109 2791 2161 Laudato
2821 2107 3121 2164 Dominum
3145 2115 3208 2166 de
3229 2119 3391 2182 cast-is,

199 2196 342 2264 majori
378 2196 538 2266 priori
597 2197 858 2265 superius
917 2196 1128 2249 dictum
1157 2203 1276 2259 est;
1312 2195 1541 2248 absente
1597 2195 1718 2265 ipso
1801 2213 2033 2249 accensa
2063 2197 2293 2250 candela
2351 2197 2404 2250 in
2448 2197 2735 2262 absconsa,
2791 2199 3096 2253 circumeat
3131 2203 3398 2272 praedicta

194 2286 351 2353 majore
376 2285 568 2355 priOre,
599 2283 728 2338 huic
755 2285 1016 2338 similiter
1048 2285 1266 2353 assurgi
1293 2284 1476 2337 debet.
1803 2285 2128 2338 monasterii
2143 2286 2280 2348 loca,
2324 2284 2624 2339 observans
2637 2288 2824 2340 omnia
2844 2301 2964 2359 quae
2981 2293 3236 2361 superius
3249 2294 3397 2348 dicta

739 2374 972 2427 CAPUT
1003 2374 1096 2426 IV.
1803 2381 1952 2427 sunt.
1972 2375 2035 2428 In
2054 2373 2141 2426 die
2154 2381 2339 2428 autem
2357 2375 2662 2428 circumeat
2684 2383 2808 2446 post
2829 2379 3170 2434 offerendam
3213 2382 3396 2436 mino—

623 2464 696 2516 De
723 2463 1193 2516 cirwmitor'ibus.
1805 2463 1880 2515 ris
1903 2469 1959 2515 et
1993 2464 2222 2531 majoris
2253 2466 2454 2525 missae,
2491 2470 2548 2516 et
2585 2473 2710 2534 post
2743 2483 2978 2528 ccenam,
3013 2485 3136 2522 cum
3170 2468 3255 2522 bis
3285 2470 3397 2524 l’ra-

241 2548 594 2604 Circumitores
622 2550 967 2610 monasterii,
990 2566 1129 2619 quos
1149 2550 1260 2603 alio
1285 2550 1510 2602 nomine
1530 2549 1720 2602 Circas
1802 2558 1918 2605 tres
1939 2553 2218 2614 reficiunt,
2245 2557 2300 2604 et
2320 2557 2444 2621 post
2463 2551 2782 2622 prandium,
2819 2573 2944 2608 cum
2977 2558 3399 2612 semel.Vadant

193 2639 512 2705 vocant,juxta
532 2639 717 2692 sancti
741 2638 1028 2692 Benedicti
1057 2641 1280 2703 (regqu
1308 2653 1428 2706 cap.
1455 2636 1544 2702 48)
1576 2651 1720 2716 prae-
1805 2641 1863 2693 in
1894 2641 2002 2693 fine
2036 2640 2230 2709 vigilia:
2260 2641 2686 2695 Defunctorum.
2715 2643 2964 2712 Surgant
2991 2646 3157 2698 etiam
3170 2663 3314 2716 saepe
3330 2647 3398 2700 de

191 2734 358 2795 ceptum
381 2733 534 2785 certis
567 2731 723 2784 boris
745 2731 1038 2784 circumire
1063 2730 1268 2783 debent
1294 2729 1617 2783 monasterii
1649 2728 1724 2780 of-
1806 2729 2040 2799 prandio
2068 2736 2166 2782 aut
2194 2745 2368 2793 coena,
2400 2743 2509 2782 non
2540 2746 2734 2784 omnes
2766 2732 3013 2801 quidem,
3062 2735 3154 2786 sed
3203 2736 3397 2803 aliqui,

191 2814 351 2882 licinas,
373 2819 725 2873 observantes
745 2820 989 2873 incurias
1007 2826 1064 2872 et
1091 2820 1465 2888 negligentias
1488 2819 1722 2870 fratrum
1761 2889 1785 2891 _
1807 2834 1930 2871 cum
1950 2818 2305 2887 suspicantur
2332 2834 2390 2870 se
2422 2818 2745 2871 inventuros
2767 2820 2978 2889 aliquid
3024 2823 3399 2891 negligentia),

192 2908 229 2954 et
244 2907 407 2959 statuti
433 2909 649 2962 ordinis
683 2907 1188 2978 praevaricationes.
1745 2889 1790 2947 C
1808 2907 1912 2960 hoc
1942 2923 2068 2959 vero
2094 2922 2203 2959 non
2236 2907 2398 2975 longe
2420 2925 2454 2959 a
2482 2907 2774 2961 refectorio
2796 2910 2913 2971 fiat,
2939 2916 3020 2976 ut,
3055 2911 3100 2963 si
3127 2927 3266 2982 opus
3285 2913 3402 2964 fue-

239 2992 316 3046 Isti
341 2996 612 3065 eligantur
655 2998 726 3051 de
755 2997 926 3051 totius
957 2996 1280 3050 monasterii
1314 2995 1637 3049 melioribus
1668 2999 1724 3047 et
1807 2997 1899 3060 rit,
1933 2996 2120 3048 statim
2154 2994 2370 3065 possint
2393 3005 2684 3049 occurrere
2730 3012 2857 3052 cum
2890 2998 3033 3063 aliis,
3080 3001 3149 3053 ad
3181 3017 3401 3054 versum

189 3081 608 3148 prudentioribus,
639 3085 736 3155 qui
769 3101 872 3138 nec
901 3086 1178 3138 malitiose
1222 3099 1322 3154 pro
1352 3085 1565 3154 privato
1596 3084 1725 3137 odio
1809 3084 1902 3154 qui
1937 3084 2092 3137 finito
2123 3083 2358 3153 prandio
2398 3085 2479 3137 vel
2510 3101 2664 3138 coena
2685 3086 2920 3153 dicitur;
2971 3089 3062 3142 isti
3092 3095 3307 3143 attente
3347 3096 3404 3145 et

193 3181 384 3238 unquam
433 3175 739 3228 clamorem
786 3175 854 3227 de
897 3174 1143 3244 quolibet
1187 3175 1393 3227 iaciant
1425 3192 1438 3240 ;
1493 3191 1593 3226 nec
1625 3189 1726 3244 pro
1810 3179 2128 3226 reverenter
2149 3173 2412 3226 audiendi
2443 3181 2574 3227 sunt
2602 3175 2659 3227 in
2677 3176 2942 3246 capitulo.
2968 3175 3188 3233 Auditis
3205 3179 3284 3233 eis
3309 3181 3402 3250 qui

189 3257 352 3323 privata
388 3263 638 3317 amicitia
694 3264 1060 3333 negligentias
1109 3263 1428 3332 aliquorum
1483 3267 1723 3315 taceant.
1812 3265 2009 3330 sponte
2039 3260 2227 3313 venias
2255 3265 2473 3332 petunt,
2505 3262 2743 3316 istorum
2775 3271 2861 3318 est
2888 3266 3100 3335 primos
3130 3268 3403 3320 clamores

191 3343 414 3403 Numerus
440 3363 638 3405 eorum
666 3353 742 3405 sit
785 3353 1090 3406 secundum
1143 3351 1466 3404 facultatem
1520 3351 1625 3403 loci
1675 3357 1730 3404 et
1813 3347 2011 3401 facere.

188 3439 518 3493 necessitatem
549 3441 668 3504 rei;
728 3441 784 3493 hi
811 3441 1070 3508 religiose
1092 3435 1148 3493 et
1176 3440 1450 3504 ordinate,
1489 3439 1729 3492 maxime
2401 3438 2503 3490 CA
2521 3438 2562 3492 P
2582 3439 2626 3492 U
2643 3440 2686 3493 T
2743 3441 2807 3492 V.

192 3519 230 3572 in
250 3524 638 3594 circumeundo,
673 3529 878 3583 debent
900 3530 1157 3583 incedere
1182 3535 1236 3582 et
1261 3529 1572 3598 exemplum
1599 3529 1730 3581 reli-
2453 3527 2522 3579 [)c
2554 3534 2794 3582 cantare.

189 3611 324 3675 gionis
348 3617 666 3671 videntibus
695 3619 1008 3672 ostendere.
1050 3620 1195 3671 Dum
1217 3618 1731 3682 circumeunt,nulli
1887 3612 2112 3668 Cantor.
2139 3609 2384 3678 quandiu
2416 3610 2586 3664 abbas
2616 3612 2673 3665 in
2706 3616 3044 3669 monasterio
3077 3624 3160 3671 est
3176 3633 3408 3673 conven-

191 3701 357 3769 signum
386 3707 614 3769 faciant,
647 3707 788 3759 nulli
818 3718 1160 3776 qmecunque
1182 3698 1468 3759 occasione
1495 3706 1732 3775 loquan-
1817 3703 1938 3751 tum
1968 3715 2224 3767 sequens,
2258 3716 2367 3752 non
2399 3701 2675 3754 scribatur
2695 3702 2753 3754 in
2773 3703 2963 3757 tabula
2985 3705 3052 3757 ad
3093 3707 3407 3774 lectionem,

190 3798 266 3848 tur.
286 3795 515 3850 studiose
547 3801 777 3849 tantum
803 3795 1175 3866 negligentias
1197 3800 1255 3849 et
1279 3795 1616 3848 offensiones
1643 3795 1732 3847 in-
1816 3788 1900 3839 vel
1929 3788 1995 3840 ad
2029 3788 2466 3857 responsorium,
2501 3794 2562 3842 ut
2605 3791 2861 3845 videlicet
2915 3794 2961 3846 si
3019 3795 3161 3848 forte
3224 3796 3409 3850 abbati

191 3880 391 3946 spiciam,
413 3892 469 3937 et
496 3887 674 3938 taeite
709 3890 1125 3955 praetereuntes,
1161 3885 1229 3936 de
1259 3884 1337 3937 eis
1355 3889 1547 3953 postea
1572 3884 1628 3936 in
1651 3901 1736 3937 ca.
1817 3876 2168 3929 commodum
2197 3892 2308 3928 non
2340 3876 2504 3928 fuerit
2536 3877 2720 3946 legere
2749 3886 2847 3931 aut
2869 3886 3111 3933 cantare.
3147 3883 3252 3950 ipsi
3290 3885 3409 3937 sine

188 3967 321 4034 pitulo
345 3972 617 4027 clamores
655 3972 882 4026 faciunt,
1820 3981 1976 4019 mora
2006 3981 2105 4033 pro
2133 3980 2196 4015 eo
2229 3963 2546 4016 inveniatur
2581 3969 2829 4034 paratus.
2869 3968 3008 4020 Cum
3068 3986 3194 4023 vero
3240 3970 3411 4023 abbas

240 4058 352 4111 Cum
368 4069 558 4114 autem
571 4069 735 4115 εχει-ε
753 4062 1057 4114 claustrum
1080 4059 1371 4112 inveniunt
1387 4055 1604 4128 aliquos
1619 4060 1734 4112 fm-
1818 4058 1976 4103 extra
2005 4051 2406 4103 monasterium
2431 4053 2512 4104 vel
2538 4053 2690 4104 intra
2727 4056 3147 4121 monasterium,
3181 4073 3415 4110 conven-

191 4146 273 4196 tris
293 4146 594 4218 loquentes,
629 4150 799 4202 simul
839 4155 1142 4218 assurgunt
1172 4147 1252 4200 eis
1280 4147 1385 4217 ipsi
1424 4141 1731 4217 loquentes,
1817 4145 1938 4192 tum
1970 4139 2127 4208 sequi
2151 4155 2262 4191 non
2308 4145 2509 4208 potest,
2558 4140 2615 4192 in
2671 4141 2854 4193 locum
2899 4142 3073 4212 ipsius
3140 4144 3417 4198 scribatur

191 4229 393 4304 dicatque
413 4238 665 4292 eisunus
689 4245 903 4303 eOrum,
942 4238 987 4290 si
1021 4237 1101 4290 ita
1133 4241 1236 4300 est,
1273 4233 1404 4306 quia
1433 4243 1532 4306 per
1569 4237 1737 4290 licen-
1815 4227 2014 4283 Cantor
2065 4227 2122 4278 in
2166 4226 2357 4279 tabula
2403 4227 2473 4280 ad
2538 4228 2834 4282 lectionem
2883 4236 2939 4283 et
2985 4232 3054 4284 ad
3115 4239 3414 4303 responso-

191 4317 288 4372 tiam
313 4323 378 4376 ibi
406 4325 743 4396 loquuntur.
779 4325 1174 4379 Circumitores
1214 4325 1359 4386 vero,
1415 4318 1518 4377 nec
1573 4317 1989 4379 verboDl‘ium.

189 4421 260 4459 nec
275 4411 414 4480 signo
430 4414 481 4467 ei
501 4414 907 4485 respondeant,
952 4413 1048 4466 sed
1072 4413 1320 4465 modeste
1337 4418 1736 4482 pertranseun-
1893 4405 2223 4475 Quicunque
2251 4406 2498 4459 lecturus
2517 4411 2616 4459 aut
2642 4412 2970 4462 cantaturus
3007 4417 3090 4464 est
3120 4412 3332 4482 aliquid
3359 4414 3417 4467 in

189 4501 264 4556 tes,
287 4499 488 4556 intenta
515 4520 661 4556 aure
691 4502 1049 4566 subaudiant,
1081 4503 1287 4570 neipsa
1303 4501 1472 4554 verba
1487 4502 1739 4556 sintinu-
1822 4495 2182 4554 monasterio,
2219 4495 2265 4548 si
2295 4505 2522 4549 necesSe
2548 4495 2735 4563 habet,
2764 4497 2833 4550 ab
2855 4515 2920 4551 eo
2945 4499 3271 4571 priusquam
3290 4504 3422 4558 inci-

187 4585 290 4652 lilia,
336 4609 453 4660 qua:
491 4610 611 4646 non
663 4599 918 4662 oporteat
945 4591 1073 4644 dici.
1109 4591 1249 4644 Cum
1278 4595 1466 4643 autem
1498 4603 1623 4644 cum
1653 4592 1738 4644 fa,-
1823 4583 1942 4654 piat
1969 4583 2135 4638 debet
2162 4585 2497 4638 ausuultare.

188 4678 319 4740 mulo,
348 4698 443 4734 seu
473 4699 608 4735 cum
658 4681 768 4735 alio
799 4680 1048 4751 quolibet
1099 4679 1238 4732 laico
1296 4678 1590 4733 inVeniunt
1644 4681 1742 4733 ali-
1894 4681 2074 4751 Ipsius
2095 4687 2179 4735 est
2207 4682 2358 4734 Omni
2389 4681 2527 4736 hora
2558 4683 2792 4737 sollicite
2831 4686 3121 4755 providere
3177 4703 3246 4743 ne
3302 4701 3422 4745 cv‘e-

186 4779 315 4830 quem
347 4769 582 4824 fratrem
616 4769 962 4840 loquentem,
986 4783 1098 4822 non
1124 4767 1207 4821 est
1222 4782 1341 4821 mos
1363 4769 1556 4838 utipse
1569 4769 1745 4822 frater
1824 4771 1944 4824 nia't
1973 4771 2314 4840 negligentia
2333 4771 2394 4824 in
2429 4777 2763 4842 quocunque
2795 4773 3063 4846 obsequio
3094 4778 3241 4847 quod
3265 4779 3331 4832 ﬁt
3363 4781 3422 4834 in

187 4866 402 4926 assurgat
446 4860 688 4914 cuilibet
717 4859 907 4914 eorum
935 4864 1036 4912 aut
1072 4857 1222 4910 dicat
1276 4858 1356 4911 eis
1413 4858 1739 4928 quidquam.
1827 4861 2193 4914 monasterio.

184 4938 462 5014 Nunquam,
498 4950 636 5002 cum
666 4948 1033 5011 circumeunt,
1065 4945 1269 4999 debent
1301 4945 1467 4999 simul
1497 4946 1597 5011 ire,
1648 4947 1746 5000 sed
1900 4949 1958 5003 Si
1997 4949 2122 5020 quis
2150 4949 2450 5003 obliviosus
2505 4967 2619 5004 non
2669 4952 2983 5023 incoeperit,
3019 4972 3145 5009 cum
3174 4957 3422 5028 incipere

187 5043 298 5085 unus
325 5036 444 5102 hac,
477 5044 536 5092 et
569 5039 716 5092 alter
746 5038 891 5101 illac,
924 5036 1227 5090 secundum
1259 5036 1407 5104 quod
1433 5033 1745 5105 inj’unctam
1829 5037 1994 5092 debet
2018 5039 2454 5116 responsoriu‘m,
2489 5046 2589 5093 aut
2617 5042 3003 5112 antiphonam,
3038 5051 3136 5098 aut
3153 5046 3301 5098 aliud
3324 5045 3424 5098 liu-

187 5134 337 5177 Curam
367 5126 518 5180 inter
537 5144 605 5180 se
633 5126 938 5186 diviserint,
975 5133 1032 5179 et
1059 5125 1246 5192 abbas,
1279 5125 1364 5179 vel
1388 5125 1544 5195 prior
1565 5125 1644 5179 eis
1665 5141 1750 5178 or-
1824 5128 2090 5197 jus‘modi.
2120 5128 2234 5181 sive
2271 5128 2326 5181 in
2361 5129 2554 5182 eodem
2581 5131 2697 5197 jam
2731 5130 2871 5185 bene
2917 5132 3176 5202 incmpto,
3235 5134 3422 5203 aliquo

190 5208 436 5268 (llMYC'l'it.
497 5217 770 5270 Oﬁicinas
798 5216 1124 5271 monasterii
1151 5210 1442 5286 nunquam
1492 5231 1593 5285 pro
1644 5216 1749 5269 hac
1829 5216 1997 5270 modo
2018 5217 2340 5282 deviaveri't,
2363 5217 2483 5287 ipse
2513 5217 2678 5272 debet
2707 5237 2826 5274 esse
2855 5221 3108 5290 provisus
3129 5227 3296 5290 atque
3323 5235 3423 5292 p‘a-

188 5314 290 5354 cara
313 5303 728 5376 ingrediantur,
761 5305 857 5359 sed
884 5311 988 5375 per
1015 5305 1155 5359 ostia
1170 5298 1364 5360 eorum
1382 5304 1742 5376 prospiciam,
1831 5310 2077 5370 ra'tus,ut
2094 5305 2213 5359 sine
2244 5311 2403 5360 mora
2434 5307 2581 5377 quod
2609 5307 2991 5378 incipiendum
3023 5315 3142 5363 erat
3173 5309 3421 5381 incipiat,

191 5385 221 5437 bi
244 5388 368 5445 forte
414 5393 602 5464 aliqui
629 5393 830 5447 fratres
858 5408 958 5464 per
987 5393 1196 5447 curiam
1226 5389 1434 5448 vadunt
1459 5386 1746 5463 vagantes,
1831 5395 1917 5448 vel
1945 5401 2074 5450 eum
2103 5395 2198 5465 qui
2249 5395 2492 5450 fallendo
2542 5396 2858 5467 deviaverat
2889 5397 2942 5450 in
2968 5397 3113 5452 viam
3141 5399 3376 5454 reducat
3410 5422 3422 5468 ;

192 5485 264 5531 aut
281 5483 442 5551 stam,
472 5482 564 5536 vel
583 5482 820 5536 sedeant
839 5479 1179 5537 fabulantes.
1835 5483 1905 5537 ad
1976 5477 2154 5556 ipsius
2232 5479 2528 5540 arbitrium
2583 5489 2781 5539 cantus
2832 5478 3117 5558 incipitur,
3155 5481 3423 5560 elevatur,
