  <div class='ocr_page' id='page_1' title='image "/cluster/home/n/w/nwhite01/storage/ocr_20150623/150/hvd.32044054760087/249.png"; bbox 0 0 3852 6178; ppageno 0'>
   <div class='ocr_carea' id='block_1_1' title="bbox 361 226 466 282">
    <p class='ocr_par' dir='ltr' id='par_1_1' title="bbox 361 226 466 282">
     <span class='ocr_line' id='line_1_1' title="bbox 361 226 466 282; baseline 0 0"><span class='ocrx_word' id='word_1_1' title='bbox 361 226 466 282; x_wconf 80' lang='grc'><strong>487</strong></span> 
     </span>
    </p>
   </div>
   <div class='ocr_carea' id='block_1_2' title="bbox 1330 222 2631 285">
    <p class='ocr_par' dir='ltr' id='par_1_2' title="bbox 1330 222 2631 285">
     <span class='ocr_line' id='line_1_2' title="bbox 1330 222 2631 285; baseline 0.002 -6"><span class='ocrx_word' id='word_1_2' title='bbox 1330 223 1394 279; x_wconf 92' lang='grc' dir='ltr'><strong>Β.</strong></span> <span class='ocrx_word' id='word_1_3' title='bbox 1437 222 1852 280; x_wconf 82' lang='lat' dir='ltr'><strong>LANFRANCI</strong></span> <span class='ocrx_word' id='word_1_4' title='bbox 1891 222 2253 280; x_wconf 82' lang='lat' dir='ltr'><strong>CANTUAR.</strong></span> <span class='ocrx_word' id='word_1_5' title='bbox 2292 226 2631 285; x_wconf 86' lang='lat' dir='ltr'><strong>ARCHIEP.</strong></span> 
     </span>
    </p>
   </div>
   <div class='ocr_carea' id='block_1_3' title="bbox 3525 250 3630 322">
    <p class='ocr_par' dir='ltr' id='par_1_3' title="bbox 3525 250 3630 322">
     <span class='ocr_line' id='line_1_3' title="bbox 3525 250 3630 322; baseline 0.01 -1"><span class='ocrx_word' id='word_1_6' title='bbox 3525 250 3630 322; x_wconf 74' lang='lat'><strong>483</strong></span> 
     </span>
    </p>
   </div>
   <div class='ocr_carea' id='block_1_4' title="bbox 359 346 3627 430">
    <p class='ocr_par' dir='ltr' id='par_1_4' title="bbox 359 346 3627 430">
     <span class='ocr_line' id='line_1_4' title="bbox 359 346 3627 430; baseline 0.009 -27"><span class='ocrx_word' id='word_1_7' title='bbox 359 351 688 406; x_wconf 90' lang='lat' dir='ltr'><strong>remittitur.</strong></span> <span class='ocrx_word' id='word_1_8' title='bbox 720 350 873 406; x_wconf 81' lang='lat' dir='ltr'><strong>Nulli</strong></span> <span class='ocrx_word' id='word_1_9' title='bbox 895 350 1026 405; x_wconf 87' lang='lat' dir='ltr'><strong>licet</strong></span> <span class='ocrx_word' id='word_1_10' title='bbox 1043 355 1271 405; x_wconf 88' lang='lat' dir='ltr'><strong>cantum</strong></span> <span class='ocrx_word' id='word_1_11' title='bbox 1284 349 1487 413; x_wconf 86' lang='lat' dir='ltr'><strong>levare,</strong></span> <span class='ocrx_word' id='word_1_12' title='bbox 1519 348 1629 402; x_wconf 86' lang='lat' dir='ltr'><strong>nisi</strong></span> <span class='ocrx_word' id='word_1_13' title='bbox 1648 347 1768 418; x_wconf 90' lang='lat' dir='ltr'><strong>ipse</strong></span> <span class='ocrx_word' id='word_1_14' title='bbox 1793 346 1948 417; x_wconf 87' lang='lat' dir='ltr'><strong>prius</strong></span> <span class='ocrx_word' id='word_1_15' title='bbox 1968 350 2013 407; x_wconf 86' lang='lat' dir='ltr'><strong>A</strong></span> <span class='ocrx_word' id='word_1_16' title='bbox 2036 347 2128 402; x_wconf 68' lang='lat' dir='ltr'><strong>tiae</strong></span> <span class='ocrx_word' id='word_1_17' title='bbox 2152 348 2228 403; x_wconf 88' lang='lat' dir='ltr'><strong>sit</strong></span> <span class='ocrx_word' id='word_1_18' title='bbox 2254 355 2319 405; x_wconf 91' lang='lat' dir='ltr'><strong>ut</strong></span> <span class='ocrx_word' id='word_1_19' title='bbox 2346 368 2539 408; x_wconf 89' lang='lat' dir='ltr'><strong>eorum</strong></span> <span class='ocrx_word' id='word_1_20' title='bbox 2569 356 2822 412; x_wconf 88' lang='lat' dir='ltr'><strong>custodia</strong></span> <span class='ocrx_word' id='word_1_21' title='bbox 2852 360 2905 413; x_wconf 89' lang='lat' dir='ltr'><strong>ei</strong></span> <span class='ocrx_word' id='word_1_22' title='bbox 2951 365 3336 423; x_wconf 88' lang='lat' dir='ltr'><strong>commendari</strong></span> <span class='ocrx_word' id='word_1_23' title='bbox 3403 371 3627 430; x_wconf 81' lang='lat' dir='ltr'><strong>debeat.</strong></span> 
     </span>
    </p>
   </div>
   <div class='ocr_carea' id='block_1_5' title="bbox 360 435 1951 511">
    <p class='ocr_par' dir='ltr' id='par_1_5' title="bbox 360 435 1951 511">
     <span class='ocr_line' id='line_1_5' title="bbox 360 435 1951 511; baseline -0.002 -19"><span class='ocrx_word' id='word_1_24' title='bbox 360 438 624 511; x_wconf 87' lang='lat' dir='ltr'><strong>incipiat;</strong></span> <span class='ocrx_word' id='word_1_25' title='bbox 657 440 833 511; x_wconf 85' lang='lat' dir='ltr'><strong>ipsius</strong></span> <span class='ocrx_word' id='word_1_26' title='bbox 862 444 948 493; x_wconf 90' lang='lat' dir='ltr'><strong>est</strong></span> <span class='ocrx_word' id='word_1_27' title='bbox 967 456 1162 494; x_wconf 89' lang='lat' dir='ltr'><strong>omnes</strong></span> <span class='ocrx_word' id='word_1_28' title='bbox 1179 438 1448 492; x_wconf 87' lang='lat' dir='ltr'><strong>fratresin</strong></span> <span class='ocrx_word' id='word_1_29' title='bbox 1467 436 1660 491; x_wconf 89' lang='lat' dir='ltr'><strong>tabula</strong></span> <span class='ocrx_word' id='word_1_30' title='bbox 1677 436 1749 489; x_wconf 91' lang='lat' dir='ltr'><strong>ad</strong></span> <span class='ocrx_word' id='word_1_31' title='bbox 1759 435 1951 490; x_wconf 85' lang='lat' dir='ltr'><strong>omnia</strong></span> 
     </span>
    </p>
   </div>
   <div class='ocr_carea' id='block_1_6' title="bbox 364 525 1948 593">
    <p class='ocr_par' dir='ltr' id='par_1_6' title="bbox 364 525 1948 593">
     <span class='ocr_line' id='line_1_6' title="bbox 364 525 1948 593; baseline -0.004 -10"><span class='ocrx_word' id='word_1_32' title='bbox 364 529 546 583; x_wconf 79' lang='lat' dir='ltr'><strong>officia</strong></span> <span class='ocrx_word' id='word_1_33' title='bbox 574 529 863 593; x_wconf 81' lang='lat' dir='ltr'><strong>adnotare,</strong></span> <span class='ocrx_word' id='word_1_34' title='bbox 914 545 1027 583; x_wconf 91' lang='lat' dir='ltr'><strong>non</strong></span> <span class='ocrx_word' id='word_1_35' title='bbox 1072 527 1422 582; x_wconf 85' lang='lat' dir='ltr'><strong>considerato</strong></span> <span class='ocrx_word' id='word_1_36' title='bbox 1451 525 1828 580; x_wconf 79' lang='lat' dir='ltr'><strong>conversionis</strong></span> <span class='ocrx_word' id='word_1_37' title='bbox 1857 541 1948 578; x_wconf 87' lang='lat' dir='ltr'><strong>or-</strong></span> 
     </span>
    </p>
   </div>
   <div class='ocr_carea' id='block_1_7' title="bbox 354 613 1947 685">
    <p class='ocr_par' dir='ltr' id='par_1_7' title="bbox 354 613 1947 685">
     <span class='ocr_line' id='line_1_7' title="bbox 354 613 1947 685; baseline -0.003 -14"><span class='ocrx_word' id='word_1_38' title='bbox 354 617 503 685; x_wconf 85' lang='lat' dir='ltr'><strong>dine,</strong></span> <span class='ocrx_word' id='word_1_39' title='bbox 531 624 629 671; x_wconf 89' lang='lat' dir='ltr'><strong>aut</strong></span> <span class='ocrx_word' id='word_1_40' title='bbox 653 619 940 671; x_wconf 77' lang='lat' dir='ltr'><strong>voluntate</strong></span> <span class='ocrx_word' id='word_1_41' title='bbox 959 634 1173 680; x_wconf 90' lang='lat' dir='ltr'><strong>eorum,</strong></span> <span class='ocrx_word' id='word_1_42' title='bbox 1208 616 1304 670; x_wconf 89' lang='lat' dir='ltr'><strong>sed</strong></span> <span class='ocrx_word' id='word_1_43' title='bbox 1354 615 1656 669; x_wconf 89' lang='lat' dir='ltr'><strong>secundum</strong></span> <span class='ocrx_word' id='word_1_44' title='bbox 1702 614 1852 684; x_wconf 91' lang='lat' dir='ltr'><strong>quod</strong></span> <span class='ocrx_word' id='word_1_45' title='bbox 1897 613 1947 667; x_wconf 91' lang='lat' dir='ltr'><strong>ei</strong></span> 
     </span>
    </p>
   </div>
   <div class='ocr_carea' id='block_1_8' title="bbox 2652 445 3007 505">
    <p class='ocr_par' dir='ltr' id='par_1_8' title="bbox 2652 445 3007 505">
     <span class='ocr_line' id='line_1_8' title="bbox 2652 445 3007 505; baseline 0.014 -7"><span class='ocrx_word' id='word_1_46' title='bbox 2652 445 2885 502; x_wconf 86' lang='lat' dir='ltr'><strong>CAPUT</strong></span> <span class='ocrx_word' id='word_1_47' title='bbox 2913 449 3007 505; x_wconf 83' lang='lat' dir='ltr'><strong>VI.</strong></span> 
     </span>
    </p>
   </div>
   <div class='ocr_carea' id='block_1_9' title="bbox 2420 533 3213 598">
    <p class='ocr_par' dir='ltr' id='par_1_9' title="bbox 2420 533 3213 598">
     <span class='ocr_line' id='line_1_9' title="bbox 2420 533 3213 598; baseline 0.019 -14"><span class='ocrx_word' id='word_1_48' title='bbox 2420 533 2492 585; x_wconf 81' lang='lat' dir='ltr'><strong>De</strong></span> <span class='ocrx_word' id='word_1_49' title='bbox 2520 538 2811 589; x_wconf 76' lang='lat' dir='ltr'><strong>secretario</strong></span> <span class='ocrx_word' id='word_1_50' title='bbox 2838 554 2931 592; x_wconf 84' lang='lat' dir='ltr'><strong>seu</strong></span> <span class='ocrx_word' id='word_1_51' title='bbox 2960 545 3213 598; x_wconf 73' lang='lat' dir='ltr'><strong>sacrista.</strong></span> 
     </span>
    </p>
   </div>
   <div class='ocr_carea' id='block_1_10' title="bbox 2100 617 3630 696">
    <p class='ocr_par' dir='ltr' id='par_1_10' title="bbox 2100 617 3630 696">
     <span class='ocr_line' id='line_1_10' title="bbox 2100 617 3630 696; baseline 0.018 -27"><span class='ocrx_word' id='word_1_52' title='bbox 2100 617 2185 670; x_wconf 83' lang='lat' dir='ltr'><strong>Ad</strong></span> <span class='ocrx_word' id='word_1_53' title='bbox 2215 620 2499 673; x_wconf 87' lang='lat' dir='ltr'><strong>secretarii</strong></span> <span class='ocrx_word' id='word_1_54' title='bbox 2530 622 2774 679; x_wconf 79' lang='lat' dir='ltr'><strong>officium</strong></span> <span class='ocrx_word' id='word_1_55' title='bbox 2805 627 3052 696; x_wconf 85' lang='lat' dir='ltr'><strong>pertinet</strong></span> <span class='ocrx_word' id='word_1_56' title='bbox 3080 634 3271 689; x_wconf 86' lang='lat' dir='ltr'><strong>omnia</strong></span> <span class='ocrx_word' id='word_1_57' title='bbox 3298 646 3630 696; x_wconf 87' lang='lat' dir='ltr'><strong>ornamenta</strong></span> 
     </span>
    </p>
   </div>
   <div class='ocr_carea' id='block_1_11' title="bbox 353 703 3628 795">
    <p class='ocr_par' dir='ltr' id='par_1_11' title="bbox 353 703 3628 795">
     <span class='ocr_line' id='line_1_11' title="bbox 353 703 3628 795; baseline 0.009 -38"><span class='ocrx_word' id='word_1_58' title='bbox 353 706 530 759; x_wconf 87' lang='lat' dir='ltr'><strong>visum</strong></span> <span class='ocrx_word' id='word_1_59' title='bbox 565 706 751 770; x_wconf 89' lang='lat' dir='ltr'><strong>fuerit,</strong></span> <span class='ocrx_word' id='word_1_60' title='bbox 784 708 1135 760; x_wconf 83' lang='lat' dir='ltr'><strong>honestatem</strong></span> <span class='ocrx_word' id='word_1_61' title='bbox 1178 710 1279 759; x_wconf 88' lang='lat' dir='ltr'><strong>aut</strong></span> <span class='ocrx_word' id='word_1_62' title='bbox 1305 703 1727 758; x_wconf 66' lang='lat' dir='ltr'><strong>aedificationem</strong></span> <span class='ocrx_word' id='word_1_63' title='bbox 1755 703 1815 757; x_wconf 90' lang='lat' dir='ltr'><strong>in</strong></span> <span class='ocrx_word' id='word_1_64' title='bbox 1842 704 1949 757; x_wconf 90' lang='lat' dir='ltr'><strong>hoc</strong></span> <span class='ocrx_word' id='word_1_65' title='bbox 2030 708 2376 774; x_wconf 82' lang='lat' dir='ltr'><strong>monasterii,</strong></span> <span class='ocrx_word' id='word_1_66' title='bbox 2402 714 2459 763; x_wconf 88' lang='lat' dir='ltr'><strong>et</strong></span> <span class='ocrx_word' id='word_1_67' title='bbox 2486 710 2677 765; x_wconf 87' lang='lat' dir='ltr'><strong>omnia</strong></span> <span class='ocrx_word' id='word_1_68' title='bbox 2702 712 3100 787; x_wconf 89' lang='lat' dir='ltr'><strong>instrumenta,</strong></span> <span class='ocrx_word' id='word_1_69' title='bbox 3138 728 3195 776; x_wconf 89' lang='lat' dir='ltr'><strong>et</strong></span> <span class='ocrx_word' id='word_1_70' title='bbox 3222 727 3628 795; x_wconf 88' lang='lat' dir='ltr'><strong>supellectilem</strong></span> 
     </span>
    </p>
   </div>
   <div class='ocr_carea' id='block_1_12' title="bbox 351 794 1074 864">
    <p class='ocr_par' dir='ltr' id='par_1_12' title="bbox 351 794 1074 864">
     <span class='ocr_line' id='line_1_12' title="bbox 351 794 1074 864; baseline 0.003 -19"><span class='ocrx_word' id='word_1_71' title='bbox 351 794 649 864; x_wconf 76' lang='lat' dir='ltr'><strong>vigilanter</strong></span> <span class='ocrx_word' id='word_1_72' title='bbox 676 795 1074 849; x_wconf 88' lang='lat' dir='ltr'><strong>consideranti.</strong></span> 
     </span>
    </p>
   </div>
   <div class='ocr_carea' id='block_1_13' title="bbox 420 880 1943 954">
    <p class='ocr_par' dir='ltr' id='par_1_13' title="bbox 420 880 1943 954">
     <span class='ocr_line' id='line_1_13' title="bbox 420 880 1943 954; baseline -0.002 -17"><span class='ocrx_word' id='word_1_73' title='bbox 420 883 483 937; x_wconf 90' lang='lat' dir='ltr'><strong>In</strong></span> <span class='ocrx_word' id='word_1_74' title='bbox 513 883 907 938; x_wconf 80' lang='lat' dir='ltr'><strong>festivitatibus</strong></span> <span class='ocrx_word' id='word_1_75' title='bbox 934 900 1055 954; x_wconf 68' lang='lat' dir='ltr'><strong>qua:</strong></span> <span class='ocrx_word' id='word_1_76' title='bbox 1081 883 1225 937; x_wconf 85' lang='lat' dir='ltr'><strong>ﬁunt</strong></span> <span class='ocrx_word' id='word_1_77' title='bbox 1269 882 1327 936; x_wconf 93' lang='lat' dir='ltr'><strong>in</strong></span> <span class='ocrx_word' id='word_1_78' title='bbox 1366 880 1576 954; x_wconf 88' lang='lat' dir='ltr'><strong>cappis,</strong></span> <span class='ocrx_word' id='word_1_79' title='bbox 1608 882 1943 935; x_wconf 87' lang='lat' dir='ltr'><strong>secretarius</strong></span> 
     </span>
    </p>
   </div>
   <div class='ocr_carea' id='block_1_14' title="bbox 350 969 1942 1043">
    <p class='ocr_par' dir='ltr' id='par_1_14' title="bbox 350 969 1942 1043">
     <span class='ocr_line' id='line_1_14' title="bbox 350 969 1942 1043; baseline -0.001 -18"><span class='ocrx_word' id='word_1_80' title='bbox 350 970 516 1025; x_wconf 88' lang='lat' dir='ltr'><strong>debet</strong></span> <span class='ocrx_word' id='word_1_81' title='bbox 533 973 740 1042; x_wconf 85' lang='lat' dir='ltr'><strong>eligere</strong></span> <span class='ocrx_word' id='word_1_82' title='bbox 770 973 917 1043; x_wconf 92' lang='lat' dir='ltr'><strong>quod</strong></span> <span class='ocrx_word' id='word_1_83' title='bbox 948 988 1085 1043; x_wconf 85' lang='lat' dir='ltr'><strong>opus</strong></span> <span class='ocrx_word' id='word_1_84' title='bbox 1115 972 1286 1025; x_wconf 88' lang='lat' dir='ltr'><strong>fuerit</strong></span> <span class='ocrx_word' id='word_1_85' title='bbox 1308 972 1377 1024; x_wconf 91' lang='lat' dir='ltr'><strong>de</strong></span> <span class='ocrx_word' id='word_1_86' title='bbox 1404 969 1725 1024; x_wconf 84' lang='lat' dir='ltr'><strong>melioribus</strong></span> <span class='ocrx_word' id='word_1_87' title='bbox 1752 971 1942 1040; x_wconf 88' lang='lat' dir='ltr'><strong>cappis</strong></span> 
     </span>
    </p>
   </div>
   <div class='ocr_carea' id='block_1_15' title="bbox 349 1060 1943 1132">
    <p class='ocr_par' dir='ltr' id='par_1_15' title="bbox 349 1060 1943 1132">
     <span class='ocr_line' id='line_1_15' title="bbox 349 1060 1943 1132; baseline 0 -19"><span class='ocrx_word' id='word_1_88' title='bbox 349 1077 541 1115; x_wconf 87' lang='lat' dir='ltr'><strong>earum</strong></span> <span class='ocrx_word' id='word_1_89' title='bbox 569 1078 691 1132; x_wconf 65' lang='lat' dir='ltr'><strong>qua)</strong></span> <span class='ocrx_word' id='word_1_90' title='bbox 720 1061 842 1132; x_wconf 90' lang='lat' dir='ltr'><strong>ipso</strong></span> <span class='ocrx_word' id='word_1_91' title='bbox 870 1061 960 1115; x_wconf 89' lang='lat' dir='ltr'><strong>die</strong></span> <span class='ocrx_word' id='word_1_92' title='bbox 981 1061 1260 1115; x_wconf 84' lang='lat' dir='ltr'><strong>habentur</strong></span> <span class='ocrx_word' id='word_1_93' title='bbox 1283 1061 1340 1114; x_wconf 89' lang='lat' dir='ltr'><strong>in</strong></span> <span class='ocrx_word' id='word_1_94' title='bbox 1368 1061 1557 1120; x_wconf 89' lang='lat' dir='ltr'><strong>choro,</strong></span> <span class='ocrx_word' id='word_1_95' title='bbox 1589 1067 1645 1113; x_wconf 89' lang='lat' dir='ltr'><strong>et</strong></span> <span class='ocrx_word' id='word_1_96' title='bbox 1674 1066 1803 1114; x_wconf 86' lang='lat' dir='ltr'><strong>ante</strong></span> <span class='ocrx_word' id='word_1_97' title='bbox 1841 1060 1943 1113; x_wconf 88' lang='lat' dir='ltr'><strong>ini-</strong></span> 
     </span>
    </p>
   </div>
   <div class='ocr_carea' id='block_1_16' title="bbox 344 1148 1941 1221">
    <p class='ocr_par' dir='ltr' id='par_1_16' title="bbox 344 1148 1941 1221">
     <span class='ocr_line' id='line_1_16' title="bbox 344 1148 1941 1221; baseline -0.001 -19"><span class='ocrx_word' id='word_1_98' title='bbox 344 1148 489 1203; x_wconf 89' lang='lat' dir='ltr'><strong>tium</strong></span> <span class='ocrx_word' id='word_1_99' title='bbox 509 1150 693 1204; x_wconf 76' lang='lat' dir='ltr'><strong>missae</strong></span> <span class='ocrx_word' id='word_1_100' title='bbox 717 1166 924 1221; x_wconf 90' lang='lat' dir='ltr'><strong>ponere</strong></span> <span class='ocrx_word' id='word_1_101' title='bbox 953 1166 1047 1204; x_wconf 88' lang='lat' dir='ltr'><strong>eas</strong></span> <span class='ocrx_word' id='word_1_102' title='bbox 1074 1167 1244 1220; x_wconf 89' lang='lat' dir='ltr'><strong>supra</strong></span> <span class='ocrx_word' id='word_1_103' title='bbox 1264 1150 1514 1203; x_wconf 86' lang='lat' dir='ltr'><strong>dextram</strong></span> <span class='ocrx_word' id='word_1_104' title='bbox 1546 1148 1785 1203; x_wconf 87' lang='lat' dir='ltr'><strong>formam</strong></span> <span class='ocrx_word' id='word_1_105' title='bbox 1815 1149 1941 1202; x_wconf 81' lang='lat' dir='ltr'><strong>clio-</strong></span> 
     </span>
    </p>
   </div>
   <div class='ocr_carea' id='block_1_17' title="bbox 347 1237 1940 1307">
    <p class='ocr_par' dir='ltr' id='par_1_17' title="bbox 347 1237 1940 1307">
     <span class='ocr_line' id='line_1_17' title="bbox 347 1237 1940 1307; baseline -0.001 -15"><span class='ocrx_word' id='word_1_106' title='bbox 347 1238 413 1292; x_wconf 88' lang='lat' dir='ltr'><strong>ri.</strong></span> <span class='ocrx_word' id='word_1_107' title='bbox 451 1239 660 1293; x_wconf 87' lang='lat' dir='ltr'><strong>Cantor</strong></span> <span class='ocrx_word' id='word_1_108' title='bbox 682 1255 812 1293; x_wconf 86' lang='lat' dir='ltr'><strong>vero</strong></span> <span class='ocrx_word' id='word_1_109' title='bbox 842 1238 1144 1293; x_wconf 82' lang='lat' dir='ltr'><strong>distribuat</strong></span> <span class='ocrx_word' id='word_1_110' title='bbox 1182 1255 1278 1292; x_wconf 88' lang='lat' dir='ltr'><strong>eas</strong></span> <span class='ocrx_word' id='word_1_111' title='bbox 1329 1237 1595 1292; x_wconf 85' lang='lat' dir='ltr'><strong>fratribus</strong></span> <span class='ocrx_word' id='word_1_112' title='bbox 1649 1238 1760 1291; x_wconf 89' lang='lat' dir='ltr'><strong>illis</strong></span> <span class='ocrx_word' id='word_1_113' title='bbox 1801 1254 1940 1307; x_wconf 87' lang='lat' dir='ltr'><strong>quos</strong></span> 
     </span>
    </p>
   </div>
   <div class='ocr_carea' id='block_1_18' title="bbox 346 1326 1939 1397">
    <p class='ocr_par' dir='ltr' id='par_1_18' title="bbox 346 1326 1939 1397">
     <span class='ocr_line' id='line_1_18' title="bbox 346 1326 1939 1397; baseline 0 -17"><span class='ocrx_word' id='word_1_114' title='bbox 346 1343 534 1381; x_wconf 90' lang='lat' dir='ltr'><strong>secum</strong></span> <span class='ocrx_word' id='word_1_115' title='bbox 559 1328 618 1380; x_wconf 92' lang='lat' dir='ltr'><strong>in</strong></span> <span class='ocrx_word' id='word_1_116' title='bbox 646 1328 815 1382; x_wconf 88' lang='lat' dir='ltr'><strong>choro</strong></span> <span class='ocrx_word' id='word_1_117' title='bbox 845 1327 1052 1381; x_wconf 90' lang='lat' dir='ltr'><strong>habere</strong></span> <span class='ocrx_word' id='word_1_118' title='bbox 1073 1328 1346 1395; x_wconf 80' lang='lat' dir='ltr'><strong>voluerit;</strong></span> <span class='ocrx_word' id='word_1_119' title='bbox 1378 1327 1502 1397; x_wconf 90' lang='lat' dir='ltr'><strong>ipsa</strong></span> <span class='ocrx_word' id='word_1_120' title='bbox 1529 1326 1680 1380; x_wconf 82' lang='lat' dir='ltr'><strong>enim</strong></span> <span class='ocrx_word' id='word_1_121' title='bbox 1727 1343 1939 1397; x_wconf 84' lang='lat' dir='ltr'><strong>cappa-</strong></span> 
     </span>
    </p>
   </div>
   <div class='ocr_carea' id='block_1_19' title="bbox 344 1415 1934 1486">
    <p class='ocr_par' dir='ltr' id='par_1_19' title="bbox 344 1415 1934 1486">
     <span class='ocr_line' id='line_1_19' title="bbox 344 1415 1934 1486; baseline 0 -18"><span class='ocrx_word' id='word_1_122' title='bbox 344 1432 468 1470; x_wconf 90' lang='lat' dir='ltr'><strong>rum</strong></span> <span class='ocrx_word' id='word_1_123' title='bbox 501 1415 821 1470; x_wconf 88' lang='lat' dir='ltr'><strong>distributio</strong></span> <span class='ocrx_word' id='word_1_124' title='bbox 861 1434 1057 1470; x_wconf 91' lang='lat' dir='ltr'><strong>eorum</strong></span> <span class='ocrx_word' id='word_1_125' title='bbox 1112 1421 1198 1470; x_wconf 91' lang='lat' dir='ltr'><strong>est</strong></span> <span class='ocrx_word' id='word_1_126' title='bbox 1227 1417 1297 1469; x_wconf 91' lang='lat' dir='ltr'><strong>ad</strong></span> <span class='ocrx_word' id='word_1_127' title='bbox 1346 1416 1653 1486; x_wconf 89' lang='lat' dir='ltr'><strong>regendum</strong></span> <span class='ocrx_word' id='word_1_128' title='bbox 1700 1415 1934 1469; x_wconf 87' lang='lat' dir='ltr'><strong>chorum</strong></span> 
     </span>
    </p>
   </div>
   <div class='ocr_carea' id='block_1_20' title="bbox 345 1504 1935 1575">
    <p class='ocr_par' dir='ltr' id='par_1_20' title="bbox 345 1504 1935 1575">
     <span class='ocr_line' id='line_1_20' title="bbox 345 1504 1935 1575; baseline 0 -18"><span class='ocrx_word' id='word_1_129' title='bbox 345 1505 654 1565; x_wconf 81' lang='lat' dir='ltr'><strong>advocatio,</strong></span> <span class='ocrx_word' id='word_1_130' title='bbox 707 1506 1003 1575; x_wconf 90' lang='lat' dir='ltr'><strong>nullusque</strong></span> <span class='ocrx_word' id='word_1_131' title='bbox 1051 1521 1244 1559; x_wconf 88' lang='lat' dir='ltr'><strong>eorum</strong></span> <span class='ocrx_word' id='word_1_132' title='bbox 1275 1511 1405 1558; x_wconf 89' lang='lat' dir='ltr'><strong>ante</strong></span> <span class='ocrx_word' id='word_1_133' title='bbox 1439 1506 1607 1557; x_wconf 80' lang='lat' dir='ltr'><strong>finem</strong></span> <span class='ocrx_word' id='word_1_134' title='bbox 1639 1504 1822 1558; x_wconf 67' lang='lat' dir='ltr'><strong>missze</strong></span> <span class='ocrx_word' id='word_1_135' title='bbox 1865 1504 1935 1557; x_wconf 91' lang='lat' dir='ltr'><strong>de</strong></span> 
     </span>
    </p>
   </div>
   <div class='ocr_carea' id='block_1_21' title="bbox 341 1593 1568 1662">
    <p class='ocr_par' dir='ltr' id='par_1_21' title="bbox 341 1593 1568 1662">
     <span class='ocr_line' id='line_1_21' title="bbox 341 1593 1568 1662; baseline -0.002 -15"><span class='ocrx_word' id='word_1_136' title='bbox 341 1594 510 1647; x_wconf 90' lang='lat' dir='ltr'><strong>choro</strong></span> <span class='ocrx_word' id='word_1_137' title='bbox 540 1593 706 1647; x_wconf 90' lang='lat' dir='ltr'><strong>debet</strong></span> <span class='ocrx_word' id='word_1_138' title='bbox 736 1594 995 1647; x_wconf 88' lang='lat' dir='ltr'><strong>recedere</strong></span> <span class='ocrx_word' id='word_1_139' title='bbox 1026 1593 1296 1662; x_wconf 80' lang='lat' dir='ltr'><strong>sineejus</strong></span> <span class='ocrx_word' id='word_1_140' title='bbox 1327 1593 1568 1646; x_wconf 87' lang='lat' dir='ltr'><strong>licentia.</strong></span> 
     </span>
    </p>
   </div>
   <div class='ocr_carea' id='block_1_22' title="bbox 2030 796 3619 887">
    <p class='ocr_par' dir='ltr' id='par_1_22' title="bbox 2030 796 3619 887">
     <span class='ocr_line' id='line_1_22' title="bbox 2030 796 3619 887; baseline 0.018 -41"><span class='ocrx_word' id='word_1_141' title='bbox 2030 809 2152 862; x_wconf 58' lang='lat' dir='ltr'><strong>quae</strong></span> <span class='ocrx_word' id='word_1_142' title='bbox 2180 796 2250 848; x_wconf 93' lang='lat' dir='ltr'><strong>ad</strong></span> <span class='ocrx_word' id='word_1_143' title='bbox 2284 797 2469 867; x_wconf 89' lang='lat' dir='ltr'><strong>ipsum</strong></span> <span class='ocrx_word' id='word_1_144' title='bbox 2522 803 2925 859; x_wconf 83' lang='lat' dir='ltr'><strong>monasterium</strong></span> <span class='ocrx_word' id='word_1_145' title='bbox 2982 810 3266 878; x_wconf 87' lang='lat' dir='ltr'><strong>pertineat</strong></span> <span class='ocrx_word' id='word_1_146' title='bbox 3316 818 3619 887; x_wconf 89' lang='lat' dir='ltr'><strong>custodire,</strong></span> 
     </span>
    </p>
   </div>
   <div class='ocr_carea' id='block_1_23' title="bbox 2028 881 3624 977">
    <p class='ocr_par' dir='ltr' id='par_1_23' title="bbox 2028 881 3624 977">
     <span class='ocr_line' id='line_1_23' title="bbox 2028 881 3624 977; baseline 0.018 -42"><span class='ocrx_word' id='word_1_147' title='bbox 2028 881 2194 977; x_wconf 76' lang='lat' dir='ltr'><strong>horas</strong></span> <span class='ocrx_word' id='word_1_148' title='bbox 2246 887 2528 977; x_wconf 71' lang='lat' dir='ltr'><strong>proazdere</strong></span> <span class='ocrx_word' id='word_1_149' title='bbox 2579 889 2664 958; x_wconf 82' lang='lat' dir='ltr'><strong>[f.,</strong></span> <span class='ocrx_word' id='word_1_150' title='bbox 2697 894 3007 961; x_wconf 87' lang='lat' dir='ltr'><strong>providere,</strong></span> <span class='ocrx_word' id='word_1_151' title='bbox 3064 903 3143 953; x_wconf 77' lang='lat' dir='ltr'><strong>vel</strong></span> <span class='ocrx_word' id='word_1_152' title='bbox 3186 903 3534 977; x_wconf 70' lang='lat' dir='ltr'><strong>praevidere],</strong></span> <span class='ocrx_word' id='word_1_153' title='bbox 3564 881 3624 963; x_wconf 81' lang='lat' dir='ltr'><strong>in</strong></span> 
     </span>
    </p>
   </div>
   <div class='ocr_carea' id='block_1_24' title="bbox 2025 971 3625 1060">
    <p class='ocr_par' dir='ltr' id='par_1_24' title="bbox 2025 971 3625 1060">
     <span class='ocr_line' id='line_1_24' title="bbox 2025 971 3625 1060; baseline 0.018 -37"><span class='ocrx_word' id='word_1_154' title='bbox 2025 971 2320 1060; x_wconf 82' lang='lat' dir='ltr'><strong>duodecim</strong></span> <span class='ocrx_word' id='word_1_155' title='bbox 2351 976 2685 1033; x_wconf 88' lang='lat' dir='ltr'><strong>lectionibus</strong></span> <span class='ocrx_word' id='word_1_156' title='bbox 2714 985 3077 1050; x_wconf 87' lang='lat' dir='ltr'><strong>pronuntiato</strong></span> <span class='ocrx_word' id='word_1_157' title='bbox 3105 988 3404 1060; x_wconf 79' lang='lat' dir='ltr'><strong>Evangelia</strong></span> <span class='ocrx_word' id='word_1_158' title='bbox 3424 971 3625 1051; x_wconf 47' lang='lat' dir='ltr'><strong>in-ter-</strong></span> 
     </span>
    </p>
   </div>
   <div class='ocr_carea' id='block_1_25' title="bbox 2025 1058 3619 1156">
    <p class='ocr_par' dir='ltr' id='par_1_25' title="bbox 2025 1058 3619 1156">
     <span class='ocr_line' id='line_1_25' title="bbox 2025 1058 3619 1156; baseline 0.018 -45"><span class='ocrx_word' id='word_1_159' title='bbox 2025 1058 2101 1112; x_wconf 90' lang='lat' dir='ltr'><strong>tio</strong></span> <span class='ocrx_word' id='word_1_160' title='bbox 2129 1068 2422 1131; x_wconf 90' lang='lat' dir='ltr'><strong>nocturno,</strong></span> <span class='ocrx_word' id='word_1_161' title='bbox 2452 1071 2509 1119; x_wconf 91' lang='lat' dir='ltr'><strong>et</strong></span> <span class='ocrx_word' id='word_1_162' title='bbox 2535 1066 2591 1120; x_wconf 90' lang='lat' dir='ltr'><strong>in</strong></span> <span class='ocrx_word' id='word_1_163' title='bbox 2616 1066 2826 1123; x_wconf 89' lang='lat' dir='ltr'><strong>festivis</strong></span> <span class='ocrx_word' id='word_1_164' title='bbox 2857 1074 3083 1142; x_wconf 83' lang='lat' dir='ltr'><strong>octavis,</strong></span> <span class='ocrx_word' id='word_1_165' title='bbox 3119 1058 3297 1133; x_wconf 75' lang='lat' dir='ltr'><strong>altare</strong></span> <span class='ocrx_word' id='word_1_166' title='bbox 3327 1081 3619 1156; x_wconf 91' lang='lat' dir='ltr'><strong>discoope-</strong></span> 
     </span>
    </p>
   </div>
   <div class='ocr_carea' id='block_1_26' title="bbox 2022 1148 3621 1241">
    <p class='ocr_par' dir='ltr' id='par_1_26' title="bbox 2022 1148 3621 1241">
     <span class='ocr_line' id='line_1_26' title="bbox 2022 1148 3621 1241; baseline 0.019 -41"><span class='ocrx_word' id='word_1_167' title='bbox 2022 1148 2156 1214; x_wconf 86' lang='lat' dir='ltr'><strong>rire,</strong></span> <span class='ocrx_word' id='word_1_168' title='bbox 2189 1156 2401 1206; x_wconf 79' lang='lat' dir='ltr'><strong>textum</strong></span> <span class='ocrx_word' id='word_1_169' title='bbox 2431 1158 2569 1208; x_wconf 91' lang='lat' dir='ltr'><strong>tunc</strong></span> <span class='ocrx_word' id='word_1_170' title='bbox 2610 1155 2669 1209; x_wconf 90' lang='lat' dir='ltr'><strong>in</strong></span> <span class='ocrx_word' id='word_1_171' title='bbox 2698 1159 3020 1215; x_wconf 87' lang='lat' dir='ltr'><strong>vestiarium</strong></span> <span class='ocrx_word' id='word_1_172' title='bbox 3050 1172 3296 1235; x_wconf 88' lang='lat' dir='ltr'><strong>portare,</strong></span> <span class='ocrx_word' id='word_1_173' title='bbox 3329 1187 3496 1241; x_wconf 86' lang='lat' dir='ltr'><strong>quem</strong></span> <span class='ocrx_word' id='word_1_174' title='bbox 3520 1148 3621 1228; x_wconf 67' lang='lat' dir='ltr'><strong>sa-</strong></span> 
     </span>
    </p>
   </div>
   <div class='ocr_carea' id='block_1_27' title="bbox 2021 1238 3621 1333">
    <p class='ocr_par' dir='ltr' id='par_1_27' title="bbox 2021 1238 3621 1333">
     <span class='ocr_line' id='line_1_27' title="bbox 2021 1238 3621 1333; baseline 0.018 -43"><span class='ocrx_word' id='word_1_175' title='bbox 2021 1238 2216 1292; x_wconf 89' lang='lat' dir='ltr'><strong>cerdos</strong></span> <span class='ocrx_word' id='word_1_176' title='bbox 2245 1241 2407 1306; x_wconf 82' lang='lat' dir='ltr'><strong>ferat,</strong></span> <span class='ocrx_word' id='word_1_177' title='bbox 2443 1260 2568 1297; x_wconf 89' lang='lat' dir='ltr'><strong>cum</strong></span> <span class='ocrx_word' id='word_1_178' title='bbox 2598 1244 2656 1299; x_wconf 90' lang='lat' dir='ltr'><strong>in</strong></span> <span class='ocrx_word' id='word_1_179' title='bbox 2685 1263 2861 1319; x_wconf 86' lang='lat' dir='ltr'><strong>cappa</strong></span> <span class='ocrx_word' id='word_1_180' title='bbox 2912 1268 3011 1321; x_wconf 87' lang='lat' dir='ltr'><strong>per</strong></span> <span class='ocrx_word' id='word_1_181' title='bbox 3058 1254 3309 1326; x_wconf 84' lang='lat' dir='ltr'><strong>singulos</strong></span> <span class='ocrx_word' id='word_1_182' title='bbox 3337 1238 3456 1316; x_wconf 82' lang='lat' dir='ltr'><strong>dies</strong></span> <span class='ocrx_word' id='word_1_183' title='bbox 3484 1280 3621 1333; x_wconf 83' lang='lat' dir='ltr'><strong>pro-</strong></span> 
     </span>
    </p>
   </div>
   <div class='ocr_carea' id='block_1_28' title="bbox 2021 1329 3617 1421">
    <p class='ocr_par' dir='ltr' id='par_1_28' title="bbox 2021 1329 3617 1421">
     <span class='ocr_line' id='line_1_28' title="bbox 2021 1329 3617 1421; baseline 0.018 -42"><span class='ocrx_word' id='word_1_184' title='bbox 2021 1329 2249 1383; x_wconf 91' lang='lat' dir='ltr'><strong>cesserit</strong></span> <span class='ocrx_word' id='word_1_185' title='bbox 2274 1331 2345 1384; x_wconf 89' lang='lat' dir='ltr'><strong>ad</strong></span> <span class='ocrx_word' id='word_1_186' title='bbox 2371 1332 2568 1399; x_wconf 90' lang='lat' dir='ltr'><strong>altare,</strong></span> <span class='ocrx_word' id='word_1_187' title='bbox 2602 1337 2876 1392; x_wconf 85' lang='lat' dir='ltr'><strong>sacerdoti</strong></span> <span class='ocrx_word' id='word_1_188' title='bbox 2906 1339 2976 1394; x_wconf 88' lang='lat' dir='ltr'><strong>ab</strong></span> <span class='ocrx_word' id='word_1_189' title='bbox 2998 1342 3160 1398; x_wconf 88' lang='lat' dir='ltr'><strong>altari</strong></span> <span class='ocrx_word' id='word_1_190' title='bbox 3189 1346 3260 1400; x_wconf 90' lang='lat' dir='ltr'><strong>ad</strong></span> <span class='ocrx_word' id='word_1_191' title='bbox 3288 1329 3617 1421; x_wconf 78' lang='lat' dir='ltr'><strong>analogium</strong></span> 
     </span>
    </p>
   </div>
   <div class='ocr_carea' id='block_1_29' title="bbox 2019 1419 3615 1501">
    <p class='ocr_par' dir='ltr' id='par_1_29' title="bbox 2019 1419 3615 1501">
     <span class='ocr_line' id='line_1_29' title="bbox 2019 1419 3615 1501; baseline 0.018 -33"><span class='ocrx_word' id='word_1_192' title='bbox 2019 1432 2240 1472; x_wconf 86' lang='lat' dir='ltr'><strong>reverso</strong></span> <span class='ocrx_word' id='word_1_193' title='bbox 2271 1419 2600 1475; x_wconf 89' lang='lat' dir='ltr'><strong>absconsam</strong></span> <span class='ocrx_word' id='word_1_194' title='bbox 2630 1428 3023 1483; x_wconf 73' lang='lat' dir='ltr'><strong>cum‘candela</strong></span> <span class='ocrx_word' id='word_1_195' title='bbox 3041 1432 3383 1501; x_wconf 83' lang='lat' dir='ltr'><strong>ministrare,</strong></span> <span class='ocrx_word' id='word_1_196' title='bbox 3418 1419 3615 1495; x_wconf 53' lang='lat' dir='ltr'><strong>finitae</strong></span> 
     </span>
    </p>
   </div>
   <div class='ocr_carea' id='block_1_30' title="bbox 2018 1508 3620 1599">
    <p class='ocr_par' dir='ltr' id='par_1_30' title="bbox 2018 1508 3620 1599">
     <span class='ocr_line' id='line_1_30' title="bbox 2018 1508 3620 1599; baseline 0.017 -41"><span class='ocrx_word' id='word_1_197' title='bbox 2018 1522 2127 1575; x_wconf 91' lang='lat' dir='ltr'><strong>que</strong></span> <span class='ocrx_word' id='word_1_198' title='bbox 2155 1508 2386 1563; x_wconf 88' lang='lat' dir='ltr'><strong>collecta</strong></span> <span class='ocrx_word' id='word_1_199' title='bbox 2409 1513 2664 1567; x_wconf 86' lang='lat' dir='ltr'><strong>eamdem</strong></span> <span class='ocrx_word' id='word_1_200' title='bbox 2688 1514 3014 1575; x_wconf 86' lang='lat' dir='ltr'><strong>absconsam</strong></span> <span class='ocrx_word' id='word_1_201' title='bbox 3037 1522 3303 1594; x_wconf 85' lang='lat' dir='ltr'><strong>recipere,</strong></span> <span class='ocrx_word' id='word_1_202' title='bbox 3333 1532 3389 1581; x_wconf 87' lang='lat' dir='ltr'><strong>ct</strong></span> <span class='ocrx_word' id='word_1_203' title='bbox 3418 1535 3620 1599; x_wconf 85' lang='lat' dir='ltr'><strong>postea</strong></span> 
     </span>
    </p>
   </div>
   <div class='ocr_carea' id='block_1_31' title="bbox 2016 1599 2901 1672">
    <p class='ocr_par' dir='ltr' id='par_1_31' title="bbox 2016 1599 2901 1672">
     <span class='ocr_line' id='line_1_31' title="bbox 2016 1599 2901 1672; baseline 0.012 -25"><span class='ocrx_word' id='word_1_204' title='bbox 2016 1599 2231 1650; x_wconf 84' lang='lat' dir='ltr'><strong>textum</strong></span> <span class='ocrx_word' id='word_1_205' title='bbox 2262 1614 2469 1668; x_wconf 90' lang='lat' dir='ltr'><strong>ponere</strong></span> <span class='ocrx_word' id='word_1_206' title='bbox 2508 1618 2677 1672; x_wconf 90' lang='lat' dir='ltr'><strong>super</strong></span> <span class='ocrx_word' id='word_1_207' title='bbox 2705 1604 2901 1660; x_wconf 88' lang='lat' dir='ltr'><strong>altare.</strong></span> 
     </span>
    </p>
   </div>
   <div class='ocr_carea' id='block_1_32' title="bbox 410 1660 3618 1774">
    <p class='ocr_par' dir='ltr' id='par_1_32' title="bbox 410 1660 3618 1774">
     <span class='ocr_line' id='line_1_32' title="bbox 410 1660 3618 1774; baseline 0.009 -42"><span class='ocrx_word' id='word_1_208' title='bbox 410 1678 622 1732; x_wconf 89' lang='lat' dir='ltr'><strong>Cantor</strong></span> <span class='ocrx_word' id='word_1_209' title='bbox 652 1694 797 1745; x_wconf 70' lang='lat' dir='ltr'><strong>vero,</strong></span> <span class='ocrx_word' id='word_1_210' title='bbox 847 1660 1227 1749; x_wconf 80' lang='lat' dir='ltr'><strong>cujuscunque</strong></span> <span class='ocrx_word' id='word_1_211' title='bbox 1254 1678 1464 1731; x_wconf 86' lang='lat' dir='ltr'><strong>ordinis</strong></span> <span class='ocrx_word' id='word_1_212' title='bbox 1498 1678 1583 1730; x_wconf 89' lang='lat' dir='ltr'><strong>vel</strong></span> <span class='ocrx_word' id='word_1_213' title='bbox 1607 1678 1788 1774; x_wconf 74' lang='lat' dir='ltr'><strong>aetatis</strong></span> <span class='ocrx_word' id='word_1_214' title='bbox 1834 1677 1926 1744; x_wconf 86' lang='lat' dir='ltr'><strong>sit,</strong></span> <span class='ocrx_word' id='word_1_215' title='bbox 1950 1660 1997 1720; x_wconf 84' lang='lat' dir='ltr'><strong>B</strong></span> <span class='ocrx_word' id='word_1_216' title='bbox 2086 1660 2279 1755; x_wconf 44' lang='lat' dir='ltr'><strong>IpSius.</strong></span> <span class='ocrx_word' id='word_1_217' title='bbox 2323 1692 2408 1741; x_wconf 91' lang='lat' dir='ltr'><strong>est</strong></span> <span class='ocrx_word' id='word_1_218' title='bbox 2458 1660 2618 1760; x_wconf 71' lang='lat' dir='ltr'><strong>signa</strong></span> <span class='ocrx_word' id='word_1_219' title='bbox 2658 1693 2902 1762; x_wconf 88' lang='lat' dir='ltr'><strong>pulsare,</strong></span> <span class='ocrx_word' id='word_1_220' title='bbox 2937 1698 3020 1751; x_wconf 91' lang='lat' dir='ltr'><strong>vel</strong></span> <span class='ocrx_word' id='word_1_221' title='bbox 3052 1700 3293 1769; x_wconf 85' lang='lat' dir='ltr'><strong>qualiter</strong></span> <span class='ocrx_word' id='word_1_222' title='bbox 3318 1705 3618 1774; x_wconf 89' lang='lat' dir='ltr'><strong>pulsentur</strong></span> 
     </span>
    </p>
   </div>
   <div class='ocr_carea' id='block_1_33' title="bbox 335 1766 1933 1836">
    <p class='ocr_par' dir='ltr' id='par_1_33' title="bbox 335 1766 1933 1836">
     <span class='ocr_line' id='line_1_33' title="bbox 335 1766 1933 1836; baseline 0 -16"><span class='ocrx_word' id='word_1_223' title='bbox 335 1766 393 1820; x_wconf 92' lang='lat' dir='ltr'><strong>in</strong></span> <span class='ocrx_word' id='word_1_224' title='bbox 424 1767 609 1821; x_wconf 90' lang='lat' dir='ltr'><strong>medio</strong></span> <span class='ocrx_word' id='word_1_225' title='bbox 627 1784 823 1821; x_wconf 87' lang='lat' dir='ltr'><strong>eorum</strong></span> <span class='ocrx_word' id='word_1_226' title='bbox 846 1766 1012 1821; x_wconf 88' lang='lat' dir='ltr'><strong>debet</strong></span> <span class='ocrx_word' id='word_1_227' title='bbox 1040 1784 1161 1821; x_wconf 89' lang='lat' dir='ltr'><strong>esse</strong></span> <span class='ocrx_word' id='word_1_228' title='bbox 1182 1767 1236 1820; x_wconf 90' lang='lat' dir='ltr'><strong>in</strong></span> <span class='ocrx_word' id='word_1_229' title='bbox 1259 1767 1446 1821; x_wconf 89' lang='lat' dir='ltr'><strong>choro.</strong></span> <span class='ocrx_word' id='word_1_230' title='bbox 1482 1766 1933 1836; x_wconf 85' lang='lat' dir='ltr'><strong>Quotiescunque</strong></span> 
     </span>
    </p>
   </div>
   <div class='ocr_carea' id='block_1_34' title="bbox 335 1855 1932 1926">
    <p class='ocr_par' dir='ltr' id='par_1_34' title="bbox 335 1855 1932 1926">
     <span class='ocr_line' id='line_1_34' title="bbox 335 1855 1932 1926; baseline -0.001 -17"><span class='ocrx_word' id='word_1_231' title='bbox 335 1861 520 1910; x_wconf 86' lang='lat' dir='ltr'><strong>textus</strong></span> <span class='ocrx_word' id='word_1_232' title='bbox 546 1861 644 1910; x_wconf 89' lang='lat' dir='ltr'><strong>aut</strong></span> <span class='ocrx_word' id='word_1_233' title='bbox 668 1855 1015 1909; x_wconf 90' lang='lat' dir='ltr'><strong>thuribulum</strong></span> <span class='ocrx_word' id='word_1_234' title='bbox 1039 1856 1273 1909; x_wconf 75' lang='lat' dir='ltr'><strong>affertur</strong></span> <span class='ocrx_word' id='word_1_235' title='bbox 1301 1856 1402 1919; x_wconf 91' lang='lat' dir='ltr'><strong>eis,</strong></span> <span class='ocrx_word' id='word_1_236' title='bbox 1437 1861 1741 1925; x_wconf 88' lang='lat' dir='ltr'><strong>utrumque</strong></span> <span class='ocrx_word' id='word_1_237' title='bbox 1777 1856 1932 1926; x_wconf 86' lang='lat' dir='ltr'><strong>prius</strong></span> 
     </span>
    </p>
   </div>
   <div class='ocr_carea' id='block_1_35' title="bbox 334 1943 1927 2015">
    <p class='ocr_par' dir='ltr' id='par_1_35' title="bbox 334 1943 1927 2015">
     <span class='ocr_line' id='line_1_35' title="bbox 334 1943 1927 2015; baseline 0 -18"><span class='ocrx_word' id='word_1_238' title='bbox 334 1944 551 1998; x_wconf 91' lang='lat' dir='ltr'><strong>cantori</strong></span> <span class='ocrx_word' id='word_1_239' title='bbox 582 1946 867 2008; x_wconf 76' lang='lat' dir='ltr'><strong>offeratur,</strong></span> <span class='ocrx_word' id='word_1_240' title='bbox 894 1945 1003 1998; x_wconf 91' lang='lat' dir='ltr'><strong>nisi</strong></span> <span class='ocrx_word' id='word_1_241' title='bbox 1032 1944 1234 2014; x_wconf 90' lang='lat' dir='ltr'><strong>aliquis</strong></span> <span class='ocrx_word' id='word_1_242' title='bbox 1254 1945 1565 2015; x_wconf 86' lang='lat' dir='ltr'><strong>episcopus,</strong></span> <span class='ocrx_word' id='word_1_243' title='bbox 1610 1945 1694 1997; x_wconf 88' lang='lat' dir='ltr'><strong>vel</strong></span> <span class='ocrx_word' id='word_1_244' title='bbox 1736 1943 1927 2007; x_wconf 85' lang='lat' dir='ltr'><strong>abbas,</strong></span> 
     </span>
    </p>
   </div>
   <div class='ocr_carea' id='block_1_36' title="bbox 335 2032 1931 2103">
    <p class='ocr_par' dir='ltr' id='par_1_36' title="bbox 335 2032 1931 2103">
     <span class='ocr_line' id='line_1_36' title="bbox 335 2032 1931 2103; baseline 0.001 -18"><span class='ocrx_word' id='word_1_245' title='bbox 335 2048 434 2086; x_wconf 90' lang='lat' dir='ltr'><strong>seu</strong></span> <span class='ocrx_word' id='word_1_246' title='bbox 459 2033 640 2102; x_wconf 84' lang='lat' dir='ltr'><strong>major</strong></span> <span class='ocrx_word' id='word_1_247' title='bbox 664 2033 837 2103; x_wconf 88' lang='lat' dir='ltr'><strong>prior,</strong></span> <span class='ocrx_word' id='word_1_248' title='bbox 887 2034 975 2086; x_wconf 88' lang='lat' dir='ltr'><strong>vel</strong></span> <span class='ocrx_word' id='word_1_249' title='bbox 1004 2033 1097 2086; x_wconf 90' lang='lat' dir='ltr'><strong>ille</strong></span> <span class='ocrx_word' id='word_1_250' title='bbox 1138 2033 1236 2102; x_wconf 89' lang='lat' dir='ltr'><strong>qui</strong></span> <span class='ocrx_word' id='word_1_251' title='bbox 1284 2038 1441 2087; x_wconf 88' lang='lat' dir='ltr'><strong>tenet</strong></span> <span class='ocrx_word' id='word_1_252' title='bbox 1468 2033 1722 2087; x_wconf 90' lang='lat' dir='ltr'><strong>ordinem</strong></span> <span class='ocrx_word' id='word_1_253' title='bbox 1753 2032 1830 2086; x_wconf 91' lang='lat' dir='ltr'><strong>ibi</strong></span> <span class='ocrx_word' id='word_1_254' title='bbox 1856 2034 1931 2087; x_wconf 89' lang='lat' dir='ltr'><strong>sit</strong></span> 
     </span>
    </p>
   </div>
   <div class='ocr_carea' id='block_1_37' title="bbox 333 2120 1921 2193">
    <p class='ocr_par' dir='ltr' id='par_1_37' title="bbox 333 2120 1921 2193">
     <span class='ocr_line' id='line_1_37' title="bbox 333 2120 1921 2193; baseline 0.001 -19"><span class='ocrx_word' id='word_1_255' title='bbox 333 2120 482 2175; x_wconf 89' lang='lat' dir='ltr'><strong>inter</strong></span> <span class='ocrx_word' id='word_1_256' title='bbox 530 2137 643 2175; x_wconf 89' lang='lat' dir='ltr'><strong>eos.</strong></span> <span class='ocrx_word' id='word_1_257' title='bbox 725 2122 935 2175; x_wconf 87' lang='lat' dir='ltr'><strong>Cantor</strong></span> <span class='ocrx_word' id='word_1_258' title='bbox 988 2121 1046 2175; x_wconf 89' lang='lat' dir='ltr'><strong>in</strong></span> <span class='ocrx_word' id='word_1_259' title='bbox 1102 2122 1296 2175; x_wconf 84' lang='lat' dir='ltr'><strong>dextro</strong></span> <span class='ocrx_word' id='word_1_260' title='bbox 1337 2122 1506 2175; x_wconf 89' lang='lat' dir='ltr'><strong>choro</strong></span> <span class='ocrx_word' id='word_1_261' title='bbox 1565 2139 1785 2193; x_wconf 90' lang='lat' dir='ltr'><strong>semper</strong></span> <span class='ocrx_word' id='word_1_262' title='bbox 1830 2122 1921 2188; x_wconf 89' lang='lat' dir='ltr'><strong>sit,</strong></span> 
     </span>
    </p>
   </div>
   <div class='ocr_carea' id='block_1_38' title="bbox 337 2198 1925 2280">
    <p class='ocr_par' dir='ltr' id='par_1_38' title="bbox 337 2198 1925 2280">
     <span class='ocr_line' id='line_1_38' title="bbox 337 2198 1925 2280; baseline 0.003 -19"><span class='ocrx_word' id='word_1_263' title='bbox 337 2212 395 2261; x_wconf 92' lang='lat' dir='ltr'><strong>et</strong></span> <span class='ocrx_word' id='word_1_264' title='bbox 421 2208 556 2262; x_wconf 90' lang='lat' dir='ltr'><strong>dum</strong></span> <span class='ocrx_word' id='word_1_265' title='bbox 584 2198 741 2262; x_wconf 87' lang='lat' dir='ltr'><strong>tenet</strong></span> <span class='ocrx_word' id='word_1_266' title='bbox 762 2209 994 2264; x_wconf 88' lang='lat' dir='ltr'><strong>chorum</strong></span> <span class='ocrx_word' id='word_1_267' title='bbox 1028 2208 1299 2279; x_wconf 88' lang='lat' dir='ltr'><strong>quidquid</strong></span> <span class='ocrx_word' id='word_1_268' title='bbox 1328 2209 1540 2280; x_wconf 86' lang='lat' dir='ltr'><strong>incipit,</strong></span> <span class='ocrx_word' id='word_1_269' title='bbox 1595 2211 1709 2264; x_wconf 89' lang='lat' dir='ltr'><strong>sive</strong></span> <span class='ocrx_word' id='word_1_270' title='bbox 1757 2212 1925 2278; x_wconf 75' lang='lat' dir='ltr'><strong>Kyrz&#39;e</strong></span> 
     </span>
    </p>
   </div>
   <div class='ocr_carea' id='block_1_39' title="bbox 329 2297 1922 2371">
    <p class='ocr_par' dir='ltr' id='par_1_39' title="bbox 329 2297 1922 2371">
     <span class='ocr_line' id='line_1_39' title="bbox 329 2297 1922 2371; baseline 0.002 -20"><span class='ocrx_word' id='word_1_271' title='bbox 329 2300 549 2363; x_wconf 77' lang='lat' dir='ltr'><strong>clez‘son,</strong></span> <span class='ocrx_word' id='word_1_272' title='bbox 582 2297 696 2351; x_wconf 86' lang='lat' dir='ltr'><strong>sive</strong></span> <span class='ocrx_word' id='word_1_273' title='bbox 724 2297 875 2352; x_wconf 89' lang='lat' dir='ltr'><strong>aliud</strong></span> <span class='ocrx_word' id='word_1_274' title='bbox 907 2297 1250 2368; x_wconf 90' lang='lat' dir='ltr'><strong>hujusmodi,</strong></span> <span class='ocrx_word' id='word_1_275' title='bbox 1305 2298 1497 2352; x_wconf 86' lang='lat' dir='ltr'><strong>dexter</strong></span> <span class='ocrx_word' id='word_1_276' title='bbox 1537 2299 1739 2353; x_wconf 86' lang='lat' dir='ltr'><strong>chorus</strong></span> <span class='ocrx_word' id='word_1_277' title='bbox 1766 2300 1922 2371; x_wconf 88' lang='lat' dir='ltr'><strong>prius</strong></span> 
     </span>
    </p>
   </div>
   <div class='ocr_carea' id='block_1_40' title="bbox 326 2386 1923 2460">
    <p class='ocr_par' dir='ltr' id='par_1_40' title="bbox 326 2386 1923 2460">
     <span class='ocr_line' id='line_1_40' title="bbox 326 2386 1923 2460; baseline 0.002 -20"><span class='ocrx_word' id='word_1_278' title='bbox 326 2386 598 2457; x_wconf 85' lang='lat' dir='ltr'><strong>suscipiat</strong></span> <span class='ocrx_word' id='word_1_279' title='bbox 626 2387 773 2458; x_wconf 91' lang='lat' dir='ltr'><strong>quod</strong></span> <span class='ocrx_word' id='word_1_280' title='bbox 795 2386 863 2441; x_wconf 88' lang='lat' dir='ltr'><strong>ab</strong></span> <span class='ocrx_word' id='word_1_281' title='bbox 895 2404 960 2441; x_wconf 90' lang='lat' dir='ltr'><strong>eo</strong></span> <span class='ocrx_word' id='word_1_282' title='bbox 988 2387 1292 2458; x_wconf 73' lang='lat' dir='ltr'><strong>incoeptum</strong></span> <span class='ocrx_word' id='word_1_283' title='bbox 1324 2388 1510 2454; x_wconf 89' lang='lat' dir='ltr'><strong>fuerit,</strong></span> <span class='ocrx_word' id='word_1_284' title='bbox 1547 2394 1604 2442; x_wconf 91' lang='lat' dir='ltr'><strong>et</strong></span> <span class='ocrx_word' id='word_1_285' title='bbox 1653 2393 1923 2460; x_wconf 87' lang='lat' dir='ltr'><strong>sequatur</strong></span> 
     </span>
    </p>
   </div>
   <div class='ocr_carea' id='block_1_41' title="bbox 324 2474 530 2547">
    <p class='ocr_par' dir='ltr' id='par_1_41' title="bbox 324 2474 530 2547">
     <span class='ocr_line' id='line_1_41' title="bbox 324 2474 530 2547; baseline 0.005 -20"><span class='ocrx_word' id='word_1_286' title='bbox 324 2474 530 2547; x_wconf 89' lang='lat' dir='ltr'><strong>ipsum.</strong></span> 
     </span>
    </p>
   </div>
   <div class='ocr_carea' id='block_1_42' title="bbox 398 2564 1921 2636">
    <p class='ocr_par' dir='ltr' id='par_1_42' title="bbox 398 2564 1921 2636">
     <span class='ocr_line' id='line_1_42' title="bbox 398 2564 1921 2636; baseline 0.001 -17"><span class='ocrx_word' id='word_1_287' title='bbox 398 2564 606 2619; x_wconf 90' lang='lat' dir='ltr'><strong>Omnes</strong></span> <span class='ocrx_word' id='word_1_288' title='bbox 637 2565 733 2635; x_wconf 91' lang='lat' dir='ltr'><strong>qui</strong></span> <span class='ocrx_word' id='word_1_289' title='bbox 769 2564 827 2618; x_wconf 91' lang='lat' dir='ltr'><strong>in</strong></span> <span class='ocrx_word' id='word_1_290' title='bbox 877 2566 1044 2620; x_wconf 88' lang='lat' dir='ltr'><strong>choro</strong></span> <span class='ocrx_word' id='word_1_291' title='bbox 1066 2571 1217 2629; x_wconf 91' lang='lat' dir='ltr'><strong>sunt,</strong></span> <span class='ocrx_word' id='word_1_292' title='bbox 1250 2566 1501 2621; x_wconf 89' lang='lat' dir='ltr'><strong>inclinati</strong></span> <span class='ocrx_word' id='word_1_293' title='bbox 1535 2566 1760 2636; x_wconf 89' lang='lat' dir='ltr'><strong>quidem</strong></span> <span class='ocrx_word' id='word_1_294' title='bbox 1791 2584 1921 2621; x_wconf 88' lang='lat' dir='ltr'><strong>can-</strong></span> 
     </span>
    </p>
   </div>
   <div class='ocr_carea' id='block_1_43' title="bbox 320 2651 1919 2727">
    <p class='ocr_par' dir='ltr' id='par_1_43' title="bbox 320 2651 1919 2727">
     <span class='ocr_line' id='line_1_43' title="bbox 320 2651 1919 2727; baseline 0.003 -22"><span class='ocrx_word' id='word_1_295' title='bbox 320 2656 445 2706; x_wconf 88' lang='lat' dir='ltr'><strong>tent</strong></span> <span class='ocrx_word' id='word_1_296' title='bbox 463 2651 717 2719; x_wconf 79' lang='lat' dir='ltr'><strong>Sanctus,</strong></span> <span class='ocrx_word' id='word_1_297' title='bbox 745 2660 984 2718; x_wconf 81' lang='lat' dir='ltr'><strong>sanctus,</strong></span> <span class='ocrx_word' id='word_1_298' title='bbox 1018 2661 1259 2720; x_wconf 77' lang='lat' dir='ltr'><strong>sanctus,</strong></span> <span class='ocrx_word' id='word_1_299' title='bbox 1309 2655 1416 2709; x_wconf 91' lang='lat' dir='ltr'><strong>nisi</strong></span> <span class='ocrx_word' id='word_1_300' title='bbox 1454 2672 1645 2710; x_wconf 90' lang='lat' dir='ltr'><strong>versus</strong></span> <span class='ocrx_word' id='word_1_301' title='bbox 1675 2656 1919 2727; x_wconf 82' lang='lat' dir='ltr'><strong>interpo—</strong></span> 
     </span>
    </p>
   </div>
   <div class='ocr_carea' id='block_1_44' title="bbox 322 2742 1918 2811">
    <p class='ocr_par' dir='ltr' id='par_1_44' title="bbox 322 2742 1918 2811">
     <span class='ocr_line' id='line_1_44' title="bbox 322 2742 1918 2811; baseline 0.004 -18"><span class='ocrx_word' id='word_1_302' title='bbox 322 2746 532 2795; x_wconf 89' lang='lat' dir='ltr'><strong>nantur</strong></span> <span class='ocrx_word' id='word_1_303' title='bbox 561 2760 573 2807; x_wconf 90' lang='lat'><strong>;</strong></span> <span class='ocrx_word' id='word_1_304' title='bbox 607 2742 777 2795; x_wconf 88' lang='lat' dir='ltr'><strong>erecti</strong></span> <span class='ocrx_word' id='word_1_305' title='bbox 816 2759 946 2797; x_wconf 87' lang='lat' dir='ltr'><strong>vero</strong></span> <span class='ocrx_word' id='word_1_306' title='bbox 976 2745 1243 2798; x_wconf 73' lang='lat' dir='ltr'><strong>Dominus</strong></span> <span class='ocrx_word' id='word_1_307' title='bbox 1280 2747 1418 2798; x_wconf 78' lang='lat' dir='ltr'><strong>Deus</strong></span> <span class='ocrx_word' id='word_1_308' title='bbox 1448 2746 1691 2811; x_wconf 78' lang='lat' dir='ltr'><strong>sabaolh,</strong></span> <span class='ocrx_word' id='word_1_309' title='bbox 1738 2751 1794 2799; x_wconf 89' lang='lat' dir='ltr'><strong>et</strong></span> <span class='ocrx_word' id='word_1_310' title='bbox 1818 2762 1918 2799; x_wconf 69' lang='lat' dir='ltr'><strong>ca)-</strong></span> 
     </span>
    </p>
   </div>
   <div class='ocr_carea' id='block_1_45' title="bbox 321 2829 1917 2901">
    <p class='ocr_par' dir='ltr' id='par_1_45' title="bbox 321 2829 1917 2901">
     <span class='ocr_line' id='line_1_45' title="bbox 321 2829 1917 2901; baseline 0.003 -20"><span class='ocrx_word' id='word_1_311' title='bbox 321 2834 463 2881; x_wconf 88' lang='lat' dir='ltr'><strong>tera.</strong></span> <span class='ocrx_word' id='word_1_312' title='bbox 504 2829 714 2884; x_wconf 87' lang='lat' dir='ltr'><strong>Cantor</strong></span> <span class='ocrx_word' id='word_1_313' title='bbox 739 2830 898 2884; x_wconf 85' lang='lat' dir='ltr'><strong>etilli</strong></span> <span class='ocrx_word' id='word_1_314' title='bbox 921 2830 1160 2901; x_wconf 89' lang='lat' dir='ltr'><strong>quicum</strong></span> <span class='ocrx_word' id='word_1_315' title='bbox 1187 2848 1251 2885; x_wconf 88' lang='lat' dir='ltr'><strong>eo</strong></span> <span class='ocrx_word' id='word_1_316' title='bbox 1271 2836 1404 2885; x_wconf 90' lang='lat' dir='ltr'><strong>sunt</strong></span> <span class='ocrx_word' id='word_1_317' title='bbox 1425 2837 1603 2885; x_wconf 89' lang='lat' dir='ltr'><strong>totum</strong></span> <span class='ocrx_word' id='word_1_318' title='bbox 1632 2833 1800 2886; x_wconf 89' lang='lat' dir='ltr'><strong>erecti</strong></span> <span class='ocrx_word' id='word_1_319' title='bbox 1828 2850 1917 2886; x_wconf 90' lang='lat' dir='ltr'><strong>ca-</strong></span> 
     </span>
    </p>
   </div>
   <div class='ocr_carea' id='block_1_46' title="bbox 2016 1773 3616 1862">
    <p class='ocr_par' dir='ltr' id='par_1_46' title="bbox 2016 1773 3616 1862">
     <span class='ocr_line' id='line_1_46' title="bbox 2016 1773 3616 1862; baseline 0.018 -38"><span class='ocrx_word' id='word_1_320' title='bbox 2016 1773 2139 1826; x_wconf 88' lang='lat' dir='ltr'><strong>aliis</strong></span> <span class='ocrx_word' id='word_1_321' title='bbox 2167 1774 2433 1838; x_wconf 87' lang='lat' dir='ltr'><strong>indicare,</strong></span> <span class='ocrx_word' id='word_1_322' title='bbox 2467 1778 2536 1832; x_wconf 92' lang='lat' dir='ltr'><strong>de</strong></span> <span class='ocrx_word' id='word_1_323' title='bbox 2564 1780 2718 1835; x_wconf 91' lang='lat' dir='ltr'><strong>nulla</strong></span> <span class='ocrx_word' id='word_1_324' title='bbox 2747 1783 2888 1837; x_wconf 92' lang='lat' dir='ltr'><strong>hora</strong></span> <span class='ocrx_word' id='word_1_325' title='bbox 2901 1788 3154 1843; x_wconf 86' lang='lat' dir='ltr'><strong>sonanda</strong></span> <span class='ocrx_word' id='word_1_326' title='bbox 3173 1807 3207 1844; x_wconf 89' lang='lat' dir='ltr'><strong>a</strong></span> <span class='ocrx_word' id='word_1_327' title='bbox 3225 1773 3417 1862; x_wconf 80' lang='lat' dir='ltr'><strong>quovis</strong></span> <span class='ocrx_word' id='word_1_328' title='bbox 3442 1796 3616 1851; x_wconf 90' lang='lat' dir='ltr'><strong>licen-</strong></span> 
     </span>
    </p>
   </div>
   <div class='ocr_carea' id='block_1_47' title="bbox 2014 1862 3612 1947">
    <p class='ocr_par' dir='ltr' id='par_1_47' title="bbox 2014 1862 3612 1947">
     <span class='ocr_line' id='line_1_47' title="bbox 2014 1862 3612 1947; baseline 0.017 -34"><span class='ocrx_word' id='word_1_329' title='bbox 2014 1862 2151 1915; x_wconf 86' lang='lat' dir='ltr'><strong>tiam</strong></span> <span class='ocrx_word' id='word_1_330' title='bbox 2180 1864 2343 1933; x_wconf 90' lang='lat' dir='ltr'><strong>petit,</strong></span> <span class='ocrx_word' id='word_1_331' title='bbox 2373 1866 2481 1921; x_wconf 88' lang='lat' dir='ltr'><strong>nisi</strong></span> <span class='ocrx_word' id='word_1_332' title='bbox 2507 1867 2576 1921; x_wconf 89' lang='lat' dir='ltr'><strong>de</strong></span> <span class='ocrx_word' id='word_1_333' title='bbox 2614 1870 2733 1923; x_wconf 87' lang='lat' dir='ltr'><strong>sola</strong></span> <span class='ocrx_word' id='word_1_334' title='bbox 2786 1872 2970 1942; x_wconf 87' lang='lat' dir='ltr'><strong>prima</strong></span> <span class='ocrx_word' id='word_1_335' title='bbox 2998 1882 3054 1930; x_wconf 89' lang='lat' dir='ltr'><strong>et</strong></span> <span class='ocrx_word' id='word_1_336' title='bbox 3082 1878 3397 1947; x_wconf 88' lang='lat' dir='ltr'><strong>collatione,</strong></span> <span class='ocrx_word' id='word_1_337' title='bbox 3447 1901 3612 1939; x_wconf 82' lang='lat' dir='ltr'><strong>exce-</strong></span> 
     </span>
    </p>
   </div>
   <div class='ocr_carea' id='block_1_48' title="bbox 2014 1951 3610 2035">
    <p class='ocr_par' dir='ltr' id='par_1_48' title="bbox 2014 1951 3610 2035">
     <span class='ocr_line' id='line_1_48' title="bbox 2014 1951 3610 2035; baseline 0.018 -33"><span class='ocrx_word' id='word_1_338' title='bbox 2014 1954 2108 2018; x_wconf 91' lang='lat' dir='ltr'><strong>pto</strong></span> <span class='ocrx_word' id='word_1_339' title='bbox 2137 1951 2205 2004; x_wconf 93' lang='lat' dir='ltr'><strong>de</strong></span> <span class='ocrx_word' id='word_1_340' title='bbox 2232 1953 2400 2007; x_wconf 89' lang='lat' dir='ltr'><strong>tertia</strong></span> <span class='ocrx_word' id='word_1_341' title='bbox 2427 1959 2485 2008; x_wconf 89' lang='lat' dir='ltr'><strong>et</strong></span> <span class='ocrx_word' id='word_1_342' title='bbox 2513 1958 2775 2028; x_wconf 87' lang='lat' dir='ltr'><strong>vesperis,</strong></span> <span class='ocrx_word' id='word_1_343' title='bbox 2805 1977 2934 2015; x_wconf 91' lang='lat' dir='ltr'><strong>cum</strong></span> <span class='ocrx_word' id='word_1_344' title='bbox 2957 1963 3312 2035; x_wconf 89' lang='lat' dir='ltr'><strong>loquentibus</strong></span> <span class='ocrx_word' id='word_1_345' title='bbox 3335 1970 3610 2030; x_wconf 85' lang='lat' dir='ltr'><strong>fratribus</strong></span> 
     </span>
    </p>
   </div>
   <div class='ocr_carea' id='block_1_49' title="bbox 2011 2037 3605 2126">
    <p class='ocr_par' dir='ltr' id='par_1_49' title="bbox 2011 2037 3605 2126">
     <span class='ocr_line' id='line_1_49' title="bbox 2011 2037 3605 2126; baseline 0.018 -35"><span class='ocrx_word' id='word_1_346' title='bbox 2011 2037 2183 2093; x_wconf 87' lang='lat' dir='ltr'><strong>abbas</strong></span> <span class='ocrx_word' id='word_1_347' title='bbox 2208 2040 2265 2094; x_wconf 92' lang='lat' dir='ltr'><strong>in</strong></span> <span class='ocrx_word' id='word_1_348' title='bbox 2296 2043 2540 2098; x_wconf 88' lang='lat' dir='ltr'><strong>claustro</strong></span> <span class='ocrx_word' id='word_1_349' title='bbox 2569 2047 2744 2101; x_wconf 87' lang='lat' dir='ltr'><strong>sedet.</strong></span> <span class='ocrx_word' id='word_1_350' title='bbox 2777 2049 3053 2107; x_wconf 88' lang='lat' dir='ltr'><strong>Candelas</strong></span> <span class='ocrx_word' id='word_1_351' title='bbox 3084 2072 3186 2126; x_wconf 89' lang='lat' dir='ltr'><strong>per</strong></span> <span class='ocrx_word' id='word_1_352' title='bbox 3204 2058 3456 2115; x_wconf 86' lang='lat' dir='ltr'><strong>ofﬁcinas</strong></span> <span class='ocrx_word' id='word_1_353' title='bbox 3486 2063 3605 2118; x_wconf 91' lang='lat' dir='ltr'><strong>dis-</strong></span> 
     </span>
    </p>
   </div>
   <div class='ocr_carea' id='block_1_50' title="bbox 2008 2127 3604 2209">
    <p class='ocr_par' dir='ltr' id='par_1_50' title="bbox 2008 2127 3604 2209">
     <span class='ocr_line' id='line_1_50' title="bbox 2008 2127 3604 2209; baseline 0.018 -30"><span class='ocrx_word' id='word_1_354' title='bbox 2008 2127 2223 2195; x_wconf 87' lang='lat' dir='ltr'><strong>tribuit,</strong></span> <span class='ocrx_word' id='word_1_355' title='bbox 2280 2132 2587 2187; x_wconf 91' lang='lat' dir='ltr'><strong>secundum</strong></span> <span class='ocrx_word' id='word_1_356' title='bbox 2617 2137 2766 2206; x_wconf 91' lang='lat' dir='ltr'><strong>quod</strong></span> <span class='ocrx_word' id='word_1_357' title='bbox 2803 2154 2944 2209; x_wconf 92' lang='lat' dir='ltr'><strong>opus</strong></span> <span class='ocrx_word' id='word_1_358' title='bbox 2971 2141 3159 2205; x_wconf 84' lang='lat' dir='ltr'><strong>fuerit,</strong></span> <span class='ocrx_word' id='word_1_359' title='bbox 3210 2151 3269 2200; x_wconf 92' lang='lat' dir='ltr'><strong>et</strong></span> <span class='ocrx_word' id='word_1_360' title='bbox 3311 2147 3481 2205; x_wconf 89' lang='lat' dir='ltr'><strong>abbas</strong></span> <span class='ocrx_word' id='word_1_361' title='bbox 3514 2153 3604 2207; x_wconf 82' lang='lat' dir='ltr'><strong>vel</strong></span> 
     </span>
    </p>
   </div>
   <div class='ocr_carea' id='block_1_51' title="bbox 2007 2216 3601 2298">
    <p class='ocr_par' dir='ltr' id='par_1_51' title="bbox 2007 2216 3601 2298">
     <span class='ocr_line' id='line_1_51' title="bbox 2007 2216 3601 2298; baseline 0.018 -29"><span class='ocrx_word' id='word_1_362' title='bbox 2007 2216 2162 2286; x_wconf 87' lang='lat' dir='ltr'><strong>prior</strong></span> <span class='ocrx_word' id='word_1_363' title='bbox 2190 2222 2536 2292; x_wconf 70' lang='lat' dir='ltr'><strong>praeceperit.</strong></span> <span class='ocrx_word' id='word_1_364' title='bbox 2582 2224 2664 2279; x_wconf 90' lang='lat' dir='ltr'><strong>De</strong></span> <span class='ocrx_word' id='word_1_365' title='bbox 2692 2228 3013 2298; x_wconf 87' lang='lat' dir='ltr'><strong>sepulturis,</strong></span> <span class='ocrx_word' id='word_1_366' title='bbox 3048 2237 3165 2287; x_wconf 88' lang='lat' dir='ltr'><strong>tam</strong></span> <span class='ocrx_word' id='word_1_367' title='bbox 3196 2239 3601 2297; x_wconf 88' lang='lat' dir='ltr'><strong>monachorum</strong></span> 
     </span>
    </p>
   </div>
   <div class='ocr_carea' id='block_1_52' title="bbox 2007 2308 3603 2396">
    <p class='ocr_par' dir='ltr' id='par_1_52' title="bbox 2007 2308 3603 2396">
     <span class='ocr_line' id='line_1_52' title="bbox 2007 2308 3603 2396; baseline 0.018 -38"><span class='ocrx_word' id='word_1_368' title='bbox 2007 2322 2175 2396; x_wconf 81' lang='lat' dir='ltr'><strong>quam</strong></span> <span class='ocrx_word' id='word_1_369' title='bbox 2200 2308 2491 2379; x_wconf 84' lang='lat' dir='ltr'><strong>laicorum,</strong></span> <span class='ocrx_word' id='word_1_370' title='bbox 2523 2329 2713 2368; x_wconf 87' lang='lat' dir='ltr'><strong>curam</strong></span> <span class='ocrx_word' id='word_1_371' title='bbox 2759 2318 2924 2386; x_wconf 86' lang='lat' dir='ltr'><strong>gerit,</strong></span> <span class='ocrx_word' id='word_1_372' title='bbox 2952 2325 3015 2373; x_wconf 89' lang='lat' dir='ltr'><strong>ut</strong></span> <span class='ocrx_word' id='word_1_373' title='bbox 3045 2320 3302 2380; x_wconf 87' lang='lat' dir='ltr'><strong>videlicet</strong></span> <span class='ocrx_word' id='word_1_374' title='bbox 3348 2328 3509 2396; x_wconf 71' lang='lat' dir='ltr'><strong>fiant,</strong></span> <span class='ocrx_word' id='word_1_375' title='bbox 3540 2337 3603 2387; x_wconf 86' lang='lat' dir='ltr'><strong>et</strong></span> 
     </span>
    </p>
   </div>
   <div class='ocr_carea' id='block_1_53' title="bbox 2003 2393 2284 2451">
    <p class='ocr_par' dir='ltr' id='par_1_53' title="bbox 2003 2393 2284 2451">
     <span class='ocr_line' id='line_1_53' title="bbox 2003 2393 2284 2451; baseline 0.014 -4"><span class='ocrx_word' id='word_1_376' title='bbox 2003 2393 2098 2449; x_wconf 91' lang='lat' dir='ltr'><strong>ubi</strong></span> <span class='ocrx_word' id='word_1_377' title='bbox 2127 2396 2284 2451; x_wconf 85' lang='lat' dir='ltr'><strong>ﬁant.</strong></span> 
     </span>
    </p>
   </div>
   <div class='ocr_carea' id='block_1_54' title="bbox 2072 2483 3599 2573">
    <p class='ocr_par' dir='ltr' id='par_1_54' title="bbox 2072 2483 3599 2573">
     <span class='ocr_line' id='line_1_54' title="bbox 2072 2483 3599 2573; baseline 0.018 -37"><span class='ocrx_word' id='word_1_378' title='bbox 2072 2483 2170 2538; x_wconf 91' lang='lat' dir='ltr'><strong>Sui</strong></span> <span class='ocrx_word' id='word_1_379' title='bbox 2195 2485 2363 2541; x_wconf 76' lang='lat' dir='ltr'><strong>officii</strong></span> <span class='ocrx_word' id='word_1_380' title='bbox 2392 2495 2478 2543; x_wconf 89' lang='lat' dir='ltr'><strong>est</strong></span> <span class='ocrx_word' id='word_1_381' title='bbox 2519 2490 2718 2547; x_wconf 89' lang='lat' dir='ltr'><strong>calices</strong></span> <span class='ocrx_word' id='word_1_382' title='bbox 2757 2492 2841 2550; x_wconf 89' lang='lat' dir='ltr'><strong>bis</strong></span> <span class='ocrx_word' id='word_1_383' title='bbox 2879 2497 2936 2550; x_wconf 90' lang='lat' dir='ltr'><strong>in</strong></span> <span class='ocrx_word' id='word_1_384' title='bbox 2984 2498 3355 2568; x_wconf 87' lang='lat' dir='ltr'><strong>hebdomada,</strong></span> <span class='ocrx_word' id='word_1_385' title='bbox 3385 2511 3504 2573; x_wconf 91' lang='lat' dir='ltr'><strong>aut,</strong></span> <span class='ocrx_word' id='word_1_386' title='bbox 3545 2506 3599 2563; x_wconf 88' lang='lat' dir='ltr'><strong>si</strong></span> 
     </span>
    </p>
   </div>
   <div class='ocr_carea' id='block_1_55' title="bbox 2002 2574 3597 2665">
    <p class='ocr_par' dir='ltr' id='par_1_55' title="bbox 2002 2574 3597 2665">
     <span class='ocr_line' id='line_1_55' title="bbox 2002 2574 3597 2665; baseline 0.018 -41"><span class='ocrx_word' id='word_1_387' title='bbox 2002 2588 2140 2641; x_wconf 91' lang='lat' dir='ltr'><strong>opus</strong></span> <span class='ocrx_word' id='word_1_388' title='bbox 2189 2574 2377 2643; x_wconf 89' lang='lat' dir='ltr'><strong>fuerit,</strong></span> <span class='ocrx_word' id='word_1_389' title='bbox 2413 2579 2615 2649; x_wconf 84' lang='lat' dir='ltr'><strong>saepius</strong></span> <span class='ocrx_word' id='word_1_390' title='bbox 2643 2582 2847 2647; x_wconf 85' lang='lat' dir='ltr'><strong>lavare,</strong></span> <span class='ocrx_word' id='word_1_391' title='bbox 2875 2589 3185 2657; x_wconf 88' lang='lat' dir='ltr'><strong>corporalia</strong></span> <span class='ocrx_word' id='word_1_392' title='bbox 3212 2608 3434 2665; x_wconf 89' lang='lat' dir='ltr'><strong>quoque</strong></span> <span class='ocrx_word' id='word_1_393' title='bbox 3461 2603 3597 2651; x_wconf 88' lang='lat' dir='ltr'><strong>ante</strong></span> 
     </span>
    </p>
   </div>
   <div class='ocr_carea' id='block_1_56' title="bbox 1999 2661 3600 2753">
    <p class='ocr_par' dir='ltr' id='par_1_56' title="bbox 1999 2661 3600 2753">
     <span class='ocr_line' id='line_1_56' title="bbox 1999 2661 3600 2753; baseline 0.017 -39"><span class='ocrx_word' id='word_1_394' title='bbox 1999 2661 2210 2753; x_wconf 75' lang='lat' dir='ltr'><strong>Pascha</strong></span> <span class='ocrx_word' id='word_1_395' title='bbox 2240 2681 2464 2736; x_wconf 90' lang='lat' dir='ltr'><strong>semper</strong></span> <span class='ocrx_word' id='word_1_396' title='bbox 2494 2674 2551 2723; x_wconf 90' lang='lat' dir='ltr'><strong>et</strong></span> <span class='ocrx_word' id='word_1_397' title='bbox 2578 2672 2797 2740; x_wconf 90' lang='lat' dir='ltr'><strong>quoties</strong></span> <span class='ocrx_word' id='word_1_398' title='bbox 2825 2674 3057 2746; x_wconf 90' lang='lat' dir='ltr'><strong>reliquis</strong></span> <span class='ocrx_word' id='word_1_399' title='bbox 3074 2680 3208 2734; x_wconf 87' lang='lat' dir='ltr'><strong>anni</strong></span> <span class='ocrx_word' id='word_1_400' title='bbox 3230 2661 3483 2753; x_wconf 76' lang='lat' dir='ltr'><strong>partibus</strong></span> <span class='ocrx_word' id='word_1_401' title='bbox 3504 2704 3600 2741; x_wconf 77' lang='lat' dir='ltr'><strong>ex-</strong></span> 
     </span>
    </p>
   </div>
   <div class='ocr_carea' id='block_1_57' title="bbox 1997 2751 3601 2842">
    <p class='ocr_par' dir='ltr' id='par_1_57' title="bbox 1997 2751 3601 2842">
     <span class='ocr_line' id='line_1_57' title="bbox 1997 2751 3601 2842; baseline 0.017 -39"><span class='ocrx_word' id='word_1_402' title='bbox 1997 2751 2167 2822; x_wconf 91' lang='lat' dir='ltr'><strong>pedit,</strong></span> <span class='ocrx_word' id='word_1_403' title='bbox 2198 2759 2518 2827; x_wconf 86' lang='lat' dir='ltr'><strong>utrumque,</strong></span> <span class='ocrx_word' id='word_1_404' title='bbox 2549 2759 2597 2812; x_wconf 89' lang='lat' dir='ltr'><strong>si</strong></span> <span class='ocrx_word' id='word_1_405' title='bbox 2626 2760 2891 2818; x_wconf 89' lang='lat' dir='ltr'><strong>diaconus</strong></span> <span class='ocrx_word' id='word_1_406' title='bbox 2919 2772 3020 2820; x_wconf 89' lang='lat' dir='ltr'><strong>aut</strong></span> <span class='ocrx_word' id='word_1_407' title='bbox 3048 2751 3340 2841; x_wconf 57' lang='lat' dir='ltr'><strong>presbvter</strong></span> <span class='ocrx_word' id='word_1_408' title='bbox 3364 2774 3439 2829; x_wconf 90' lang='lat' dir='ltr'><strong>sit</strong></span> <span class='ocrx_word' id='word_1_409' title='bbox 3466 2794 3480 2842; x_wconf 93' lang='lat'><strong>;</strong></span> <span class='ocrx_word' id='word_1_410' title='bbox 3544 2776 3601 2831; x_wconf 87' lang='lat' dir='ltr'><strong>si</strong></span> 
     </span>
    </p>
   </div>
   <div class='ocr_carea' id='block_1_58' title="bbox 1999 2843 3599 2935">
    <p class='ocr_par' dir='ltr' id='par_1_58' title="bbox 1999 2843 3599 2935">
     <span class='ocr_line' id='line_1_58' title="bbox 1999 2843 3599 2935; baseline 0.018 -43"><span class='ocrx_word' id='word_1_411' title='bbox 1999 2857 2129 2935; x_wconf 71' lang='lat' dir='ltr'><strong>vero</strong></span> <span class='ocrx_word' id='word_1_412' title='bbox 2159 2859 2272 2897; x_wconf 91' lang='lat' dir='ltr'><strong>non</strong></span> <span class='ocrx_word' id='word_1_413' title='bbox 2296 2843 2391 2911; x_wconf 89' lang='lat' dir='ltr'><strong>sit,</strong></span> <span class='ocrx_word' id='word_1_414' title='bbox 2424 2847 2598 2916; x_wconf 89' lang='lat' dir='ltr'><strong>priori</strong></span> <span class='ocrx_word' id='word_1_415' title='bbox 2628 2851 2713 2903; x_wconf 88' lang='lat' dir='ltr'><strong>vel</strong></span> <span class='ocrx_word' id='word_1_416' title='bbox 2753 2851 2941 2908; x_wconf 88' lang='lat' dir='ltr'><strong>abbati</strong></span> <span class='ocrx_word' id='word_1_417' title='bbox 2996 2855 3263 2926; x_wconf 88' lang='lat' dir='ltr'><strong>indicare,</strong></span> <span class='ocrx_word' id='word_1_418' title='bbox 3312 2867 3369 2915; x_wconf 89' lang='lat' dir='ltr'><strong>et</strong></span> <span class='ocrx_word' id='word_1_419' title='bbox 3415 2863 3599 2935; x_wconf 84' lang='lat' dir='ltr'><strong>ipsius</strong></span> 
     </span>
    </p>
   </div>
   <div class='ocr_carea' id='block_1_59' title="bbox 317 2918 3597 3014">
    <p class='ocr_par' dir='ltr' id='par_1_59' title="bbox 317 2918 3597 3014">
     <span class='ocr_line' id='line_1_59' title="bbox 317 2918 3597 3014; baseline 0.011 -44"><span class='ocrx_word' id='word_1_420' title='bbox 317 2923 479 2973; x_wconf 90' lang='lat' dir='ltr'><strong>nant.</strong></span> <span class='ocrx_word' id='word_1_421' title='bbox 501 2918 587 2972; x_wconf 85' lang='lat' dir='ltr'><strong>Ad</strong></span> <span class='ocrx_word' id='word_1_422' title='bbox 609 2919 868 2973; x_wconf 87' lang='lat' dir='ltr'><strong>collectas</strong></span> <span class='ocrx_word' id='word_1_423' title='bbox 888 2936 1101 2981; x_wconf 86' lang='lat' dir='ltr'><strong>omnes,</strong></span> <span class='ocrx_word' id='word_1_424' title='bbox 1135 2926 1191 2973; x_wconf 89' lang='lat' dir='ltr'><strong>ct</strong></span> <span class='ocrx_word' id='word_1_425' title='bbox 1210 2938 1337 2974; x_wconf 90' lang='lat' dir='ltr'><strong>cum</strong></span> <span class='ocrx_word' id='word_1_426' title='bbox 1353 2921 1613 2974; x_wconf 84' lang='lat' dir='ltr'><strong>sacerdos</strong></span> <span class='ocrx_word' id='word_1_427' title='bbox 1634 2920 1765 2974; x_wconf 86' lang='lat' dir='ltr'><strong>dicit</strong></span> <span class='ocrx_word' id='word_1_428' title='bbox 1784 2922 1978 2997; x_wconf 77' lang='lat' dir='ltr'><strong>Ora-C</strong></span> <span class='ocrx_word' id='word_1_429' title='bbox 1998 2928 2222 2985; x_wconf 80' lang='lat' dir='ltr'><strong>licentia</strong></span> <span class='ocrx_word' id='word_1_430' title='bbox 2279 2933 2464 2998; x_wconf 83' lang='lat' dir='ltr'><strong>alicui,</strong></span> <span class='ocrx_word' id='word_1_431' title='bbox 2519 2937 2614 3006; x_wconf 89' lang='lat' dir='ltr'><strong>qui</strong></span> <span class='ocrx_word' id='word_1_432' title='bbox 2668 2939 2834 3009; x_wconf 85' lang='lat' dir='ltr'><strong>hujus</strong></span> <span class='ocrx_word' id='word_1_433' title='bbox 2861 2944 3073 2999; x_wconf 84' lang='lat' dir='ltr'><strong>ordinis</strong></span> <span class='ocrx_word' id='word_1_434' title='bbox 3100 2947 3191 3014; x_wconf 89' lang='lat' dir='ltr'><strong>sit,</strong></span> <span class='ocrx_word' id='word_1_435' title='bbox 3224 2918 3367 3004; x_wconf 83' lang='lat' dir='ltr'><strong>hanc</strong></span> 
     </span>
    </p>
   </div>
   <div class='ocr_carea' id='block_1_60' title="bbox 316 3007 1917 3074">
    <p class='ocr_par' dir='ltr' id='par_1_60' title="bbox 316 3007 1917 3074">
     <span class='ocr_line' id='line_1_60' title="bbox 316 3007 1917 3074; baseline 0.003 -16"><span class='ocrx_word' id='word_1_436' title='bbox 316 3010 363 3058; x_wconf 77' lang='lat' dir='ltr'><strong>lc</strong></span> <span class='ocrx_word' id='word_1_437' title='bbox 394 3008 619 3072; x_wconf 76' lang='lat' dir='ltr'><strong>fratres.</strong></span> <span class='ocrx_word' id='word_1_438' title='bbox 651 3013 708 3061; x_wconf 90' lang='lat' dir='ltr'><strong>et</strong></span> <span class='ocrx_word' id='word_1_439' title='bbox 735 3007 805 3061; x_wconf 89' lang='lat' dir='ltr'><strong>ad</strong></span> <span class='ocrx_word' id='word_1_440' title='bbox 834 3012 1014 3063; x_wconf 87' lang='lat' dir='ltr'><strong>totum</strong></span> <span class='ocrx_word' id='word_1_441' title='bbox 1047 3011 1208 3063; x_wconf 75' lang='lat' dir='ltr'><strong>Pater</strong></span> <span class='ocrx_word' id='word_1_442' title='bbox 1239 3014 1418 3063; x_wconf 73' lang='lat' dir='ltr'><strong>noster</strong></span> <span class='ocrx_word' id='word_1_443' title='bbox 1440 3009 1796 3074; x_wconf 89' lang='lat' dir='ltr'><strong>inclinentur,</strong></span> <span class='ocrx_word' id='word_1_444' title='bbox 1819 3010 1917 3063; x_wconf 89' lang='lat' dir='ltr'><strong>sed</strong></span> 
     </span>
    </p>
   </div>
   <div class='ocr_carea' id='block_1_61' title="bbox 312 3094 1909 3169">
    <p class='ocr_par' dir='ltr' id='par_1_61' title="bbox 312 3094 1909 3169">
     <span class='ocr_line' id='line_1_61' title="bbox 312 3094 1909 3169; baseline 0.003 -22"><span class='ocrx_word' id='word_1_445' title='bbox 312 3094 383 3147; x_wconf 92' lang='lat' dir='ltr'><strong>ad</strong></span> <span class='ocrx_word' id='word_1_446' title='bbox 414 3098 580 3149; x_wconf 79' lang='lat' dir='ltr'><strong>linem</strong></span> <span class='ocrx_word' id='word_1_447' title='bbox 629 3095 804 3167; x_wconf 86' lang='lat' dir='ltr'><strong>ipsius</strong></span> <span class='ocrx_word' id='word_1_448' title='bbox 861 3099 1019 3151; x_wconf 74' lang='lat' dir='ltr'><strong>Pater</strong></span> <span class='ocrx_word' id='word_1_449' title='bbox 1075 3103 1274 3159; x_wconf 82' lang='lat' dir='ltr'><strong>noster,</strong></span> <span class='ocrx_word' id='word_1_450' title='bbox 1309 3115 1576 3169; x_wconf 89' lang='lat' dir='ltr'><strong>responso</strong></span> <span class='ocrx_word' id='word_1_451' title='bbox 1605 3097 1703 3151; x_wconf 78' lang='lat' dir='ltr'><strong>Sel)</strong></span> <span class='ocrx_word' id='word_1_452' title='bbox 1736 3101 1909 3152; x_wconf 80' lang='lat' dir='ltr'><strong>libera</strong></span> 
     </span>
    </p>
   </div>
   <div class='ocr_carea' id='block_1_62' title="bbox 312 3184 1678 3255">
    <p class='ocr_par' dir='ltr' id='par_1_62' title="bbox 312 3184 1678 3255">
     <span class='ocr_line' id='line_1_62' title="bbox 312 3184 1678 3255; baseline 0.003 -18"><span class='ocrx_word' id='word_1_453' title='bbox 312 3199 408 3237; x_wconf 76' lang='lat' dir='ltr'><strong>nos</strong></span> <span class='ocrx_word' id='word_1_454' title='bbox 440 3201 475 3237; x_wconf 89' lang='lat' dir='ltr'><strong>a</strong></span> <span class='ocrx_word' id='word_1_455' title='bbox 505 3186 672 3250; x_wconf 88' lang='lat' dir='ltr'><strong>malo,</strong></span> <span class='ocrx_word' id='word_1_456' title='bbox 705 3184 1013 3255; x_wconf 81' lang='lat' dir='ltr'><strong>erigantur,</strong></span> <span class='ocrx_word' id='word_1_457' title='bbox 1046 3187 1193 3255; x_wconf 91' lang='lat' dir='ltr'><strong>quod</strong></span> <span class='ocrx_word' id='word_1_458' title='bbox 1232 3187 1358 3240; x_wconf 89' lang='lat' dir='ltr'><strong>aliis</strong></span> <span class='ocrx_word' id='word_1_459' title='bbox 1386 3204 1497 3241; x_wconf 92' lang='lat' dir='ltr'><strong>non</strong></span> <span class='ocrx_word' id='word_1_460' title='bbox 1532 3187 1678 3241; x_wconf 88' lang='lat' dir='ltr'><strong>licet.</strong></span> 
     </span>
    </p>
   </div>
   <div class='ocr_carea' id='block_1_63' title="bbox 385 3272 1908 3338">
    <p class='ocr_par' dir='ltr' id='par_1_63' title="bbox 385 3272 1908 3338">
     <span class='ocr_line' id='line_1_63' title="bbox 385 3272 1908 3338; baseline 0.003 -13"><span class='ocrx_word' id='word_1_461' title='bbox 385 3272 593 3326; x_wconf 90' lang='lat' dir='ltr'><strong>Eodem</strong></span> <span class='ocrx_word' id='word_1_462' title='bbox 622 3273 789 3327; x_wconf 90' lang='lat' dir='ltr'><strong>modo</strong></span> <span class='ocrx_word' id='word_1_463' title='bbox 821 3275 904 3338; x_wconf 78' lang='lat' dir='ltr'><strong>fit,</strong></span> <span class='ocrx_word' id='word_1_464' title='bbox 931 3291 1059 3328; x_wconf 91' lang='lat' dir='ltr'><strong>cum</strong></span> <span class='ocrx_word' id='word_1_465' title='bbox 1113 3277 1171 3328; x_wconf 89' lang='lat' dir='ltr'><strong>in</strong></span> <span class='ocrx_word' id='word_1_466' title='bbox 1215 3275 1373 3329; x_wconf 90' lang='lat' dir='ltr'><strong>festis</strong></span> <span class='ocrx_word' id='word_1_467' title='bbox 1402 3276 1460 3329; x_wconf 92' lang='lat' dir='ltr'><strong>in</strong></span> <span class='ocrx_word' id='word_1_468' title='bbox 1480 3275 1622 3329; x_wconf 88' lang='lat' dir='ltr'><strong>albis</strong></span> <span class='ocrx_word' id='word_1_469' title='bbox 1652 3276 1803 3331; x_wconf 88' lang='lat' dir='ltr'><strong>solus</strong></span> <span class='ocrx_word' id='word_1_470' title='bbox 1823 3277 1908 3330; x_wconf 90' lang='lat' dir='ltr'><strong>vel</strong></span> 
     </span>
    </p>
   </div>
   <div class='ocr_carea' id='block_1_64' title="bbox 309 3361 1907 3436">
    <p class='ocr_par' dir='ltr' id='par_1_64' title="bbox 309 3361 1907 3436">
     <span class='ocr_line' id='line_1_64' title="bbox 309 3361 1907 3436; baseline 0.004 -23"><span class='ocrx_word' id='word_1_471' title='bbox 309 3376 436 3413; x_wconf 90' lang='lat' dir='ltr'><strong>cum</strong></span> <span class='ocrx_word' id='word_1_472' title='bbox 467 3361 592 3415; x_wconf 90' lang='lat' dir='ltr'><strong>aliis</strong></span> <span class='ocrx_word' id='word_1_473' title='bbox 616 3362 849 3415; x_wconf 87' lang='lat' dir='ltr'><strong>chorum</strong></span> <span class='ocrx_word' id='word_1_474' title='bbox 879 3367 1051 3427; x_wconf 86' lang='lat' dir='ltr'><strong>tenet,</strong></span> <span class='ocrx_word' id='word_1_475' title='bbox 1094 3364 1241 3433; x_wconf 90' lang='lat' dir='ltr'><strong>quod</strong></span> <span class='ocrx_word' id='word_1_476' title='bbox 1276 3381 1387 3418; x_wconf 90' lang='lat' dir='ltr'><strong>non</strong></span> <span class='ocrx_word' id='word_1_477' title='bbox 1443 3363 1573 3418; x_wconf 82' lang='lat' dir='ltr'><strong>licet</strong></span> <span class='ocrx_word' id='word_1_478' title='bbox 1629 3364 1678 3418; x_wconf 90' lang='lat' dir='ltr'><strong>ei</strong></span> <span class='ocrx_word' id='word_1_479' title='bbox 1726 3365 1821 3436; x_wconf 90' lang='lat' dir='ltr'><strong>qui</strong></span> <span class='ocrx_word' id='word_1_480' title='bbox 1849 3364 1907 3419; x_wconf 90' lang='lat' dir='ltr'><strong>in</strong></span> 
     </span>
    </p>
   </div>
   <div class='ocr_carea' id='block_1_65' title="bbox 305 3448 1906 3519">
    <p class='ocr_par' dir='ltr' id='par_1_65' title="bbox 305 3448 1906 3519">
     <span class='ocr_line' id='line_1_65' title="bbox 305 3448 1906 3519; baseline 0.004 -18"><span class='ocrx_word' id='word_1_481' title='bbox 305 3448 610 3502; x_wconf 87' lang='lat' dir='ltr'><strong>Dominicis</strong></span> <span class='ocrx_word' id='word_1_482' title='bbox 638 3454 696 3503; x_wconf 91' lang='lat' dir='ltr'><strong>et</strong></span> <span class='ocrx_word' id='word_1_483' title='bbox 722 3449 1045 3519; x_wconf 86' lang='lat' dir='ltr'><strong>hujusmodi</strong></span> <span class='ocrx_word' id='word_1_484' title='bbox 1075 3452 1241 3506; x_wconf 90' lang='lat' dir='ltr'><strong>festis</strong></span> <span class='ocrx_word' id='word_1_485' title='bbox 1271 3452 1743 3507; x_wconf 84' lang='lat' dir='ltr'><strong>hebdomadarius</strong></span> <span class='ocrx_word' id='word_1_486' title='bbox 1775 3470 1906 3507; x_wconf 86' lang='lat' dir='ltr'><strong>can-</strong></span> 
     </span>
    </p>
   </div>
   <div class='ocr_carea' id='block_1_66' title="bbox 308 3536 660 3594">
    <p class='ocr_par' dir='ltr' id='par_1_66' title="bbox 308 3536 660 3594">
     <span class='ocr_line' id='line_1_66' title="bbox 308 3536 660 3594; baseline 0.011 -4"><span class='ocrx_word' id='word_1_487' title='bbox 308 3542 399 3591; x_wconf 91' lang='lat' dir='ltr'><strong>tor</strong></span> <span class='ocrx_word' id='word_1_488' title='bbox 428 3536 660 3594; x_wconf 86' lang='lat' dir='ltr'><strong>exstitit.</strong></span> 
     </span>
    </p>
   </div>
   <div class='ocr_carea' id='block_1_67' title="bbox 377 3625 1905 3699">
    <p class='ocr_par' dir='ltr' id='par_1_67' title="bbox 377 3625 1905 3699">
     <span class='ocr_line' id='line_1_67' title="bbox 377 3625 1905 3699; baseline 0.005 -19"><span class='ocrx_word' id='word_1_489' title='bbox 377 3627 439 3680; x_wconf 89' lang='lat' dir='ltr'><strong>In</strong></span> <span class='ocrx_word' id='word_1_490' title='bbox 471 3625 730 3680; x_wconf 90' lang='lat' dir='ltr'><strong>omnibus</strong></span> <span class='ocrx_word' id='word_1_491' title='bbox 752 3628 1044 3699; x_wconf 65' lang='lat' dir='ltr'><strong>praecipuis</strong></span> <span class='ocrx_word' id='word_1_492' title='bbox 1090 3629 1558 3692; x_wconf 88' lang='lat' dir='ltr'><strong>solemnitatibus.</strong></span> <span class='ocrx_word' id='word_1_493' title='bbox 1610 3649 1737 3686; x_wconf 89' lang='lat' dir='ltr'><strong>cum</strong></span> <span class='ocrx_word' id='word_1_494' title='bbox 1783 3649 1905 3687; x_wconf 91' lang='lat' dir='ltr'><strong>eve-</strong></span> 
     </span>
    </p>
   </div>
   <div class='ocr_carea' id='block_1_68' title="bbox 303 3714 1899 3784">
    <p class='ocr_par' dir='ltr' id='par_1_68' title="bbox 303 3714 1899 3784">
     <span class='ocr_line' id='line_1_68' title="bbox 303 3714 1899 3784; baseline 0.004 -16"><span class='ocrx_word' id='word_1_495' title='bbox 303 3714 469 3769; x_wconf 90' lang='lat' dir='ltr'><strong>niunt</strong></span> <span class='ocrx_word' id='word_1_496' title='bbox 495 3715 553 3768; x_wconf 90' lang='lat' dir='ltr'><strong>in</strong></span> <span class='ocrx_word' id='word_1_497' title='bbox 608 3715 911 3771; x_wconf 91' lang='lat' dir='ltr'><strong>Dominicis</strong></span> <span class='ocrx_word' id='word_1_498' title='bbox 962 3716 1177 3784; x_wconf 89' lang='lat' dir='ltr'><strong>diebus,</strong></span> <span class='ocrx_word' id='word_1_499' title='bbox 1213 3718 1493 3773; x_wconf 87' lang='lat' dir='ltr'><strong>scribatur</strong></span> <span class='ocrx_word' id='word_1_500' title='bbox 1517 3721 1575 3774; x_wconf 93' lang='lat' dir='ltr'><strong>in</strong></span> <span class='ocrx_word' id='word_1_501' title='bbox 1607 3720 1799 3775; x_wconf 87' lang='lat' dir='ltr'><strong>tabula</strong></span> <span class='ocrx_word' id='word_1_502' title='bbox 1829 3721 1899 3775; x_wconf 87' lang='lat' dir='ltr'><strong>ad</strong></span> 
     </span>
    </p>
   </div>
   <div class='ocr_carea' id='block_1_69' title="bbox 303 3803 1888 3879">
    <p class='ocr_par' dir='ltr' id='par_1_69' title="bbox 303 3803 1888 3879">
     <span class='ocr_line' id='line_1_69' title="bbox 303 3803 1888 3879; baseline 0.008 -23"><span class='ocrx_word' id='word_1_503' title='bbox 303 3803 548 3858; x_wconf 85' lang='lat' dir='ltr'><strong>officium</strong></span> <span class='ocrx_word' id='word_1_504' title='bbox 573 3804 773 3867; x_wconf 64' lang='lat' dir='ltr'><strong>missae,</strong></span> <span class='ocrx_word' id='word_1_505' title='bbox 831 3811 888 3859; x_wconf 89' lang='lat' dir='ltr'><strong>et</strong></span> <span class='ocrx_word' id='word_1_506' title='bbox 923 3822 1049 3860; x_wconf 90' lang='lat' dir='ltr'><strong>cum</strong></span> <span class='ocrx_word' id='word_1_507' title='bbox 1079 3824 1143 3861; x_wconf 92' lang='lat' dir='ltr'><strong>eo</strong></span> <span class='ocrx_word' id='word_1_508' title='bbox 1173 3808 1283 3862; x_wconf 92' lang='lat' dir='ltr'><strong>duo</strong></span> <span class='ocrx_word' id='word_1_509' title='bbox 1313 3825 1452 3878; x_wconf 92' lang='lat' dir='ltr'><strong>quos</strong></span> <span class='ocrx_word' id='word_1_510' title='bbox 1479 3809 1598 3879; x_wconf 91' lang='lat' dir='ltr'><strong>ipse</strong></span> <span class='ocrx_word' id='word_1_511' title='bbox 1627 3810 1888 3868; x_wconf 88' lang='lat' dir='ltr'><strong>voluerit.</strong></span> 
     </span>
    </p>
   </div>
   <div class='ocr_carea' id='block_1_70' title="bbox 302 3891 1895 3970">
    <p class='ocr_par' dir='ltr' id='par_1_70' title="bbox 302 3891 1895 3970">
     <span class='ocr_line' id='line_1_70' title="bbox 302 3891 1895 3970; baseline 0.005 -24"><span class='ocrx_word' id='word_1_512' title='bbox 302 3891 390 3947; x_wconf 89' lang='lat' dir='ltr'><strong>De</strong></span> <span class='ocrx_word' id='word_1_513' title='bbox 408 3892 696 3947; x_wconf 91' lang='lat' dir='ltr'><strong>thuribulo</strong></span> <span class='ocrx_word' id='word_1_514' title='bbox 711 3900 836 3965; x_wconf 89' lang='lat' dir='ltr'><strong>post</strong></span> <span class='ocrx_word' id='word_1_515' title='bbox 861 3895 1199 3949; x_wconf 80' lang='lat' dir='ltr'><strong>offerendam</strong></span> <span class='ocrx_word' id='word_1_516' title='bbox 1221 3896 1271 3950; x_wconf 91' lang='lat' dir='ltr'><strong>ei</strong></span> <span class='ocrx_word' id='word_1_517' title='bbox 1293 3897 1612 3963; x_wconf 88' lang='lat' dir='ltr'><strong>deferendo,</strong></span> <span class='ocrx_word' id='word_1_518' title='bbox 1638 3899 1895 3970; x_wconf 88' lang='lat' dir='ltr'><strong>superius</strong></span> 
     </span>
    </p>
   </div>
   <div class='ocr_carea' id='block_1_71' title="bbox 302 3980 646 4036">
    <p class='ocr_par' dir='ltr' id='par_1_71' title="bbox 302 3980 646 4036">
     <span class='ocr_line' id='line_1_71' title="bbox 302 3980 646 4036; baseline 0.003 -3"><span class='ocrx_word' id='word_1_519' title='bbox 302 3980 512 4036; x_wconf 88' lang='lat' dir='ltr'><strong>dictum</strong></span> <span class='ocrx_word' id='word_1_520' title='bbox 542 3986 646 4035; x_wconf 88' lang='lat' dir='ltr'><strong>est.</strong></span> 
     </span>
    </p>
   </div>
   <div class='ocr_carea' id='block_1_72' title="bbox 369 4071 1895 4147">
    <p class='ocr_par' dir='ltr' id='par_1_72' title="bbox 369 4071 1895 4147">
     <span class='ocr_line' id='line_1_72' title="bbox 369 4071 1895 4147; baseline 0.005 -23"><span class='ocrx_word' id='word_1_521' title='bbox 369 4071 509 4125; x_wconf 91' lang='lat' dir='ltr'><strong>Cum</strong></span> <span class='ocrx_word' id='word_1_522' title='bbox 540 4072 606 4124; x_wconf 81' lang='lat' dir='ltr'><strong>fit</strong></span> <span class='ocrx_word' id='word_1_523' title='bbox 629 4087 769 4142; x_wconf 88' lang='lat' dir='ltr'><strong>opus</strong></span> <span class='ocrx_word' id='word_1_524' title='bbox 799 4088 1089 4139; x_wconf 86' lang='lat' dir='ltr'><strong>manuum,</strong></span> <span class='ocrx_word' id='word_1_525' title='bbox 1121 4072 1297 4144; x_wconf 75' lang='lat' dir='ltr'><strong>ipsius</strong></span> <span class='ocrx_word' id='word_1_526' title='bbox 1327 4079 1409 4129; x_wconf 92' lang='lat' dir='ltr'><strong>est</strong></span> <span class='ocrx_word' id='word_1_527' title='bbox 1449 4082 1549 4130; x_wconf 88' lang='lat' dir='ltr'><strong>aut</strong></span> <span class='ocrx_word' id='word_1_528' title='bbox 1582 4076 1768 4147; x_wconf 84' lang='lat' dir='ltr'><strong>legere</strong></span> <span class='ocrx_word' id='word_1_529' title='bbox 1796 4083 1895 4131; x_wconf 88' lang='lat' dir='ltr'><strong>aut</strong></span> 
     </span>
    </p>
   </div>
   <div class='ocr_carea' id='block_1_73' title="bbox 278 4160 1893 4234">
    <p class='ocr_par' dir='ltr' id='par_1_73' title="bbox 278 4160 1893 4234">
     <span class='ocr_line' id='line_1_73' title="bbox 278 4160 1893 4234; baseline 0.005 -21"><span class='ocrx_word' id='word_1_530' title='bbox 278 4160 567 4231; x_wconf 78' lang='lat' dir='ltr'><strong>magistro</strong></span> <span class='ocrx_word' id='word_1_531' title='bbox 593 4160 873 4215; x_wconf 84' lang='lat' dir='ltr'><strong>infantum</strong></span> <span class='ocrx_word' id='word_1_532' title='bbox 904 4162 1199 4217; x_wconf 88' lang='lat' dir='ltr'><strong>ostendere</strong></span> <span class='ocrx_word' id='word_1_533' title='bbox 1223 4180 1332 4234; x_wconf 91' lang='lat' dir='ltr'><strong>quo</strong></span> <span class='ocrx_word' id='word_1_534' title='bbox 1361 4164 1417 4218; x_wconf 90' lang='lat' dir='ltr'><strong>in</strong></span> <span class='ocrx_word' id='word_1_535' title='bbox 1447 4165 1565 4220; x_wconf 92' lang='lat' dir='ltr'><strong>loco</strong></span> <span class='ocrx_word' id='word_1_536' title='bbox 1590 4166 1775 4221; x_wconf 87' lang='lat' dir='ltr'><strong>infans</strong></span> <span class='ocrx_word' id='word_1_537' title='bbox 1794 4168 1893 4221; x_wconf 90' lang='lat' dir='ltr'><strong>de-</strong></span> 
     </span>
    </p>
   </div>
   <div class='ocr_carea' id='block_1_74' title="bbox 295 4247 1028 4321">
    <p class='ocr_par' dir='ltr' id='par_1_74' title="bbox 295 4247 1028 4321">
     <span class='ocr_line' id='line_1_74' title="bbox 295 4247 1028 4321; baseline 0.005 -20"><span class='ocrx_word' id='word_1_538' title='bbox 295 4247 426 4304; x_wconf 88' lang='lat' dir='ltr'><strong>beat</strong></span> <span class='ocrx_word' id='word_1_539' title='bbox 438 4249 738 4304; x_wconf 89' lang='lat' dir='ltr'><strong>lectionem</strong></span> <span class='ocrx_word' id='word_1_540' title='bbox 764 4249 1028 4321; x_wconf 89' lang='lat' dir='ltr'><strong>incipere.</strong></span> 
     </span>
    </p>
   </div>
   <div class='ocr_carea' id='block_1_75' title="bbox 363 4338 1891 4417">
    <p class='ocr_par' dir='ltr' id='par_1_75' title="bbox 363 4338 1891 4417">
     <span class='ocr_line' id='line_1_75' title="bbox 363 4338 1891 4417; baseline 0.007 -26"><span class='ocrx_word' id='word_1_541' title='bbox 363 4339 428 4392; x_wconf 93' lang='lat' dir='ltr'><strong>In</strong></span> <span class='ocrx_word' id='word_1_542' title='bbox 454 4338 758 4393; x_wconf 90' lang='lat' dir='ltr'><strong>Dominicis</strong></span> <span class='ocrx_word' id='word_1_543' title='bbox 786 4339 983 4395; x_wconf 91' lang='lat' dir='ltr'><strong>diebus</strong></span> <span class='ocrx_word' id='word_1_544' title='bbox 1011 4345 1069 4395; x_wconf 93' lang='lat' dir='ltr'><strong>et</strong></span> <span class='ocrx_word' id='word_1_545' title='bbox 1092 4342 1414 4413; x_wconf 89' lang='lat' dir='ltr'><strong>hujusmodi</strong></span> <span class='ocrx_word' id='word_1_546' title='bbox 1448 4342 1621 4411; x_wconf 90' lang='lat' dir='ltr'><strong>festis,</strong></span> <span class='ocrx_word' id='word_1_547' title='bbox 1647 4344 1891 4417; x_wconf 85' lang='lat' dir='ltr'><strong>incccpta</strong></span> 
     </span>
    </p>
   </div>
   <div class='ocr_carea' id='block_1_76' title="bbox 292 4427 1882 4503">
    <p class='ocr_par' dir='ltr' id='par_1_76' title="bbox 292 4427 1882 4503">
     <span class='ocr_line' id='line_1_76' title="bbox 292 4427 1882 4503; baseline 0.005 -21"><span class='ocrx_word' id='word_1_548' title='bbox 292 4427 580 4482; x_wconf 73' lang='lat' dir='ltr'><strong>offerenda</strong></span> <span class='ocrx_word' id='word_1_549' title='bbox 609 4428 837 4482; x_wconf 89' lang='lat' dir='ltr'><strong>accedat</strong></span> <span class='ocrx_word' id='word_1_550' title='bbox 865 4429 960 4500; x_wconf 92' lang='lat' dir='ltr'><strong>qui</strong></span> <span class='ocrx_word' id='word_1_551' title='bbox 1007 4431 1240 4486; x_wconf 90' lang='lat' dir='ltr'><strong>chorum</strong></span> <span class='ocrx_word' id='word_1_552' title='bbox 1269 4437 1426 4487; x_wconf 88' lang='lat' dir='ltr'><strong>tenet</strong></span> <span class='ocrx_word' id='word_1_553' title='bbox 1477 4434 1548 4487; x_wconf 88' lang='lat' dir='ltr'><strong>ad</strong></span> <span class='ocrx_word' id='word_1_554' title='bbox 1577 4438 1882 4503; x_wconf 83' lang='lat' dir='ltr'><strong>cautorem,</strong></span> 
     </span>
    </p>
   </div>
   <div class='ocr_carea' id='block_1_77' title="bbox 289 4515 1881 4589">
    <p class='ocr_par' dir='ltr' id='par_1_77' title="bbox 289 4515 1881 4589">
     <span class='ocr_line' id='line_1_77' title="bbox 289 4515 1881 4589; baseline 0.006 -21"><span class='ocrx_word' id='word_1_555' title='bbox 289 4515 567 4585; x_wconf 88' lang='lat' dir='ltr'><strong>faciatque</strong></span> <span class='ocrx_word' id='word_1_556' title='bbox 596 4515 679 4569; x_wconf 88' lang='lat' dir='ltr'><strong>illi</strong></span> <span class='ocrx_word' id='word_1_557' title='bbox 723 4516 948 4585; x_wconf 85' lang='lat' dir='ltr'><strong>signum</strong></span> <span class='ocrx_word' id='word_1_558' title='bbox 998 4518 1300 4589; x_wconf 90' lang='lat' dir='ltr'><strong>incipiendi</strong></span> <span class='ocrx_word' id='word_1_559' title='bbox 1328 4537 1520 4576; x_wconf 89' lang='lat' dir='ltr'><strong>versus</strong></span> <span class='ocrx_word' id='word_1_560' title='bbox 1568 4524 1881 4580; x_wconf 61' lang='lat' dir='ltr'><strong>offerenda).</strong></span> 
     </span>
    </p>
   </div>
   <div class='ocr_carea' id='block_1_78' title="bbox 288 4602 1883 4681">
    <p class='ocr_par' dir='ltr' id='par_1_78' title="bbox 288 4602 1883 4681">
     <span class='ocr_line' id='line_1_78' title="bbox 288 4602 1883 4681; baseline 0.007 -24"><span class='ocrx_word' id='word_1_561' title='bbox 288 4603 375 4657; x_wconf 82' lang='lat' dir='ltr'><strong>Ad</strong></span> <span class='ocrx_word' id='word_1_562' title='bbox 403 4602 587 4673; x_wconf 91' lang='lat' dir='ltr'><strong>ipsum</strong></span> <span class='ocrx_word' id='word_1_563' title='bbox 610 4603 757 4657; x_wconf 91' lang='lat' dir='ltr'><strong>enim</strong></span> <span class='ocrx_word' id='word_1_564' title='bbox 778 4605 1025 4674; x_wconf 88' lang='lat' dir='ltr'><strong>pertinet</strong></span> <span class='ocrx_word' id='word_1_565' title='bbox 1051 4612 1185 4660; x_wconf 91' lang='lat' dir='ltr'><strong>tunc</strong></span> <span class='ocrx_word' id='word_1_566' title='bbox 1213 4608 1459 4680; x_wconf 87' lang='lat' dir='ltr'><strong>incipere</strong></span> <span class='ocrx_word' id='word_1_567' title='bbox 1488 4627 1583 4665; x_wconf 91' lang='lat' dir='ltr'><strong>eos</strong></span> <span class='ocrx_word' id='word_1_568' title='bbox 1612 4612 1801 4681; x_wconf 85' lang='lat' dir='ltr'><strong>etiam,</strong></span> <span class='ocrx_word' id='word_1_569' title='bbox 1834 4614 1883 4669; x_wconf 94' lang='lat' dir='ltr'><strong>si</strong></span> 
     </span>
    </p>
   </div>
   <div class='ocr_carea' id='block_1_79' title="bbox 290 4692 1884 4769">
    <p class='ocr_par' dir='ltr' id='par_1_79' title="bbox 290 4692 1884 4769">
     <span class='ocr_line' id='line_1_79' title="bbox 290 4692 1884 4769; baseline 0.008 -24"><span class='ocrx_word' id='word_1_570' title='bbox 290 4697 583 4746; x_wconf 87' lang='lat' dir='ltr'><strong>succentor</strong></span> <span class='ocrx_word' id='word_1_571' title='bbox 610 4692 842 4746; x_wconf 90' lang='lat' dir='ltr'><strong>chorum</strong></span> <span class='ocrx_word' id='word_1_572' title='bbox 874 4698 1083 4749; x_wconf 88' lang='lat' dir='ltr'><strong>teneat.</strong></span> <span class='ocrx_word' id='word_1_573' title='bbox 1119 4697 1327 4751; x_wconf 88' lang='lat' dir='ltr'><strong>Cantor</strong></span> <span class='ocrx_word' id='word_1_574' title='bbox 1341 4698 1455 4753; x_wconf 89' lang='lat' dir='ltr'><strong>viso</strong></span> <span class='ocrx_word' id='word_1_575' title='bbox 1478 4700 1638 4769; x_wconf 83' lang='lat' dir='ltr'><strong>signo</strong></span> <span class='ocrx_word' id='word_1_576' title='bbox 1655 4702 1884 4757; x_wconf 89' lang='lat' dir='ltr'><strong>inclinet</strong></span> 
     </span>
    </p>
   </div>
   <div class='ocr_carea' id='block_1_80' title="bbox 286 4780 1881 4863">
    <p class='ocr_par' dir='ltr' id='par_1_80' title="bbox 286 4780 1881 4863">
     <span class='ocr_line' id='line_1_80' title="bbox 286 4780 1881 4863; baseline 0.009 -31"><span class='ocrx_word' id='word_1_577' title='bbox 286 4780 359 4847; x_wconf 91' lang='lat' dir='ltr'><strong>ei,</strong></span> <span class='ocrx_word' id='word_1_578' title='bbox 382 4786 439 4834; x_wconf 87' lang='lat' dir='ltr'><strong>et</strong></span> <span class='ocrx_word' id='word_1_579' title='bbox 465 4780 937 4838; x_wconf 88' lang='lat' dir='ltr'><strong>hebdomadarius</strong></span> <span class='ocrx_word' id='word_1_580' title='bbox 961 4790 1157 4839; x_wconf 93' lang='lat' dir='ltr'><strong>cantor</strong></span> <span class='ocrx_word' id='word_1_581' title='bbox 1182 4787 1442 4842; x_wconf 89' lang='lat' dir='ltr'><strong>similiter</strong></span> <span class='ocrx_word' id='word_1_582' title='bbox 1467 4787 1595 4860; x_wconf 89' lang='lat' dir='ltr'><strong>ipsi.</strong></span> <span class='ocrx_word' id='word_1_583' title='bbox 1618 4791 1682 4845; x_wconf 86' lang='lat' dir='ltr'><strong>In</strong></span> <span class='ocrx_word' id='word_1_584' title='bbox 1701 4797 1881 4863; x_wconf 78' lang='lat' dir='ltr'><strong>coepto</strong></span> 
     </span>
    </p>
   </div>
   <div class='ocr_carea' id='block_1_81' title="bbox 285 4878 1879 4946">
    <p class='ocr_par' dir='ltr' id='par_1_81' title="bbox 285 4878 1879 4946">
     <span class='ocr_line' id='line_1_81' title="bbox 285 4878 1879 4946; baseline 0.008 -23"><span class='ocrx_word' id='word_1_585' title='bbox 285 4885 624 4941; x_wconf 90' lang='lat' dir='ltr'><strong>unoquoque</strong></span> <span class='ocrx_word' id='word_1_586' title='bbox 654 4887 836 4937; x_wconf 89' lang='lat' dir='ltr'><strong>versu,</strong></span> <span class='ocrx_word' id='word_1_587' title='bbox 865 4878 1059 4928; x_wconf 88' lang='lat' dir='ltr'><strong>cantor</strong></span> <span class='ocrx_word' id='word_1_588' title='bbox 1112 4881 1243 4930; x_wconf 89' lang='lat' dir='ltr'><strong>ante</strong></span> <span class='ocrx_word' id='word_1_589' title='bbox 1297 4883 1354 4931; x_wconf 90' lang='lat' dir='ltr'><strong>et</strong></span> <span class='ocrx_word' id='word_1_590' title='bbox 1399 4882 1550 4932; x_wconf 87' lang='lat' dir='ltr'><strong>retro</strong></span> <span class='ocrx_word' id='word_1_591' title='bbox 1600 4879 1788 4946; x_wconf 87' lang='lat' dir='ltr'><strong>faciat,</strong></span> <span class='ocrx_word' id='word_1_592' title='bbox 1822 4887 1879 4935; x_wconf 90' lang='lat' dir='ltr'><strong>et</strong></span> 
     </span>
    </p>
   </div>
   <div class='ocr_carea' id='block_1_82' title="bbox 285 4958 1069 5020">
    <p class='ocr_par' dir='ltr' id='par_1_82' title="bbox 285 4958 1069 5020">
     <span class='ocr_line' id='line_1_82' title="bbox 285 4958 1069 5020; baseline 0.008 -8"><span class='ocrx_word' id='word_1_593' title='bbox 285 4975 483 5013; x_wconf 87' lang='lat' dir='ltr'><strong>omnes</strong></span> <span class='ocrx_word' id='word_1_594' title='bbox 509 4958 753 5014; x_wconf 89' lang='lat' dir='ltr'><strong>infantes</strong></span> <span class='ocrx_word' id='word_1_595' title='bbox 775 4960 1069 5020; x_wconf 88' lang='lat' dir='ltr'><strong>inclinent.</strong></span> 
     </span>
    </p>
   </div>
   <div class='ocr_carea' id='block_1_83' title="bbox 353 5048 1876 5131">
    <p class='ocr_par' dir='ltr' id='par_1_83' title="bbox 353 5048 1876 5131">
     <span class='ocr_line' id='line_1_83' title="bbox 353 5048 1876 5131; baseline 0.01 -30"><span class='ocrx_word' id='word_1_596' title='bbox 353 5048 537 5120; x_wconf 89' lang='lat' dir='ltr'><strong>Ipsius</strong></span> <span class='ocrx_word' id='word_1_597' title='bbox 569 5056 654 5103; x_wconf 84' lang='lat' dir='ltr'><strong>est</strong></span> <span class='ocrx_word' id='word_1_598' title='bbox 685 5050 973 5106; x_wconf 84' lang='lat' dir='ltr'><strong>notiﬁcare</strong></span> <span class='ocrx_word' id='word_1_599' title='bbox 1031 5052 1220 5107; x_wconf 90' lang='lat' dir='ltr'><strong>abbati</strong></span> <span class='ocrx_word' id='word_1_600' title='bbox 1254 5071 1448 5110; x_wconf 90' lang='lat' dir='ltr'><strong>omnes</strong></span> <span class='ocrx_word' id='word_1_601' title='bbox 1487 5062 1684 5112; x_wconf 87' lang='lat' dir='ltr'><strong>cantus</strong></span> <span class='ocrx_word' id='word_1_602' title='bbox 1737 5078 1876 5131; x_wconf 90' lang='lat' dir='ltr'><strong>quos</strong></span> 
     </span>
    </p>
   </div>
   <div class='ocr_carea' id='block_1_84' title="bbox 280 5137 1875 5218">
    <p class='ocr_par' dir='ltr' id='par_1_84' title="bbox 280 5137 1875 5218">
     <span class='ocr_line' id='line_1_84' title="bbox 280 5137 1875 5218; baseline 0.009 -27"><span class='ocrx_word' id='word_1_603' title='bbox 280 5137 398 5209; x_wconf 89' lang='lat' dir='ltr'><strong>ipse</strong></span> <span class='ocrx_word' id='word_1_604' title='bbox 421 5144 614 5193; x_wconf 81' lang='lat' dir='ltr'><strong>cantat</strong></span> <span class='ocrx_word' id='word_1_605' title='bbox 665 5140 749 5192; x_wconf 90' lang='lat' dir='ltr'><strong>vel</strong></span> <span class='ocrx_word' id='word_1_606' title='bbox 801 5139 1013 5211; x_wconf 89' lang='lat' dir='ltr'><strong>incipit.</strong></span> <span class='ocrx_word' id='word_1_607' title='bbox 1073 5143 1224 5196; x_wconf 89' lang='lat' dir='ltr'><strong>Cura</strong></span> <span class='ocrx_word' id='word_1_608' title='bbox 1277 5142 1559 5212; x_wconf 91' lang='lat' dir='ltr'><strong>Brevium,</strong></span> <span class='ocrx_word' id='word_1_609' title='bbox 1592 5147 1688 5218; x_wconf 91' lang='lat' dir='ltr'><strong>qui</strong></span> <span class='ocrx_word' id='word_1_610' title='bbox 1725 5150 1875 5205; x_wconf 88' lang='lat' dir='ltr'><strong>foras</strong></span> 
     </span>
    </p>
   </div>
   <div class='ocr_carea' id='block_1_85' title="bbox 279 5228 1874 5301">
    <p class='ocr_par' dir='ltr' id='par_1_85' title="bbox 279 5228 1874 5301">
     <span class='ocr_line' id='line_1_85' title="bbox 279 5228 1874 5301; baseline 0.008 -19"><span class='ocrx_word' id='word_1_611' title='bbox 279 5228 432 5282; x_wconf 89' lang='lat' dir='ltr'><strong>mitti</strong></span> <span class='ocrx_word' id='word_1_612' title='bbox 463 5228 645 5282; x_wconf 88' lang='lat' dir='ltr'><strong>solent</strong></span> <span class='ocrx_word' id='word_1_613' title='bbox 670 5245 772 5299; x_wconf 91' lang='lat' dir='ltr'><strong>pro</strong></span> <span class='ocrx_word' id='word_1_614' title='bbox 791 5228 1068 5284; x_wconf 90' lang='lat' dir='ltr'><strong>defunctis</strong></span> <span class='ocrx_word' id='word_1_615' title='bbox 1107 5230 1394 5301; x_wconf 81' lang='lat' dir='ltr'><strong>fratribus,</strong></span> <span class='ocrx_word' id='word_1_616' title='bbox 1440 5241 1497 5289; x_wconf 89' lang='lat' dir='ltr'><strong>et</strong></span> <span class='ocrx_word' id='word_1_617' title='bbox 1517 5253 1653 5291; x_wconf 87' lang='lat' dir='ltr'><strong>cura</strong></span> <span class='ocrx_word' id='word_1_618' title='bbox 1678 5254 1874 5294; x_wconf 87' lang='lat' dir='ltr'><strong>nume-</strong></span> 
     </span>
    </p>
   </div>
   <div class='ocr_carea' id='block_1_86' title="bbox 281 5317 1873 5395">
    <p class='ocr_par' dir='ltr' id='par_1_86' title="bbox 281 5317 1873 5395">
     <span class='ocr_line' id='line_1_86' title="bbox 281 5317 1873 5395; baseline 0.009 -25"><span class='ocrx_word' id='word_1_619' title='bbox 281 5318 444 5371; x_wconf 88' lang='lat' dir='ltr'><strong>randi</strong></span> <span class='ocrx_word' id='word_1_620' title='bbox 474 5317 775 5372; x_wconf 88' lang='lat' dir='ltr'><strong>tricenaria</strong></span> <span class='ocrx_word' id='word_1_621' title='bbox 796 5323 854 5373; x_wconf 88' lang='lat' dir='ltr'><strong>et</strong></span> <span class='ocrx_word' id='word_1_622' title='bbox 874 5320 1212 5390; x_wconf 86' lang='lat' dir='ltr'><strong>septenaria,</strong></span> <span class='ocrx_word' id='word_1_623' title='bbox 1229 5322 1295 5376; x_wconf 88' lang='lat' dir='ltr'><strong>ad</strong></span> <span class='ocrx_word' id='word_1_624' title='bbox 1321 5340 1449 5377; x_wconf 90' lang='lat' dir='ltr'><strong>eum</strong></span> <span class='ocrx_word' id='word_1_625' title='bbox 1467 5326 1710 5395; x_wconf 88' lang='lat' dir='ltr'><strong>pertinet</strong></span> <span class='ocrx_word' id='word_1_626' title='bbox 1740 5347 1753 5395; x_wconf 92' lang='lat'><strong>;</strong></span> <span class='ocrx_word' id='word_1_627' title='bbox 1803 5330 1873 5383; x_wconf 85' lang='lat' dir='ltr'><strong>de</strong></span> 
     </span>
    </p>
   </div>
   <div class='ocr_carea' id='block_1_87' title="bbox 278 5405 1871 5484">
    <p class='ocr_par' dir='ltr' id='par_1_87' title="bbox 278 5405 1871 5484">
     <span class='ocr_line' id='line_1_87' title="bbox 278 5405 1871 5484; baseline 0.009 -24"><span class='ocrx_word' id='word_1_628' title='bbox 278 5405 554 5461; x_wconf 88' lang='lat' dir='ltr'><strong>universis</strong></span> <span class='ocrx_word' id='word_1_629' title='bbox 584 5408 911 5462; x_wconf 88' lang='lat' dir='ltr'><strong>monasterii</strong></span> <span class='ocrx_word' id='word_1_630' title='bbox 935 5407 1091 5464; x_wconf 88' lang='lat' dir='ltr'><strong>libris</strong></span> <span class='ocrx_word' id='word_1_631' title='bbox 1109 5426 1302 5466; x_wconf 88' lang='lat' dir='ltr'><strong>curam</strong></span> <span class='ocrx_word' id='word_1_632' title='bbox 1350 5419 1530 5484; x_wconf 83' lang='lat' dir='ltr'><strong>gerat,</strong></span> <span class='ocrx_word' id='word_1_633' title='bbox 1586 5420 1643 5469; x_wconf 91' lang='lat' dir='ltr'><strong>et</strong></span> <span class='ocrx_word' id='word_1_634' title='bbox 1690 5433 1786 5473; x_wconf 91' lang='lat' dir='ltr'><strong>eos</strong></span> <span class='ocrx_word' id='word_1_635' title='bbox 1813 5418 1871 5474; x_wconf 91' lang='lat' dir='ltr'><strong>in</strong></span> 
     </span>
    </p>
   </div>
   <div class='ocr_carea' id='block_1_88' title="bbox 281 5495 1870 5571">
    <p class='ocr_par' dir='ltr' id='par_1_88' title="bbox 281 5495 1870 5571">
     <span class='ocr_line' id='line_1_88' title="bbox 281 5495 1870 5571; baseline 0.007 -19"><span class='ocrx_word' id='word_1_636' title='bbox 281 5495 534 5552; x_wconf 89' lang='lat' dir='ltr'><strong>custodia</strong></span> <span class='ocrx_word' id='word_1_637' title='bbox 562 5513 667 5550; x_wconf 83' lang='lat' dir='ltr'><strong>sua</strong></span> <span class='ocrx_word' id='word_1_638' title='bbox 696 5496 920 5566; x_wconf 86' lang='lat' dir='ltr'><strong>habeat,</strong></span> <span class='ocrx_word' id='word_1_639' title='bbox 942 5498 989 5553; x_wconf 91' lang='lat' dir='ltr'><strong>si</strong></span> <span class='ocrx_word' id='word_1_640' title='bbox 1016 5500 1138 5569; x_wconf 87' lang='lat' dir='ltr'><strong>ejus</strong></span> <span class='ocrx_word' id='word_1_641' title='bbox 1166 5501 1360 5571; x_wconf 89' lang='lat' dir='ltr'><strong>studii,</strong></span> <span class='ocrx_word' id='word_1_642' title='bbox 1392 5508 1582 5571; x_wconf 66' lang='lat'><strong>280</strong></span> <span class='ocrx_word' id='word_1_643' title='bbox 1607 5510 1664 5560; x_wconf 90' lang='lat' dir='ltr'><strong>et</strong></span> <span class='ocrx_word' id='word_1_644' title='bbox 1691 5507 1870 5562; x_wconf 90' lang='lat' dir='ltr'><strong>scien-</strong></span> 
     </span>
    </p>
   </div>
   <div class='ocr_carea' id='block_1_89' title="bbox 1999 3021 3600 3112">
    <p class='ocr_par' dir='ltr' id='par_1_89' title="bbox 1999 3021 3600 3112">
     <span class='ocr_line' id='line_1_89' title="bbox 1999 3021 3600 3112; baseline 0.017 -42"><span class='ocrx_word' id='word_1_645' title='bbox 1999 3021 2426 3089; x_wconf 85' lang='lat' dir='ltr'><strong>commendare;</strong></span> <span class='ocrx_word' id='word_1_646' title='bbox 2458 3024 2707 3082; x_wconf 85' lang='lat' dir='ltr'><strong>lavandis</strong></span> <span class='ocrx_word' id='word_1_647' title='bbox 2736 3032 3114 3102; x_wconf 87' lang='lat' dir='ltr'><strong>corporalibus</strong></span> <span class='ocrx_word' id='word_1_648' title='bbox 3172 3044 3381 3108; x_wconf 83' lang='lat' dir='ltr'><strong>quanta</strong></span> <span class='ocrx_word' id='word_1_649' title='bbox 3410 3043 3600 3112; x_wconf 83' lang='lat' dir='ltr'><strong>possit</strong></span> 
     </span>
    </p>
   </div>
   <div class='ocr_carea' id='block_1_90' title="bbox 1992 3107 3593 3187">
    <p class='ocr_par' dir='ltr' id='par_1_90' title="bbox 1992 3107 3593 3187">
     <span class='ocr_line' id='line_1_90' title="bbox 1992 3107 3593 3187; baseline 0.017 -28"><span class='ocrx_word' id='word_1_650' title='bbox 1992 3107 2285 3178; x_wconf 88' lang='lat' dir='ltr'><strong>diligentia</strong></span> <span class='ocrx_word' id='word_1_651' title='bbox 2311 3111 2684 3182; x_wconf 88' lang='lat' dir='ltr'><strong>adhibeatur;</strong></span> <span class='ocrx_word' id='word_1_652' title='bbox 2713 3134 2846 3172; x_wconf 85' lang='lat' dir='ltr'><strong>vasa</strong></span> <span class='ocrx_word' id='word_1_653' title='bbox 2870 3136 3045 3187; x_wconf 68' lang='lat' dir='ltr'><strong>aenea,</strong></span> <span class='ocrx_word' id='word_1_654' title='bbox 3106 3107 3205 3178; x_wconf 9' lang='lat' dir='ltr'><strong>add</strong></span> <span class='ocrx_word' id='word_1_655' title='bbox 3233 3107 3429 3183; x_wconf 36' lang='lat' dir='ltr'><strong>nullos.</strong></span> <span class='ocrx_word' id='word_1_656' title='bbox 3443 3131 3593 3187; x_wconf 89' lang='lat' dir='ltr'><strong>alios</strong></span> 
     </span>
    </p>
   </div>
   <div class='ocr_carea' id='block_1_91' title="bbox 1990 3198 3597 3291">
    <p class='ocr_par' dir='ltr' id='par_1_91' title="bbox 1990 3198 3597 3291">
     <span class='ocr_line' id='line_1_91' title="bbox 1990 3198 3597 3291; baseline 0.016 -42"><span class='ocrx_word' id='word_1_657' title='bbox 1990 3213 2127 3291; x_wconf 79' lang='lat' dir='ltr'><strong>usus</strong></span> <span class='ocrx_word' id='word_1_658' title='bbox 2155 3198 2455 3261; x_wconf 86' lang='lat' dir='ltr'><strong>destinata,</strong></span> <span class='ocrx_word' id='word_1_659' title='bbox 2488 3204 2558 3256; x_wconf 89' lang='lat' dir='ltr'><strong>ad</strong></span> <span class='ocrx_word' id='word_1_660' title='bbox 2589 3205 2693 3259; x_wconf 90' lang='lat' dir='ltr'><strong>hoc</strong></span> <span class='ocrx_word' id='word_1_661' title='bbox 2722 3223 2861 3277; x_wconf 89' lang='lat' dir='ltr'><strong>opus</strong></span> <span class='ocrx_word' id='word_1_662' title='bbox 2901 3210 3251 3283; x_wconf 87' lang='lat' dir='ltr'><strong>habeantur;</strong></span> <span class='ocrx_word' id='word_1_663' title='bbox 3301 3235 3448 3288; x_wconf 88' lang='lat' dir='ltr'><strong>aqua</strong></span> <span class='ocrx_word' id='word_1_664' title='bbox 3475 3236 3597 3291; x_wconf 82' lang='lat' dir='ltr'><strong>qua</strong></span> 
     </span>
    </p>
   </div>
   <div class='ocr_carea' id='block_1_92' title="bbox 1990 3285 3588 3378">
    <p class='ocr_par' dir='ltr' id='par_1_92' title="bbox 1990 3285 3588 3378">
     <span class='ocr_line' id='line_1_92' title="bbox 1990 3285 3588 3378; baseline 0.016 -40"><span class='ocrx_word' id='word_1_665' title='bbox 1990 3285 2268 3355; x_wconf 85' lang='lat' dir='ltr'><strong>lavantur,</strong></span> <span class='ocrx_word' id='word_1_666' title='bbox 2298 3288 2440 3344; x_wconf 87' lang='lat' dir='ltr'><strong>sicut</strong></span> <span class='ocrx_word' id='word_1_667' title='bbox 2456 3296 2513 3345; x_wconf 90' lang='lat' dir='ltr'><strong>et</strong></span> <span class='ocrx_word' id='word_1_668' title='bbox 2541 3293 2797 3362; x_wconf 85' lang='lat' dir='ltr'><strong>calicum,</strong></span> <span class='ocrx_word' id='word_1_669' title='bbox 2821 3296 2878 3350; x_wconf 92' lang='lat' dir='ltr'><strong>in</strong></span> <span class='ocrx_word' id='word_1_670' title='bbox 2902 3301 3207 3356; x_wconf 89' lang='lat' dir='ltr'><strong>sacrarium</strong></span> <span class='ocrx_word' id='word_1_671' title='bbox 3235 3285 3588 3378; x_wconf 67' lang='lat' dir='ltr'><strong>proﬁciatur;</strong></span> 
     </span>
    </p>
   </div>
   <div class='ocr_carea' id='block_1_93' title="bbox 1990 3373 3596 3458">
    <p class='ocr_par' dir='ltr' id='par_1_93' title="bbox 1990 3373 3596 3458">
     <span class='ocr_line' id='line_1_93' title="bbox 1990 3373 3596 3458; baseline 0.016 -31"><span class='ocrx_word' id='word_1_672' title='bbox 1990 3373 2136 3440; x_wconf 91' lang='lat' dir='ltr'><strong>lotis,</strong></span> <span class='ocrx_word' id='word_1_673' title='bbox 2170 3376 2303 3431; x_wconf 90' lang='lat' dir='ltr'><strong>dum</strong></span> <span class='ocrx_word' id='word_1_674' title='bbox 2344 3378 2640 3449; x_wconf 89' lang='lat' dir='ltr'><strong>siccantur,</strong></span> <span class='ocrx_word' id='word_1_675' title='bbox 2695 3400 2765 3438; x_wconf 90' lang='lat' dir='ltr'><strong>ne</strong></span> <span class='ocrx_word' id='word_1_676' title='bbox 2805 3386 3006 3458; x_wconf 74' lang='lat' dir='ltr'><strong>aliquae</strong></span> <span class='ocrx_word' id='word_1_677' title='bbox 3036 3373 3596 3453; x_wconf 49' lang='lat' dir='ltr'><strong>sordes—adhaereant</strong></span> 
     </span>
    </p>
   </div>
   <div class='ocr_carea' id='block_1_94' title="bbox 1989 3463 3588 3556">
    <p class='ocr_par' dir='ltr' id='par_1_94' title="bbox 1989 3463 3588 3556">
     <span class='ocr_line' id='line_1_94' title="bbox 1989 3463 3588 3556; baseline 0.016 -41"><span class='ocrx_word' id='word_1_678' title='bbox 1989 3463 2250 3519; x_wconf 88' lang='lat' dir='ltr'><strong>omnibus</strong></span> <span class='ocrx_word' id='word_1_679' title='bbox 2279 3467 2459 3522; x_wconf 91' lang='lat' dir='ltr'><strong>modis</strong></span> <span class='ocrx_word' id='word_1_680' title='bbox 2487 3470 2865 3541; x_wconf 89' lang='lat' dir='ltr'><strong>provideatur.</strong></span> <span class='ocrx_word' id='word_1_681' title='bbox 3580 3544 3588 3556; x_wconf 35' lang='grc' dir='ltr'>ι</span> 
     </span>
    </p>
   </div>
   <div class='ocr_carea' id='block_1_95' title="bbox 2058 3553 3593 3642">
    <p class='ocr_par' dir='ltr' id='par_1_95' title="bbox 2058 3553 3593 3642">
     <span class='ocr_line' id='line_1_95' title="bbox 2058 3553 3593 3642; baseline 0.016 -36"><span class='ocrx_word' id='word_1_682' title='bbox 2058 3553 2205 3608; x_wconf 87' lang='lat' dir='ltr'><strong>Cura</strong></span> <span class='ocrx_word' id='word_1_683' title='bbox 2234 3554 2476 3611; x_wconf 86' lang='lat' dir='ltr'><strong>faciendi</strong></span> <span class='ocrx_word' id='word_1_684' title='bbox 2500 3559 2713 3614; x_wconf 88' lang='lat' dir='ltr'><strong>hostias</strong></span> <span class='ocrx_word' id='word_1_685' title='bbox 2736 3579 2907 3634; x_wconf 89' lang='lat' dir='ltr'><strong>super</strong></span> <span class='ocrx_word' id='word_1_686' title='bbox 2919 3581 3047 3621; x_wconf 89' lang='lat' dir='ltr'><strong>eum</strong></span> <span class='ocrx_word' id='word_1_687' title='bbox 3059 3573 3147 3623; x_wconf 89' lang='lat' dir='ltr'><strong>est</strong></span> <span class='ocrx_word' id='word_1_688' title='bbox 3169 3587 3182 3636; x_wconf 87' lang='lat'><strong>;</strong></span> <span class='ocrx_word' id='word_1_689' title='bbox 3206 3587 3327 3642; x_wconf 62' lang='lat' dir='ltr'><strong>qua:</strong></span> <span class='ocrx_word' id='word_1_690' title='bbox 3338 3576 3405 3626; x_wconf 90' lang='lat' dir='ltr'><strong>ut</strong></span> <span class='ocrx_word' id='word_1_691' title='bbox 3420 3553 3593 3629; x_wconf 33' lang='lat' dir='ltr'><strong>mun-s</strong></span> 
     </span>
    </p>
   </div>
   <div class='ocr_carea' id='block_1_96' title="bbox 1986 3640 3590 3730">
    <p class='ocr_par' dir='ltr' id='par_1_96' title="bbox 1986 3640 3590 3730">
     <span class='ocr_line' id='line_1_96' title="bbox 1986 3640 3590 3730; baseline 0.016 -36"><span class='ocrx_word' id='word_1_692' title='bbox 1986 3640 2216 3698; x_wconf 90' lang='lat' dir='ltr'><strong>dissime</strong></span> <span class='ocrx_word' id='word_1_693' title='bbox 2246 3649 2303 3698; x_wconf 90' lang='lat' dir='ltr'><strong>et</strong></span> <span class='ocrx_word' id='word_1_694' title='bbox 2333 3645 2728 3704; x_wconf 84' lang='lat' dir='ltr'><strong>honestissime</strong></span> <span class='ocrx_word' id='word_1_695' title='bbox 2770 3653 2928 3721; x_wconf 87' lang='lat' dir='ltr'><strong>ﬁant,</strong></span> <span class='ocrx_word' id='word_1_696' title='bbox 2961 3640 3318 3730; x_wconf 79' lang='lat' dir='ltr'><strong>summopere</strong></span> <span class='ocrx_word' id='word_1_697' title='bbox 3349 3662 3590 3720; x_wconf 88' lang='lat' dir='ltr'><strong>studere</strong></span> 
     </span>
    </p>
   </div>
   <div class='ocr_carea' id='block_1_97' title="bbox 1983 3729 3585 3811">
    <p class='ocr_par' dir='ltr' id='par_1_97' title="bbox 1983 3729 3585 3811">
     <span class='ocr_line' id='line_1_97' title="bbox 1983 3729 3585 3811; baseline 0.016 -29"><span class='ocrx_word' id='word_1_698' title='bbox 1983 3729 2166 3785; x_wconf 88' lang='lat' dir='ltr'><strong>debet.</strong></span> <span class='ocrx_word' id='word_1_699' title='bbox 2224 3733 2288 3787; x_wconf 91' lang='lat' dir='ltr'><strong>In</strong></span> <span class='ocrx_word' id='word_1_700' title='bbox 2344 3735 2559 3805; x_wconf 88' lang='lat' dir='ltr'><strong>primis,</strong></span> <span class='ocrx_word' id='word_1_701' title='bbox 2592 3737 2637 3791; x_wconf 90' lang='lat' dir='ltr'><strong>si</strong></span> <span class='ocrx_word' id='word_1_702' title='bbox 2667 3740 2788 3793; x_wconf 81' lang='lat' dir='ltr'><strong>fieri</strong></span> <span class='ocrx_word' id='word_1_703' title='bbox 2817 3748 3017 3811; x_wconf 89' lang='lat' dir='ltr'><strong>potest,</strong></span> <span class='ocrx_word' id='word_1_704' title='bbox 3067 3729 3411 3804; x_wconf 82' lang='lat' dir='ltr'><strong>frumentum</strong></span> <span class='ocrx_word' id='word_1_705' title='bbox 3442 3768 3585 3808; x_wconf 85' lang='lat' dir='ltr'><strong>cum</strong></span> 
     </span>
    </p>
   </div>
   <div class='ocr_carea' id='block_1_98' title="bbox 1980 3814 3583 3899">
    <p class='ocr_par' dir='ltr' id='par_1_98' title="bbox 1980 3814 3583 3899">
     <span class='ocr_line' id='line_1_98' title="bbox 1980 3814 3583 3899; baseline 0.016 -28"><span class='ocrx_word' id='word_1_706' title='bbox 1980 3814 2184 3889; x_wconf 82' lang='lat' dir='ltr'><strong>magno</strong></span> <span class='ocrx_word' id='word_1_707' title='bbox 2215 3822 2400 3877; x_wconf 91' lang='lat' dir='ltr'><strong>studio</strong></span> <span class='ocrx_word' id='word_1_708' title='bbox 2426 3826 2709 3893; x_wconf 86' lang='lat' dir='ltr'><strong>granatim</strong></span> <span class='ocrx_word' id='word_1_709' title='bbox 2730 3828 2990 3899; x_wconf 83' lang='lat' dir='ltr'><strong>eligatur,</strong></span> <span class='ocrx_word' id='word_1_710' title='bbox 3014 3833 3254 3889; x_wconf 89' lang='lat' dir='ltr'><strong>electum</strong></span> <span class='ocrx_word' id='word_1_711' title='bbox 3272 3838 3331 3891; x_wconf 90' lang='lat' dir='ltr'><strong>in</strong></span> <span class='ocrx_word' id='word_1_712' title='bbox 3351 3842 3583 3896; x_wconf 87' lang='lat' dir='ltr'><strong>sacculo</strong></span> 
     </span>
    </p>
   </div>
   <div class='ocr_carea' id='block_1_99' title="bbox 1980 3908 3586 3998">
    <p class='ocr_par' dir='ltr' id='par_1_99' title="bbox 1980 3908 3586 3998">
     <span class='ocr_line' id='line_1_99' title="bbox 1980 3908 3586 3998; baseline 0.016 -39"><span class='ocrx_word' id='word_1_713' title='bbox 1980 3908 2209 3975; x_wconf 89' lang='lat' dir='ltr'><strong>mundo,</strong></span> <span class='ocrx_word' id='word_1_714' title='bbox 2244 3916 2297 3963; x_wconf 90' lang='lat' dir='ltr'><strong>et</strong></span> <span class='ocrx_word' id='word_1_715' title='bbox 2328 3911 2398 3965; x_wconf 87' lang='lat' dir='ltr'><strong>de</strong></span> <span class='ocrx_word' id='word_1_716' title='bbox 2423 3910 2567 3967; x_wconf 92' lang='lat' dir='ltr'><strong>bono</strong></span> <span class='ocrx_word' id='word_1_717' title='bbox 2597 3932 2781 3985; x_wconf 86' lang='lat' dir='ltr'><strong>panno</strong></span> <span class='ocrx_word' id='word_1_718' title='bbox 2810 3918 2956 3973; x_wconf 91' lang='lat' dir='ltr'><strong>facto</strong></span> <span class='ocrx_word' id='word_1_719' title='bbox 2985 3926 3041 3974; x_wconf 90' lang='lat' dir='ltr'><strong>et</strong></span> <span class='ocrx_word' id='word_1_720' title='bbox 3067 3922 3134 3975; x_wconf 90' lang='lat' dir='ltr'><strong>ad</strong></span> <span class='ocrx_word' id='word_1_721' title='bbox 3167 3923 3272 3979; x_wconf 89' lang='lat' dir='ltr'><strong>hoc</strong></span> <span class='ocrx_word' id='word_1_722' title='bbox 3291 3943 3430 3998; x_wconf 89' lang='lat' dir='ltr'><strong>opus</strong></span> <span class='ocrx_word' id='word_1_723' title='bbox 3449 3934 3586 3984; x_wconf 87' lang='lat' dir='ltr'><strong>tan-</strong></span> 
     </span>
    </p>
   </div>
   <div class='ocr_carea' id='block_1_100' title="bbox 1978 4000 3581 4072">
    <p class='ocr_par' dir='ltr' id='par_1_100' title="bbox 1978 4000 3581 4072">
     <span class='ocr_line' id='line_1_100' title="bbox 1978 4000 3581 4072; baseline 0.016 -25"><span class='ocrx_word' id='word_1_724' title='bbox 1978 4000 2098 4049; x_wconf 90' lang='lat' dir='ltr'><strong>tum</strong></span> <span class='ocrx_word' id='word_1_725' title='bbox 2129 4002 2387 4066; x_wconf 84' lang='lat' dir='ltr'><strong>ponatur,</strong></span> <span class='ocrx_word' id='word_1_726' title='bbox 2422 4006 2480 4054; x_wconf 91' lang='lat' dir='ltr'><strong>et</strong></span> <span class='ocrx_word' id='word_1_727' title='bbox 2506 4018 2541 4055; x_wconf 88' lang='lat' dir='ltr'><strong>a</strong></span> <span class='ocrx_word' id='word_1_728' title='bbox 2566 4002 2778 4059; x_wconf 88' lang='lat' dir='ltr'><strong>famulo</strong></span> <span class='ocrx_word' id='word_1_729' title='bbox 2809 4005 2938 4061; x_wconf 92' lang='lat' dir='ltr'><strong>boni</strong></span> <span class='ocrx_word' id='word_1_730' title='bbox 2989 4010 3164 4064; x_wconf 89' lang='lat' dir='ltr'><strong>studii</strong></span> <span class='ocrx_word' id='word_1_731' title='bbox 3192 4013 3263 4067; x_wconf 90' lang='lat' dir='ltr'><strong>ad</strong></span> <span class='ocrx_word' id='word_1_732' title='bbox 3294 4016 3581 4072; x_wconf 86' lang='lat' dir='ltr'><strong>molendi-</strong></span> 
     </span>
    </p>
   </div>
   <div class='ocr_carea' id='block_1_101' title="bbox 1976 4085 3579 4161">
    <p class='ocr_par' dir='ltr' id='par_1_101' title="bbox 1976 4085 3579 4161">
     <span class='ocr_line' id='line_1_101' title="bbox 1976 4085 3579 4161; baseline 0.016 -24"><span class='ocrx_word' id='word_1_733' title='bbox 1976 4100 2112 4138; x_wconf 89' lang='lat' dir='ltr'><strong>num</strong></span> <span class='ocrx_word' id='word_1_734' title='bbox 2141 4085 2443 4141; x_wconf 87' lang='lat' dir='ltr'><strong>deferatur.</strong></span> <span class='ocrx_word' id='word_1_735' title='bbox 2478 4089 2598 4153; x_wconf 89' lang='lat' dir='ltr'><strong>Quo</strong></span> <span class='ocrx_word' id='word_1_736' title='bbox 2623 4092 2807 4148; x_wconf 88' lang='lat' dir='ltr'><strong>delato</strong></span> <span class='ocrx_word' id='word_1_737' title='bbox 2858 4096 3103 4153; x_wconf 87' lang='lat' dir='ltr'><strong>famulus</strong></span> <span class='ocrx_word' id='word_1_738' title='bbox 3132 4100 3283 4156; x_wconf 89' lang='lat' dir='ltr'><strong>aliud</strong></span> <span class='ocrx_word' id='word_1_739' title='bbox 3314 4104 3579 4161; x_wconf 85' lang='lat' dir='ltr'><strong>fru&#39;men-</strong></span> 
     </span>
    </p>
   </div>
   <div class='ocr_carea' id='block_1_102' title="bbox 1975 4175 3574 4261">
    <p class='ocr_par' dir='ltr' id='par_1_102' title="bbox 1975 4175 3574 4261">
     <span class='ocr_line' id='line_1_102' title="bbox 1975 4175 3574 4261; baseline 0.015 -36"><span class='ocrx_word' id='word_1_740' title='bbox 1975 4178 2095 4227; x_wconf 91' lang='lat' dir='ltr'><strong>tum</strong></span> <span class='ocrx_word' id='word_1_741' title='bbox 2150 4175 2208 4228; x_wconf 89' lang='lat' dir='ltr'><strong>in</strong></span> <span class='ocrx_word' id='word_1_742' title='bbox 2264 4176 2385 4247; x_wconf 89' lang='lat' dir='ltr'><strong>ipso</strong></span> <span class='ocrx_word' id='word_1_743' title='bbox 2411 4179 2729 4236; x_wconf 90' lang='lat' dir='ltr'><strong>molendino</strong></span> <span class='ocrx_word' id='word_1_744' title='bbox 2758 4184 2892 4238; x_wconf 91' lang='lat' dir='ltr'><strong>moli</strong></span> <span class='ocrx_word' id='word_1_745' title='bbox 2916 4186 3071 4256; x_wconf 88' lang='lat' dir='ltr'><strong>prius</strong></span> <span class='ocrx_word' id='word_1_746' title='bbox 3096 4189 3283 4255; x_wconf 86' lang='lat' dir='ltr'><strong>faciat,</strong></span> <span class='ocrx_word' id='word_1_747' title='bbox 3316 4197 3383 4246; x_wconf 93' lang='lat' dir='ltr'><strong>ut</strong></span> <span class='ocrx_word' id='word_1_748' title='bbox 3404 4193 3574 4261; x_wconf 86' lang='lat' dir='ltr'><strong>illud,</strong></span> 
     </span>
    </p>
   </div>
   <div class='ocr_carea' id='block_1_103' title="bbox 1903 4253 3578 4347">
    <p class='ocr_par' dir='ltr' id='par_1_103' title="bbox 1903 4253 3578 4347">
     <span class='ocr_line' id='line_1_103' title="bbox 1903 4253 3578 4347; baseline 0.015 -33"><span class='ocrx_word' id='word_1_749' title='bbox 1903 4253 2118 4317; x_wconf 86' lang='lat' dir='ltr'><strong>Dunde</strong></span> <span class='ocrx_word' id='word_1_750' title='bbox 2146 4264 2342 4319; x_wconf 54' lang='lat' dir='ltr'><strong>hostia;</strong></span> <span class='ocrx_word' id='word_1_751' title='bbox 2373 4267 2495 4320; x_wconf 85' lang='lat' dir='ltr'><strong>ﬁeri</strong></span> <span class='ocrx_word' id='word_1_752' title='bbox 2526 4268 2748 4336; x_wconf 88' lang='lat' dir='ltr'><strong>debent,</strong></span> <span class='ocrx_word' id='word_1_753' title='bbox 2803 4253 2933 4327; x_wconf 74' lang='lat' dir='ltr'><strong>sine</strong></span> <span class='ocrx_word' id='word_1_754' title='bbox 2975 4275 3165 4347; x_wconf 89' lang='lat' dir='ltr'><strong>aliqua</strong></span> <span class='ocrx_word' id='word_1_755' title='bbox 3219 4253 3382 4334; x_wconf 89' lang='lat' dir='ltr'><strong>sorde</strong></span> <span class='ocrx_word' id='word_1_756' title='bbox 3431 4253 3578 4340; x_wconf 83' lang='lat' dir='ltr'><strong>moli</strong></span> 
     </span>
    </p>
   </div>
   <div class='ocr_carea' id='block_1_104' title="bbox 1969 4354 3580 4428">
    <p class='ocr_par' dir='ltr' id='par_1_104' title="bbox 1969 4354 3580 4428">
     <span class='ocr_line' id='line_1_104' title="bbox 1969 4354 3580 4428; baseline 0.014 -23"><span class='ocrx_word' id='word_1_757' title='bbox 1969 4357 2164 4423; x_wconf 90' lang='lat' dir='ltr'><strong>postea</strong></span> <span class='ocrx_word' id='word_1_758' title='bbox 2192 4354 2391 4409; x_wconf 89' lang='lat' dir='ltr'><strong>valeat.</strong></span> <span class='ocrx_word' id='word_1_759' title='bbox 2425 4356 2731 4427; x_wconf 87' lang='lat' dir='ltr'><strong>Reportata</strong></span> <span class='ocrx_word' id='word_1_760' title='bbox 2776 4360 2957 4416; x_wconf 88' lang='lat' dir='ltr'><strong>farina</strong></span> <span class='ocrx_word' id='word_1_761' title='bbox 2987 4367 3321 4422; x_wconf 86' lang='lat' dir='ltr'><strong>secretarius</strong></span> <span class='ocrx_word' id='word_1_762' title='bbox 3365 4386 3463 4425; x_wconf 88' lang='lat' dir='ltr'><strong>vas</strong></span> <span class='ocrx_word' id='word_1_763' title='bbox 3509 4381 3580 4428; x_wconf 83' lang='lat' dir='ltr'><strong>et</strong></span> 
     </span>
    </p>
   </div>
   <div class='ocr_carea' id='block_1_105' title="bbox 1968 4441 3576 4518">
    <p class='ocr_par' dir='ltr' id='par_1_105' title="bbox 1968 4441 3576 4518">
     <span class='ocr_line' id='line_1_105' title="bbox 1968 4441 3576 4518; baseline 0.014 -24"><span class='ocrx_word' id='word_1_764' title='bbox 1968 4441 2152 4496; x_wconf 91' lang='lat' dir='ltr'><strong>locum</strong></span> <span class='ocrx_word' id='word_1_765' title='bbox 2183 4460 2293 4514; x_wconf 89' lang='lat' dir='ltr'><strong>quo</strong></span> <span class='ocrx_word' id='word_1_766' title='bbox 2313 4444 2497 4500; x_wconf 86' lang='lat' dir='ltr'><strong>farina</strong></span> <span class='ocrx_word' id='word_1_767' title='bbox 2525 4445 2767 4502; x_wconf 87' lang='lat' dir='ltr'><strong>buletari</strong></span> <span class='ocrx_word' id='word_1_768' title='bbox 2797 4448 2981 4518; x_wconf 89' lang='lat' dir='ltr'><strong>debet,</strong></span> <span class='ocrx_word' id='word_1_769' title='bbox 3007 4452 3068 4507; x_wconf 90' lang='lat' dir='ltr'><strong>in</strong></span> <span class='ocrx_word' id='word_1_770' title='bbox 3086 4454 3321 4511; x_wconf 89' lang='lat' dir='ltr'><strong>circuitu</strong></span> <span class='ocrx_word' id='word_1_771' title='bbox 3346 4461 3576 4516; x_wconf 85' lang='lat' dir='ltr'><strong>cortina</strong></span> 
     </span>
    </p>
   </div>
   <div class='ocr_carea' id='block_1_106' title="bbox 1967 4533 3569 4604">
    <p class='ocr_par' dir='ltr' id='par_1_106' title="bbox 1967 4533 3569 4604">
     <span class='ocr_line' id='line_1_106' title="bbox 1967 4533 3569 4604; baseline 0.013 -21"><span class='ocrx_word' id='word_1_772' title='bbox 1967 4536 2164 4601; x_wconf 89' lang='lat' dir='ltr'><strong>paret;</strong></span> <span class='ocrx_word' id='word_1_773' title='bbox 2195 4533 2434 4604; x_wconf 87' lang='lat' dir='ltr'><strong>ipsemet</strong></span> <span class='ocrx_word' id='word_1_774' title='bbox 2460 4552 2609 4597; x_wconf 91' lang='lat' dir='ltr'><strong>vero,</strong></span> <span class='ocrx_word' id='word_1_775' title='bbox 2640 4535 2870 4593; x_wconf 89' lang='lat' dir='ltr'><strong>indutus</strong></span> <span class='ocrx_word' id='word_1_776' title='bbox 2918 4539 3047 4594; x_wconf 89' lang='lat' dir='ltr'><strong>alba</strong></span> <span class='ocrx_word' id='word_1_777' title='bbox 3097 4549 3153 4597; x_wconf 93' lang='lat' dir='ltr'><strong>et</strong></span> <span class='ocrx_word' id='word_1_778' title='bbox 3205 4546 3386 4601; x_wconf 87' lang='lat' dir='ltr'><strong>velato</strong></span> <span class='ocrx_word' id='word_1_779' title='bbox 3415 4550 3569 4603; x_wconf 87' lang='lat' dir='ltr'><strong>ami-</strong></span> 
     </span>
    </p>
   </div>
   <div class='ocr_carea' id='block_1_107' title="bbox 1966 4621 2776 4697">
    <p class='ocr_par' dir='ltr' id='par_1_107' title="bbox 1966 4621 2776 4697">
     <span class='ocr_line' id='line_1_107' title="bbox 1966 4621 2776 4697; baseline 0.01 -24"><span class='ocrx_word' id='word_1_780' title='bbox 1966 4625 2057 4674; x_wconf 91' lang='lat' dir='ltr'><strong>ctu</strong></span> <span class='ocrx_word' id='word_1_781' title='bbox 2087 4621 2285 4692; x_wconf 90' lang='lat' dir='ltr'><strong>capite,</strong></span> <span class='ocrx_word' id='word_1_782' title='bbox 2317 4624 2423 4678; x_wconf 92' lang='lat' dir='ltr'><strong>hoc</strong></span> <span class='ocrx_word' id='word_1_783' title='bbox 2460 4641 2599 4696; x_wconf 90' lang='lat' dir='ltr'><strong>opus</strong></span> <span class='ocrx_word' id='word_1_784' title='bbox 2627 4630 2776 4697; x_wconf 84' lang='lat' dir='ltr'><strong>agat.</strong></span> 
     </span>
    </p>
   </div>
   <div class='ocr_carea' id='block_1_108' title="bbox 2035 4709 3561 4793">
    <p class='ocr_par' dir='ltr' id='par_1_108' title="bbox 2035 4709 3561 4793">
     <span class='ocr_line' id='line_1_108' title="bbox 2035 4709 3561 4793; baseline 0.013 -31"><span class='ocrx_word' id='word_1_785' title='bbox 2035 4709 2115 4763; x_wconf 89' lang='lat' dir='ltr'><strong>Ea</strong></span> <span class='ocrx_word' id='word_1_786' title='bbox 2143 4714 2333 4765; x_wconf 86' lang='lat' dir='ltr'><strong>autem</strong></span> <span class='ocrx_word' id='word_1_787' title='bbox 2361 4712 2453 4767; x_wconf 90' lang='lat' dir='ltr'><strong>die</strong></span> <span class='ocrx_word' id='word_1_788' title='bbox 2478 4730 2589 4784; x_wconf 90' lang='lat' dir='ltr'><strong>qua</strong></span> <span class='ocrx_word' id='word_1_789' title='bbox 2609 4715 2804 4771; x_wconf 62' lang='lat' dir='ltr'><strong>hostia</strong></span> <span class='ocrx_word' id='word_1_790' title='bbox 2816 4717 2938 4772; x_wconf 84' lang='lat' dir='ltr'><strong>ﬁeri</strong></span> <span class='ocrx_word' id='word_1_791' title='bbox 2957 4718 3182 4787; x_wconf 89' lang='lat' dir='ltr'><strong>debent,</strong></span> <span class='ocrx_word' id='word_1_792' title='bbox 3197 4725 3561 4793; x_wconf 81' lang='lat' dir='ltr'><strong>secretarius,</strong></span> 
     </span>
    </p>
   </div>
   <div class='ocr_carea' id='block_1_109' title="bbox 1965 4800 3577 4887">
    <p class='ocr_par' dir='ltr' id='par_1_109' title="bbox 1965 4800 3577 4887">
     <span class='ocr_line' id='line_1_109' title="bbox 1965 4800 3577 4887; baseline 0.012 -35"><span class='ocrx_word' id='word_1_793' title='bbox 1965 4802 2021 4853; x_wconf 89' lang='lat' dir='ltr'><strong>et</strong></span> <span class='ocrx_word' id='word_1_794' title='bbox 2048 4800 2250 4854; x_wconf 89' lang='lat' dir='ltr'><strong>fratres</strong></span> <span class='ocrx_word' id='word_1_795' title='bbox 2279 4800 2374 4871; x_wconf 88' lang='lat' dir='ltr'><strong>qui</strong></span> <span class='ocrx_word' id='word_1_796' title='bbox 2405 4818 2533 4857; x_wconf 90' lang='lat' dir='ltr'><strong>eum</strong></span> <span class='ocrx_word' id='word_1_797' title='bbox 2558 4804 2757 4872; x_wconf 88' lang='lat' dir='ltr'><strong>juvare</strong></span> <span class='ocrx_word' id='word_1_798' title='bbox 2809 4806 3033 4872; x_wconf 87' lang='lat' dir='ltr'><strong>debent,</strong></span> <span class='ocrx_word' id='word_1_799' title='bbox 3087 4815 3388 4883; x_wconf 86' lang='lat' dir='ltr'><strong>antequam</strong></span> <span class='ocrx_word' id='word_1_800' title='bbox 3417 4815 3577 4887; x_wconf 81' lang='lat' dir='ltr'><strong>inci-_</strong></span> 
     </span>
    </p>
   </div>
   <div class='ocr_carea' id='block_1_110' title="bbox 1960 4888 3568 4970">
    <p class='ocr_par' dir='ltr' id='par_1_110' title="bbox 1960 4888 3568 4970">
     <span class='ocr_line' id='line_1_110' title="bbox 1960 4888 3568 4970; baseline 0.013 -29"><span class='ocrx_word' id='word_1_801' title='bbox 1960 4888 2138 4959; x_wconf 87' lang='lat' dir='ltr'><strong>piant,</strong></span> <span class='ocrx_word' id='word_1_802' title='bbox 2166 4905 2367 4944; x_wconf 89' lang='lat' dir='ltr'><strong>manus</strong></span> <span class='ocrx_word' id='word_1_803' title='bbox 2396 4896 2453 4945; x_wconf 92' lang='lat' dir='ltr'><strong>et</strong></span> <span class='ocrx_word' id='word_1_804' title='bbox 2496 4892 2661 4947; x_wconf 89' lang='lat' dir='ltr'><strong>facies</strong></span> <span class='ocrx_word' id='word_1_805' title='bbox 2690 4893 2893 4952; x_wconf 82' lang='lat' dir='ltr'><strong>lavent.</strong></span> <span class='ocrx_word' id='word_1_806' title='bbox 2930 4897 3071 4952; x_wconf 89' lang='lat' dir='ltr'><strong>albis</strong></span> <span class='ocrx_word' id='word_1_807' title='bbox 3112 4899 3438 4970; x_wconf 89' lang='lat' dir='ltr'><strong>induantur,</strong></span> <span class='ocrx_word' id='word_1_808' title='bbox 3471 4922 3568 4963; x_wconf 84' lang='lat' dir='ltr'><strong>ca.</strong></span> 
     </span>
    </p>
   </div>
   <div class='ocr_carea' id='block_1_111' title="bbox 1958 4978 3566 5059">
    <p class='ocr_par' dir='ltr' id='par_1_111' title="bbox 1958 4978 3566 5059">
     <span class='ocr_line' id='line_1_111' title="bbox 1958 4978 3566 5059; baseline 0.013 -29"><span class='ocrx_word' id='word_1_809' title='bbox 1958 4978 2079 5047; x_wconf 88' lang='lat' dir='ltr'><strong>pita</strong></span> <span class='ocrx_word' id='word_1_810' title='bbox 2101 4978 2399 5033; x_wconf 88' lang='lat' dir='ltr'><strong>amictibus</strong></span> <span class='ocrx_word' id='word_1_811' title='bbox 2422 4980 2624 5047; x_wconf 91' lang='lat' dir='ltr'><strong>velent,</strong></span> <span class='ocrx_word' id='word_1_812' title='bbox 2654 4990 2858 5052; x_wconf 70' lang='lat' dir='ltr'><strong>praeter</strong></span> <span class='ocrx_word' id='word_1_813' title='bbox 2873 5003 3003 5040; x_wconf 91' lang='lat' dir='ltr'><strong>eum</strong></span> <span class='ocrx_word' id='word_1_814' title='bbox 3052 4988 3149 5059; x_wconf 89' lang='lat' dir='ltr'><strong>qui</strong></span> <span class='ocrx_word' id='word_1_815' title='bbox 3196 4989 3345 5046; x_wconf 88' lang='lat' dir='ltr'><strong>ferra</strong></span> <span class='ocrx_word' id='word_1_816' title='bbox 3370 4998 3566 5050; x_wconf 84' lang='lat' dir='ltr'><strong>tentu-</strong></span> 
     </span>
    </p>
   </div>
   <div class='ocr_carea' id='block_1_112' title="bbox 1957 5066 3565 5151">
    <p class='ocr_par' dir='ltr' id='par_1_112' title="bbox 1957 5066 3565 5151">
     <span class='ocr_line' id='line_1_112' title="bbox 1957 5066 3565 5151; baseline 0.012 -31"><span class='ocrx_word' id='word_1_817' title='bbox 1957 5082 2055 5121; x_wconf 89' lang='lat' dir='ltr'><strong>rus</strong></span> <span class='ocrx_word' id='word_1_818' title='bbox 2080 5071 2137 5121; x_wconf 90' lang='lat' dir='ltr'><strong>et</strong></span> <span class='ocrx_word' id='word_1_819' title='bbox 2154 5066 2285 5121; x_wconf 90' lang='lat' dir='ltr'><strong>inde</strong></span> <span class='ocrx_word' id='word_1_820' title='bbox 2311 5068 2620 5125; x_wconf 89' lang='lat' dir='ltr'><strong>serviturus</strong></span> <span class='ocrx_word' id='word_1_821' title='bbox 2649 5077 2749 5127; x_wconf 89' lang='lat' dir='ltr'><strong>est.</strong></span> <span class='ocrx_word' id='word_1_822' title='bbox 2776 5074 2991 5129; x_wconf 91' lang='lat' dir='ltr'><strong>Horum</strong></span> <span class='ocrx_word' id='word_1_823' title='bbox 3024 5092 3170 5132; x_wconf 86' lang='lat' dir='ltr'><strong>unus</strong></span> <span class='ocrx_word' id='word_1_824' title='bbox 3198 5096 3367 5151; x_wconf 89' lang='lat' dir='ltr'><strong>super</strong></span> <span class='ocrx_word' id='word_1_825' title='bbox 3392 5083 3565 5139; x_wconf 77' lang='lat' dir='ltr'><strong>tabu~</strong></span> 
     </span>
    </p>
   </div>
   <div class='ocr_carea' id='block_1_113' title="bbox 1955 5155 3557 5242">
    <p class='ocr_par' dir='ltr' id='par_1_113' title="bbox 1955 5155 3557 5242">
     <span class='ocr_line' id='line_1_113' title="bbox 1955 5155 3557 5242; baseline 0.012 -34"><span class='ocrx_word' id='word_1_826' title='bbox 1955 5155 2068 5209; x_wconf 90' lang='lat' dir='ltr'><strong>lam</strong></span> <span class='ocrx_word' id='word_1_827' title='bbox 2100 5156 2526 5213; x_wconf 88' lang='lat' dir='ltr'><strong>mundissimam</strong></span> <span class='ocrx_word' id='word_1_828' title='bbox 2551 5159 2728 5230; x_wconf 89' lang='lat' dir='ltr'><strong>ipsam</strong></span> <span class='ocrx_word' id='word_1_829' title='bbox 2760 5162 2996 5218; x_wconf 86' lang='lat' dir='ltr'><strong>farinam</strong></span> <span class='ocrx_word' id='word_1_830' title='bbox 3018 5183 3170 5237; x_wconf 90' lang='lat' dir='ltr'><strong>aqua</strong></span> <span class='ocrx_word' id='word_1_831' title='bbox 3197 5179 3557 5242; x_wconf 83' lang='lat' dir='ltr'><strong>conspergat,</strong></span> 
     </span>
    </p>
   </div>
   <div class='ocr_carea' id='block_1_114' title="bbox 1957 5245 3550 5327">
    <p class='ocr_par' dir='ltr' id='par_1_114' title="bbox 1957 5245 3550 5327">
     <span class='ocr_line' id='line_1_114' title="bbox 1957 5245 3550 5327; baseline 0.011 -29"><span class='ocrx_word' id='word_1_832' title='bbox 1957 5250 2014 5299; x_wconf 92' lang='lat' dir='ltr'><strong>et</strong></span> <span class='ocrx_word' id='word_1_833' title='bbox 2038 5245 2295 5301; x_wconf 88' lang='lat' dir='ltr'><strong>manibus</strong></span> <span class='ocrx_word' id='word_1_834' title='bbox 2321 5246 2543 5302; x_wconf 88' lang='lat' dir='ltr'><strong>fortiter</strong></span> <span class='ocrx_word' id='word_1_835' title='bbox 2568 5251 2889 5323; x_wconf 85' lang='lat' dir='ltr'><strong>compingat</strong></span> <span class='ocrx_word' id='word_1_836' title='bbox 2931 5259 2988 5308; x_wconf 90' lang='lat' dir='ltr'><strong>et</strong></span> <span class='ocrx_word' id='word_1_837' title='bbox 3015 5265 3292 5326; x_wconf 85' lang='lat' dir='ltr'><strong>maceret;</strong></span> <span class='ocrx_word' id='word_1_838' title='bbox 3352 5261 3550 5327; x_wconf 85' lang='lat' dir='ltr'><strong>frater,</strong></span> 
     </span>
    </p>
   </div>
   <div class='ocr_carea' id='block_1_115' title="bbox 1957 5334 3559 5412">
    <p class='ocr_par' dir='ltr' id='par_1_115' title="bbox 1957 5334 3559 5412">
     <span class='ocr_line' id='line_1_115' title="bbox 1957 5334 3559 5412; baseline 0.011 -24"><span class='ocrx_word' id='word_1_839' title='bbox 1957 5334 2051 5405; x_wconf 91' lang='lat' dir='ltr'><strong>qui</strong></span> <span class='ocrx_word' id='word_1_840' title='bbox 2081 5336 2248 5401; x_wconf 85' lang='lat' dir='ltr'><strong>ferra,</strong></span> <span class='ocrx_word' id='word_1_841' title='bbox 2277 5335 2335 5389; x_wconf 90' lang='lat' dir='ltr'><strong>in</strong></span> <span class='ocrx_word' id='word_1_842' title='bbox 2365 5335 2566 5406; x_wconf 90' lang='lat' dir='ltr'><strong>quibus</strong></span> <span class='ocrx_word' id='word_1_843' title='bbox 2613 5347 2949 5412; x_wconf 87' lang='lat' dir='ltr'><strong>coquuntur,</strong></span> <span class='ocrx_word' id='word_1_844' title='bbox 2976 5348 3152 5411; x_wconf 87' lang='lat' dir='ltr'><strong>tenet,</strong></span> <span class='ocrx_word' id='word_1_845' title='bbox 3182 5364 3382 5403; x_wconf 86' lang='lat' dir='ltr'><strong>manus</strong></span> <span class='ocrx_word' id='word_1_846' title='bbox 3435 5350 3559 5405; x_wconf 87' lang='lat' dir='ltr'><strong>chi-</strong></span> 
     </span>
    </p>
   </div>
   <div class='ocr_carea' id='block_1_116' title="bbox 1954 5422 3549 5508">
    <p class='ocr_par' dir='ltr' id='par_1_116' title="bbox 1954 5422 3549 5508">
     <span class='ocr_line' id='line_1_116' title="bbox 1954 5422 3549 5508; baseline 0.011 -33"><span class='ocrx_word' id='word_1_847' title='bbox 1954 5423 2195 5478; x_wconf 82' lang='lat' dir='ltr'><strong>rothecis</strong></span> <span class='ocrx_word' id='word_1_848' title='bbox 2221 5422 2426 5479; x_wconf 86' lang='lat' dir='ltr'><strong>habeat</strong></span> <span class='ocrx_word' id='word_1_849' title='bbox 2452 5424 2749 5483; x_wconf 84' lang='lat' dir='ltr'><strong>involutas.</strong></span> <span class='ocrx_word' id='word_1_850' title='bbox 2804 5431 3037 5487; x_wconf 89' lang='lat' dir='ltr'><strong>Interim</strong></span> <span class='ocrx_word' id='word_1_851' title='bbox 3089 5434 3226 5490; x_wconf 91' lang='lat' dir='ltr'><strong>dum</strong></span> <span class='ocrx_word' id='word_1_852' title='bbox 3279 5437 3414 5508; x_wconf 69' lang='lat' dir='ltr'><strong>ipsae</strong></span> <span class='ocrx_word' id='word_1_853' title='bbox 3441 5438 3549 5492; x_wconf 81' lang='lat' dir='ltr'><strong>ho-</strong></span> 
     </span>
    </p>
   </div>
   <div class='ocr_carea' id='block_1_117' title="bbox 1953 5512 3551 5597">
    <p class='ocr_par' dir='ltr' id='par_1_117' title="bbox 1953 5512 3551 5597">
     <span class='ocr_line' id='line_1_117' title="bbox 1953 5512 3551 5597; baseline 0.012 -33"><span class='ocrx_word' id='word_1_854' title='bbox 1953 5512 2074 5566; x_wconf 67' lang='lat' dir='ltr'><strong>stire</strong></span> <span class='ocrx_word' id='word_1_855' title='bbox 2094 5514 2235 5569; x_wconf 85' lang='lat' dir='ltr'><strong>ﬁunt</strong></span> <span class='ocrx_word' id='word_1_856' title='bbox 2248 5519 2306 5568; x_wconf 90' lang='lat' dir='ltr'><strong>et</strong></span> <span class='ocrx_word' id='word_1_857' title='bbox 2319 5519 2653 5584; x_wconf 88' lang='lat' dir='ltr'><strong>coquuntur,</strong></span> <span class='ocrx_word' id='word_1_858' title='bbox 2678 5517 2868 5574; x_wconf 87' lang='lat' dir='ltr'><strong>dicant</strong></span> <span class='ocrx_word' id='word_1_859' title='bbox 2885 5519 3054 5577; x_wconf 85' lang='lat' dir='ltr'><strong>iidem</strong></span> <span class='ocrx_word' id='word_1_860' title='bbox 3074 5524 3278 5581; x_wconf 85' lang='lat' dir='ltr'><strong>fratres</strong></span> <span class='ocrx_word' id='word_1_861' title='bbox 3297 5526 3551 5597; x_wconf 83' lang='lat' dir='ltr'><strong>psalmos</strong></span> 
     </span>
    </p>
   </div>
  </div>
