3978 6174
238 232 325 301 489

1176 227 1507 284 DECRE’I‘A
1542 225 1685 281 PRO
1724 225 1998 281 0RDINE
2036 226 2094 281 S.
2138 224 2544 282 BENEDICTI.

3385 230 3495 291 490

238 356 519 412 familiares
574 357 840 412 horarum
888 359 944 409 et
1004 353 1172 408 horas
1225 351 1539 414 canonicas,
1593 350 1680 404 vel
1739 348 2144 410 deAvidelicet
2182 349 2480 406 honestum
2512 354 2569 404 et
2611 349 2871 406 festivum
2900 353 3189 409 servitium
3240 354 3364 428 ipsa
3402 357 3493 413 die

236 446 476 520 psalterio
525 464 591 501 ex
622 446 818 500 ordine
845 444 995 515 quod
1038 442 1389 497 tantumdem
1423 442 1619 505 valeat,
1654 440 1701 494 si
1731 440 1813 495 ita

236 537 399 609 potius
416 536 712 591 voluerint.
730 534 1027 590 Silentium
1042 532 1308 604 loquendi
1320 531 1548 585 omnino
1559 535 1806 585 teneant.

235 626 316 681 Ille
342 633 532 678 tamen
577 625 674 696 qui
723 625 869 678 farra
899 630 1070 685 tenet,
1103 621 1150 677 si
1195 638 1420 676 necesse
1449 621 1540 687 sit,
1574 620 1813 675 breviter

235 714 358 785 quod
391 714 512 767 vult
538 713 784 768 indicare
814 718 1000 784 potest
1018 712 1228 767 famulo
1260 710 1355 782 qui
1385 710 1565 765 focum
1595 710 1730 764 facit
1757 714 1815 764 et

232 804 361 874 ligna
393 809 614 874 portat;
667 820 790 873 quae
837 801 1042 856 debent
1080 817 1202 855 esse
1232 800 1390 856 valde
1419 799 1565 855 sicca
1594 806 1651 854 et
1679 805 1811 854 ante

234 893 417 948 multos
444 893 566 948 dies
593 891 661 947 de
690 891 968 947 industria
993 896 1324 962 praeparata.

288 982 411 1053 Ejus
441 981 835 1037 sollicitudinis
864 988 951 1036 est
980 980 1259 1053 ampullas
1287 978 1532 1034 vinarias
1557 983 1616 1034 et
1642 994 1813 1049 aqua-

231 1072 325 1129 rias
341 1071 421 1126 bis
439 1071 498 1125 in
520 1069 894 1134 hebdomade,
913 1070 969 1125 id
987 1077 1090 1137 est,
1110 1075 1312 1141 quarta
1331 1068 1471 1123 feria
1490 1074 1549 1123 et
1569 1067 1812 1123 Sabbato

233 1161 414 1225 lavare,
450 1161 604 1214 omni
633 1159 722 1214 die
751 1159 941 1214 vinum
984 1165 1041 1214 et
1082 1176 1287 1231 aquam
1319 1158 1389 1212 ad
1435 1157 1633 1212 missas
1663 1157 1808 1211 cele-

232 1249 455 1304 brandas
478 1256 724 1320 portare,
755 1248 1118 1304 offerentibus
1146 1249 1217 1302 ad
1248 1254 1544 1319 utramque
1580 1245 1810 1301 missam

232 1339 422 1393 hostias
480 1338 824 1405 ministrare,
874 1337 1137 1391 candelas
1188 1336 1258 1391 ad
1316 1336 1581 1390 lectiones
1631 1340 1688 1390 et
1752 1336 1811 1389 in

230 1426 506 1483 matutinis
525 1427 805 1482 laudibus.
822 1428 890 1481 ad
914 1426 1154 1498 primam
1176 1427 1464 1482 collectam
1488 1426 1809 1480 accendere.

232 1517 348 1582 Quae
372 1517 665 1573 matutinae
688 1517 897 1578 laudes.
922 1516 967 1571 si
990 1516 1138 1571 ultra
1161 1516 1388 1570 modum
1413 1521 1470 1569 et
1490 1515 1816 1569 indecenter

1892 439 2070 511 possit
2104 438 2287 494 facere
2322 439 2590 494 fratribus
2616 446 2674 495 et
2702 442 2996 497 rel'ectorio
3021 462 3034 511 ;
3067 443 3270 501 tabulae
3301 452 3515 502 tamen-

1892 528 2171 583 refectorii
2200 545 2312 583 non
2338 528 2451 583 sint
2476 536 2769 601 coopertaa.
2793 531 2963 586 Lecta
2987 550 3115 587 vero
3146 534 3204 589 in
3224 536 3487 608 capitulo,

1894 624 1953 673 et
1990 619 2240 690 exposita
2285 619 2555 690 praedicta
2592 621 2889 688 sententia,
2923 638 3051 677 cum
3080 623 3292 680 dictum
3324 626 3496 680 fuerit

1893 724 1928 763 a
1958 709 2183 780 priore:
2225 731 2247 758 ιι
2298 709 2624 780 Loquamur
2664 709 2733 764 de
2777 710 2972 766 ordine
3015 720 3207 769 nostro
3238 733 3265 767 »
3299 715 3494 770 statim

1894 804 2208 870 prostratus
2254 798 2314 852 in
2355 798 2476 853 loco
2518 797 2614 852 ubi
2663 814 2785 854 mos
2833 807 2936 867 est,
2992 802 3143 857 dicat
3191 818 3203 851 :
3248 824 3279 857 (ι
3318 805 3494 859 Istam

1893 887 2290 954 obedientiam,
2344 905 2467 959 qua:
2514 887 2655 942 mihi
2704 888 2956 960 injuncta
2987 897 3091 959 est,
3138 909 3265 948 mea
3308 894 3490 966 culpa,

1893 978 2262 1049 negligenter,
2284 985 2341 1032 et
2360 978 2566 1049 tepide.
2589 983 2647 1033 et
2674 979 2852 1034 multo
2881 979 3048 1035 aliter
3078 998 3248 1054 quam
3272 987 3497 1055 oportet

1893 1072 2095 1135 tracto,
2126 1074 2184 1121 et
2211 1068 2271 1121 in
2299 1084 2367 1122 ea
2390 1066 2447 1121 in
2478 1067 2673 1123 multis
2704 1068 2924 1124 offendo
2954 1070 3277 1139 Dominum,
3308 1078 3365 1127 et
3393 1089 3495 1127 no-

1892 1163 2039 1212 stros
2068 1156 2339 1225 seniores,
2380 1174 2508 1212 mea
2536 1158 2728 1229 culpa;
2764 1163 2821 1213 et
2844 1159 3071 1231 requiro
3112 1160 3241 1216 inde
3270 1160 3495 1217 absolu-

1892 1247 2104 1301 tionem
2136 1253 2378 1301 vestram
2404 1253 2463 1302 et
2498 1247 2803 1303 seniorum.
2844 1267 2867 1298 ι
2901 1248 3022 1314 Quo
3056 1249 3204 1306 dicto
3247 1249 3499 1306 absolvat

1894 1352 2045 1400 eum,
2080 1336 2176 1407 qui
2222 1336 2530 1407 capitulum
2562 1341 2721 1391 tenet
2747 1338 2816 1391 de
2854 1337 2942 1392 his
2973 1338 3218 1407 offensis,
3253 1356 3391 1411 quas
3421 1338 3499 1396 ibi

1895 1426 2349 1493 enumeraverit;
2402 1432 2462 1480 et
2487 1427 2555 1481 de
2602 1426 2862 1483 omnibus
2904 1428 3157 1500 reliquis,
3189 1447 3311 1502 quae
3349 1430 3409 1485 in
3434 1446 3498 1487 eo

1897 1519 2045 1569 sunt.
2077 1514 2161 1568 Ad
2185 1516 2347 1585 cujus
2366 1514 2732 1571 absolutionis
2753 1518 2921 1571 ﬁnem
2945 1535 3210 1590 responso
3232 1519 3303 1573 ab
3323 1519 3503 1575 omni-

231 1606 579 1672 tardaverint,
631 1607 985 1672 secretarius,
1030 1605 1122 1659 cui
1166 1605 1333 1675 hujus
1376 1604 1456 1660 rei
1506 1621 1639 1660 cura
1681 1611 1817 1659 tunc
1898 1602 2000 1658 bus
2028 1620 2155 1657 cum
2186 1604 2339 1658 omni
2359 1604 2671 1660 devotionis
2692 1606 2914 1669 affectu,
2940 1614 2998 1662 ut
3029 1614 3272 1681 mosest,
3298 1611 3494 1677 Amen,

232 1690 513 1751 commissa
534 1696 661 1759 erit,
684 1701 814 1749 ante
833 1694 1075 1766 gradum
1100 1694 1547 1749 satisfactionum
1574 1702 1816 1765 proster-
1841 1682 1882 1739 Β
1900 1692 2070 1747 vadat
2089 1693 2158 1747 ad
2185 1694 2382 1763 pedem
2409 1695 2550 1764 ejus,
2577 1702 2633 1749 et
2656 1695 2859 1749 deinde
2870 1694 3137 1767 jubeatur
3156 1697 3240 1752 ire
3261 1715 3498 1753 sessum.

235 1792 401 1849 natur,
424 1802 720 1857 quousque
740 1785 862 1856 ipsa
881 1785 1114 1838 collecta
1133 1801 1309 1855 usque
1331 1784 1403 1838 ad
1433 1786 1818 1838 Benedicamus

234 1877 449 1931 Domino
495 1875 774 1942 ﬁniatur;
835 1891 945 1945 quo
992 1874 1234 1945 inccepto
1291 1873 1446 1928 nulla
1503 1876 1822 1944 exspectata

232 1964 441 2018 licentia
493 1964 737 2029 recedat,
786 1970 844 2018 et
897 1970 1029 2017 ante
1055 1970 1115 2018 et
1148 1968 1298 2017 retro
1348 1979 1460 2017 non
1485 1962 1669 2016 faciat.
1706 1962 1822 2015 Hoc

237 2054 380 2107 modo
408 2052 742 2115 satisfaciat,
776 2069 1111 2124 quocunque
1141 2052 1231 2106 die
1274 2051 1596 2121 hujusmodi
1639 2051 1818 2121 negli-

234 2144 403 2213 gentia
452 2142 715 2209 eveniat;
757 2147 814 2196 et
859 2142 990 2196 inde
1038 2148 1234 2213 postea
1278 2141 1336 2196 in
1375 2140 1619 2211 capitulo
1649 2140 1819 2193 aliam

236 2232 434 2286 veniam
465 2248 581 2285 non
611 2237 784 2302 petat.
1313 2239 1316 2243 ’

295 2321 358 2376 Et
371 2321 508 2392 quia
529 2321 696 2390 hujus
718 2319 1032 2383 ministerii,
1048 2324 1107 2373 et
1120 2319 1179 2374 in
1199 2319 1286 2373 his
1305 2335 1426 2390 quae
1440 2318 1649 2390 scripta
1667 2323 1816 2384 sunt,

237 2410 355 2464 etin
380 2410 576 2465 multis
608 2409 736 2464 aliis
768 2426 889 2480 quae
911 2408 1119 2479 scn'pta
1147 2425 1259 2463 non
1281 2413 1434 2474 sunt,
1457 2408 1747 2479 multiplex
1766 2412 1823 2461 et

236 2500 377 2554 valde
396 2499 673 2571 implicita
690 2515 825 2554 cura
850 2504 952 2560 est,
982 2514 1093 2552 non
1120 2498 1216 2552 uni
1244 2504 1489 2565 tantum,
1513 2498 1608 2552 sed
1633 2497 1824 2550 multis

236 2588 599 2644 commendari
613 2595 787 2660 atque
800 2588 948 2642 inter
959 2604 1054 2643 eos
1068 2588 1238 2642 dividi
1252 2587 1443 2653 debet;
1466 2604 1612 2641 unus
1628 2603 1824 2641 eorum

238 2677 301 2732 sit
321 2679 589 2750 magister
617 2679 881 2743 aliorum,
905 2678 977 2732 ad
1004 2678 1163 2748 cujus
1192 2676 1615 2748 dispositionem
1644 2675 1825 2731 caeteri

236 2774 411 2838 agant,
444 2768 759 2839 majoribus
778 2768 961 2823 causis
985 2766 1220 2823 servatis
1245 2766 1476 2821 arbitrio
1504 2765 1721 2821 abbatis
1742 2765 1828 2820 vel

236 2858 446 2928 prioris.

719 2951 845 3014 πε
858 2952 898 3012 ι
944 2946 1177 3001 CAPUT
1216 2946 1333 3001 VII.

813 3037 883 3092 De
911 3039 1240 3091 camerario.

297 3126 602 3182 Camerarii
649 3132 740 3181 est
785 3141 1083 3196 procurare
1129 3124 1320 3179 omnia
1367 3123 1721 3189 vestimenta,
1769 3128 1828 3178 et

235 3215 615 3273 calceamenta.
649 3222 710 3271 et
739 3216 909 3270 lectos
939 3220 996 3269 et
1022 3219 1336 3269 stramenta
1366 3214 1659 3277 lectorum,
1703 3230 1826 3285 quae

237 3304 487 3361 fratribus
513 3312 650 3361 sunt
691 3305 1008 3359 necessaria
1046 3310 1105 3359 et
1138 3305 1301 3374 juxta
1332 3304 1586 3375 regulam
1616 3302 1826 3357 habere

240 3409 520 3463 concessa;
571 3395 789 3450 rasoria
839 3411 1060 3465 quoque
1103 3399 1158 3447 et
1208 3393 1445 3459 forﬁces,
1479 3392 1716 3446 tersoria
1754 3392 1826 3445 ad

240 3485 557 3544 radendum,
581 3483 821 3553 tersoria
842 3484 901 3539 in
930 3484 1174 3538 claustro
1205 3482 1524 3553 pendentia.
1561 3481 1819 3547 tersoria,

240 3579 291 3627 et
316 3574 671 3645 manutergia
692 3573 961 3638 mandati,
988 3580 1045 3628 et
1069 3572 1259 3626 omnia
1283 3588 1416 3626 vasa
1439 3572 1590 3642 ejus;
1625 3570 1829 3625 vitreas

239 3662 542 3719 dormitorii
574 3664 710 3721 facit
749 3670 807 3718 et
851 3662 1049 3728 reficit,
1083 3679 1211 3717 cum
1243 3679 1383 3732 opus
1418 3666 1522 3720 est.
1558 3661 1656 3715 dat
1683 3661 1828 3714 ferra

240 3752 428 3821 quibus
448 3752 738 3807 ferrentur
758 3752 889 3823 equi
919 3752 1137 3806 abbatis
1164 3758 1219 3806 et
1251 3750 1475 3822 prioris,
1493 3757 1546 3804 et
1576 3749 1825 3803 omnium

236 3839 528 3913 hospitum,
554 3842 760 3913 quibus
794 3840 939 3895 ferra
964 3840 1086 3894 dari
1124 3839 1295 3894 abbas
1324 3840 1409 3893 vel
1441 3839 1595 3911 prior
1618 3855 1827 3910 praece-

233 3931 389 4000 perit.
420 3931 695 3987 fratribus
724 3947 945 4001 quoque
990 3930 1048 3985 in
1096 3930 1203 3984 iter
1234 3929 1567 4000 proiecturis
1598 3945 1823 3999 cappas,

231 4018 501 4086 fasciolas,
555 4020 816 4076 calcaria.
860 4018 1045 4073 Semel
1100 4018 1157 4072 in
1203 4035 1350 4073 anno
1400 4018 1657 4072 renovari
1695 4017 1828 4071 facit

230 4109 410 4165 fenum
465 4109 529 4165 in
584 4109 848 4165 omnibus
898 4107 1057 4162 lectis
1094 4107 1331 4163 fratrum
1380 4113 1438 4161 et
1483 4114 1618 4162 tunc
1654 4106 1825 4161 etiam

230 4200 489 4257 mandari
515 4199 933 4255 dormitorium.

812 4287 1045 4343 CAPUT
1077 4287 1228 4342 VIII.

620 4378 824 4433 SBOTIO
860 4377 906 4432 Ι.
938 4403 997 4415 -—
1023 4378 1097 4431 De
1125 4378 1431 4432 cellerario.

286 4468 373 4523 Ad
404 4465 690 4523 cellerarii
723 4465 1097 4520 ministerium
1122 4464 1367 4536 pertinet
1396 4462 1586 4517 omnia
1613 4479 1736 4535 quae
1765 4463 1825 4518 in

228 4571 364 4626 pane
399 4562 462 4612 et
487 4561 648 4628 potu,
681 4560 741 4610 et
768 4555 1001 4610 diversis
1029 4553 1279 4608 ciborum
1307 4551 1608 4624 generibus
1635 4550 1824 4605 fratri-

226 4642 321 4701 bus
348 4652 492 4703 sunt
518 4644 854 4709 necessaria,
886 4644 1194 4699 secundum
1218 4643 1543 4697 facultatem
1571 4640 1674 4694 loci
1703 4657 1827 4712 pro-

227 4750 437 4802 curare,
470 4734 666 4793 omnia
696 4750 827 4789 vasa
848 4733 1061 4788 cellarii
1091 4738 1147 4787 et
1175 4731 1444 4803 coquinze,
1475 4735 1533 4785 et
1562 4730 1821 4801 scyphos,

227 4832 279 4880 et
318 4826 531 4895 justas,
575 4830 634 4880 et
688 4829 896 4879 caetera
947 4839 1081 4878 vasa
1130 4820 1430 4886 refectorii,
1488 4825 1546 4875 et
1601 4836 1826 4875 omnem

224 4911 421 4971 horum
456 4914 634 4971 trium
656 4914 1025 4971 necessariam
1049 4911 1451 4984 supellectilem
1483 4909 1824 4984 ministrare.

226 5000 386 5061 Pater
414 5003 597 5059 totius
628 5002 1075 5074 congregationis
1127 5000 1291 5055 debet
1320 5016 1458 5062 esse,
1492 4999 1562 5053 de
1594 4998 1746 5053 sanis
1770 5004 1829 5053 et

226 5095 463 5150 maxime
524 5092 765 5149 infirmis
813 5090 1079 5146 fratribus
1135 5089 1562 5145 sollicitudinem
1596 5087 1823 5153 habere,

224 5191 421 5253 praeter
459 5182 760 5237 consilium
789 5181 1007 5236 abbatis
1051 5180 1136 5235 vel
1173 5180 1377 5251 prioris
1421 5180 1491 5234 de
1519 5177 1827 5249 majoribus

225 5274 401 5328 causis
431 5273 580 5327 nihil
612 5272 815 5326 facere.

288 5362 606 5434 Rogandus
632 5366 719 5416 est
754 5360 825 5414 ab
863 5376 928 5415 eo
966 5364 1180 5421 cantor,
1210 5363 1275 5413 ut
1310 5363 1442 5412 ante
1465 5358 1680 5429 aliquot
1709 5357 1829 5413 dies

222 5457 575 5522 pramoneat
604 5467 735 5505 eum
763 5456 821 5505 et
865 5448 1204 5522 praenuntiat
1257 5448 1310 5503 ei
1356 5447 1504 5502 diem
1545 5464 1655 5518 quo
1694 5463 1824 5503 sen-

223 5542 395 5598 tentia
452 5558 565 5597 sua
600 5541 670 5595 de
715 5539 914 5612 regula
947 5539 1187 5612 legenda
1221 5543 1306 5595 est
1360 5538 1420 5593 in
1456 5536 1718 5610 capitulo,
1760 5541 1826 5595 ut

472 5642 747 5702 ΡΑτιιοι..
794 5640 918 5702 CL.

1973 1782 2157 1836 Finito
2186 1783 2450 1854 capitulo,
2495 1791 2553 1838 et
2595 1783 2742 1838 dicto
2788 1785 2948 1840 Verba
2978 1802 3119 1852 mea,
3168 1786 3215 1841 si
3257 1787 3380 1858 ipsa
3407 1788 3502 1843 die

1903 1870 2011 1925 dici
2043 1871 2226 1937 debet,
2260 1871 2317 1926 in
2348 1873 2544 1927 eodem
2576 1872 2819 1944 capitulo
2859 1873 3051 1928 dicant
3077 1875 3278 1929 fratres
3307 1893 3408 1947 pro
3437 1893 3503 1932 eo

1905 1959 2432 2031 quinquagesimum
2443 1961 2863 2033 psalmum,quo
2876 1963 3156 2034 completo
3174 1980 3301 2020 cum
3313 1966 3505 2021 Gloria

1901 2052 2078 2113 Patri,
2108 2055 2165 2104 et
2190 2053 2354 2105 Pater
2391 2057 2592 2118 noster,
2629 2051 2780 2107 dicat
2818 2051 3306 2120 hebdomadarius,
3341 2057 3407 2111 Et
3439 2071 3505 2113 ne

1904 2154 2000 2192 nos
2030 2141 2284 2203 inducas,
2306 2140 2537 2196 Salvum
2554 2143 2646 2210 fac
2665 2157 2885 2196 servum
2912 2148 3094 2207 tuum,
3120 2145 3391 2198 Dominus
3420 2160 3506 2199 vo-

1905 2229 2052 2283 biseu
2061 2245 2110 2282 m
2119 2268 2132 2294 ,
2144 2228 2496 2299 Omnipotens
2509 2234 2837 2301 sempiterna
2846 2232 3008 2299 Deus,
3022 2235 3281 2288 miserere
3290 2235 3507 2302 famulo

1905 2322 2016 2382 tuo,
2047 2323 2105 2372 et
2129 2318 2366 2390 reliqua.

1980 2405 2140 2470 Quod
2187 2407 2235 2461 si
2275 2412 2534 2480 suscepto
2584 2408 2748 2464 Brevi
2795 2426 2897 2482 pro
2940 2410 3221 2479 defuncto,
3253 2411 3379 2484 ipsa
3417 2412 3509 2469 die

1906 2501 2171 2550 canentes
2225 2497 2386 2551 Verba
2434 2513 2574 2560 mea,
2622 2497 2679 2553 in
2722 2501 3131 2556 monasterium
3169 2501 3305 2556 ituri
3354 2508 3506 2571 sunt,

1907 2585 2235 2657 priusquam
2265 2590 2418 2653 eant,
2438 2586 2768 2658 praedictum
2795 2590 3071 2660 psalmum
3093 2607 3218 2646 cum
3250 2592 3510 2664 capitulis

1911 2682 1969 2730 et
2007 2676 2237 2730 collecta
2264 2675 2473 2730 dicant.
2509 2675 2566 2731 Si
2596 2682 2787 2732 autem
2818 2679 3141 2751 praedictam
3168 2682 3512 2738 sententiam

1908 2763 2209 2835 contigerit
2236 2764 2336 2819 tali
2366 2764 2457 2819 die
2486 2765 2615 2837 legi,
2651 2784 2764 2838 qua
2789 2785 2902 2823 non
2941 2770 3121 2840 possit
3148 2771 3377 2827 refectio
3416 2772 3513 2827 ho-

1909 2854 2237 2908 norabiliter
2276 2854 2418 2920 fieri,
2452 2854 2598 2910 sicut
2627 2861 2714 2911 est
2740 2857 2799 2910 in
2829 2857 3031 2929 vigiliis
3063 2859 3318 2927 Quatuor
3343 2861 3511 2917 Temo

1866 3002 1884 3025 η
1911 2962 2108 3017 porum
2160 2950 2218 2998 et
2262 2944 2587 3014 hujusmodi
2628 2945 2846 3012 diebus,
2892 2953 3055 3020 petat
3096 2950 3422 3007 cellerarius
3476 2968 3513 3006 a

1906 3035 2092 3107 priore
2117 3042 2175 3088 et
2199 3034 2442 3105 capitulo
2474 3034 2759 3090 licentiam
2790 3052 2901 3108 quo
2932 3037 3154 3093 differre
3173 3040 3350 3111 possit
3372 3041 3514 3097 refe-

1907 3121 2150 3175 ctionem
2188 3120 2247 3174 in
2294 3118 2465 3175 aliam
2502 3121 2673 3189 diem,
2716 3139 2828 3194 qua
2866 3123 3157 3181 honestius
3195 3131 3252 3180 et
3290 3127 3511 3200 plenius

1908 3209 2030 3264 fieri
2060 3209 2270 3267 valeat.

2051 3299 2247 3355 SECTIO
2277 3299 2350 3354 II.
2385 3331 2445 3344 -
2482 3301 2556 3354 De
2584 3299 2862 3371 hospitum
2891 3319 3090 3359 curam
3118 3305 3362 3362 habente.

1978 3388 2176 3442 Frater
2221 3388 2316 3459 qui
2364 3389 2435 3442 ad
2481 3390 2866 3461 suscipiendos
2913 3392 3163 3464 hospites
3208 3395 3512 3467 deputatus

1908 3482 2011 3543 est,
2046 3476 2101 3530 in
2132 3477 2257 3549 ipsa
2285 3477 2568 3549 hospitum
2600 3479 2766 3535 domo
2806 3480 2923 3536 haec
2961 3489 3276 3554 prmparata
3304 3485 3511 3541 habere

1910 3566 2106 3620 debet;
2131 3567 2322 3633 lectos,
2342 3568 2558 3633 sedilia,
2593 3585 2834 3635 mensas,
2856 3573 3233 3642 manutergia,
3252 3591 3507 3647 mappas,

1910 3657 2164 3727 scyphos,
2183 3657 2770 3726 scutellas,coclearia,
2793 3659 3044 3726 baccilia,
3064 3668 3121 3716 et
3149 3663 3197 3716 si
3227 3680 3349 3734 quae
3378 3671 3513 3720 sunt

1910 3746 2268 3816 bujusmodi;
2303 3746 2455 3817 ligna
2493 3765 2714 3819 quoque
2742 3767 2756 3815 ;
2798 3766 3021 3820 panem,
3063 3767 3192 3806 vero
3221 3760 3281 3807 et
3315 3759 3510 3825 potum

1910 3840 1966 3888 et
1993 3842 2196 3890 caetera
2241 3835 2467 3901 cibaria,
2505 3837 2578 3892 ad
2623 3854 2763 3909 opus
2807 3838 3098 3912 hospitum
3139 3858 3240 3913 per
3268 3842 3509 3900 famulos

1908 3923 2013 3978 sibi
2042 3926 2356 3995 deputatos,
2388 3925 2449 3979 in
2481 3926 2703 3980 cellario
2730 3927 2949 3998 recipit.

1980 4014 2308 4085 Quicunque
2325 4013 2533 4076 abbati,
2564 4016 2648 4069 vel
2662 4016 2855 4087 priori,
2878 4035 2978 4073 seu
2992 4019 3157 4074 alicui
3178 4020 3248 4074 de
3263 4021 3507 4076 claustro

1909 4103 2062 4174 loqui
2093 4105 2226 4170 vult,
2269 4104 2606 4174 legationem
2637 4122 2799 4160 suam
2838 4107 2970 4162 huic
2995 4108 3163 4164 debet
3191 4110 3503 4183 injungere.

1908 4193 2032 4263 Ipse
2060 4210 2211 4259 vero,
2253 4193 2394 4246 nihil
2437 4193 2567 4248 inde
2607 4193 2774 4249 alicui
2814 4196 3003 4266 aliquo
3038 4198 3205 4253 modo
3229 4200 3502 4271 indicans,

1839 4323 1890 4382 Β
1909 4282 1979 4382 ad
2016 4282 2297 4350 abbatem,
2341 4284 2425 4337 vel
2454 4283 2700 4354 priorem
2727 4285 3073 4342 voluntatem
3114 4288 3349 4360 hospitis
3377 4307 3506 4362 per-

1906 4371 2069 4436 ferat,
2098 4378 2155 4426 et
2186 4378 2381 4444 postea
2411 4373 2558 4443 quod
2595 4373 2714 4444 ipse
2738 4374 3048 4431 decreverit
3076 4379 3190 4435 ﬁat.
3226 4378 3284 4434 Si
3313 4386 3505 4436 autem

1905 4462 2091 4529 fratri,
2125 4462 2219 4530 qui
2249 4463 2308 4516 in
2353 4462 2596 4517 claustro
2629 4469 2734 4531 est,
2781 4464 3048 4536 loquendi
3094 4484 3221 4522 cum
3260 4469 3504 4543 hospite,

1904 4552 1992 4607 vel
2018 4552 2331 4624 pmpinquo
2364 4552 2447 4606 vel
2476 4558 2741 4608 extraneo
2770 4571 3034 4611 concessa
3060 4557 3285 4614 licentia
3312 4558 3501 4630 fuerit,

1908 4642 2070 4697 istius
2099 4648 2186 4696 est
2221 4642 2406 4712 ipsum
2443 4641 2676 4697 fratrem
2716 4644 2786 4698 de
2822 4644 3067 4701 claustro
3106 4647 3175 4702 ad
3226 4648 3506 4721 hospitem

1906 4730 2127 4785 ducere.
2162 4731 2321 4796 Quod
2347 4731 2395 4785 si
2424 4731 2612 4786 abbati
2665 4734 2749 4787 vel
2778 4734 2950 4805 priori
2989 4752 3101 4791 non
3140 4738 3415 4809 placuerit
3442 4748 3507 4798 ut

1909 4819 2076 4874 simul
2101 4820 2423 4891 loquantur,
2461 4837 2565 4876 nec
2592 4820 2839 4886 verbum,
2866 4839 2968 4878 nec
2995 4824 3239 4896 signum,
3267 4845 3370 4883 nec
3399 4831 3504 4885 ali-

1910 4926 2075 4981 quem
2100 4915 2303 4964 nutum
2327 4910 2434 4982 ipsi
2464 4910 2625 4966 fratri
2652 4911 2817 4966 faciat
2840 4929 2949 4984 quo
2970 4914 3187 4987 aliquid
3214 4917 3346 4973 inde
3371 4936 3501 4990 per-

1908 4998 2090 5070 cipere
2117 4999 2365 5071 quolibet
2392 5000 2556 5055 modo
2586 5001 2785 5056 valeat.

1980 5089 2162 5159 Ipsius
2207 5094 2290 5143 est
2341 5106 2453 5159 prae
2507 5089 2771 5145 omnibus
2818 5092 3056 5147 sollicite
3101 5094 3394 5149 observare
3432 5097 3502 5151 de

1908 5178 2176 5232 fratribus
2219 5178 2313 5249 qui
2343 5178 2400 5231 in
2429 5177 2762 5235 obedientiis
2785 5188 2934 5243 sunt,
2969 5200 3094 5236 cum
3126 5185 3195 5237 ad
3230 5190 3506 5239 monaste-

1909 5267 2054 5322 rium
2080 5268 2337 5331 redeunt,
2367 5274 2558 5322 utrum
2589 5270 2830 5325 famulos
2855 5271 3084 5325 idoneos
3110 5278 3167 5326 et
3193 5274 3387 5327 cellam
3420 5292 3503 5330 re-

1908 5358 2160 5428 gularem
2185 5357 2445 5418 habeant,
2466 5365 2523 5412 et
2538 5359 2815 5429 quomodo
2832 5377 2893 5413 se
2916 5359 2973 5413 in
2989 5361 3143 5414 curia
3157 5362 3501 5432 contineant,

1905 5453 1970 5502 ut
1989 5447 2037 5501 si
2059 5454 2215 5502 extra
2230 5448 2481 5502 ordinem
2500 5448 2712 5519 aliquid
2731 5448 2983 5517 fecerint,
2999 5456 3187 5517 232
3197 5450 3503 5513 clamorem

1904 5536 2035 5594 inde
2062 5555 2231 5611 super
2253 5555 2348 5595 eos
2371 5538 2432 5594 in
2450 5537 2697 5611 capitulo
2711 5536 2899 5595 faciat.
3437 5527 3441 5533 ’

3191 5648 3268 5706 16
