  <div class='ocr_page' id='page_1' title='image "/cluster/home/n/w/nwhite01/storage/ocr_20150623/150/hvd.32044054760087/252.png"; bbox 0 0 3852 6178; ppageno 0'>
   <div class='ocr_carea' id='block_1_1' title="bbox 168 307 240 364">
    <p class='ocr_par' dir='ltr' id='par_1_1' title="bbox 168 307 240 364">
     <span class='ocr_line' id='line_1_1' title="bbox 168 307 240 364; baseline 0.014 -1"><span class='ocrx_word' id='word_1_1' title='bbox 168 307 240 364; x_wconf 66' lang='grc'>493</span> 
     </span>
    </p>
   </div>
   <div class='ocr_carea' id='block_1_2' title="bbox 1026 297 2394 357">
    <p class='ocr_par' dir='ltr' id='par_1_2' title="bbox 1026 297 2394 357">
     <span class='ocr_line' id='line_1_2' title="bbox 1026 297 2394 357; baseline -0.001 -1"><span class='ocrx_word' id='word_1_2' title='bbox 1026 300 1358 356; x_wconf 86' lang='lat' dir='ltr'>DECRETA</span> <span class='ocrx_word' id='word_1_3' title='bbox 1394 300 1537 356; x_wconf 86' lang='lat' dir='ltr'>PRO</span> <span class='ocrx_word' id='word_1_4' title='bbox 1577 297 1852 355; x_wconf 87' lang='lat' dir='ltr'>ORDINE</span> <span class='ocrx_word' id='word_1_5' title='bbox 1890 299 1947 354; x_wconf 90' lang='lat' dir='ltr'>S.</span> <span class='ocrx_word' id='word_1_6' title='bbox 1987 298 2394 357; x_wconf 88' lang='lat' dir='ltr'>BENEDICTI.</span> 
     </span>
    </p>
   </div>
   <div class='ocr_carea' id='block_1_3' title="bbox 3251 310 3361 370">
    <p class='ocr_par' dir='ltr' id='par_1_3' title="bbox 3251 310 3361 370">
     <span class='ocr_line' id='line_1_3' title="bbox 3251 310 3361 370; baseline 0.018 -2"><span class='ocrx_word' id='word_1_7' title='bbox 3251 310 3361 370; x_wconf 71' lang='grc'>494</span> 
     </span>
    </p>
   </div>
   <div class='ocr_carea' id='block_1_4' title="bbox 211 424 3357 499">
    <p class='ocr_par' dir='ltr' id='par_1_4' title="bbox 211 424 3357 499">
     <span class='ocr_line' id='line_1_4' title="bbox 211 424 3357 499; baseline 0.002 -15"><span class='ocrx_word' id='word_1_8' title='bbox 211 430 255 486; x_wconf 88' lang='lat' dir='ltr'>Si</span> <span class='ocrx_word' id='word_1_9' title='bbox 279 446 385 483; x_wconf 76' lang='lat' dir='ltr'>vero</span> <span class='ocrx_word' id='word_1_10' title='bbox 410 445 577 499; x_wconf 84' lang='lat' dir='ltr'>super</span> <span class='ocrx_word' id='word_1_11' title='bbox 604 427 896 499; x_wconf 83' lang='lat' dir='ltr'>corporale</span> <span class='ocrx_word' id='word_1_12' title='bbox 927 427 1013 480; x_wconf 87' lang='lat' dir='ltr'>vel</span> <span class='ocrx_word' id='word_1_13' title='bbox 1032 442 1203 497; x_wconf 84' lang='lat' dir='ltr'>super</span> <span class='ocrx_word' id='word_1_14' title='bbox 1222 426 1466 497; x_wconf 84' lang='lat' dir='ltr'>aliquem</span> <span class='ocrx_word' id='word_1_15' title='bbox 1499 426 1674 479; x_wconf 89' lang='lat' dir='ltr'>hone—</span> <span class='ocrx_word' id='word_1_16' title='bbox 1693 424 1845 483; x_wconf 85' lang='lat' dir='ltr'>Ave]</span> <span class='ocrx_word' id='word_1_17' title='bbox 1904 430 2072 495; x_wconf 85' lang='lat' dir='ltr'>caput</span> <span class='ocrx_word' id='word_1_18' title='bbox 2118 425 2327 491; x_wconf 88' lang='lat' dir='ltr'>abluat,</span> <span class='ocrx_word' id='word_1_19' title='bbox 2361 427 2448 480; x_wconf 85' lang='lat' dir='ltr'>vel</span> <span class='ocrx_word' id='word_1_20' title='bbox 2503 443 2723 498; x_wconf 85' lang='lat' dir='ltr'>ungues</span> <span class='ocrx_word' id='word_1_21' title='bbox 2770 431 2999 498; x_wconf 88' lang='lat' dir='ltr'>incidat,</span> <span class='ocrx_word' id='word_1_22' title='bbox 3050 451 3153 489; x_wconf 91' lang='lat' dir='ltr'>nec</span> <span class='ocrx_word' id='word_1_23' title='bbox 3196 440 3357 491; x_wconf 81' lang='lat' dir='ltr'><strong>extra</strong></span> 
     </span>
    </p>
   </div>
   <div class='ocr_carea' id='block_1_5' title="bbox 163 514 1681 589">
    <p class='ocr_par' dir='ltr' id='par_1_5' title="bbox 163 514 1681 589">
     <span class='ocr_line' id='line_1_5' title="bbox 163 514 1681 589; baseline -0.005 -16"><span class='ocrx_word' id='word_1_24' title='bbox 163 525 270 575; x_wconf 85' lang='lat' dir='ltr'>stum</span> <span class='ocrx_word' id='word_1_25' title='bbox 292 534 509 589; x_wconf 89' lang='lat' dir='ltr'>pannum</span> <span class='ocrx_word' id='word_1_26' title='bbox 546 516 779 587; x_wconf 85' lang='lat' dir='ltr'>sanguis</span> <span class='ocrx_word' id='word_1_27' title='bbox 819 514 1102 576; x_wconf 78' lang='lat' dir='ltr'>ceciderit,</span> <span class='ocrx_word' id='word_1_28' title='bbox 1138 522 1467 585; x_wconf 91' lang='lat' dir='ltr'>certumque</span> <span class='ocrx_word' id='word_1_29' title='bbox 1509 514 1681 568; x_wconf 89' lang='lat' dir='ltr'>fuerit</span> 
     </span>
    </p>
   </div>
   <div class='ocr_carea' id='block_1_6' title="bbox 159 603 1680 680">
    <p class='ocr_par' dir='ltr' id='par_1_6' title="bbox 159 603 1680 680">
     <span class='ocr_line' id='line_1_6' title="bbox 159 603 1680 680; baseline -0.005 -17"><span class='ocrx_word' id='word_1_30' title='bbox 159 626 237 680; x_wconf 81' lang='lat' dir='ltr'>quo</span> <span class='ocrx_word' id='word_1_31' title='bbox 254 606 501 663; x_wconf 84' lang='lat' dir='ltr'>ceciderit.</span> <span class='ocrx_word' id='word_1_32' title='bbox 523 622 654 677; x_wconf 87' lang='lat' dir='ltr'>pars</span> <span class='ocrx_word' id='word_1_33' title='bbox 684 605 785 659; x_wconf 91' lang='lat' dir='ltr'>illa</span> <span class='ocrx_word' id='word_1_34' title='bbox 806 604 977 675; x_wconf 90' lang='lat' dir='ltr'>panni</span> <span class='ocrx_word' id='word_1_35' title='bbox 1006 604 1064 657; x_wconf 90' lang='lat' dir='ltr'>in</span> <span class='ocrx_word' id='word_1_36' title='bbox 1086 603 1275 674; x_wconf 88' lang='lat' dir='ltr'>aliquo</span> <span class='ocrx_word' id='word_1_37' title='bbox 1296 603 1468 661; x_wconf 82' lang='lat' dir='ltr'>calice</span> <span class='ocrx_word' id='word_1_38' title='bbox 1488 603 1680 657; x_wconf 88' lang='lat' dir='ltr'>ablua-</span> 
     </span>
    </p>
   </div>
   <div class='ocr_carea' id='block_1_7' title="bbox 158 692 1677 766">
    <p class='ocr_par' dir='ltr' id='par_1_7' title="bbox 158 692 1677 766">
     <span class='ocr_line' id='line_1_7' title="bbox 158 692 1677 766; baseline -0.002 -16"><span class='ocrx_word' id='word_1_39' title='bbox 158 704 238 761; x_wconf 87' lang='lat' dir='ltr'>tur,</span> <span class='ocrx_word' id='word_1_40' title='bbox 254 702 302 749; x_wconf 92' lang='lat' dir='ltr'>et</span> <span class='ocrx_word' id='word_1_41' title='bbox 321 696 482 766; x_wconf 90' lang='lat' dir='ltr'>prima</span> <span class='ocrx_word' id='word_1_42' title='bbox 497 694 708 748; x_wconf 80' lang='lat' dir='ltr'>ablatio</span> <span class='ocrx_word' id='word_1_43' title='bbox 727 711 760 747; x_wconf 88' lang='lat' dir='ltr'>a</span> <span class='ocrx_word' id='word_1_44' title='bbox 782 693 1053 747; x_wconf 81' lang='lat' dir='ltr'>fratribus</span> <span class='ocrx_word' id='word_1_45' title='bbox 1073 692 1424 754; x_wconf 87' lang='lat' dir='ltr'>absumatur,</span> <span class='ocrx_word' id='word_1_46' title='bbox 1450 692 1677 762; x_wconf 75' lang='lat' dir='ltr'>reliquae</span> 
     </span>
    </p>
   </div>
   <div class='ocr_carea' id='block_1_8' title="bbox 154 781 1676 853">
    <p class='ocr_par' dir='ltr' id='par_1_8' title="bbox 154 781 1676 853">
     <span class='ocr_line' id='line_1_8' title="bbox 154 781 1676 853; baseline -0.004 -14"><span class='ocrx_word' id='word_1_47' title='bbox 154 786 243 839; x_wconf 66' lang='lat' dir='ltr'>dua</span> <span class='ocrx_word' id='word_1_48' title='bbox 280 785 329 838; x_wconf 90' lang='lat' dir='ltr'>in</span> <span class='ocrx_word' id='word_1_49' title='bbox 377 784 675 837; x_wconf 83' lang='lat' dir='ltr'>sacrarium</span> <span class='ocrx_word' id='word_1_50' title='bbox 723 781 1111 853; x_wconf 87' lang='lat' dir='ltr'>projiciantur.</span> <span class='ocrx_word' id='word_1_51' title='bbox 1158 782 1223 835; x_wconf 92' lang='lat' dir='ltr'>In</span> <span class='ocrx_word' id='word_1_52' title='bbox 1272 781 1454 852; x_wconf 92' lang='lat' dir='ltr'>primo</span> <span class='ocrx_word' id='word_1_53' title='bbox 1486 786 1676 834; x_wconf 89' lang='lat' dir='ltr'>autem</span> 
     </span>
    </p>
   </div>
   <div class='ocr_carea' id='block_1_9' title="bbox 156 870 1677 945">
    <p class='ocr_par' dir='ltr' id='par_1_9' title="bbox 156 870 1677 945">
     <span class='ocr_line' id='line_1_9' title="bbox 156 870 1677 945; baseline -0.002 -19"><span class='ocrx_word' id='word_1_54' title='bbox 156 873 343 945; x_wconf 84' lang='lat' dir='ltr'>capitulo</span> <span class='ocrx_word' id='word_1_55' title='bbox 366 872 505 925; x_wconf 89' lang='lat' dir='ltr'>dicta</span> <span class='ocrx_word' id='word_1_56' title='bbox 532 872 715 943; x_wconf 87' lang='lat' dir='ltr'>culpa,</span> <span class='ocrx_word' id='word_1_57' title='bbox 761 871 819 924; x_wconf 90' lang='lat' dir='ltr'>hi</span> <span class='ocrx_word' id='word_1_58' title='bbox 864 870 966 924; x_wconf 92' lang='lat' dir='ltr'>soli</span> <span class='ocrx_word' id='word_1_59' title='bbox 1011 876 1255 935; x_wconf 90' lang='lat' dir='ltr'>tantum,</span> <span class='ocrx_word' id='word_1_60' title='bbox 1298 886 1538 941; x_wconf 90' lang='lat' dir='ltr'>quorum</span> <span class='ocrx_word' id='word_1_61' title='bbox 1576 885 1677 923; x_wconf 88' lang='lat' dir='ltr'>ne-</span> 
     </span>
    </p>
   </div>
   <div class='ocr_carea' id='block_1_10' title="bbox 151 958 1679 1035">
    <p class='ocr_par' dir='ltr' id='par_1_10' title="bbox 151 958 1679 1035">
     <span class='ocr_line' id='line_1_10' title="bbox 151 958 1679 1035; baseline -0.003 -18"><span class='ocrx_word' id='word_1_62' title='bbox 151 962 364 1035; x_wconf 81' lang='lat' dir='ltr'>gligentia</span> <span class='ocrx_word' id='word_1_63' title='bbox 387 962 486 1015; x_wconf 89' lang='lat' dir='ltr'>hoc</span> <span class='ocrx_word' id='word_1_64' title='bbox 512 960 714 1027; x_wconf 87' lang='lat' dir='ltr'>evenit,</span> <span class='ocrx_word' id='word_1_65' title='bbox 734 959 1117 1030; x_wconf 87' lang='lat' dir='ltr'>supradictam</span> <span class='ocrx_word' id='word_1_66' title='bbox 1134 958 1487 1029; x_wconf 89' lang='lat' dir='ltr'>disciplinam</span> <span class='ocrx_word' id='word_1_67' title='bbox 1510 958 1679 1013; x_wconf 86' lang='lat' dir='ltr'>susti-</span> 
     </span>
    </p>
   </div>
   <div class='ocr_carea' id='block_1_11' title="bbox 154 1048 1676 1119">
    <p class='ocr_par' dir='ltr' id='par_1_11' title="bbox 154 1048 1676 1119">
     <span class='ocr_line' id='line_1_11' title="bbox 154 1048 1676 1119; baseline -0.003 -13"><span class='ocrx_word' id='word_1_68' title='bbox 154 1057 306 1117; x_wconf 86' lang='lat' dir='ltr'>neant;</span> <span class='ocrx_word' id='word_1_69' title='bbox 344 1051 531 1104; x_wconf 84' lang='lat' dir='ltr'>fratres</span> <span class='ocrx_word' id='word_1_70' title='bbox 549 1066 681 1103; x_wconf 90' lang='lat' dir='ltr'>vero</span> <span class='ocrx_word' id='word_1_71' title='bbox 702 1065 897 1103; x_wconf 90' lang='lat' dir='ltr'>omnes</span> <span class='ocrx_word' id='word_1_72' title='bbox 916 1053 1131 1119; x_wconf 84' lang='lat' dir='ltr'>septem</span> <span class='ocrx_word' id='word_1_73' title='bbox 1158 1048 1404 1118; x_wconf 82' lang='lat' dir='ltr'>psalmos</span> <span class='ocrx_word' id='word_1_74' title='bbox 1432 1064 1559 1101; x_wconf 90' lang='lat' dir='ltr'>cum</span> <span class='ocrx_word' id='word_1_75' title='bbox 1583 1064 1676 1102; x_wconf 90' lang='lat' dir='ltr'>ca-</span> 
     </span>
    </p>
   </div>
   <div class='ocr_carea' id='block_1_12' title="bbox 151 1136 1674 1212">
    <p class='ocr_par' dir='ltr' id='par_1_12' title="bbox 151 1136 1674 1212">
     <span class='ocr_line' id='line_1_12' title="bbox 151 1136 1674 1212; baseline -0.003 -17"><span class='ocrx_word' id='word_1_76' title='bbox 151 1141 313 1212; x_wconf 86' lang='lat' dir='ltr'>pitulis,</span> <span class='ocrx_word' id='word_1_77' title='bbox 352 1149 404 1194; x_wconf 92' lang='lat' dir='ltr'>et</span> <span class='ocrx_word' id='word_1_78' title='bbox 450 1139 700 1205; x_wconf 86' lang='lat' dir='ltr'>collecta,</span> <span class='ocrx_word' id='word_1_79' title='bbox 751 1139 895 1193; x_wconf 89' lang='lat' dir='ltr'>sicut</span> <span class='ocrx_word' id='word_1_80' title='bbox 941 1138 1202 1209; x_wconf 83' lang='lat' dir='ltr'>superius</span> <span class='ocrx_word' id='word_1_81' title='bbox 1240 1137 1451 1192; x_wconf 89' lang='lat' dir='ltr'>dictum</span> <span class='ocrx_word' id='word_1_82' title='bbox 1481 1144 1585 1205; x_wconf 91' lang='lat' dir='ltr'>est,</span> <span class='ocrx_word' id='word_1_83' title='bbox 1618 1136 1674 1191; x_wconf 90' lang='lat' dir='ltr'>in</span> 
     </span>
    </p>
   </div>
   <div class='ocr_carea' id='block_1_13' title="bbox 153 1227 1678 1299">
    <p class='ocr_par' dir='ltr' id='par_1_13' title="bbox 153 1227 1678 1299">
     <span class='ocr_line' id='line_1_13' title="bbox 153 1227 1678 1299; baseline -0.001 -17"><span class='ocrx_word' id='word_1_84' title='bbox 153 1228 429 1282; x_wconf 87' lang='lat' dir='ltr'>monasterio</span> <span class='ocrx_word' id='word_1_85' title='bbox 455 1228 663 1281; x_wconf 80' lang='lat' dir='ltr'>dicant.</span> <span class='ocrx_word' id='word_1_86' title='bbox 693 1227 753 1282; x_wconf 89' lang='lat' dir='ltr'>Si</span> <span class='ocrx_word' id='word_1_87' title='bbox 781 1228 903 1299; x_wconf 90' lang='lat' dir='ltr'>ipsa</span> <span class='ocrx_word' id='word_1_88' title='bbox 931 1229 1023 1281; x_wconf 92' lang='lat' dir='ltr'>die</span> <span class='ocrx_word' id='word_1_89' title='bbox 1052 1228 1243 1282; x_wconf 85' lang='lat' dir='ltr'>Brevis</span> <span class='ocrx_word' id='word_1_90' title='bbox 1271 1245 1371 1299; x_wconf 92' lang='lat' dir='ltr'>pro</span> <span class='ocrx_word' id='word_1_91' title='bbox 1415 1228 1678 1282; x_wconf 88' lang='lat' dir='ltr'>defuncto</span> 
     </span>
    </p>
   </div>
   <div class='ocr_carea' id='block_1_14' title="bbox 151 1316 1679 1387">
    <p class='ocr_par' dir='ltr' id='par_1_14' title="bbox 151 1316 1679 1387">
     <span class='ocr_line' id='line_1_14' title="bbox 151 1316 1679 1387; baseline 0 -16"><span class='ocrx_word' id='word_1_92' title='bbox 151 1319 192 1371; x_wconf 85' lang='lat' dir='ltr'>in</span> <span class='ocrx_word' id='word_1_93' title='bbox 228 1317 439 1387; x_wconf 88' lang='lat' dir='ltr'>capitulo</span> <span class='ocrx_word' id='word_1_94' title='bbox 465 1317 644 1370; x_wconf 91' lang='lat' dir='ltr'>lectus</span> <span class='ocrx_word' id='word_1_95' title='bbox 672 1316 859 1382; x_wconf 88' lang='lat' dir='ltr'>fuerit,</span> <span class='ocrx_word' id='word_1_96' title='bbox 914 1317 1067 1387; x_wconf 89' lang='lat' dir='ltr'>prius</span> <span class='ocrx_word' id='word_1_97' title='bbox 1112 1322 1318 1371; x_wconf 86' lang='lat' dir='ltr'>canant</span> <span class='ocrx_word' id='word_1_98' title='bbox 1368 1318 1529 1371; x_wconf 85' lang='lat' dir='ltr'>Verba</span> <span class='ocrx_word' id='word_1_99' title='bbox 1559 1334 1679 1371; x_wconf 87' lang='lat' dir='ltr'>mea</span> 
     </span>
    </p>
   </div>
   <div class='ocr_carea' id='block_1_15' title="bbox 150 1405 1679 1477">
    <p class='ocr_par' dir='ltr' id='par_1_15' title="bbox 150 1405 1679 1477">
     <span class='ocr_line' id='line_1_15' title="bbox 150 1405 1679 1477; baseline 0.001 -19"><span class='ocrx_word' id='word_1_100' title='bbox 150 1410 386 1476; x_wconf 84' lang='lat' dir='ltr'>pergentes</span> <span class='ocrx_word' id='word_1_101' title='bbox 404 1405 456 1458; x_wconf 91' lang='lat' dir='ltr'>in</span> <span class='ocrx_word' id='word_1_102' title='bbox 489 1405 810 1471; x_wconf 80' lang='lat' dir='ltr'>ecclesiam;</span> <span class='ocrx_word' id='word_1_103' title='bbox 840 1412 1037 1476; x_wconf 89' lang='lat' dir='ltr'>postea</span> <span class='ocrx_word' id='word_1_104' title='bbox 1060 1412 1275 1477; x_wconf 86' lang='lat' dir='ltr'>septem</span> <span class='ocrx_word' id='word_1_105' title='bbox 1303 1405 1546 1476; x_wconf 87' lang='lat' dir='ltr'>psalmos</span> <span class='ocrx_word' id='word_1_106' title='bbox 1569 1405 1679 1459; x_wconf 87' lang='lat' dir='ltr'>sic-</span> 
     </span>
    </p>
   </div>
   <div class='ocr_carea' id='block_1_16' title="bbox 150 1494 1161 1575">
    <p class='ocr_par' dir='ltr' id='par_1_16' title="bbox 150 1494 1161 1575">
     <span class='ocr_line' id='line_1_16' title="bbox 150 1494 1161 1575; baseline -0.001 -27"><span class='ocrx_word' id='word_1_107' title='bbox 150 1500 195 1549; x_wconf 90' lang='lat' dir='ltr'>ut</span> <span class='ocrx_word' id='word_1_108' title='bbox 216 1494 437 1566; x_wconf 84' lang='lat' dir='ltr'>superius</span> <span class='ocrx_word' id='word_1_109' title='bbox 463 1495 678 1548; x_wconf 89' lang='lat' dir='ltr'>dictum</span> <span class='ocrx_word' id='word_1_110' title='bbox 709 1499 814 1548; x_wconf 89' lang='lat' dir='ltr'>est.</span> <span class='ocrx_word' id='word_1_111' title='bbox 1156 1566 1161 1575; x_wconf 39' lang='grc' dir='ltr'><strong>Ι</strong></span> 
     </span>
    </p>
   </div>
   <div class='ocr_carea' id='block_1_17' title="bbox 199 1583 1683 1654">
    <p class='ocr_par' dir='ltr' id='par_1_17' title="bbox 199 1583 1683 1654">
     <span class='ocr_line' id='line_1_17' title="bbox 199 1583 1683 1654; baseline -0.001 -16"><span class='ocrx_word' id='word_1_112' title='bbox 199 1584 243 1638; x_wconf 90' lang='lat' dir='ltr'>Si</span> <span class='ocrx_word' id='word_1_113' title='bbox 266 1601 378 1638; x_wconf 90' lang='lat' dir='ltr'>vero</span> <span class='ocrx_word' id='word_1_114' title='bbox 393 1584 498 1638; x_wconf 87' lang='lat' dir='ltr'>alio</span> <span class='ocrx_word' id='word_1_115' title='bbox 518 1584 708 1654; x_wconf 91' lang='lat' dir='ltr'>aliquo</span> <span class='ocrx_word' id='word_1_116' title='bbox 733 1584 900 1638; x_wconf 89' lang='lat' dir='ltr'>modo</span> <span class='ocrx_word' id='word_1_117' title='bbox 911 1583 980 1638; x_wconf 93' lang='lat' dir='ltr'>de</span> <span class='ocrx_word' id='word_1_118' title='bbox 1003 1584 1109 1638; x_wconf 89' lang='lat' dir='ltr'>hoc</span> <span class='ocrx_word' id='word_1_119' title='bbox 1132 1590 1484 1639; x_wconf 88' lang='lat' dir='ltr'>sacramento</span> <span class='ocrx_word' id='word_1_120' title='bbox 1508 1583 1683 1637; x_wconf 85' lang='lat' dir='ltr'>levior</span> 
     </span>
    </p>
   </div>
   <div class='ocr_carea' id='block_1_18' title="bbox 1760 513 3356 597">
    <p class='ocr_par' dir='ltr' id='par_1_18' title="bbox 1760 513 3356 597">
     <span class='ocr_line' id='line_1_18' title="bbox 1760 513 3356 597; baseline 0.01 -32"><span class='ocrx_word' id='word_1_121' title='bbox 1760 513 2065 568; x_wconf 88' lang='lat' dir='ltr'>claustrum</span> <span class='ocrx_word' id='word_1_122' title='bbox 2097 514 2218 569; x_wconf 88' lang='lat' dir='ltr'>sine</span> <span class='ocrx_word' id='word_1_123' title='bbox 2244 515 2468 569; x_wconf 87' lang='lat' dir='ltr'>licentia</span> <span class='ocrx_word' id='word_1_124' title='bbox 2491 515 2572 570; x_wconf 91' lang='lat' dir='ltr'>ire</span> <span class='ocrx_word' id='word_1_125' title='bbox 2610 527 2935 589; x_wconf 80' lang='lat' dir='ltr'>praesumat.</span> <span class='ocrx_word' id='word_1_126' title='bbox 2978 516 3179 579; x_wconf 83' lang='lat' dir='ltr'>Finitis</span> <span class='ocrx_word' id='word_1_127' title='bbox 3208 527 3356 597; x_wconf 89' lang='lat' dir='ltr'>psal—</span> 
     </span>
    </p>
   </div>
   <div class='ocr_carea' id='block_1_19' title="bbox 1760 602 3355 686">
    <p class='ocr_par' dir='ltr' id='par_1_19' title="bbox 1760 602 3355 686">
     <span class='ocr_line' id='line_1_19' title="bbox 1760 602 3355 686; baseline 0.009 -31"><span class='ocrx_word' id='word_1_128' title='bbox 1760 602 1868 655; x_wconf 92' lang='lat' dir='ltr'>mis</span> <span class='ocrx_word' id='word_1_129' title='bbox 1899 603 2048 656; x_wconf 89' lang='lat' dir='ltr'>dicat</span> <span class='ocrx_word' id='word_1_130' title='bbox 2075 603 2268 670; x_wconf 86' lang='lat' dir='ltr'>abbas,</span> <span class='ocrx_word' id='word_1_131' title='bbox 2300 604 2385 658; x_wconf 86' lang='lat' dir='ltr'>vel</span> <span class='ocrx_word' id='word_1_132' title='bbox 2415 605 2570 674; x_wconf 91' lang='lat' dir='ltr'>prior</span> <span class='ocrx_word' id='word_1_133' title='bbox 2616 610 2935 676; x_wconf 78' lang='lat' dir='ltr'>Benedicite,</span> <span class='ocrx_word' id='word_1_134' title='bbox 2989 617 3047 667; x_wconf 92' lang='lat' dir='ltr'>et</span> <span class='ocrx_word' id='word_1_135' title='bbox 3084 630 3355 686; x_wconf 89' lang='lat' dir='ltr'>responso</span> 
     </span>
    </p>
   </div>
   <div class='ocr_carea' id='block_1_20' title="bbox 1759 692 3352 764">
    <p class='ocr_par' dir='ltr' id='par_1_20' title="bbox 1759 692 3352 764">
     <span class='ocr_line' id='line_1_20' title="bbox 1759 692 3352 764; baseline 0.009 -19"><span class='ocrx_word' id='word_1_136' title='bbox 1759 692 2047 757; x_wconf 75' lang='lat' dir='ltr'>Dominus,</span> <span class='ocrx_word' id='word_1_137' title='bbox 2089 698 2284 763; x_wconf 88' lang='lat' dir='ltr'>postea</span> <span class='ocrx_word' id='word_1_138' title='bbox 2319 694 2642 764; x_wconf 88' lang='lat' dir='ltr'>loquantur.</span> <span class='ocrx_word' id='word_1_139' title='bbox 2675 698 2832 753; x_wconf 90' lang='lat' dir='ltr'>Tunc</span> <span class='ocrx_word' id='word_1_140' title='bbox 2870 700 3075 756; x_wconf 91' lang='lat' dir='ltr'>lesciva</span> <span class='ocrx_word' id='word_1_141' title='bbox 3112 702 3171 757; x_wconf 91' lang='lat' dir='ltr'>in</span> <span class='ocrx_word' id='word_1_142' title='bbox 3197 704 3352 758; x_wconf 88' lang='lat' dir='ltr'>clau-</span> 
     </span>
    </p>
   </div>
   <div class='ocr_carea' id='block_1_21' title="bbox 1758 782 3353 864">
    <p class='ocr_par' dir='ltr' id='par_1_21' title="bbox 1758 782 3353 864">
     <span class='ocr_line' id='line_1_21' title="bbox 1758 782 3353 864; baseline 0.009 -29"><span class='ocrx_word' id='word_1_143' title='bbox 1758 786 1939 836; x_wconf 90' lang='lat' dir='ltr'>strum</span> <span class='ocrx_word' id='word_1_144' title='bbox 1988 782 2292 850; x_wconf 89' lang='lat' dir='ltr'>deferatur,</span> <span class='ocrx_word' id='word_1_145' title='bbox 2331 787 2388 836; x_wconf 90' lang='lat' dir='ltr'>et</span> <span class='ocrx_word' id='word_1_146' title='bbox 2418 785 2511 854; x_wconf 90' lang='lat' dir='ltr'>qui</span> <span class='ocrx_word' id='word_1_147' title='bbox 2555 786 2674 840; x_wconf 88' lang='lat' dir='ltr'>vult</span> <span class='ocrx_word' id='word_1_148' title='bbox 2702 794 2870 859; x_wconf 89' lang='lat' dir='ltr'>caput</span> <span class='ocrx_word' id='word_1_149' title='bbox 2913 791 3079 857; x_wconf 85' lang='lat' dir='ltr'>lavet,</span> <span class='ocrx_word' id='word_1_150' title='bbox 3114 793 3353 864; x_wconf 90' lang='lat' dir='ltr'>quisque</span> 
     </span>
    </p>
   </div>
   <div class='ocr_carea' id='block_1_22' title="bbox 1758 870 3353 953">
    <p class='ocr_par' dir='ltr' id='par_1_22' title="bbox 1758 870 3353 953">
     <span class='ocr_line' id='line_1_22' title="bbox 1758 870 3353 953; baseline 0.008 -29"><span class='ocrx_word' id='word_1_151' title='bbox 1758 870 1884 931; x_wconf 86' lang='lat' dir='ltr'>sibi,</span> <span class='ocrx_word' id='word_1_152' title='bbox 1902 871 2089 925; x_wconf 89' lang='lat' dir='ltr'>nullus</span> <span class='ocrx_word' id='word_1_153' title='bbox 2117 871 2233 935; x_wconf 86' lang='lat' dir='ltr'>alii,</span> <span class='ocrx_word' id='word_1_154' title='bbox 2256 877 2461 943; x_wconf 63' lang='lat' dir='ltr'>praeter</span> <span class='ocrx_word' id='word_1_155' title='bbox 2480 875 2780 945; x_wconf 85' lang='lat' dir='ltr'>magistros</span> <span class='ocrx_word' id='word_1_156' title='bbox 2802 877 3204 952; x_wconf 85' lang='lat' dir='ltr'>infantum,qui</span> <span class='ocrx_word' id='word_1_157' title='bbox 3218 899 3353 953; x_wconf 90' lang='lat' dir='ltr'>par-</span> 
     </span>
    </p>
   </div>
   <div class='ocr_carea' id='block_1_23' title="bbox 1762 960 3353 1038">
    <p class='ocr_par' dir='ltr' id='par_1_23' title="bbox 1762 960 3353 1038">
     <span class='ocr_line' id='line_1_23' title="bbox 1762 960 3353 1038; baseline 0.009 -25"><span class='ocrx_word' id='word_1_158' title='bbox 1762 960 1906 1037; x_wconf 69' lang='lat' dir='ltr'>vulis</span> <span class='ocrx_word' id='word_1_159' title='bbox 1935 960 2144 1032; x_wconf 91' lang='lat' dir='ltr'>pueris,</span> <span class='ocrx_word' id='word_1_160' title='bbox 2188 960 2283 1032; x_wconf 87' lang='lat' dir='ltr'>qui</span> <span class='ocrx_word' id='word_1_161' title='bbox 2314 960 2371 1015; x_wconf 92' lang='lat' dir='ltr'>id</span> <span class='ocrx_word' id='word_1_162' title='bbox 2401 977 2513 1016; x_wconf 90' lang='lat' dir='ltr'>non</span> <span class='ocrx_word' id='word_1_163' title='bbox 2538 978 2792 1034; x_wconf 87' lang='lat' dir='ltr'>possunt,</span> <span class='ocrx_word' id='word_1_164' title='bbox 2826 968 3011 1038; x_wconf 86' lang='lat' dir='ltr'>capita</span> <span class='ocrx_word' id='word_1_165' title='bbox 3038 970 3226 1025; x_wconf 88' lang='lat' dir='ltr'>lavare</span> <span class='ocrx_word' id='word_1_166' title='bbox 3259 971 3353 1027; x_wconf 91' lang='lat' dir='ltr'>de-</span> 
     </span>
    </p>
   </div>
   <div class='ocr_carea' id='block_1_24' title="bbox 1760 1048 1914 1103">
    <p class='ocr_par' dir='ltr' id='par_1_24' title="bbox 1760 1048 1914 1103">
     <span class='ocr_line' id='line_1_24' title="bbox 1760 1048 1914 1103; baseline 0 0"><span class='ocrx_word' id='word_1_167' title='bbox 1760 1048 1914 1103; x_wconf 88' lang='lat' dir='ltr'>bent.</span> 
     </span>
    </p>
   </div>
   <div class='ocr_carea' id='block_1_25' title="bbox 1831 1137 3354 1211">
    <p class='ocr_par' dir='ltr' id='par_1_25' title="bbox 1831 1137 3354 1211">
     <span class='ocr_line' id='line_1_25' title="bbox 1831 1137 3354 1211; baseline 0.009 -20"><span class='ocrx_word' id='word_1_168' title='bbox 1831 1137 2029 1192; x_wconf 83' lang='lat' dir='ltr'>Frater</span> <span class='ocrx_word' id='word_1_169' title='bbox 2057 1138 2192 1193; x_wconf 91' lang='lat' dir='ltr'>dum</span> <span class='ocrx_word' id='word_1_170' title='bbox 2224 1138 2463 1207; x_wconf 88' lang='lat' dir='ltr'>raditur,</span> <span class='ocrx_word' id='word_1_171' title='bbox 2488 1140 2534 1195; x_wconf 89' lang='lat' dir='ltr'>si</span> <span class='ocrx_word' id='word_1_172' title='bbox 2576 1140 2800 1211; x_wconf 85' lang='lat' dir='ltr'>signum</span> <span class='ocrx_word' id='word_1_173' title='bbox 2829 1143 2901 1197; x_wconf 91' lang='lat' dir='ltr'>ad</span> <span class='ocrx_word' id='word_1_174' title='bbox 2925 1144 3123 1199; x_wconf 90' lang='lat' dir='ltr'>horam</span> <span class='ocrx_word' id='word_1_175' title='bbox 3152 1163 3354 1204; x_wconf 88' lang='lat' dir='ltr'>sonue-</span> 
     </span>
    </p>
   </div>
   <div class='ocr_carea' id='block_1_26' title="bbox 1760 1226 3359 1307">
    <p class='ocr_par' dir='ltr' id='par_1_26' title="bbox 1760 1226 3359 1307">
     <span class='ocr_line' id='line_1_26' title="bbox 1760 1226 3359 1307; baseline 0.008 -27"><span class='ocrx_word' id='word_1_176' title='bbox 1760 1227 1855 1289; x_wconf 90' lang='lat' dir='ltr'>rit,</span> <span class='ocrx_word' id='word_1_177' title='bbox 1887 1226 2086 1281; x_wconf 89' lang='lat' dir='ltr'>induat</span> <span class='ocrx_word' id='word_1_178' title='bbox 2111 1228 2387 1283; x_wconf 88' lang='lat' dir='ltr'>cucullam</span> <span class='ocrx_word' id='word_1_179' title='bbox 2426 1246 2597 1299; x_wconf 89' lang='lat' dir='ltr'>super</span> <span class='ocrx_word' id='word_1_180' title='bbox 2634 1229 2901 1300; x_wconf 91' lang='lat' dir='ltr'>froccum,</span> <span class='ocrx_word' id='word_1_181' title='bbox 2954 1238 3011 1287; x_wconf 94' lang='lat' dir='ltr'>et</span> <span class='ocrx_word' id='word_1_182' title='bbox 3058 1242 3256 1307; x_wconf 82' lang='lat' dir='ltr'>pergat</span> <span class='ocrx_word' id='word_1_183' title='bbox 3298 1238 3359 1292; x_wconf 88' lang='lat' dir='ltr'>in</span> 
     </span>
    </p>
   </div>
   <div class='ocr_carea' id='block_1_27' title="bbox 1760 1316 3359 1381">
    <p class='ocr_par' dir='ltr' id='par_1_27' title="bbox 1760 1316 3359 1381">
     <span class='ocr_line' id='line_1_27' title="bbox 1760 1316 3359 1381; baseline 0.006 -10"><span class='ocrx_word' id='word_1_184' title='bbox 1760 1316 1992 1371; x_wconf 88' lang='lat' dir='ltr'>chorum</span> <span class='ocrx_word' id='word_1_185' title='bbox 2023 1317 2069 1370; x_wconf 89' lang='lat' dir='ltr'>si</span> <span class='ocrx_word' id='word_1_186' title='bbox 2097 1322 2287 1371; x_wconf 90' lang='lat' dir='ltr'>tamen</span> <span class='ocrx_word' id='word_1_187' title='bbox 2316 1318 2545 1372; x_wconf 87' lang='lat' dir='ltr'>omnino</span> <span class='ocrx_word' id='word_1_188' title='bbox 2594 1318 2823 1375; x_wconf 87' lang='lat' dir='ltr'>barbam</span> <span class='ocrx_word' id='word_1_189' title='bbox 2863 1338 3050 1376; x_wconf 89' lang='lat' dir='ltr'>rasam</span> <span class='ocrx_word' id='word_1_190' title='bbox 3091 1330 3191 1379; x_wconf 92' lang='lat' dir='ltr'>aut</span> <span class='ocrx_word' id='word_1_191' title='bbox 3237 1343 3359 1381; x_wconf 90' lang='lat' dir='ltr'>om-</span> 
     </span>
    </p>
   </div>
   <div class='ocr_carea' id='block_1_28' title="bbox 1760 1405 3362 1481">
    <p class='ocr_par' dir='ltr' id='par_1_28' title="bbox 1760 1405 3362 1481">
     <span class='ocr_line' id='line_1_28' title="bbox 1760 1405 3362 1481; baseline 0.008 -24"><span class='ocrx_word' id='word_1_192' title='bbox 1760 1405 1895 1459; x_wconf 91' lang='lat' dir='ltr'>nino</span> <span class='ocrx_word' id='word_1_193' title='bbox 1922 1405 2101 1459; x_wconf 87' lang='lat' dir='ltr'>adhuc</span> <span class='ocrx_word' id='word_1_194' title='bbox 2127 1405 2397 1459; x_wconf 87' lang='lat' dir='ltr'>intactam</span> <span class='ocrx_word' id='word_1_195' title='bbox 2417 1406 2605 1474; x_wconf 88' lang='lat' dir='ltr'>habet,</span> <span class='ocrx_word' id='word_1_196' title='bbox 2647 1409 2899 1481; x_wconf 90' lang='lat' dir='ltr'>alioquin</span> <span class='ocrx_word' id='word_1_197' title='bbox 2939 1418 3098 1466; x_wconf 86' lang='lat' dir='ltr'>extra</span> <span class='ocrx_word' id='word_1_198' title='bbox 3126 1413 3362 1471; x_wconf 90' lang='lat' dir='ltr'>chorum</span> 
     </span>
    </p>
   </div>
   <div class='ocr_carea' id='block_1_29' title="bbox 1765 1494 3363 1575">
    <p class='ocr_par' dir='ltr' id='par_1_29' title="bbox 1765 1494 3363 1575">
     <span class='ocr_line' id='line_1_29' title="bbox 1765 1494 3363 1575; baseline 0.008 -28"><span class='ocrx_word' id='word_1_199' title='bbox 1765 1499 2007 1548; x_wconf 49' lang='lat' dir='ltr'>maneat,</span> <span class='ocrx_word' id='word_1_200' title='bbox 2040 1494 2168 1565; x_wconf 91' lang='lat' dir='ltr'>Ipso</span> <span class='ocrx_word' id='word_1_201' title='bbox 2189 1494 2279 1548; x_wconf 91' lang='lat' dir='ltr'>die</span> <span class='ocrx_word' id='word_1_202' title='bbox 2310 1512 2420 1565; x_wconf 90' lang='lat' dir='ltr'>quo</span> <span class='ocrx_word' id='word_1_203' title='bbox 2450 1513 2510 1549; x_wconf 91' lang='lat' dir='ltr'>se</span> <span class='ocrx_word' id='word_1_204' title='bbox 2550 1497 2759 1552; x_wconf 87' lang='lat' dir='ltr'>radunt</span> <span class='ocrx_word' id='word_1_205' title='bbox 2809 1499 3014 1556; x_wconf 87' lang='lat' dir='ltr'>fratres</span> <span class='ocrx_word' id='word_1_206' title='bbox 3056 1518 3274 1575; x_wconf 71' lang='lat' dir='ltr'>mappae</span> <span class='ocrx_word' id='word_1_207' title='bbox 3301 1504 3363 1559; x_wconf 91' lang='lat' dir='ltr'>in</span> 
     </span>
    </p>
   </div>
   <div class='ocr_carea' id='block_1_30' title="bbox 1762 1583 3365 1667">
    <p class='ocr_par' dir='ltr' id='par_1_30' title="bbox 1762 1583 3365 1667">
     <span class='ocr_line' id='line_1_30' title="bbox 1762 1583 3365 1667; baseline 0.007 -32"><span class='ocrx_word' id='word_1_208' title='bbox 1762 1583 2057 1636; x_wconf 89' lang='lat' dir='ltr'>refectorio</span> <span class='ocrx_word' id='word_1_209' title='bbox 2096 1583 2379 1637; x_wconf 70' lang='lat' dir='ltr'>mutandae</span> <span class='ocrx_word' id='word_1_210' title='bbox 2408 1589 2559 1667; x_wconf 64' lang='lat' dir='ltr'>sunt.</span> <span class='ocrx_word' id='word_1_211' title='bbox 2604 1586 2745 1640; x_wconf 86' lang='lat' dir='ltr'>Aliis</span> <span class='ocrx_word' id='word_1_212' title='bbox 2774 1587 2972 1642; x_wconf 90' lang='lat' dir='ltr'>diebus</span> <span class='ocrx_word' id='word_1_213' title='bbox 3002 1592 3227 1661; x_wconf 88' lang='lat' dir='ltr'>quando</span> <span class='ocrx_word' id='word_1_214' title='bbox 3254 1592 3365 1647; x_wconf 89' lang='lat' dir='ltr'>fra-</span> 
     </span>
    </p>
   </div>
   <div class='ocr_carea' id='block_1_31' title="bbox 149 1671 3365 1745">
    <p class='ocr_par' dir='ltr' id='par_1_31' title="bbox 149 1671 3365 1745">
     <span class='ocr_line' id='line_1_31' title="bbox 149 1671 3365 1745; baseline 0.003 -20"><span class='ocrx_word' id='word_1_215' title='bbox 149 1672 430 1743; x_wconf 84' lang='lat' dir='ltr'>negligentia</span> <span class='ocrx_word' id='word_1_216' title='bbox 455 1674 722 1737; x_wconf 89' lang='lat' dir='ltr'>evenerit,</span> <span class='ocrx_word' id='word_1_217' title='bbox 756 1690 821 1727; x_wconf 86' lang='lat' dir='ltr'>ex</span> <span class='ocrx_word' id='word_1_218' title='bbox 860 1673 1073 1743; x_wconf 86' lang='lat' dir='ltr'>judicio</span> <span class='ocrx_word' id='word_1_219' title='bbox 1105 1673 1323 1727; x_wconf 87' lang='lat' dir='ltr'>abbatis</span> <span class='ocrx_word' id='word_1_220' title='bbox 1353 1674 1438 1731; x_wconf 89' lang='lat' dir='ltr'>vel</span> <span class='ocrx_word' id='word_1_221' title='bbox 1480 1672 1681 1744; x_wconf 88' lang='lat' dir='ltr'>prioris</span> <span class='ocrx_word' id='word_1_222' title='bbox 1704 1743 1735 1745; x_wconf 94' lang='lat'>_</span> <span class='ocrx_word' id='word_1_223' title='bbox 1763 1676 1876 1724; x_wconf 91' lang='lat' dir='ltr'>tres</span> <span class='ocrx_word' id='word_1_224' title='bbox 1905 1671 1962 1724; x_wconf 91' lang='lat' dir='ltr'>in</span> <span class='ocrx_word' id='word_1_225' title='bbox 1986 1671 2231 1726; x_wconf 88' lang='lat' dir='ltr'>claustro</span> <span class='ocrx_word' id='word_1_226' title='bbox 2260 1673 2589 1743; x_wconf 89' lang='lat' dir='ltr'>loquuntur,</span> <span class='ocrx_word' id='word_1_227' title='bbox 2631 1675 2727 1745; x_wconf 90' lang='lat' dir='ltr'>qui</span> <span class='ocrx_word' id='word_1_228' title='bbox 2758 1692 2985 1732; x_wconf 89' lang='lat' dir='ltr'>necesse</span> <span class='ocrx_word' id='word_1_229' title='bbox 3026 1678 3200 1734; x_wconf 87' lang='lat' dir='ltr'>habet</span> <span class='ocrx_word' id='word_1_230' title='bbox 3238 1686 3365 1736; x_wconf 88' lang='lat' dir='ltr'>ton-</span> 
     </span>
    </p>
   </div>
   <div class='ocr_carea' id='block_1_32' title="bbox 148 1743 3363 1835">
    <p class='ocr_par' dir='ltr' id='par_1_32' title="bbox 148 1743 3363 1835">
     <span class='ocr_line' id='line_1_32' title="bbox 148 1743 3363 1835; baseline 0.003 -20"><span class='ocrx_word' id='word_1_231' title='bbox 148 1762 301 1815; x_wconf 86' lang='lat' dir='ltr'>leniori</span> <span class='ocrx_word' id='word_1_232' title='bbox 337 1762 576 1817; x_wconf 85' lang='lat' dir='ltr'>vindicta</span> <span class='ocrx_word' id='word_1_233' title='bbox 623 1762 816 1829; x_wconf 85' lang='lat' dir='ltr'>frater,</span> <span class='ocrx_word' id='word_1_234' title='bbox 851 1763 1011 1832; x_wconf 86' lang='lat' dir='ltr'>cujus</span> <span class='ocrx_word' id='word_1_235' title='bbox 1037 1763 1203 1835; x_wconf 89' lang='lat' dir='ltr'>culpa</span> <span class='ocrx_word' id='word_1_236' title='bbox 1230 1763 1335 1817; x_wconf 90' lang='lat' dir='ltr'>hoc</span> <span class='ocrx_word' id='word_1_237' title='bbox 1360 1743 1677 1832; x_wconf 80' lang='lat' dir='ltr'>contigerit,</span> <span class='ocrx_word' id='word_1_238' title='bbox 1703 1743 1750 1803; x_wconf 86' lang='grc' dir='ltr'><strong>Β</strong></span> <span class='ocrx_word' id='word_1_239' title='bbox 1765 1760 1885 1815; x_wconf 91' lang='lat' dir='ltr'>deri</span> <span class='ocrx_word' id='word_1_240' title='bbox 1902 1766 2086 1831; x_wconf 89' lang='lat' dir='ltr'>potest</span> <span class='ocrx_word' id='word_1_241' title='bbox 2104 1760 2163 1816; x_wconf 90' lang='lat' dir='ltr'>in</span> <span class='ocrx_word' id='word_1_242' title='bbox 2174 1761 2438 1829; x_wconf 89' lang='lat' dir='ltr'>claustro,</span> <span class='ocrx_word' id='word_1_243' title='bbox 2456 1763 2553 1817; x_wconf 91' lang='lat' dir='ltr'>sed</span> <span class='ocrx_word' id='word_1_244' title='bbox 2575 1743 2675 1835; x_wconf 72' lang='lat' dir='ltr'>per</span> <span class='ocrx_word' id='word_1_245' title='bbox 2693 1764 2984 1822; x_wconf 88' lang='lat' dir='ltr'>licentiam</span> <span class='ocrx_word' id='word_1_246' title='bbox 3004 1766 3226 1824; x_wconf 88' lang='lat' dir='ltr'>abbatis</span> <span class='ocrx_word' id='word_1_247' title='bbox 3246 1769 3363 1825; x_wconf 88' lang='lat' dir='ltr'>sive</span> 
     </span>
    </p>
   </div>
   <div class='ocr_carea' id='block_1_33' title="bbox 148 1849 374 1920">
    <p class='ocr_par' dir='ltr' id='par_1_33' title="bbox 148 1849 374 1920">
     <span class='ocr_line' id='line_1_33' title="bbox 148 1849 374 1920; baseline 0.013 -17"><span class='ocrx_word' id='word_1_248' title='bbox 148 1849 374 1920; x_wconf 82' lang='lat' dir='ltr'>puniatur.</span> 
     </span>
    </p>
   </div>
   <div class='ocr_carea' id='block_1_34' title="bbox 706 1940 1068 1996">
    <p class='ocr_par' dir='ltr' id='par_1_34' title="bbox 706 1940 1068 1996">
     <span class='ocr_line' id='line_1_34' title="bbox 706 1940 1068 1996; baseline 0 -2"><span class='ocrx_word' id='word_1_249' title='bbox 706 1940 943 1995; x_wconf 86' lang='lat' dir='ltr'>CAPUT</span> <span class='ocrx_word' id='word_1_250' title='bbox 971 1941 1068 1996; x_wconf 84' lang='lat' dir='ltr'>XI.</span> 
     </span>
    </p>
   </div>
   <div class='ocr_carea' id='block_1_35' title="bbox 585 2031 1181 2097">
    <p class='ocr_par' dir='ltr' id='par_1_35' title="bbox 585 2031 1181 2097">
     <span class='ocr_line' id='line_1_35' title="bbox 585 2031 1181 2097; baseline -0.003 -12"><span class='ocrx_word' id='word_1_251' title='bbox 585 2031 663 2085; x_wconf 91' lang='lat' dir='ltr'>De</span> <span class='ocrx_word' id='word_1_252' title='bbox 684 2045 890 2084; x_wconf 83' lang='lat' dir='ltr'>rasura</span> <span class='ocrx_word' id='word_1_253' title='bbox 911 2032 1181 2097; x_wconf 84' lang='lat' dir='ltr'>fratrum.</span> 
     </span>
    </p>
   </div>
   <div class='ocr_carea' id='block_1_36' title="bbox 196 2116 1686 2189">
    <p class='ocr_par' dir='ltr' id='par_1_36' title="bbox 196 2116 1686 2189">
     <span class='ocr_line' id='line_1_36' title="bbox 196 2116 1686 2189; baseline 0.001 -18"><span class='ocrx_word' id='word_1_254' title='bbox 196 2117 294 2189; x_wconf 81' lang='lat' dir='ltr'>Qua</span> <span class='ocrx_word' id='word_1_255' title='bbox 317 2117 400 2172; x_wconf 91' lang='lat' dir='ltr'>die</span> <span class='ocrx_word' id='word_1_256' title='bbox 425 2117 664 2171; x_wconf 90' lang='lat' dir='ltr'>radendi</span> <span class='ocrx_word' id='word_1_257' title='bbox 693 2122 828 2171; x_wconf 92' lang='lat' dir='ltr'>sunt</span> <span class='ocrx_word' id='word_1_258' title='bbox 855 2116 1057 2172; x_wconf 83' lang='lat' dir='ltr'>fratres</span> <span class='ocrx_word' id='word_1_259' title='bbox 1086 2118 1251 2172; x_wconf 91' lang='lat' dir='ltr'>citius</span> <span class='ocrx_word' id='word_1_260' title='bbox 1293 2118 1457 2172; x_wconf 91' lang='lat' dir='ltr'>solito</span> <span class='ocrx_word' id='word_1_261' title='bbox 1504 2118 1686 2189; x_wconf 89' lang='lat' dir='ltr'>pulse-</span> 
     </span>
    </p>
   </div>
   <div class='ocr_carea' id='block_1_37' title="bbox 150 2187 1686 2278">
    <p class='ocr_par' dir='ltr' id='par_1_37' title="bbox 150 2187 1686 2278">
     <span class='ocr_line' id='line_1_37' title="bbox 150 2187 1686 2278; baseline -0.001 -18"><span class='ocrx_word' id='word_1_262' title='bbox 150 2187 219 2260; x_wconf 68' lang='lat' dir='ltr'>tur</span> <span class='ocrx_word' id='word_1_263' title='bbox 238 2208 436 2277; x_wconf 89' lang='lat' dir='ltr'>signum</span> <span class='ocrx_word' id='word_1_264' title='bbox 466 2207 539 2261; x_wconf 89' lang='lat' dir='ltr'>ad</span> <span class='ocrx_word' id='word_1_265' title='bbox 576 2207 943 2277; x_wconf 88' lang='lat' dir='ltr'>primam,vel</span> <span class='ocrx_word' id='word_1_266' title='bbox 967 2206 1039 2260; x_wconf 91' lang='lat' dir='ltr'>ad</span> <span class='ocrx_word' id='word_1_267' title='bbox 1069 2207 1317 2265; x_wconf 88' lang='lat' dir='ltr'>tertiam.</span> <span class='ocrx_word' id='word_1_268' title='bbox 1351 2207 1399 2260; x_wconf 90' lang='lat' dir='ltr'>si</span> <span class='ocrx_word' id='word_1_269' title='bbox 1425 2187 1547 2278; x_wconf 77' lang='lat' dir='ltr'>ipsa</span> <span class='ocrx_word' id='word_1_270' title='bbox 1575 2212 1686 2260; x_wconf 88' lang='lat' dir='ltr'>ter-</span> 
     </span>
    </p>
   </div>
   <div class='ocr_carea' id='block_1_38' title="bbox 147 2284 1684 2367">
    <p class='ocr_par' dir='ltr' id='par_1_38' title="bbox 147 2284 1684 2367">
     <span class='ocr_line' id='line_1_38' title="bbox 147 2284 1684 2367; baseline 0.001 -19"><span class='ocrx_word' id='word_1_271' title='bbox 147 2294 204 2348; x_wconf 87' lang='lat' dir='ltr'>tia</span> <span class='ocrx_word' id='word_1_272' title='bbox 226 2304 337 2349; x_wconf 87' lang='lat' dir='ltr'>ante</span> <span class='ocrx_word' id='word_1_273' title='bbox 364 2296 669 2367; x_wconf 84' lang='lat' dir='ltr'>capitulum</span> <span class='ocrx_word' id='word_1_274' title='bbox 701 2294 811 2349; x_wconf 89' lang='lat' dir='ltr'>dici</span> <span class='ocrx_word' id='word_1_275' title='bbox 840 2295 1025 2350; x_wconf 90' lang='lat' dir='ltr'>debet.</span> <span class='ocrx_word' id='word_1_276' title='bbox 1060 2297 1122 2350; x_wconf 89' lang='lat' dir='ltr'>In</span> <span class='ocrx_word' id='word_1_277' title='bbox 1160 2295 1405 2367; x_wconf 89' lang='lat' dir='ltr'>capitulo</span> <span class='ocrx_word' id='word_1_278' title='bbox 1432 2284 1549 2349; x_wconf 85' lang='lat' dir='ltr'>non</span> <span class='ocrx_word' id='word_1_279' title='bbox 1587 2296 1684 2349; x_wconf 90' lang='lat' dir='ltr'>diu</span> 
     </span>
    </p>
   </div>
   <div class='ocr_carea' id='block_1_39' title="bbox 145 2383 1684 2456">
    <p class='ocr_par' dir='ltr' id='par_1_39' title="bbox 145 2383 1684 2456">
     <span class='ocr_line' id='line_1_39' title="bbox 145 2383 1684 2456; baseline 0.001 -19"><span class='ocrx_word' id='word_1_280' title='bbox 145 2383 344 2450; x_wconf 79' lang='lat' dir='ltr'>sedeant,</span> <span class='ocrx_word' id='word_1_281' title='bbox 377 2386 472 2439; x_wconf 91' lang='lat' dir='ltr'>sed</span> <span class='ocrx_word' id='word_1_282' title='bbox 503 2384 839 2438; x_wconf 88' lang='lat' dir='ltr'>necessariis</span> <span class='ocrx_word' id='word_1_283' title='bbox 876 2385 1045 2438; x_wconf 89' lang='lat' dir='ltr'>rebus</span> <span class='ocrx_word' id='word_1_284' title='bbox 1077 2385 1351 2456; x_wconf 85' lang='lat' dir='ltr'>explicitis</span> <span class='ocrx_word' id='word_1_285' title='bbox 1389 2390 1684 2455; x_wconf 82' lang='lat' dir='ltr'>surgentes</span> 
     </span>
    </p>
   </div>
   <div class='ocr_carea' id='block_1_40' title="bbox 142 2472 1685 2545">
    <p class='ocr_par' dir='ltr' id='par_1_40' title="bbox 142 2472 1685 2545">
     <span class='ocr_line' id='line_1_40' title="bbox 142 2472 1685 2545; baseline 0.001 -17"><span class='ocrx_word' id='word_1_286' title='bbox 142 2472 320 2543; x_wconf 79' lang='lat' dir='ltr'>pulsata</span> <span class='ocrx_word' id='word_1_287' title='bbox 343 2473 551 2537; x_wconf 86' lang='lat' dir='ltr'>tabula,</span> <span class='ocrx_word' id='word_1_288' title='bbox 580 2475 842 2545; x_wconf 88' lang='lat' dir='ltr'>dictoque</span> <span class='ocrx_word' id='word_1_289' title='bbox 865 2475 1162 2529; x_wconf 75' lang='lat' dir='ltr'>Benedz&#39;cz‘le</span> <span class='ocrx_word' id='word_1_290' title='bbox 1190 2481 1391 2529; x_wconf 85' lang='lat' dir='ltr'>exeant</span> <span class='ocrx_word' id='word_1_291' title='bbox 1414 2474 1471 2528; x_wconf 89' lang='lat' dir='ltr'>in</span> <span class='ocrx_word' id='word_1_292' title='bbox 1502 2474 1685 2529; x_wconf 89' lang='lat' dir='ltr'>claus-</span> 
     </span>
    </p>
   </div>
   <div class='ocr_carea' id='block_1_41' title="bbox 142 2562 1686 2633">
    <p class='ocr_par' dir='ltr' id='par_1_41' title="bbox 142 2562 1686 2633">
     <span class='ocr_line' id='line_1_41' title="bbox 142 2562 1686 2633; baseline 0.002 -19"><span class='ocrx_word' id='word_1_293' title='bbox 142 2566 274 2614; x_wconf 86' lang='lat' dir='ltr'>trum.</span> <span class='ocrx_word' id='word_1_294' title='bbox 295 2562 534 2618; x_wconf 83' lang='lat' dir='ltr'>Infantes</span> <span class='ocrx_word' id='word_1_295' title='bbox 562 2563 686 2633; x_wconf 89' lang='lat' dir='ltr'>ipsa</span> <span class='ocrx_word' id='word_1_296' title='bbox 715 2563 806 2617; x_wconf 91' lang='lat' dir='ltr'>die</span> <span class='ocrx_word' id='word_1_297' title='bbox 835 2563 1142 2633; x_wconf 88' lang='lat' dir='ltr'>capitulum</span> <span class='ocrx_word' id='word_1_298' title='bbox 1171 2580 1285 2617; x_wconf 92' lang='lat' dir='ltr'>non</span> <span class='ocrx_word' id='word_1_299' title='bbox 1313 2568 1562 2629; x_wconf 89' lang='lat' dir='ltr'>teneant,</span> <span class='ocrx_word' id='word_1_300' title='bbox 1587 2564 1686 2618; x_wconf 92' lang='lat' dir='ltr'>sed</span> 
     </span>
    </p>
   </div>
   <div class='ocr_carea' id='block_1_42' title="bbox 144 2650 1685 2724">
    <p class='ocr_par' dir='ltr' id='par_1_42' title="bbox 144 2650 1685 2724">
     <span class='ocr_line' id='line_1_42' title="bbox 144 2650 1685 2724; baseline 0.001 -20"><span class='ocrx_word' id='word_1_301' title='bbox 144 2650 294 2704; x_wconf 80' lang='lat' dir='ltr'>statim</span> <span class='ocrx_word' id='word_1_302' title='bbox 318 2658 435 2722; x_wconf 88' lang='lat' dir='ltr'>post</span> <span class='ocrx_word' id='word_1_303' title='bbox 460 2652 605 2705; x_wconf 90' lang='lat' dir='ltr'>alios</span> <span class='ocrx_word' id='word_1_304' title='bbox 635 2658 855 2715; x_wconf 86' lang='lat' dir='ltr'>exeant,</span> <span class='ocrx_word' id='word_1_305' title='bbox 891 2658 949 2705; x_wconf 90' lang='lat' dir='ltr'>et</span> <span class='ocrx_word' id='word_1_306' title='bbox 988 2652 1044 2706; x_wconf 93' lang='lat' dir='ltr'>in</span> <span class='ocrx_word' id='word_1_307' title='bbox 1073 2653 1321 2706; x_wconf 89' lang='lat' dir='ltr'>scholam</span> <span class='ocrx_word' id='word_1_308' title='bbox 1365 2669 1523 2706; x_wconf 91' lang='lat' dir='ltr'>suam</span> <span class='ocrx_word' id='word_1_309' title='bbox 1558 2669 1685 2724; x_wconf 89' lang='lat' dir='ltr'>per-</span> 
     </span>
    </p>
   </div>
   <div class='ocr_carea' id='block_1_43' title="bbox 144 2741 1688 2813">
    <p class='ocr_par' dir='ltr' id='par_1_43' title="bbox 144 2741 1688 2813">
     <span class='ocr_line' id='line_1_43' title="bbox 144 2741 1688 2813; baseline 0.002 -20"><span class='ocrx_word' id='word_1_310' title='bbox 144 2747 249 2810; x_wconf 85' lang='lat' dir='ltr'>gant</span> <span class='ocrx_word' id='word_1_311' title='bbox 268 2741 635 2796; x_wconf 84' lang='lat' dir='ltr'>residentibus</span> <span class='ocrx_word' id='word_1_312' title='bbox 679 2741 914 2808; x_wconf 90' lang='lat' dir='ltr'>cunctis,</span> <span class='ocrx_word' id='word_1_313' title='bbox 947 2748 1003 2795; x_wconf 90' lang='lat' dir='ltr'>et</span> <span class='ocrx_word' id='word_1_314' title='bbox 1032 2742 1101 2795; x_wconf 88' lang='lat' dir='ltr'>ad</span> <span class='ocrx_word' id='word_1_315' title='bbox 1136 2742 1446 2796; x_wconf 89' lang='lat' dir='ltr'>radendum</span> <span class='ocrx_word' id='word_1_316' title='bbox 1478 2742 1688 2813; x_wconf 87' lang='lat' dir='ltr'>paratis</span> 
     </span>
    </p>
   </div>
   <div class='ocr_carea' id='block_1_44' title="bbox 143 2827 1692 2901">
    <p class='ocr_par' dir='ltr' id='par_1_44' title="bbox 143 2827 1692 2901">
     <span class='ocr_line' id='line_1_44' title="bbox 143 2827 1692 2901; baseline 0.004 -22"><span class='ocrx_word' id='word_1_317' title='bbox 143 2827 329 2899; x_wconf 85' lang='lat' dir='ltr'>incipiat</span> <span class='ocrx_word' id='word_1_318' title='bbox 352 2828 545 2897; x_wconf 88' lang='lat' dir='ltr'>abbas,</span> <span class='ocrx_word' id='word_1_319' title='bbox 596 2836 697 2884; x_wconf 88' lang='lat' dir='ltr'>aut</span> <span class='ocrx_word' id='word_1_320' title='bbox 737 2830 905 2901; x_wconf 90' lang='lat' dir='ltr'>prior,</span> <span class='ocrx_word' id='word_1_321' title='bbox 934 2830 1181 2900; x_wconf 89' lang='lat' dir='ltr'>quinque</span> <span class='ocrx_word' id='word_1_322' title='bbox 1211 2831 1472 2900; x_wconf 88' lang='lat' dir='ltr'>psalmos,</span> <span class='ocrx_word' id='word_1_323' title='bbox 1511 2831 1566 2884; x_wconf 92' lang='lat' dir='ltr'>id</span> <span class='ocrx_word' id='word_1_324' title='bbox 1605 2837 1692 2885; x_wconf 88' lang='lat' dir='ltr'>est</span> 
     </span>
    </p>
   </div>
   <div class='ocr_carea' id='block_1_45' title="bbox 149 2918 1689 2992">
    <p class='ocr_par' dir='ltr' id='par_1_45' title="bbox 149 2918 1689 2992">
     <span class='ocr_line' id='line_1_45' title="bbox 149 2918 1689 2992; baseline 0.002 -23"><span class='ocrx_word' id='word_1_325' title='bbox 149 2918 273 2971; x_wconf 75' lang='lat' dir='ltr'>Verba</span> <span class='ocrx_word' id='word_1_326' title='bbox 297 2936 408 2973; x_wconf 80' lang='lat' dir='ltr'>mea</span> <span class='ocrx_word' id='word_1_327' title='bbox 434 2937 540 2992; x_wconf 89' lang='lat' dir='ltr'>pro</span> <span class='ocrx_word' id='word_1_328' title='bbox 572 2919 869 2973; x_wconf 89' lang='lat' dir='ltr'>defunctis.</span> <span class='ocrx_word' id='word_1_329' title='bbox 917 2919 1187 2973; x_wconf 87' lang='lat' dir='ltr'>Sacerdos</span> <span class='ocrx_word' id='word_1_330' title='bbox 1216 2918 1689 2973; x_wconf 89' lang='lat' dir='ltr'>hebdomadarius</span> 
     </span>
    </p>
   </div>
   <div class='ocr_carea' id='block_1_46' title="bbox 1763 1849 1985 1921">
    <p class='ocr_par' dir='ltr' id='par_1_46' title="bbox 1763 1849 1985 1921">
     <span class='ocr_line' id='line_1_46' title="bbox 1763 1849 1985 1921; baseline 0.014 -19"><span class='ocrx_word' id='word_1_331' title='bbox 1763 1849 1985 1921; x_wconf 89' lang='lat' dir='ltr'>prioris.</span> 
     </span>
    </p>
   </div>
   <div class='ocr_carea' id='block_1_47' title="bbox 2172 2029 2945 2098">
    <p class='ocr_par' dir='ltr' id='par_1_47' title="bbox 2172 2029 2945 2098">
     <span class='ocr_line' id='line_1_47' title="bbox 2172 2029 2945 2098; baseline 0.01 -16"><span class='ocrx_word' id='word_1_332' title='bbox 2172 2029 2245 2083; x_wconf 88' lang='lat' dir='ltr'>De</span> <span class='ocrx_word' id='word_1_333' title='bbox 2271 2033 2568 2098; x_wconf 75' lang='lat' dir='ltr'>sanguinis</span> <span class='ocrx_word' id='word_1_334' title='bbox 2596 2035 2945 2092; x_wconf 72' lang='lat' dir='ltr'>minutione.</span> 
     </span>
    </p>
   </div>
   <div class='ocr_carea' id='block_1_48' title="bbox 1837 2116 3365 2198">
    <p class='ocr_par' dir='ltr' id='par_1_48' title="bbox 1837 2116 3365 2198">
     <span class='ocr_line' id='line_1_48' title="bbox 1837 2116 3365 2198; baseline 0.007 -27"><span class='ocrx_word' id='word_1_335' title='bbox 1837 2116 2091 2171; x_wconf 89' lang='lat' dir='ltr'>Licentia</span> <span class='ocrx_word' id='word_1_336' title='bbox 2138 2116 2432 2172; x_wconf 89' lang='lat' dir='ltr'>minuendi</span> <span class='ocrx_word' id='word_1_337' title='bbox 2490 2121 2826 2191; x_wconf 86' lang='lat' dir='ltr'>sanguinem</span> <span class='ocrx_word' id='word_1_338' title='bbox 2890 2125 3043 2180; x_wconf 91' lang='lat' dir='ltr'>omni</span> <span class='ocrx_word' id='word_1_339' title='bbox 3109 2130 3365 2198; x_wconf 88' lang='lat' dir='ltr'>tempore</span> 
     </span>
    </p>
   </div>
   <div class='ocr_carea' id='block_1_49' title="bbox 1767 2202 3382 2276">
    <p class='ocr_par' dir='ltr' id='par_1_49' title="bbox 1767 2202 3382 2276">
     <span class='ocr_line' id='line_1_49' title="bbox 1767 2202 3382 2276; baseline 0.009 -20"><span class='ocrx_word' id='word_1_340' title='bbox 1767 2202 1956 2257; x_wconf 87' lang='lat' dir='ltr'>statim</span> <span class='ocrx_word' id='word_1_341' title='bbox 1988 2209 2116 2274; x_wconf 92' lang='lat' dir='ltr'>post</span> <span class='ocrx_word' id='word_1_342' title='bbox 2140 2204 2450 2275; x_wconf 88' lang='lat' dir='ltr'>capitulum</span> <span class='ocrx_word' id='word_1_343' title='bbox 2479 2207 2723 2276; x_wconf 88' lang='lat' dir='ltr'>petenda</span> <span class='ocrx_word' id='word_1_344' title='bbox 2749 2214 2852 2275; x_wconf 92' lang='lat' dir='ltr'>est,</span> <span class='ocrx_word' id='word_1_345' title='bbox 2874 2214 2933 2264; x_wconf 92' lang='lat' dir='ltr'>et</span> <span class='ocrx_word' id='word_1_346' title='bbox 2961 2212 3254 2268; x_wconf 88' lang='lat' dir='ltr'>cellerario</span> <span class='ocrx_word' id='word_1_347' title='bbox 3283 2206 3382 2269; x_wconf 22' lang='lat' dir='ltr'>in-l</span> 
     </span>
    </p>
   </div>
   <div class='ocr_carea' id='block_1_50' title="bbox 1767 2292 3368 2374">
    <p class='ocr_par' dir='ltr' id='par_1_50' title="bbox 1767 2292 3368 2374">
     <span class='ocr_line' id='line_1_50' title="bbox 1767 2292 3368 2374; baseline 0.007 -29"><span class='ocrx_word' id='word_1_348' title='bbox 1767 2292 2006 2347; x_wconf 89' lang='lat' dir='ltr'>dicanda</span> <span class='ocrx_word' id='word_1_349' title='bbox 2027 2294 2167 2347; x_wconf 91' lang='lat' dir='ltr'>hora</span> <span class='ocrx_word' id='word_1_350' title='bbox 2196 2294 2486 2349; x_wconf 88' lang='lat' dir='ltr'>minuendi</span> <span class='ocrx_word' id='word_1_351' title='bbox 2507 2301 2625 2365; x_wconf 88' lang='lat' dir='ltr'>est;</span> <span class='ocrx_word' id='word_1_352' title='bbox 2659 2297 2717 2351; x_wconf 92' lang='lat' dir='ltr'>in</span> <span class='ocrx_word' id='word_1_353' title='bbox 2739 2297 2943 2367; x_wconf 91' lang='lat' dir='ltr'>hieme,</span> <span class='ocrx_word' id='word_1_354' title='bbox 2977 2307 3105 2372; x_wconf 88' lang='lat' dir='ltr'>post</span> <span class='ocrx_word' id='word_1_355' title='bbox 3133 2319 3368 2374; x_wconf 84' lang='lat' dir='ltr'>evange-</span> 
     </span>
    </p>
   </div>
   <div class='ocr_carea' id='block_1_51' title="bbox 1766 2381 3367 2459">
    <p class='ocr_par' dir='ltr' id='par_1_51' title="bbox 1766 2381 3367 2459">
     <span class='ocr_line' id='line_1_51' title="bbox 1766 2381 3367 2459; baseline 0.009 -25"><span class='ocrx_word' id='word_1_356' title='bbox 1766 2381 1904 2435; x_wconf 90' lang='lat' dir='ltr'>lium</span> <span class='ocrx_word' id='word_1_357' title='bbox 1942 2382 2171 2446; x_wconf 86' lang='lat' dir='ltr'>maioris</span> <span class='ocrx_word' id='word_1_358' title='bbox 2200 2383 2413 2451; x_wconf 81' lang='lat' dir='ltr'>missae;</span> <span class='ocrx_word' id='word_1_359' title='bbox 2458 2384 2518 2439; x_wconf 92' lang='lat' dir='ltr'>in</span> <span class='ocrx_word' id='word_1_360' title='bbox 2556 2390 2771 2454; x_wconf 82' lang='lat' dir='ltr'>aestate,</span> <span class='ocrx_word' id='word_1_361' title='bbox 2806 2394 2932 2459; x_wconf 91' lang='lat' dir='ltr'>post</span> <span class='ocrx_word' id='word_1_362' title='bbox 2975 2405 3185 2446; x_wconf 90' lang='lat' dir='ltr'>nonam</span> <span class='ocrx_word' id='word_1_363' title='bbox 3234 2396 3367 2447; x_wconf 89' lang='lat' dir='ltr'>ante</span> 
     </span>
    </p>
   </div>
   <div class='ocr_carea' id='block_1_52' title="bbox 1766 2471 3369 2549">
    <p class='ocr_par' dir='ltr' id='par_1_52' title="bbox 1766 2471 3369 2549">
     <span class='ocr_line' id='line_1_52' title="bbox 1766 2471 3369 2549; baseline 0.009 -26"><span class='ocrx_word' id='word_1_364' title='bbox 1766 2487 2058 2541; x_wconf 89' lang='lat' dir='ltr'>vesperas;</span> <span class='ocrx_word' id='word_1_365' title='bbox 2111 2471 2171 2524; x_wconf 90' lang='lat' dir='ltr'>in</span> <span class='ocrx_word' id='word_1_366' title='bbox 2219 2471 2662 2544; x_wconf 84' lang='lat' dir='ltr'>Quadragesima</span> <span class='ocrx_word' id='word_1_367' title='bbox 2690 2481 2817 2547; x_wconf 91' lang='lat' dir='ltr'>post</span> <span class='ocrx_word' id='word_1_368' title='bbox 2838 2494 3118 2549; x_wconf 89' lang='lat' dir='ltr'>vesperas.</span> <span class='ocrx_word' id='word_1_369' title='bbox 3153 2481 3296 2536; x_wconf 90' lang='lat' dir='ltr'>Cum</span> <span class='ocrx_word' id='word_1_370' title='bbox 3326 2480 3369 2536; x_wconf 92' lang='lat' dir='ltr'>ii</span> 
     </span>
    </p>
   </div>
   <div class='ocr_carea' id='block_1_53' title="bbox 1769 2557 3370 2630">
    <p class='ocr_par' dir='ltr' id='par_1_53' title="bbox 1769 2557 3370 2630">
     <span class='ocr_line' id='line_1_53' title="bbox 1769 2557 3370 2630; baseline 0.01 -19"><span class='ocrx_word' id='word_1_371' title='bbox 1769 2560 1866 2630; x_wconf 89' lang='lat' dir='ltr'>qui</span> <span class='ocrx_word' id='word_1_372' title='bbox 1916 2557 2206 2613; x_wconf 89' lang='lat' dir='ltr'>minuendi</span> <span class='ocrx_word' id='word_1_373' title='bbox 2255 2567 2388 2615; x_wconf 92' lang='lat' dir='ltr'>sunt</span> <span class='ocrx_word' id='word_1_374' title='bbox 2415 2562 2646 2617; x_wconf 88' lang='lat' dir='ltr'>calceati</span> <span class='ocrx_word' id='word_1_375' title='bbox 2697 2567 3121 2624; x_wconf 91' lang='lat' dir='ltr'>nocturnalibus</span> <span class='ocrx_word' id='word_1_376' title='bbox 3148 2571 3265 2625; x_wconf 87' lang='lat' dir='ltr'>suis</span> <span class='ocrx_word' id='word_1_377' title='bbox 3296 2572 3370 2628; x_wconf 92' lang='lat' dir='ltr'>ad</span> 
     </span>
    </p>
   </div>
   <div class='ocr_carea' id='block_1_54' title="bbox 1768 2648 3369 2726">
    <p class='ocr_par' dir='ltr' id='par_1_54' title="bbox 1768 2648 3369 2726">
     <span class='ocr_line' id='line_1_54' title="bbox 1768 2648 3369 2726; baseline 0.009 -25"><span class='ocrx_word' id='word_1_378' title='bbox 1768 2648 1951 2702; x_wconf 93' lang='lat' dir='ltr'>locum</span> <span class='ocrx_word' id='word_1_379' title='bbox 1978 2648 2073 2719; x_wconf 92' lang='lat' dir='ltr'>qui</span> <span class='ocrx_word' id='word_1_380' title='bbox 2094 2649 2224 2705; x_wconf 89' lang='lat' dir='ltr'>huic</span> <span class='ocrx_word' id='word_1_381' title='bbox 2260 2651 2415 2721; x_wconf 90' lang='lat' dir='ltr'>operi</span> <span class='ocrx_word' id='word_1_382' title='bbox 2445 2651 2749 2723; x_wconf 88' lang='lat' dir='ltr'>deputatus</span> <span class='ocrx_word' id='word_1_383' title='bbox 2789 2661 2876 2710; x_wconf 91' lang='lat' dir='ltr'>est</span> <span class='ocrx_word' id='word_1_384' title='bbox 2915 2659 3189 2726; x_wconf 89' lang='lat' dir='ltr'>venerint,</span> <span class='ocrx_word' id='word_1_385' title='bbox 3223 2660 3369 2715; x_wconf 86' lang='lat' dir='ltr'>versi</span> 
     </span>
    </p>
   </div>
   <div class='ocr_carea' id='block_1_55' title="bbox 1770 2727 3365 2819">
    <p class='ocr_par' dir='ltr' id='par_1_55' title="bbox 1770 2727 3365 2819">
     <span class='ocr_line' id='line_1_55' title="bbox 1770 2727 3365 2819; baseline 0.009 -30"><span class='ocrx_word' id='word_1_386' title='bbox 1770 2737 1839 2791; x_wconf 86' lang='lat' dir='ltr'>ad</span> <span class='ocrx_word' id='word_1_387' title='bbox 1870 2727 2145 2792; x_wconf 78' lang='lat' dir='ltr'>orientem</span> <span class='ocrx_word' id='word_1_388' title='bbox 2175 2744 2307 2793; x_wconf 89' lang='lat' dir='ltr'>ante</span> <span class='ocrx_word' id='word_1_389' title='bbox 2335 2744 2393 2793; x_wconf 91' lang='lat' dir='ltr'>et</span> <span class='ocrx_word' id='word_1_390' title='bbox 2417 2746 2568 2795; x_wconf 89' lang='lat' dir='ltr'>retro</span> <span class='ocrx_word' id='word_1_391' title='bbox 2594 2742 2885 2812; x_wconf 90' lang='lat' dir='ltr'>inclinent,</span> <span class='ocrx_word' id='word_1_392' title='bbox 2935 2747 3138 2802; x_wconf 92' lang='lat' dir='ltr'>deinde</span> <span class='ocrx_word' id='word_1_393' title='bbox 3176 2749 3365 2819; x_wconf 89' lang='lat' dir='ltr'>priore</span> 
     </span>
    </p>
   </div>
   <div class='ocr_carea' id='block_1_56' title="bbox 1772 2826 3368 2903">
    <p class='ocr_par' dir='ltr' id='par_1_56' title="bbox 1772 2826 3368 2903">
     <span class='ocr_line' id='line_1_56' title="bbox 1772 2826 3368 2903; baseline 0.007 -22"><span class='ocrx_word' id='word_1_394' title='bbox 1772 2843 1969 2881; x_wconf 89' lang='lat' dir='ltr'>eorum</span> <span class='ocrx_word' id='word_1_395' title='bbox 1987 2826 2289 2898; x_wconf 90' lang='lat' dir='ltr'>incipiente</span> <span class='ocrx_word' id='word_1_396' title='bbox 2305 2845 2527 2883; x_wconf 90' lang='lat' dir='ltr'>versum</span> <span class='ocrx_word' id='word_1_397' title='bbox 2550 2833 2711 2899; x_wconf 83' lang='lat' dir='ltr'>Deus,</span> <span class='ocrx_word' id='word_1_398' title='bbox 2734 2835 2797 2887; x_wconf 73' lang='lat' dir='ltr'>in</span> <span class='ocrx_word' id='word_1_399' title='bbox 2813 2835 3162 2903; x_wconf 76' lang='lat' dir='ltr'>adjutorium</span> <span class='ocrx_word' id='word_1_400' title='bbox 3178 2853 3368 2892; x_wconf 85' lang='lat' dir='ltr'>meum</span> 
     </span>
    </p>
   </div>
   <div class='ocr_carea' id='block_1_57' title="bbox 1772 2916 3363 2997">
    <p class='ocr_par' dir='ltr' id='par_1_57' title="bbox 1772 2916 3363 2997">
     <span class='ocr_line' id='line_1_57' title="bbox 1772 2916 3363 2997; baseline 0.008 -29"><span class='ocrx_word' id='word_1_401' title='bbox 1772 2918 2014 2981; x_wconf 73' lang='lat' dir='ltr'>intende,</span> <span class='ocrx_word' id='word_1_402' title='bbox 2060 2921 2149 2969; x_wconf 91' lang='lat' dir='ltr'>ter</span> <span class='ocrx_word' id='word_1_403' title='bbox 2185 2916 2391 2983; x_wconf 90' lang='lat' dir='ltr'>dicant,</span> <span class='ocrx_word' id='word_1_404' title='bbox 2422 2922 2471 2971; x_wconf 84' lang='lat' dir='ltr'>et</span> <span class='ocrx_word' id='word_1_405' title='bbox 2498 2924 2707 2987; x_wconf 57' lang='lat' dir='ltr'>cetera,</span> <span class='ocrx_word' id='word_1_406' title='bbox 2742 2920 2888 2975; x_wconf 87' lang='lat' dir='ltr'>sicut</span> <span class='ocrx_word' id='word_1_407' title='bbox 2921 2921 2980 2976; x_wconf 92' lang='lat' dir='ltr'>in</span> <span class='ocrx_word' id='word_1_408' title='bbox 3010 2929 3205 2979; x_wconf 71' lang='lat' dir='ltr'>aestate</span> <span class='ocrx_word' id='word_1_409' title='bbox 3234 2931 3363 2997; x_wconf 90' lang='lat' dir='ltr'>post</span> 
     </span>
    </p>
   </div>
   <div class='ocr_carea' id='block_1_58' title="bbox 143 3005 3371 3085">
    <p class='ocr_par' dir='ltr' id='par_1_58' title="bbox 143 3005 3371 3085">
     <span class='ocr_line' id='line_1_58' title="bbox 143 3005 3371 3085; baseline 0.004 -27"><span class='ocrx_word' id='word_1_410' title='bbox 143 3005 299 3061; x_wconf 85' lang='lat' dir='ltr'>sedens</span> <span class='ocrx_word' id='word_1_411' title='bbox 340 3009 486 3063; x_wconf 87' lang='lat' dir='ltr'>dicat</span> <span class='ocrx_word' id='word_1_412' title='bbox 523 3008 826 3075; x_wconf 87' lang='lat' dir='ltr'>collectas;</span> <span class='ocrx_word' id='word_1_413' title='bbox 874 3007 1019 3062; x_wconf 88' lang='lat' dir='ltr'>alter</span> <span class='ocrx_word' id='word_1_414' title='bbox 1048 3024 1270 3078; x_wconf 79' lang='lat' dir='ltr'>quoque</span> <span class='ocrx_word' id='word_1_415' title='bbox 1314 3007 1977 3085; x_wconf 36' lang='lat' dir='ltr'>hebdomada-gnonam</span> <span class='ocrx_word' id='word_1_416' title='bbox 2039 3005 2103 3059; x_wconf 88' lang='lat' dir='ltr'>in’</span> <span class='ocrx_word' id='word_1_417' title='bbox 2153 3006 2417 3078; x_wconf 89' lang='lat' dir='ltr'>capitulo,</span> <span class='ocrx_word' id='word_1_418' title='bbox 2462 3008 2687 3078; x_wconf 90' lang='lat' dir='ltr'>quando</span> <span class='ocrx_word' id='word_1_419' title='bbox 2730 3009 2930 3065; x_wconf 86' lang='lat' dir='ltr'>fratres</span> <span class='ocrx_word' id='word_1_420' title='bbox 2955 3012 3264 3085; x_wconf 90' lang='lat' dir='ltr'>loquuntur</span> <span class='ocrx_word' id='word_1_421' title='bbox 3309 3016 3371 3071; x_wconf 90' lang='lat' dir='ltr'>in</span> 
     </span>
    </p>
   </div>
   <div class='ocr_carea' id='block_1_59' title="bbox 138 3068 3362 3167">
    <p class='ocr_par' dir='ltr' id='par_1_59' title="bbox 138 3068 3362 3167">
     <span class='ocr_line' id='line_1_59' title="bbox 138 3068 3362 3167; baseline 0.004 -20"><span class='ocrx_word' id='word_1_422' title='bbox 138 3093 227 3149; x_wconf 81' lang='lat' dir='ltr'>rius</span> <span class='ocrx_word' id='word_1_423' title='bbox 244 3097 392 3166; x_wconf 78' lang='lat' dir='ltr'>juxta</span> <span class='ocrx_word' id='word_1_424' title='bbox 426 3115 565 3153; x_wconf 88' lang='lat' dir='ltr'>eum</span> <span class='ocrx_word' id='word_1_425' title='bbox 595 3068 823 3162; x_wconf 55' lang='lat' dir='ltr'>sedeat,</span> <span class='ocrx_word' id='word_1_426' title='bbox 843 3103 899 3151; x_wconf 91' lang='lat' dir='ltr'>et</span> <span class='ocrx_word' id='word_1_427' title='bbox 929 3068 1153 3151; x_wconf 37' lang='lat' dir='ltr'>cum-eo</span> <span class='ocrx_word' id='word_1_428' title='bbox 1177 3068 1421 3167; x_wconf 76' lang='lat' dir='ltr'>psalmos</span> <span class='ocrx_word' id='word_1_429' title='bbox 1449 3102 1643 3151; x_wconf 87' lang='lat' dir='ltr'>teneat</span> <span class='ocrx_word' id='word_1_430' title='bbox 1669 3115 1682 3165; x_wconf 89' lang='lat'><strong>;</strong></span> <span class='ocrx_word' id='word_1_431' title='bbox 1709 3068 1752 3128; x_wconf 69' lang='grc' dir='ltr'>Ο</span> <span class='ocrx_word' id='word_1_432' title='bbox 1773 3095 2036 3149; x_wconf 90' lang='lat' dir='ltr'>claustro.</span> <span class='ocrx_word' id='word_1_433' title='bbox 2072 3094 2130 3149; x_wconf 91' lang='lat' dir='ltr'>Si</span> <span class='ocrx_word' id='word_1_434' title='bbox 2168 3068 2314 3149; x_wconf 75' lang='lat' dir='ltr'>unus</span> <span class='ocrx_word' id='word_1_435' title='bbox 2360 3068 2583 3151; x_wconf 65' lang='lat' dir='ltr'>tantum</span> <span class='ocrx_word' id='word_1_436' title='bbox 2626 3097 2817 3167; x_wconf 88' lang='lat' dir='ltr'>fuerit,</span> <span class='ocrx_word' id='word_1_437' title='bbox 2851 3100 3004 3156; x_wconf 89' lang='lat' dir='ltr'>solus</span> <span class='ocrx_word' id='word_1_438' title='bbox 3026 3068 3137 3158; x_wconf 68' lang='lat' dir='ltr'>hoc</span> 
     </span>
    </p>
   </div>
   <div class='ocr_carea' id='block_1_60' title="bbox 139 3186 1689 3258">
    <p class='ocr_par' dir='ltr' id='par_1_60' title="bbox 139 3186 1689 3258">
     <span class='ocr_line' id='line_1_60' title="bbox 139 3186 1689 3258; baseline 0.001 -20"><span class='ocrx_word' id='word_1_439' title='bbox 139 3191 235 3251; x_wconf 80' lang='lat' dir='ltr'>post</span> <span class='ocrx_word' id='word_1_440' title='bbox 257 3186 487 3258; x_wconf 87' lang='lat' dir='ltr'>quinque</span> <span class='ocrx_word' id='word_1_441' title='bbox 520 3188 773 3258; x_wconf 90' lang='lat' dir='ltr'>psalmos</span> <span class='ocrx_word' id='word_1_442' title='bbox 802 3186 995 3240; x_wconf 89' lang='lat' dir='ltr'>dicant</span> <span class='ocrx_word' id='word_1_443' title='bbox 1034 3202 1231 3240; x_wconf 91' lang='lat' dir='ltr'>omnes</span> <span class='ocrx_word' id='word_1_444' title='bbox 1273 3187 1569 3241; x_wconf 89' lang='lat' dir='ltr'>canonicas</span> <span class='ocrx_word' id='word_1_445' title='bbox 1592 3186 1689 3240; x_wconf 90' lang='lat' dir='ltr'>ho-</span> 
     </span>
    </p>
   </div>
   <div class='ocr_carea' id='block_1_61' title="bbox 138 3275 1690 3350">
    <p class='ocr_par' dir='ltr' id='par_1_61' title="bbox 138 3275 1690 3350">
     <span class='ocr_line' id='line_1_61' title="bbox 138 3275 1690 3350; baseline 0.001 -23"><span class='ocrx_word' id='word_1_446' title='bbox 138 3287 219 3338; x_wconf 79' lang='lat' dir='ltr'>ras,</span> <span class='ocrx_word' id='word_1_447' title='bbox 260 3275 313 3329; x_wconf 89' lang='lat' dir='ltr'>in</span> <span class='ocrx_word' id='word_1_448' title='bbox 348 3293 592 3350; x_wconf 84' lang='lat' dir='ltr'>quarum</span> <span class='ocrx_word' id='word_1_449' title='bbox 625 3277 736 3330; x_wconf 87' lang='lat' dir='ltr'>ﬁne</span> <span class='ocrx_word' id='word_1_450' title='bbox 768 3291 947 3347; x_wconf 91' lang='lat' dir='ltr'>usque</span> <span class='ocrx_word' id='word_1_451' title='bbox 977 3275 1048 3330; x_wconf 89' lang='lat' dir='ltr'>ad</span> <span class='ocrx_word' id='word_1_452' title='bbox 1076 3292 1337 3346; x_wconf 75' lang='lat' dir='ltr'>vesperae</span> <span class='ocrx_word' id='word_1_453' title='bbox 1386 3292 1498 3330; x_wconf 93' lang='lat' dir='ltr'>non</span> <span class='ocrx_word' id='word_1_454' title='bbox 1539 3275 1690 3329; x_wconf 90' lang='lat' dir='ltr'>dicat</span> 
     </span>
    </p>
   </div>
   <div class='ocr_carea' id='block_1_62' title="bbox 142 3364 1689 3433">
    <p class='ocr_par' dir='ltr' id='par_1_62' title="bbox 142 3364 1689 3433">
     <span class='ocr_line' id='line_1_62' title="bbox 142 3364 1689 3433; baseline 0.003 -19"><span class='ocrx_word' id='word_1_455' title='bbox 142 3364 353 3419; x_wconf 83' lang='lat' dir='ltr'>sacerdos</span> <span class='ocrx_word' id='word_1_456' title='bbox 377 3367 655 3420; x_wconf 80' lang='lat' dir='ltr'>Dominus</span> <span class='ocrx_word' id='word_1_457' title='bbox 684 3367 998 3433; x_wconf 74' lang='lat' dir='ltr'>vobiscum,-</span> <span class='ocrx_word' id='word_1_458' title='bbox 1029 3381 1131 3420; x_wconf 90' lang='lat' dir='ltr'>nec</span> <span class='ocrx_word' id='word_1_459' title='bbox 1173 3367 1560 3419; x_wconf 83' lang='lat' dir='ltr'>Benedicamus</span> <span class='ocrx_word' id='word_1_460' title='bbox 1590 3366 1689 3419; x_wconf 92' lang='lat' dir='ltr'>Do-</span> 
     </span>
    </p>
   </div>
   <div class='ocr_carea' id='block_1_63' title="bbox 141 3453 1686 3526">
    <p class='ocr_par' dir='ltr' id='par_1_63' title="bbox 141 3453 1686 3526">
     <span class='ocr_line' id='line_1_63' title="bbox 141 3453 1686 3526; baseline 0.003 -23"><span class='ocrx_word' id='word_1_461' title='bbox 141 3454 272 3517; x_wconf 78' lang='lat' dir='ltr'>mino,</span> <span class='ocrx_word' id='word_1_462' title='bbox 292 3455 381 3508; x_wconf 87' lang='lat' dir='ltr'>sed</span> <span class='ocrx_word' id='word_1_463' title='bbox 413 3460 547 3526; x_wconf 87' lang='lat' dir='ltr'>post</span> <span class='ocrx_word' id='word_1_464' title='bbox 577 3456 678 3508; x_wconf 89' lang='lat' dir='ltr'>Per</span> <span class='ocrx_word' id='word_1_465' title='bbox 707 3456 898 3508; x_wconf 77' lang='lat' dir='ltr'>omnia</span> <span class='ocrx_word' id='word_1_466' title='bbox 926 3457 1124 3508; x_wconf 68' lang='lat' dir='ltr'>saecula</span> <span class='ocrx_word' id='word_1_467' title='bbox 1143 3453 1686 3519; x_wconf 63' lang='lat' dir='ltr'>smeulorum,statim</span> 
     </span>
    </p>
   </div>
   <div class='ocr_carea' id='block_1_64' title="bbox 140 3537 1689 3614">
    <p class='ocr_par' dir='ltr' id='par_1_64' title="bbox 140 3537 1689 3614">
     <span class='ocr_line' id='line_1_64' title="bbox 140 3537 1689 3614; baseline 0.003 -22"><span class='ocrx_word' id='word_1_468' title='bbox 140 3537 321 3611; x_wconf 84' lang='lat' dir='ltr'>incipiat</span> <span class='ocrx_word' id='word_1_469' title='bbox 340 3546 703 3612; x_wconf 74' lang='lat' dir='ltr'>Adjutorium</span> <span class='ocrx_word' id='word_1_470' title='bbox 736 3556 939 3604; x_wconf 82' lang='lat' dir='ltr'>meum;</span> <span class='ocrx_word' id='word_1_471' title='bbox 959 3549 1086 3614; x_wconf 90' lang='lat' dir='ltr'>post</span> <span class='ocrx_word' id='word_1_472' title='bbox 1101 3560 1362 3614; x_wconf 76' lang='lat' dir='ltr'>vesperae</span> <span class='ocrx_word' id='word_1_473' title='bbox 1387 3560 1517 3597; x_wconf 88' lang='lat' dir='ltr'>vero</span> <span class='ocrx_word' id='word_1_474' title='bbox 1542 3543 1689 3597; x_wconf 90' lang='lat' dir='ltr'>dicto</span> 
     </span>
    </p>
   </div>
   <div class='ocr_carea' id='block_1_65' title="bbox 138 3627 1689 3703">
    <p class='ocr_par' dir='ltr' id='par_1_65' title="bbox 138 3627 1689 3703">
     <span class='ocr_line' id='line_1_65' title="bbox 138 3627 1689 3703; baseline 0.004 -23"><span class='ocrx_word' id='word_1_475' title='bbox 138 3627 475 3686; x_wconf 73' lang='lat' dir='ltr'>Benedicamus</span> <span class='ocrx_word' id='word_1_476' title='bbox 510 3634 770 3692; x_wconf 77' lang='lat' dir='ltr'>Domino.</span> <span class='ocrx_word' id='word_1_477' title='bbox 797 3632 1115 3703; x_wconf 88' lang='lat' dir='ltr'>psallantur</span> <span class='ocrx_word' id='word_1_478' title='bbox 1147 3649 1389 3703; x_wconf 68' lang='lat' dir='ltr'>vesperae</span> <span class='ocrx_word' id='word_1_479' title='bbox 1442 3637 1689 3699; x_wconf 87' lang='lat' dir='ltr'>mortuo-</span> 
     </span>
    </p>
   </div>
   <div class='ocr_carea' id='block_1_66' title="bbox 138 3720 1690 3793">
    <p class='ocr_par' dir='ltr' id='par_1_66' title="bbox 138 3720 1690 3793">
     <span class='ocr_line' id='line_1_66' title="bbox 138 3720 1690 3793; baseline 0.005 -24"><span class='ocrx_word' id='word_1_480' title='bbox 138 3732 249 3783; x_wconf 85' lang='lat' dir='ltr'>rum,</span> <span class='ocrx_word' id='word_1_481' title='bbox 272 3720 463 3775; x_wconf 88' lang='lat' dir='ltr'>dehinc</span> <span class='ocrx_word' id='word_1_482' title='bbox 496 3720 933 3791; x_wconf 89' lang='lat' dir='ltr'>completorium</span> <span class='ocrx_word' id='word_1_483' title='bbox 965 3728 1031 3775; x_wconf 91' lang='lat' dir='ltr'>ut</span> <span class='ocrx_word' id='word_1_484' title='bbox 1060 3721 1340 3790; x_wconf 86' lang='lat' dir='ltr'>canonici;</span> <span class='ocrx_word' id='word_1_485' title='bbox 1374 3727 1574 3793; x_wconf 86' lang='lat' dir='ltr'>postea</span> <span class='ocrx_word' id='word_1_486' title='bbox 1613 3722 1690 3776; x_wconf 88' lang='lat' dir='ltr'>fa-</span> 
     </span>
    </p>
   </div>
   <div class='ocr_carea' id='block_1_67' title="bbox 138 3805 878 3881">
    <p class='ocr_par' dir='ltr' id='par_1_67' title="bbox 138 3805 878 3881">
     <span class='ocr_line' id='line_1_67' title="bbox 138 3805 878 3881; baseline 0.004 -21"><span class='ocrx_word' id='word_1_487' title='bbox 138 3805 335 3863; x_wconf 85' lang='lat' dir='ltr'>miliares</span> <span class='ocrx_word' id='word_1_488' title='bbox 358 3810 567 3881; x_wconf 85' lang='lat' dir='ltr'>psalmi</span> <span class='ocrx_word' id='word_1_489' title='bbox 594 3810 878 3864; x_wconf 87' lang='lat' dir='ltr'>horarum.</span> 
     </span>
    </p>
   </div>
   <div class='ocr_carea' id='block_1_68' title="bbox 186 3896 1692 3971">
    <p class='ocr_par' dir='ltr' id='par_1_68' title="bbox 186 3896 1692 3971">
     <span class='ocr_line' id='line_1_68' title="bbox 186 3896 1692 3971; baseline 0.002 -21"><span class='ocrx_word' id='word_1_490' title='bbox 186 3896 356 3953; x_wconf 82' lang='lat' dir='ltr'>Nullus</span> <span class='ocrx_word' id='word_1_491' title='bbox 382 3901 441 3954; x_wconf 91' lang='lat' dir='ltr'>in</span> <span class='ocrx_word' id='word_1_492' title='bbox 466 3900 696 3955; x_wconf 89' lang='lat' dir='ltr'>cuculla</span> <span class='ocrx_word' id='word_1_493' title='bbox 723 3900 974 3962; x_wconf 86' lang='lat' dir='ltr'>radatur,</span> <span class='ocrx_word' id='word_1_494' title='bbox 1003 3899 1100 3953; x_wconf 91' lang='lat' dir='ltr'>sed</span> <span class='ocrx_word' id='word_1_495' title='bbox 1137 3900 1293 3971; x_wconf 90' lang='lat' dir='ltr'>prius</span> <span class='ocrx_word' id='word_1_496' title='bbox 1322 3900 1539 3955; x_wconf 88' lang='lat' dir='ltr'>cuculla</span> <span class='ocrx_word' id='word_1_497' title='bbox 1564 3916 1692 3954; x_wconf 90' lang='lat' dir='ltr'>exu-</span> 
     </span>
    </p>
   </div>
   <div class='ocr_carea' id='block_1_69' title="bbox 137 3987 1690 4060">
    <p class='ocr_par' dir='ltr' id='par_1_69' title="bbox 137 3987 1690 4060">
     <span class='ocr_line' id='line_1_69' title="bbox 137 3987 1690 4060; baseline 0.002 -20"><span class='ocrx_word' id='word_1_498' title='bbox 137 3987 219 4051; x_wconf 72' lang='lat' dir='ltr'>tus,</span> <span class='ocrx_word' id='word_1_499' title='bbox 250 3992 299 4041; x_wconf 87' lang='lat' dir='ltr'>et</span> <span class='ocrx_word' id='word_1_500' title='bbox 334 3989 518 4044; x_wconf 90' lang='lat' dir='ltr'>frocco</span> <span class='ocrx_word' id='word_1_501' title='bbox 571 3989 826 4054; x_wconf 90' lang='lat' dir='ltr'>indutus,</span> <span class='ocrx_word' id='word_1_502' title='bbox 873 3989 1093 4043; x_wconf 88' lang='lat' dir='ltr'>cuculla</span> <span class='ocrx_word' id='word_1_503' title='bbox 1122 3989 1327 4060; x_wconf 80' lang='lat' dir='ltr'>plicata</span> <span class='ocrx_word' id='word_1_504' title='bbox 1356 3995 1412 4043; x_wconf 91' lang='lat' dir='ltr'>et</span> <span class='ocrx_word' id='word_1_505' title='bbox 1434 3990 1595 4059; x_wconf 82' lang='lat' dir='ltr'>juxta</span> <span class='ocrx_word' id='word_1_506' title='bbox 1631 4006 1690 4043; x_wconf 89' lang='lat' dir='ltr'>se</span> 
     </span>
    </p>
   </div>
   <div class='ocr_carea' id='block_1_70' title="bbox 134 4075 1557 4148">
    <p class='ocr_par' dir='ltr' id='par_1_70' title="bbox 134 4075 1557 4148">
     <span class='ocr_line' id='line_1_70' title="bbox 134 4075 1557 4148; baseline 0.003 -20"><span class='ocrx_word' id='word_1_507' title='bbox 134 4075 279 4142; x_wconf 81' lang='lat' dir='ltr'>posita</span> <span class='ocrx_word' id='word_1_508' title='bbox 302 4079 551 4133; x_wconf 87' lang='lat' dir='ltr'>radatur.</span> <span class='ocrx_word' id='word_1_509' title='bbox 583 4078 687 4133; x_wconf 91' lang='lat' dir='ltr'>Ille</span> <span class='ocrx_word' id='word_1_510' title='bbox 715 4078 811 4148; x_wconf 89' lang='lat' dir='ltr'>qui</span> <span class='ocrx_word' id='word_1_511' title='bbox 838 4078 987 4132; x_wconf 88' lang='lat' dir='ltr'>radit</span> <span class='ocrx_word' id='word_1_512' title='bbox 1020 4077 1203 4132; x_wconf 86' lang='lat' dir='ltr'>frocco</span> <span class='ocrx_word' id='word_1_513' title='bbox 1234 4085 1435 4133; x_wconf 85' lang='lat' dir='ltr'>exutus</span> <span class='ocrx_word' id='word_1_514' title='bbox 1465 4078 1557 4133; x_wconf 91' lang='lat' dir='ltr'>sit.</span> 
     </span>
    </p>
   </div>
   <div class='ocr_carea' id='block_1_71' title="bbox 186 4164 1691 4238">
    <p class='ocr_par' dir='ltr' id='par_1_71' title="bbox 186 4164 1691 4238">
     <span class='ocr_line' id='line_1_71' title="bbox 186 4164 1691 4238; baseline 0.003 -22"><span class='ocrx_word' id='word_1_515' title='bbox 186 4164 395 4220; x_wconf 73' lang='lat' dir='ltr'>iuvenes</span> <span class='ocrx_word' id='word_1_516' title='bbox 417 4168 517 4238; x_wconf 86' lang='lat' dir='ltr'>qui</span> <span class='ocrx_word' id='word_1_517' title='bbox 550 4166 774 4221; x_wconf 89' lang='lat' dir='ltr'>suntin</span> <span class='ocrx_word' id='word_1_518' title='bbox 820 4166 1075 4221; x_wconf 88' lang='lat' dir='ltr'>custodia</span> <span class='ocrx_word' id='word_1_519' title='bbox 1123 4168 1382 4222; x_wconf 90' lang='lat' dir='ltr'>custodes</span> <span class='ocrx_word' id='word_1_520' title='bbox 1425 4184 1557 4221; x_wconf 90' lang='lat' dir='ltr'>suos</span> <span class='ocrx_word' id='word_1_521' title='bbox 1605 4183 1691 4220; x_wconf 88' lang='lat' dir='ltr'>ra-</span> 
     </span>
    </p>
   </div>
   <div class='ocr_carea' id='block_1_72' title="bbox 134 4246 1691 4328">
    <p class='ocr_par' dir='ltr' id='par_1_72' title="bbox 134 4246 1691 4328">
     <span class='ocr_line' id='line_1_72' title="bbox 134 4246 1691 4328; baseline 0.003 -24"><span class='ocrx_word' id='word_1_522' title='bbox 134 4247 269 4307; x_wconf 85' lang='lat' dir='ltr'>dant:</span> <span class='ocrx_word' id='word_1_523' title='bbox 293 4264 347 4310; x_wconf 89' lang='lat' dir='ltr'>et</span> <span class='ocrx_word' id='word_1_524' title='bbox 367 4258 658 4316; x_wconf 85' lang='lat' dir='ltr'>custodes.</span> <span class='ocrx_word' id='word_1_525' title='bbox 690 4257 841 4327; x_wconf 90' lang='lat' dir='ltr'>ipsos</span> <span class='ocrx_word' id='word_1_526' title='bbox 864 4246 1285 4328; x_wconf 87' lang='lat' dir='ltr'>juvenes.Quod</span> <span class='ocrx_word' id='word_1_527' title='bbox 1313 4258 1360 4311; x_wconf 90' lang='lat' dir='ltr'>si</span> <span class='ocrx_word' id='word_1_528' title='bbox 1389 4262 1576 4310; x_wconf 90' lang='lat' dir='ltr'>custos</span> <span class='ocrx_word' id='word_1_529' title='bbox 1597 4256 1691 4309; x_wconf 83' lang='lat' dir='ltr'>ne-</span> 
     </span>
    </p>
   </div>
   <div class='ocr_carea' id='block_1_73' title="bbox 135 4341 1692 4417">
    <p class='ocr_par' dir='ltr' id='par_1_73' title="bbox 135 4341 1692 4417">
     <span class='ocr_line' id='line_1_73' title="bbox 135 4341 1692 4417; baseline 0.004 -27"><span class='ocrx_word' id='word_1_530' title='bbox 135 4341 329 4406; x_wconf 76' lang='lat' dir='ltr'>quiverit</span> <span class='ocrx_word' id='word_1_531' title='bbox 355 4353 452 4400; x_wconf 89' lang='lat' dir='ltr'>aut</span> <span class='ocrx_word' id='word_1_532' title='bbox 479 4346 753 4401; x_wconf 86' lang='lat' dir='ltr'>nescierit</span> <span class='ocrx_word' id='word_1_533' title='bbox 777 4345 997 4411; x_wconf 90' lang='lat' dir='ltr'>radere,</span> <span class='ocrx_word' id='word_1_534' title='bbox 1030 4353 1191 4416; x_wconf 87' lang='lat' dir='ltr'>roget</span> <span class='ocrx_word' id='word_1_535' title='bbox 1237 4346 1482 4417; x_wconf 89' lang='lat' dir='ltr'>aliquem</span> <span class='ocrx_word' id='word_1_536' title='bbox 1512 4349 1692 4398; x_wconf 88' lang='lat' dir='ltr'>matu-</span> 
     </span>
    </p>
   </div>
   <div class='ocr_carea' id='block_1_74' title="bbox 132 4432 1692 4506">
    <p class='ocr_par' dir='ltr' id='par_1_74' title="bbox 132 4432 1692 4506">
     <span class='ocr_line' id='line_1_74' title="bbox 132 4432 1692 4506; baseline 0.002 -23"><span class='ocrx_word' id='word_1_537' title='bbox 132 4441 227 4483; x_wconf 82' lang='lat' dir='ltr'>rum</span> <span class='ocrx_word' id='word_1_538' title='bbox 256 4432 498 4499; x_wconf 82' lang='lat' dir='ltr'>fratrem,</span> <span class='ocrx_word' id='word_1_539' title='bbox 519 4442 588 4489; x_wconf 91' lang='lat' dir='ltr'>ut</span> <span class='ocrx_word' id='word_1_540' title='bbox 616 4451 745 4488; x_wconf 90' lang='lat' dir='ltr'>eum</span> <span class='ocrx_word' id='word_1_541' title='bbox 765 4434 928 4489; x_wconf 86' lang='lat' dir='ltr'>radat</span> <span class='ocrx_word' id='word_1_542' title='bbox 959 4453 969 4487; x_wconf 92' lang='lat'>:</span> <span class='ocrx_word' id='word_1_543' title='bbox 1004 4435 1124 4506; x_wconf 89' lang='lat' dir='ltr'>ipse</span> <span class='ocrx_word' id='word_1_544' title='bbox 1154 4440 1344 4489; x_wconf 90' lang='lat' dir='ltr'>tamen</span> <span class='ocrx_word' id='word_1_545' title='bbox 1372 4433 1692 4489; x_wconf 85' lang='lat' dir='ltr'>custodiens</span> 
     </span>
    </p>
   </div>
   <div class='ocr_carea' id='block_1_75' title="bbox 132 4514 1693 4596">
    <p class='ocr_par' dir='ltr' id='par_1_75' title="bbox 132 4514 1693 4596">
     <span class='ocr_line' id='line_1_75' title="bbox 132 4514 1693 4596; baseline 0.003 -24"><span class='ocrx_word' id='word_1_546' title='bbox 132 4514 276 4584; x_wconf 81' lang='lat' dir='ltr'>ipsum</span> <span class='ocrx_word' id='word_1_547' title='bbox 307 4523 467 4592; x_wconf 84' lang='lat' dir='ltr'>juxta</span> <span class='ocrx_word' id='word_1_548' title='bbox 486 4541 622 4579; x_wconf 90' lang='lat' dir='ltr'>eum</span> <span class='ocrx_word' id='word_1_549' title='bbox 656 4524 866 4578; x_wconf 89' lang='lat' dir='ltr'>sedeat.</span> <span class='ocrx_word' id='word_1_550' title='bbox 900 4525 1141 4578; x_wconf 85' lang='lat' dir='ltr'>Juvenes</span> <span class='ocrx_word' id='word_1_551' title='bbox 1165 4541 1405 4596; x_wconf 91' lang='lat' dir='ltr'>quoque,</span> <span class='ocrx_word' id='word_1_552' title='bbox 1448 4523 1563 4577; x_wconf 87' lang='lat' dir='ltr'>sive</span> <span class='ocrx_word' id='word_1_553' title='bbox 1591 4539 1693 4577; x_wconf 90' lang='lat' dir='ltr'>nu-</span> 
     </span>
    </p>
   </div>
   <div class='ocr_carea' id='block_1_76' title="bbox 130 4606 1694 4685">
    <p class='ocr_par' dir='ltr' id='par_1_76' title="bbox 130 4606 1694 4685">
     <span class='ocr_line' id='line_1_76' title="bbox 130 4606 1694 4685; baseline 0.004 -25"><span class='ocrx_word' id='word_1_554' title='bbox 130 4606 237 4672; x_wconf 84' lang='lat' dir='ltr'>triti,</span> <span class='ocrx_word' id='word_1_555' title='bbox 266 4610 373 4666; x_wconf 78' lang='lat' dir='ltr'>sive</span> <span class='ocrx_word' id='word_1_556' title='bbox 394 4613 467 4667; x_wconf 92' lang='lat' dir='ltr'>de</span> <span class='ocrx_word' id='word_1_557' title='bbox 486 4614 695 4669; x_wconf 73' lang='lat' dir='ltr'>saeculo</span> <span class='ocrx_word' id='word_1_558' title='bbox 725 4614 1030 4680; x_wconf 88' lang='lat' dir='ltr'>venientes,</span> <span class='ocrx_word' id='word_1_559' title='bbox 1063 4614 1289 4685; x_wconf 90' lang='lat' dir='ltr'>utrique</span> <span class='ocrx_word' id='word_1_560' title='bbox 1316 4620 1509 4669; x_wconf 87' lang='lat' dir='ltr'>tamen</span> <span class='ocrx_word' id='word_1_561' title='bbox 1538 4618 1694 4668; x_wconf 88' lang='lat' dir='ltr'>extra</span> 
     </span>
    </p>
   </div>
   <div class='ocr_carea' id='block_1_77' title="bbox 129 4691 1696 4774">
    <p class='ocr_par' dir='ltr' id='par_1_77' title="bbox 129 4691 1696 4774">
     <span class='ocr_line' id='line_1_77' title="bbox 129 4691 1696 4774; baseline 0.006 -28"><span class='ocrx_word' id='word_1_562' title='bbox 129 4691 410 4765; x_wconf 84' lang='lat' dir='ltr'>hujusmodi</span> <span class='ocrx_word' id='word_1_563' title='bbox 431 4702 755 4757; x_wconf 87' lang='lat' dir='ltr'>custodiam</span> <span class='ocrx_word' id='word_1_564' title='bbox 785 4703 1086 4757; x_wconf 84' lang='lat' dir='ltr'>existentes</span> <span class='ocrx_word' id='word_1_565' title='bbox 1117 4720 1229 4758; x_wconf 91' lang='lat' dir='ltr'>non</span> <span class='ocrx_word' id='word_1_566' title='bbox 1257 4708 1602 4774; x_wconf 57' lang='lat' dir='ltr'>praesumant</span> <span class='ocrx_word' id='word_1_567' title='bbox 1631 4706 1696 4756; x_wconf 91' lang='lat' dir='ltr'>ut</span> 
     </span>
    </p>
   </div>
   <div class='ocr_carea' id='block_1_78' title="bbox 128 4782 1695 4858">
    <p class='ocr_par' dir='ltr' id='par_1_78' title="bbox 128 4782 1695 4858">
     <span class='ocr_line' id='line_1_78' title="bbox 128 4782 1695 4858; baseline 0.003 -17"><span class='ocrx_word' id='word_1_568' title='bbox 128 4782 241 4841; x_wconf 69' lang='lat' dir='ltr'>alter</span> <span class='ocrx_word' id='word_1_569' title='bbox 262 4789 506 4845; x_wconf 85' lang='lat' dir='ltr'>alterum</span> <span class='ocrx_word' id='word_1_570' title='bbox 551 4792 772 4858; x_wconf 88' lang='lat' dir='ltr'>radant,</span> <span class='ocrx_word' id='word_1_571' title='bbox 808 4792 905 4846; x_wconf 90' lang='lat' dir='ltr'>sed</span> <span class='ocrx_word' id='word_1_572' title='bbox 935 4793 1184 4847; x_wconf 91' lang='lat' dir='ltr'>seniores</span> <span class='ocrx_word' id='word_1_573' title='bbox 1213 4792 1283 4847; x_wconf 91' lang='lat' dir='ltr'>ab</span> <span class='ocrx_word' id='word_1_574' title='bbox 1314 4793 1431 4847; x_wconf 79' lang='lat' dir='ltr'>illis</span> <span class='ocrx_word' id='word_1_575' title='bbox 1464 4798 1521 4846; x_wconf 91' lang='lat' dir='ltr'>et</span> <span class='ocrx_word' id='word_1_576' title='bbox 1548 4791 1629 4845; x_wconf 89' lang='lat' dir='ltr'>illi</span> <span class='ocrx_word' id='word_1_577' title='bbox 1660 4807 1695 4845; x_wconf 86' lang='lat' dir='ltr'>a</span> 
     </span>
    </p>
   </div>
   <div class='ocr_carea' id='block_1_79' title="bbox 130 4875 1693 4952">
    <p class='ocr_par' dir='ltr' id='par_1_79' title="bbox 130 4875 1693 4952">
     <span class='ocr_line' id='line_1_79' title="bbox 130 4875 1693 4952; baseline 0.004 -24"><span class='ocrx_word' id='word_1_578' title='bbox 130 4875 402 4933; x_wconf 76' lang='lat' dir='ltr'>senioribus</span> <span class='ocrx_word' id='word_1_579' title='bbox 430 4880 735 4935; x_wconf 90' lang='lat' dir='ltr'>radantur.</span> <span class='ocrx_word' id='word_1_580' title='bbox 767 4881 1022 4952; x_wconf 85' lang='lat' dir='ltr'>Magistri</span> <span class='ocrx_word' id='word_1_581' title='bbox 1048 4898 1250 4952; x_wconf 90' lang='lat' dir='ltr'>pueros</span> <span class='ocrx_word' id='word_1_582' title='bbox 1270 4882 1475 4936; x_wconf 90' lang='lat' dir='ltr'>radant</span> <span class='ocrx_word' id='word_1_583' title='bbox 1502 4887 1558 4935; x_wconf 90' lang='lat' dir='ltr'>et</span> <span class='ocrx_word' id='word_1_584' title='bbox 1587 4880 1693 4951; x_wconf 92' lang='lat' dir='ltr'>ipsi</span> 
     </span>
    </p>
   </div>
   <div class='ocr_carea' id='block_1_80' title="bbox 129 4967 1693 5041">
    <p class='ocr_par' dir='ltr' id='par_1_80' title="bbox 129 4967 1693 5041">
     <span class='ocr_line' id='line_1_80' title="bbox 129 4967 1693 5041; baseline 0.003 -21"><span class='ocrx_word' id='word_1_585' title='bbox 129 4975 153 5014; x_wconf 69' lang='grc' dir='ltr'><strong>δ</strong></span> <span class='ocrx_word' id='word_1_586' title='bbox 173 4967 341 5035; x_wconf 87' lang='lat' dir='ltr'>pueris</span> <span class='ocrx_word' id='word_1_587' title='bbox 383 4970 685 5038; x_wconf 89' lang='lat' dir='ltr'>radantur,</span> <span class='ocrx_word' id='word_1_588' title='bbox 719 4970 768 5025; x_wconf 90' lang='lat' dir='ltr'>si</span> <span class='ocrx_word' id='word_1_589' title='bbox 796 4976 988 5026; x_wconf 89' lang='lat' dir='ltr'>tamen</span> <span class='ocrx_word' id='word_1_590' title='bbox 1034 4971 1357 5041; x_wconf 91' lang='lat' dir='ltr'>hujusmodi</span> <span class='ocrx_word' id='word_1_591' title='bbox 1401 4970 1693 5026; x_wconf 89' lang='lat' dir='ltr'>scientiam</span> 
     </span>
    </p>
   </div>
   <div class='ocr_carea' id='block_1_81' title="bbox 127 5049 313 5110">
    <p class='ocr_par' dir='ltr' id='par_1_81' title="bbox 127 5049 313 5110">
     <span class='ocr_line' id='line_1_81' title="bbox 127 5049 313 5110; baseline 0.011 -2"><span class='ocrx_word' id='word_1_592' title='bbox 127 5049 313 5110; x_wconf 67' lang='lat' dir='ltr'>habent.</span> 
     </span>
    </p>
   </div>
   <div class='ocr_carea' id='block_1_82' title="bbox 182 5141 1696 5222">
    <p class='ocr_par' dir='ltr' id='par_1_82' title="bbox 182 5141 1696 5222">
     <span class='ocr_line' id='line_1_82' title="bbox 182 5141 1696 5222; baseline 0.003 -24"><span class='ocrx_word' id='word_1_593' title='bbox 182 5141 399 5202; x_wconf 81' lang='lat' dir='ltr'>Hiemali</span> <span class='ocrx_word' id='word_1_594' title='bbox 430 5155 715 5219; x_wconf 89' lang='lat' dir='ltr'>tempore,</span> <span class='ocrx_word' id='word_1_595' title='bbox 740 5150 963 5221; x_wconf 89' lang='lat' dir='ltr'>quando</span> <span class='ocrx_word' id='word_1_596' title='bbox 994 5148 1174 5221; x_wconf 89' lang='lat' dir='ltr'>pueri,</span> <span class='ocrx_word' id='word_1_597' title='bbox 1206 5156 1261 5204; x_wconf 94' lang='lat' dir='ltr'>et</span> <span class='ocrx_word' id='word_1_598' title='bbox 1291 5150 1564 5222; x_wconf 84' lang='lat' dir='ltr'>sanguine</span> <span class='ocrx_word' id='word_1_599' title='bbox 1594 5149 1696 5203; x_wconf 86' lang='lat' dir='ltr'>mi-</span> 
     </span>
    </p>
   </div>
   <div class='ocr_carea' id='block_1_83' title="bbox 130 5233 1691 5310">
    <p class='ocr_par' dir='ltr' id='par_1_83' title="bbox 130 5233 1691 5310">
     <span class='ocr_line' id='line_1_83' title="bbox 130 5233 1691 5310; baseline 0.004 -26"><span class='ocrx_word' id='word_1_600' title='bbox 130 5233 409 5307; x_wconf 86' lang='lat' dir='ltr'>nuti,atque</span> <span class='ocrx_word' id='word_1_601' title='bbox 424 5237 645 5291; x_wconf 84' lang='lat' dir='ltr'>inﬁrmi</span> <span class='ocrx_word' id='word_1_602' title='bbox 662 5246 787 5308; x_wconf 90' lang='lat' dir='ltr'>post</span> <span class='ocrx_word' id='word_1_603' title='bbox 797 5238 1108 5310; x_wconf 89' lang='lat' dir='ltr'>capitulum</span> <span class='ocrx_word' id='word_1_604' title='bbox 1138 5238 1420 5310; x_wconf 89' lang='lat' dir='ltr'>accipiunt</span> <span class='ocrx_word' id='word_1_605' title='bbox 1442 5237 1691 5305; x_wconf 88' lang='lat' dir='ltr'>mistum,</span> 
     </span>
    </p>
   </div>
   <div class='ocr_carea' id='block_1_84' title="bbox 131 5320 1696 5399">
    <p class='ocr_par' dir='ltr' id='par_1_84' title="bbox 131 5320 1696 5399">
     <span class='ocr_line' id='line_1_84' title="bbox 131 5320 1696 5399; baseline 0.004 -25"><span class='ocrx_word' id='word_1_606' title='bbox 131 5320 435 5379; x_wconf 81' lang='lat' dir='ltr'>refectorarii</span> <span class='ocrx_word' id='word_1_607' title='bbox 469 5327 646 5398; x_wconf 90' lang='lat' dir='ltr'>primi</span> <span class='ocrx_word' id='word_1_608' title='bbox 677 5344 736 5381; x_wconf 88' lang='lat' dir='ltr'>se</span> <span class='ocrx_word' id='word_1_609' title='bbox 764 5328 985 5393; x_wconf 90' lang='lat' dir='ltr'>radant,</span> <span class='ocrx_word' id='word_1_610' title='bbox 1034 5335 1092 5382; x_wconf 90' lang='lat' dir='ltr'>et</span> <span class='ocrx_word' id='word_1_611' title='bbox 1129 5334 1255 5399; x_wconf 92' lang='lat' dir='ltr'>post</span> <span class='ocrx_word' id='word_1_612' title='bbox 1284 5328 1545 5398; x_wconf 89' lang='lat' dir='ltr'>psalmos,</span> <span class='ocrx_word' id='word_1_613' title='bbox 1579 5332 1696 5381; x_wconf 90' lang='lat' dir='ltr'>tam</span> 
     </span>
    </p>
   </div>
   <div class='ocr_carea' id='block_1_85' title="bbox 130 5409 1700 5486">
    <p class='ocr_par' dir='ltr' id='par_1_85' title="bbox 130 5409 1700 5486">
     <span class='ocr_line' id='line_1_85' title="bbox 130 5409 1700 5486; baseline 0.005 -23"><span class='ocrx_word' id='word_1_614' title='bbox 130 5409 214 5463; x_wconf 85' lang='lat' dir='ltr'>cito</span> <span class='ocrx_word' id='word_1_615' title='bbox 237 5424 579 5486; x_wconf 86' lang='lat' dir='ltr'>apparatum</span> <span class='ocrx_word' id='word_1_616' title='bbox 613 5416 893 5471; x_wconf 87' lang='lat' dir='ltr'>refectorii</span> <span class='ocrx_word' id='word_1_617' title='bbox 932 5417 1157 5480; x_wconf 76' lang='lat' dir='ltr'>faciant,</span> <span class='ocrx_word' id='word_1_618' title='bbox 1209 5422 1274 5472; x_wconf 91' lang='lat' dir='ltr'>ut</span> <span class='ocrx_word' id='word_1_619' title='bbox 1317 5417 1518 5472; x_wconf 84' lang='lat' dir='ltr'>fratres</span> <span class='ocrx_word' id='word_1_620' title='bbox 1546 5433 1700 5472; x_wconf 89' lang='lat' dir='ltr'>acce-</span> 
     </span>
    </p>
   </div>
   <div class='ocr_carea' id='block_1_86' title="bbox 132 5501 1295 5578">
    <p class='ocr_par' dir='ltr' id='par_1_86' title="bbox 132 5501 1295 5578">
     <span class='ocr_line' id='line_1_86' title="bbox 132 5501 1295 5578; baseline -0.004 -12"><span class='ocrx_word' id='word_1_621' title='bbox 132 5501 251 5566; x_wconf 72' lang='grc' dir='ltr'>Ρίῖιΐὶ</span> <span class='ocrx_word' id='word_1_622' title='bbox 275 5505 514 5560; x_wconf 87' lang='lat' dir='ltr'>mistum</span> <span class='ocrx_word' id='word_1_623' title='bbox 544 5506 737 5561; x_wconf 90' lang='lat' dir='ltr'>omnia</span> <span class='ocrx_word' id='word_1_624' title='bbox 760 5511 958 5578; x_wconf 82' lang='lat' dir='ltr'>parata</span> <span class='ocrx_word' id='word_1_625' title='bbox 984 5505 1295 5561; x_wconf 89' lang='lat' dir='ltr'>inveniant.</span> 
     </span>
    </p>
   </div>
   <div class='ocr_carea' id='block_1_87' title="bbox 183 5589 1699 5677">
    <p class='ocr_par' dir='ltr' id='par_1_87' title="bbox 183 5589 1699 5677">
     <span class='ocr_line' id='line_1_87' title="bbox 183 5589 1699 5677; baseline 0.004 -27"><span class='ocrx_word' id='word_1_626' title='bbox 183 5589 429 5656; x_wconf 80' lang='lat' dir='ltr'>Qnandiu</span> <span class='ocrx_word' id='word_1_627' title='bbox 453 5595 667 5668; x_wconf 83' lang='lat' dir='ltr'>psalmi</span> <span class='ocrx_word' id='word_1_628' title='bbox 693 5596 955 5654; x_wconf 89' lang='lat' dir='ltr'>dicuntur</span> <span class='ocrx_word' id='word_1_629' title='bbox 979 5612 1147 5654; x_wconf 86' lang='lat' dir='ltr'>nemo</span> <span class='ocrx_word' id='word_1_630' title='bbox 1165 5595 1486 5677; x_wconf 79' lang='lat' dir='ltr'>tondeatur,</span> <span class='ocrx_word' id='word_1_631' title='bbox 1509 5600 1699 5664; x_wconf 53' lang='lat'>$84</span> 
     </span>
    </p>
   </div>
   <div class='ocr_carea' id='block_1_88' title="bbox 1770 3183 3365 3258">
    <p class='ocr_par' dir='ltr' id='par_1_88' title="bbox 1770 3183 3365 3258">
     <span class='ocr_line' id='line_1_88' title="bbox 1770 3183 3365 3258; baseline 0.008 -21"><span class='ocrx_word' id='word_1_632' title='bbox 1770 3184 1974 3238; x_wconf 89' lang='lat' dir='ltr'>Postea</span> <span class='ocrx_word' id='word_1_633' title='bbox 1991 3189 2199 3238; x_wconf 86' lang='lat' dir='ltr'>exuant</span> <span class='ocrx_word' id='word_1_634' title='bbox 2225 3183 2456 3251; x_wconf 88' lang='lat' dir='ltr'>froccos,</span> <span class='ocrx_word' id='word_1_635' title='bbox 2491 3191 2548 3240; x_wconf 91' lang='lat' dir='ltr'>et</span> <span class='ocrx_word' id='word_1_636' title='bbox 2574 3193 2776 3258; x_wconf 89' lang='lat' dir='ltr'>parent</span> <span class='ocrx_word' id='word_1_637' title='bbox 2795 3205 2855 3244; x_wconf 92' lang='lat' dir='ltr'>se</span> <span class='ocrx_word' id='word_1_638' title='bbox 2875 3190 2947 3244; x_wconf 92' lang='lat' dir='ltr'>ad</span> <span class='ocrx_word' id='word_1_639' title='bbox 2976 3190 3365 3250; x_wconf 90' lang='lat' dir='ltr'>minuendum.</span> 
     </span>
    </p>
   </div>
   <div class='ocr_carea' id='block_1_89' title="bbox 1843 3272 3368 3343">
    <p class='ocr_par' dir='ltr' id='par_1_89' title="bbox 1843 3272 3368 3343">
     <span class='ocr_line' id='line_1_89' title="bbox 1843 3272 3368 3343; baseline 0.008 -16"><span class='ocrx_word' id='word_1_640' title='bbox 1843 3273 2143 3327; x_wconf 86' lang='lat' dir='ltr'>Silentium</span> <span class='ocrx_word' id='word_1_641' title='bbox 2173 3272 2250 3326; x_wconf 89' lang='lat' dir='ltr'>ibi</span> <span class='ocrx_word' id='word_1_642' title='bbox 2289 3273 2517 3328; x_wconf 91' lang='lat' dir='ltr'>omnino</span> <span class='ocrx_word' id='word_1_643' title='bbox 2543 3280 2792 3343; x_wconf 88' lang='lat' dir='ltr'>teneant,</span> <span class='ocrx_word' id='word_1_644' title='bbox 2817 3278 2926 3333; x_wconf 90' lang='lat' dir='ltr'>nisi</span> <span class='ocrx_word' id='word_1_645' title='bbox 2957 3283 3263 3337; x_wconf 89' lang='lat' dir='ltr'>necessitas</span> <span class='ocrx_word' id='word_1_646' title='bbox 3288 3284 3368 3339; x_wconf 90' lang='lat' dir='ltr'>lo-</span> 
     </span>
    </p>
   </div>
   <div class='ocr_carea' id='block_1_90' title="bbox 1771 3361 3369 3439">
    <p class='ocr_par' dir='ltr' id='par_1_90' title="bbox 1771 3361 3369 3439">
     <span class='ocr_line' id='line_1_90' title="bbox 1771 3361 3369 3439; baseline 0.009 -26"><span class='ocrx_word' id='word_1_647' title='bbox 1771 3361 1866 3432; x_wconf 91' lang='lat' dir='ltr'>qui</span> <span class='ocrx_word' id='word_1_648' title='bbox 1906 3369 2070 3431; x_wconf 85' lang='lat' dir='ltr'>cogat</span> <span class='ocrx_word' id='word_1_649' title='bbox 2104 3378 2227 3432; x_wconf 73' lang='lat' dir='ltr'>quze</span> <span class='ocrx_word' id='word_1_650' title='bbox 2269 3361 2482 3418; x_wconf 71' lang='lat' dir='ltr'>differri</span> <span class='ocrx_word' id='word_1_651' title='bbox 2511 3370 2611 3419; x_wconf 88' lang='lat' dir='ltr'>aut</span> <span class='ocrx_word' id='word_1_652' title='bbox 2634 3382 2747 3421; x_wconf 91' lang='lat' dir='ltr'>non</span> <span class='ocrx_word' id='word_1_653' title='bbox 2778 3368 2972 3439; x_wconf 87' lang='lat' dir='ltr'>possit,</span> <span class='ocrx_word' id='word_1_654' title='bbox 3000 3375 3101 3424; x_wconf 90' lang='lat' dir='ltr'>aut</span> <span class='ocrx_word' id='word_1_655' title='bbox 3126 3387 3239 3427; x_wconf 91' lang='lat' dir='ltr'>non</span> <span class='ocrx_word' id='word_1_656' title='bbox 3266 3372 3369 3428; x_wconf 90' lang='lat' dir='ltr'>de-</span> 
     </span>
    </p>
   </div>
   <div class='ocr_carea' id='block_1_91' title="bbox 1772 3449 3471 3521">
    <p class='ocr_par' dir='ltr' id='par_1_91' title="bbox 1772 3449 3471 3521">
     <span class='ocr_line' id='line_1_91' title="bbox 1772 3449 3471 3521; baseline 0.009 -18"><span class='ocrx_word' id='word_1_657' title='bbox 1772 3449 1918 3504; x_wconf 89' lang='lat' dir='ltr'>beat.</span> <span class='ocrx_word' id='word_1_658' title='bbox 1952 3450 2111 3514; x_wconf 88' lang='lat' dir='ltr'>Quod</span> <span class='ocrx_word' id='word_1_659' title='bbox 2141 3451 2188 3505; x_wconf 91' lang='lat' dir='ltr'>si</span> <span class='ocrx_word' id='word_1_660' title='bbox 2212 3452 2478 3520; x_wconf 92' lang='lat' dir='ltr'>evenerit,</span> <span class='ocrx_word' id='word_1_661' title='bbox 2511 3452 2772 3521; x_wconf 89' lang='lat' dir='ltr'>breviter,</span> <span class='ocrx_word' id='word_1_662' title='bbox 2803 3461 2860 3511; x_wconf 91' lang='lat' dir='ltr'>et</span> <span class='ocrx_word' id='word_1_663' title='bbox 2891 3458 3142 3514; x_wconf 88' lang='lat' dir='ltr'>modeste</span> <span class='ocrx_word' id='word_1_664' title='bbox 3183 3466 3241 3516; x_wconf 90' lang='lat' dir='ltr'>et</span> <span class='ocrx_word' id='word_1_665' title='bbox 3267 3463 3371 3518; x_wconf 88' lang='lat' dir='ltr'>hu-</span> <span class='ocrx_word' id='word_1_666' title='bbox 3456 3497 3471 3504; x_wconf 84' lang='lat'><strong>-</strong></span> 
     </span>
    </p>
   </div>
   <div class='ocr_carea' id='block_1_92' title="bbox 1772 3539 2375 3596">
    <p class='ocr_par' dir='ltr' id='par_1_92' title="bbox 1772 3539 2375 3596">
     <span class='ocr_line' id='line_1_92' title="bbox 1772 3539 2375 3596; baseline 0.002 -3"><span class='ocrx_word' id='word_1_667' title='bbox 1772 3540 2009 3593; x_wconf 86' lang='lat' dir='ltr'>millima</span> <span class='ocrx_word' id='word_1_668' title='bbox 2022 3556 2153 3594; x_wconf 90' lang='lat' dir='ltr'>voce</span> <span class='ocrx_word' id='word_1_669' title='bbox 2180 3539 2235 3594; x_wconf 91' lang='lat' dir='ltr'>id</span> <span class='ocrx_word' id='word_1_670' title='bbox 2259 3541 2375 3596; x_wconf 84' lang='lat' dir='ltr'>fiat.</span> 
     </span>
    </p>
   </div>
   <div class='ocr_carea' id='block_1_93' title="bbox 1842 3629 3369 3707">
    <p class='ocr_par' dir='ltr' id='par_1_93' title="bbox 1842 3629 3369 3707">
     <span class='ocr_line' id='line_1_93' title="bbox 1842 3629 3369 3707; baseline 0.009 -23"><span class='ocrx_word' id='word_1_671' title='bbox 1842 3629 2087 3684; x_wconf 89' lang='lat' dir='ltr'>Chorum</span> <span class='ocrx_word' id='word_1_672' title='bbox 2103 3646 2216 3684; x_wconf 89' lang='lat' dir='ltr'>non</span> <span class='ocrx_word' id='word_1_673' title='bbox 2235 3637 2509 3701; x_wconf 85' lang='lat' dir='ltr'>cogantur</span> <span class='ocrx_word' id='word_1_674' title='bbox 2529 3632 2744 3689; x_wconf 85' lang='lat' dir='ltr'>intrare.</span> <span class='ocrx_word' id='word_1_675' title='bbox 2774 3652 2952 3707; x_wconf 91' lang='lat' dir='ltr'>usque</span> <span class='ocrx_word' id='word_1_676' title='bbox 2970 3638 3030 3692; x_wconf 91' lang='lat' dir='ltr'>in</span> <span class='ocrx_word' id='word_1_677' title='bbox 3059 3641 3369 3698; x_wconf 89' lang='lat' dir='ltr'>crastinum</span> 
     </span>
    </p>
   </div>
   <div class='ocr_carea' id='block_1_94' title="bbox 1771 3718 3371 3799">
    <p class='ocr_par' dir='ltr' id='par_1_94' title="bbox 1771 3718 3371 3799">
     <span class='ocr_line' id='line_1_94' title="bbox 1771 3718 3371 3799; baseline 0.01 -29"><span class='ocrx_word' id='word_1_678' title='bbox 1771 3722 1898 3788; x_wconf 90' lang='lat' dir='ltr'>post</span> <span class='ocrx_word' id='word_1_679' title='bbox 1935 3718 2245 3773; x_wconf 88' lang='lat' dir='ltr'>orationem</span> <span class='ocrx_word' id='word_1_680' title='bbox 2261 3720 2477 3790; x_wconf 82' lang='lat' dir='ltr'>primae,</span> <span class='ocrx_word' id='word_1_681' title='bbox 2498 3723 2583 3777; x_wconf 86' lang='lat' dir='ltr'>vel</span> <span class='ocrx_word' id='word_1_682' title='bbox 2606 3723 2806 3790; x_wconf 68' lang='lat' dir='ltr'>tertiae,</span> <span class='ocrx_word' id='word_1_683' title='bbox 2826 3742 2936 3795; x_wconf 91' lang='lat' dir='ltr'>quo</span> <span class='ocrx_word' id='word_1_684' title='bbox 2964 3731 3218 3799; x_wconf 91' lang='lat' dir='ltr'>tempore</span> <span class='ocrx_word' id='word_1_685' title='bbox 3237 3735 3371 3786; x_wconf 89' lang='lat' dir='ltr'>ante</span> 
     </span>
    </p>
   </div>
   <div class='ocr_carea' id='block_1_95' title="bbox 1771 3807 3372 3890">
    <p class='ocr_par' dir='ltr' id='par_1_95' title="bbox 1771 3807 3372 3890">
     <span class='ocr_line' id='line_1_95' title="bbox 1771 3807 3372 3890; baseline 0.009 -29"><span class='ocrx_word' id='word_1_686' title='bbox 1771 3807 2083 3877; x_wconf 87' lang='lat' dir='ltr'>capitulum</span> <span class='ocrx_word' id='word_1_687' title='bbox 2137 3809 2307 3863; x_wconf 87' lang='lat' dir='ltr'>tertia</span> <span class='ocrx_word' id='word_1_688' title='bbox 2360 3809 2595 3867; x_wconf 85' lang='lat' dir='ltr'>dicitur:</span> <span class='ocrx_word' id='word_1_689' title='bbox 2631 3812 2680 3867; x_wconf 91' lang='lat' dir='ltr'>si</span> <span class='ocrx_word' id='word_1_690' title='bbox 2709 3814 2836 3885; x_wconf 84' lang='lat' dir='ltr'>plus</span> <span class='ocrx_word' id='word_1_691' title='bbox 2873 3814 3147 3887; x_wconf 88' lang='lat' dir='ltr'>indigent,</span> <span class='ocrx_word' id='word_1_692' title='bbox 3193 3820 3372 3890; x_wconf 89' lang='lat' dir='ltr'>petita</span> 
     </span>
    </p>
   </div>
   <div class='ocr_carea' id='block_1_96' title="bbox 1770 3895 3058 3961">
    <p class='ocr_par' dir='ltr' id='par_1_96' title="bbox 1770 3895 3058 3961">
     <span class='ocr_line' id='line_1_96' title="bbox 1770 3895 3058 3961; baseline 0.008 -11"><span class='ocrx_word' id='word_1_693' title='bbox 1770 3895 1996 3951; x_wconf 88' lang='lat' dir='ltr'>licentia</span> <span class='ocrx_word' id='word_1_694' title='bbox 2016 3897 2229 3952; x_wconf 89' lang='lat' dir='ltr'>diutius</span> <span class='ocrx_word' id='word_1_695' title='bbox 2260 3904 2418 3954; x_wconf 87' lang='lat' dir='ltr'>extra</span> <span class='ocrx_word' id='word_1_696' title='bbox 2446 3901 2679 3956; x_wconf 85' lang='lat' dir='ltr'>chorum</span> <span class='ocrx_word' id='word_1_697' title='bbox 2710 3910 3058 3961; x_wconf 89' lang='lat' dir='ltr'>remaneant.</span> 
     </span>
    </p>
   </div>
   <div class='ocr_carea' id='block_1_97' title="bbox 1843 3985 3363 4061">
    <p class='ocr_par' dir='ltr' id='par_1_97' title="bbox 1843 3985 3363 4061">
     <span class='ocr_line' id='line_1_97' title="bbox 1843 3985 3363 4061; baseline 0.008 -21"><span class='ocrx_word' id='word_1_698' title='bbox 1843 3985 2101 4040; x_wconf 86' lang='lat' dir='ltr'>Crastina</span> <span class='ocrx_word' id='word_1_699' title='bbox 2142 3986 2234 4040; x_wconf 91' lang='lat' dir='ltr'>die</span> <span class='ocrx_word' id='word_1_700' title='bbox 2264 3990 2620 4043; x_wconf 89' lang='lat' dir='ltr'>nocturnales</span> <span class='ocrx_word' id='word_1_701' title='bbox 2650 4007 2781 4046; x_wconf 92' lang='lat' dir='ltr'>suos</span> <span class='ocrx_word' id='word_1_702' title='bbox 2827 3993 3098 4061; x_wconf 89' lang='lat' dir='ltr'>calceent,</span> <span class='ocrx_word' id='word_1_703' title='bbox 3142 3996 3363 4053; x_wconf 91' lang='lat' dir='ltr'>duobus</span> 
     </span>
    </p>
   </div>
   <div class='ocr_carea' id='block_1_98' title="bbox 1771 4073 3369 4151">
    <p class='ocr_par' dir='ltr' id='par_1_98' title="bbox 1771 4073 3369 4151">
     <span class='ocr_line' id='line_1_98' title="bbox 1771 4073 3369 4151; baseline 0.009 -25"><span class='ocrx_word' id='word_1_704' title='bbox 1771 4073 1967 4128; x_wconf 90' lang='lat' dir='ltr'>diebus</span> <span class='ocrx_word' id='word_1_705' title='bbox 1996 4074 2225 4129; x_wconf 90' lang='lat' dir='ltr'>mistum</span> <span class='ocrx_word' id='word_1_706' title='bbox 2262 4077 2568 4147; x_wconf 89' lang='lat' dir='ltr'>accipiant;</span> <span class='ocrx_word' id='word_1_707' title='bbox 2601 4095 2731 4133; x_wconf 91' lang='lat' dir='ltr'>cum</span> <span class='ocrx_word' id='word_1_708' title='bbox 2774 4081 2846 4134; x_wconf 91' lang='lat' dir='ltr'>ad</span> <span class='ocrx_word' id='word_1_709' title='bbox 2891 4080 3075 4151; x_wconf 89' lang='lat' dir='ltr'>ipsum</span> <span class='ocrx_word' id='word_1_710' title='bbox 3133 4084 3369 4140; x_wconf 90' lang='lat' dir='ltr'>mistum</span> 
     </span>
    </p>
   </div>
   <div class='ocr_carea' id='block_1_99' title="bbox 1770 4163 3368 4239">
    <p class='ocr_par' dir='ltr' id='par_1_99' title="bbox 1770 4163 3368 4239">
     <span class='ocr_line' id='line_1_99' title="bbox 1770 4163 3368 4239; baseline 0.008 -23"><span class='ocrx_word' id='word_1_711' title='bbox 1770 4169 2001 4217; x_wconf 90' lang='lat' dir='ltr'>ventum</span> <span class='ocrx_word' id='word_1_712' title='bbox 2030 4163 2217 4227; x_wconf 88' lang='lat' dir='ltr'>fuerit,</span> <span class='ocrx_word' id='word_1_713' title='bbox 2269 4165 2315 4218; x_wconf 93' lang='lat' dir='ltr'>si</span> <span class='ocrx_word' id='word_1_714' title='bbox 2345 4172 2568 4236; x_wconf 91' lang='lat' dir='ltr'>tempus</span> <span class='ocrx_word' id='word_1_715' title='bbox 2597 4167 2672 4221; x_wconf 88' lang='lat' dir='ltr'>sit</span> <span class='ocrx_word' id='word_1_716' title='bbox 2702 4185 2811 4239; x_wconf 91' lang='lat' dir='ltr'>quo</span> <span class='ocrx_word' id='word_1_717' title='bbox 2849 4169 3052 4224; x_wconf 89' lang='lat' dir='ltr'>fratres</span> <span class='ocrx_word' id='word_1_718' title='bbox 3080 4174 3253 4226; x_wconf 88' lang='lat' dir='ltr'>semel</span> <span class='ocrx_word' id='word_1_719' title='bbox 3281 4190 3368 4229; x_wconf 89' lang='lat' dir='ltr'>re-</span> 
     </span>
    </p>
   </div>
   <div class='ocr_carea' id='block_1_100' title="bbox 1772 4252 3391 4333">
    <p class='ocr_par' dir='ltr' id='par_1_100' title="bbox 1772 4252 3391 4333">
     <span class='ocr_line' id='line_1_100' title="bbox 1772 4252 3391 4333; baseline 0.008 -28"><span class='ocrx_word' id='word_1_720' title='bbox 1772 4253 1989 4318; x_wconf 84' lang='lat' dir='ltr'>ficiunt,</span> <span class='ocrx_word' id='word_1_721' title='bbox 2020 4252 2188 4306; x_wconf 91' lang='lat' dir='ltr'>simul</span> <span class='ocrx_word' id='word_1_722' title='bbox 2208 4269 2404 4308; x_wconf 92' lang='lat' dir='ltr'>omnes</span> <span class='ocrx_word' id='word_1_723' title='bbox 2426 4254 2616 4310; x_wconf 89' lang='lat' dir='ltr'>dicant</span> <span class='ocrx_word' id='word_1_724' title='bbox 2633 4272 2876 4325; x_wconf 89' lang='lat' dir='ltr'>versum,</span> <span class='ocrx_word' id='word_1_725' title='bbox 2895 4263 2952 4317; x_wconf 86' lang='lat' dir='ltr'>et</span> <span class='ocrx_word' id='word_1_726' title='bbox 2962 4264 3092 4313; x_wconf 87' lang='lat' dir='ltr'>ante</span> <span class='ocrx_word' id='word_1_727' title='bbox 3113 4260 3391 4333; x_wconf 46' lang='lat' dir='ltr'>mistum,‘</span> 
     </span>
    </p>
   </div>
   <div class='ocr_carea' id='block_1_101' title="bbox 1774 4341 3370 4419">
    <p class='ocr_par' dir='ltr' id='par_1_101' title="bbox 1774 4341 3370 4419">
     <span class='ocr_line' id='line_1_101' title="bbox 1774 4341 3370 4419; baseline 0.009 -25"><span class='ocrx_word' id='word_1_728' title='bbox 1774 4347 1831 4395; x_wconf 90' lang='lat' dir='ltr'>et</span> <span class='ocrx_word' id='word_1_729' title='bbox 1853 4347 1978 4412; x_wconf 89' lang='lat' dir='ltr'>post</span> <span class='ocrx_word' id='word_1_730' title='bbox 2009 4341 2259 4408; x_wconf 87' lang='lat' dir='ltr'>mistum,</span> <span class='ocrx_word' id='word_1_731' title='bbox 2283 4359 2407 4396; x_wconf 92' lang='lat' dir='ltr'>cum</span> <span class='ocrx_word' id='word_1_732' title='bbox 2432 4345 2647 4414; x_wconf 90' lang='lat' dir='ltr'>psalmo</span> <span class='ocrx_word' id='word_1_733' title='bbox 2679 4347 2934 4401; x_wconf 77' lang='lat' dir='ltr'>Miserere</span> <span class='ocrx_word' id='word_1_734' title='bbox 2963 4351 3092 4415; x_wconf 77' lang='lat' dir='ltr'>mei,</span> <span class='ocrx_word' id='word_1_735' title='bbox 3117 4351 3277 4419; x_wconf 86' lang='lat' dir='ltr'>Deus,</span> <span class='ocrx_word' id='word_1_736' title='bbox 3310 4358 3370 4408; x_wconf 89' lang='lat' dir='ltr'>et</span> 
     </span>
    </p>
   </div>
   <div class='ocr_carea' id='block_1_102' title="bbox 1773 4429 3368 4502">
    <p class='ocr_par' dir='ltr' id='par_1_102' title="bbox 1773 4429 3368 4502">
     <span class='ocr_line' id='line_1_102' title="bbox 1773 4429 3368 4502; baseline 0.008 -18"><span class='ocrx_word' id='word_1_737' title='bbox 1773 4429 2003 4501; x_wconf 87' lang='lat' dir='ltr'>reliquis</span> <span class='ocrx_word' id='word_1_738' title='bbox 2041 4447 2107 4484; x_wconf 94' lang='lat' dir='ltr'>eo</span> <span class='ocrx_word' id='word_1_739' title='bbox 2138 4431 2301 4485; x_wconf 91' lang='lat' dir='ltr'>modo</span> <span class='ocrx_word' id='word_1_740' title='bbox 2342 4449 2451 4502; x_wconf 91' lang='lat' dir='ltr'>quo</span> <span class='ocrx_word' id='word_1_741' title='bbox 2497 4432 2702 4488; x_wconf 89' lang='lat' dir='ltr'>dicitur</span> <span class='ocrx_word' id='word_1_742' title='bbox 2727 4452 2761 4489; x_wconf 90' lang='lat' dir='ltr'>a</span> <span class='ocrx_word' id='word_1_743' title='bbox 2790 4442 3084 4502; x_wconf 85' lang='lat' dir='ltr'>conventu,</span> <span class='ocrx_word' id='word_1_744' title='bbox 3117 4454 3246 4495; x_wconf 90' lang='lat' dir='ltr'>cum</span> <span class='ocrx_word' id='word_1_745' title='bbox 3283 4440 3368 4497; x_wconf 90' lang='lat' dir='ltr'>bis</span> 
     </span>
    </p>
   </div>
   <div class='ocr_carea' id='block_1_103' title="bbox 1773 4519 3370 4597">
    <p class='ocr_par' dir='ltr' id='par_1_103' title="bbox 1773 4519 3370 4597">
     <span class='ocr_line' id='line_1_103' title="bbox 1773 4519 3370 4597; baseline 0.008 -24"><span class='ocrx_word' id='word_1_746' title='bbox 1773 4519 2033 4574; x_wconf 79' lang='lat' dir='ltr'>reficiunt</span> <span class='ocrx_word' id='word_1_747' title='bbox 2048 4536 2241 4574; x_wconf 90' lang='lat' dir='ltr'>omnes</span> <span class='ocrx_word' id='word_1_748' title='bbox 2255 4520 2476 4576; x_wconf 88' lang='lat' dir='ltr'>fratres.</span> <span class='ocrx_word' id='word_1_749' title='bbox 2494 4523 2814 4579; x_wconf 89' lang='lat' dir='ltr'>Benedictio</span> <span class='ocrx_word' id='word_1_750' title='bbox 2832 4542 2866 4579; x_wconf 91' lang='lat' dir='ltr'>a</span> <span class='ocrx_word' id='word_1_751' title='bbox 2882 4526 3070 4597; x_wconf 87' lang='lat' dir='ltr'>priore</span> <span class='ocrx_word' id='word_1_752' title='bbox 3080 4530 3370 4586; x_wconf 89' lang='lat' dir='ltr'>sacerdote</span> 
     </span>
    </p>
   </div>
   <div class='ocr_carea' id='block_1_104' title="bbox 1775 4607 3365 4690">
    <p class='ocr_par' dir='ltr' id='par_1_104' title="bbox 1775 4607 3365 4690">
     <span class='ocr_line' id='line_1_104' title="bbox 1775 4607 3365 4690; baseline 0.009 -27"><span class='ocrx_word' id='word_1_753' title='bbox 1775 4607 1960 4675; x_wconf 88' lang='lat' dir='ltr'>detur,</span> <span class='ocrx_word' id='word_1_754' title='bbox 2010 4609 2174 4663; x_wconf 91' lang='lat' dir='ltr'>lectio</span> <span class='ocrx_word' id='word_1_755' title='bbox 2221 4610 2290 4663; x_wconf 90' lang='lat' dir='ltr'>ab</span> <span class='ocrx_word' id='word_1_756' title='bbox 2336 4626 2449 4664; x_wconf 91' lang='lat' dir='ltr'>uno</span> <span class='ocrx_word' id='word_1_757' title='bbox 2479 4611 2668 4683; x_wconf 90' lang='lat' dir='ltr'>aliquo</span> <span class='ocrx_word' id='word_1_758' title='bbox 2699 4614 3025 4670; x_wconf 90' lang='lat' dir='ltr'>memoriter</span> <span class='ocrx_word' id='word_1_759' title='bbox 3062 4618 3365 4690; x_wconf 80' lang='lat' dir='ltr'>recitatur;</span> 
     </span>
    </p>
   </div>
   <div class='ocr_carea' id='block_1_105' title="bbox 1775 4698 2514 4755">
    <p class='ocr_par' dir='ltr' id='par_1_105' title="bbox 1775 4698 2514 4755">
     <span class='ocr_line' id='line_1_105' title="bbox 1775 4698 2514 4755; baseline 0.001 -2"><span class='ocrx_word' id='word_1_760' title='bbox 1775 4698 1835 4753; x_wconf 90' lang='lat' dir='ltr'>in</span> <span class='ocrx_word' id='word_1_761' title='bbox 1862 4698 2156 4753; x_wconf 90' lang='lat' dir='ltr'>refectorio</span> <span class='ocrx_word' id='word_1_762' title='bbox 2185 4703 2364 4753; x_wconf 90' lang='lat' dir='ltr'>totum</span> <span class='ocrx_word' id='word_1_763' title='bbox 2396 4701 2514 4755; x_wconf 79' lang='lat' dir='ltr'>fiat.</span> 
     </span>
    </p>
   </div>
   <div class='ocr_carea' id='block_1_106' title="bbox 1847 4787 3372 4868">
    <p class='ocr_par' dir='ltr' id='par_1_106' title="bbox 1847 4787 3372 4868">
     <span class='ocr_line' id='line_1_106' title="bbox 1847 4787 3372 4868; baseline 0.009 -27"><span class='ocrx_word' id='word_1_764' title='bbox 1847 4788 1912 4842; x_wconf 92' lang='lat' dir='ltr'>In</span> <span class='ocrx_word' id='word_1_765' title='bbox 1948 4787 2193 4842; x_wconf 89' lang='lat' dir='ltr'>crastino</span> <span class='ocrx_word' id='word_1_766' title='bbox 2222 4787 2554 4845; x_wconf 90' lang='lat' dir='ltr'>minutionis</span> <span class='ocrx_word' id='word_1_767' title='bbox 2578 4791 2853 4849; x_wconf 90' lang='lat' dir='ltr'>clamatus</span> <span class='ocrx_word' id='word_1_768' title='bbox 2889 4796 3093 4868; x_wconf 87' lang='lat' dir='ltr'>aliquis</span> <span class='ocrx_word' id='word_1_769' title='bbox 3125 4798 3372 4856; x_wconf 90' lang='lat' dir='ltr'>minuto-</span> 
     </span>
    </p>
   </div>
   <div class='ocr_carea' id='block_1_107' title="bbox 1776 4881 3376 4959">
    <p class='ocr_par' dir='ltr' id='par_1_107' title="bbox 1776 4881 3376 4959">
     <span class='ocr_line' id='line_1_107' title="bbox 1776 4881 3376 4959; baseline 0.009 -26"><span class='ocrx_word' id='word_1_770' title='bbox 1776 4896 1901 4934; x_wconf 90' lang='lat' dir='ltr'>rum</span> <span class='ocrx_word' id='word_1_771' title='bbox 1933 4885 2146 4951; x_wconf 90' lang='lat' dir='ltr'>surgat,</span> <span class='ocrx_word' id='word_1_772' title='bbox 2176 4886 2233 4934; x_wconf 93' lang='lat' dir='ltr'>et</span> <span class='ocrx_word' id='word_1_773' title='bbox 2260 4881 2328 4934; x_wconf 89' lang='lat' dir='ltr'>ad</span> <span class='ocrx_word' id='word_1_774' title='bbox 2360 4883 2660 4953; x_wconf 88' lang='lat' dir='ltr'>petendam</span> <span class='ocrx_word' id='word_1_775' title='bbox 2685 4887 2905 4942; x_wconf 90' lang='lat' dir='ltr'>veniam</span> <span class='ocrx_word' id='word_1_776' title='bbox 2925 4906 2986 4943; x_wconf 89' lang='lat' dir='ltr'>se</span> <span class='ocrx_word' id='word_1_777' title='bbox 3010 4891 3244 4959; x_wconf 71' lang='lat' dir='ltr'>offerat;</span> <span class='ocrx_word' id='word_1_778' title='bbox 3276 4893 3376 4947; x_wconf 92' lang='lat' dir='ltr'>ali-</span> 
     </span>
    </p>
   </div>
   <div class='ocr_carea' id='block_1_108' title="bbox 1776 4969 3397 5051">
    <p class='ocr_par' dir='ltr' id='par_1_108' title="bbox 1776 4969 3397 5051">
     <span class='ocr_line' id='line_1_108' title="bbox 1776 4969 3397 5051; baseline 0.009 -30"><span class='ocrx_word' id='word_1_779' title='bbox 1776 4969 1901 5039; x_wconf 90' lang='lat' dir='ltr'>quis</span> <span class='ocrx_word' id='word_1_780' title='bbox 1961 4986 2092 5024; x_wconf 87' lang='lat' dir='ltr'>vero</span> <span class='ocrx_word' id='word_1_781' title='bbox 2148 4986 2339 5024; x_wconf 89' lang='lat' dir='ltr'>eorum</span> <span class='ocrx_word' id='word_1_782' title='bbox 2381 4972 2584 5043; x_wconf 89' lang='lat' dir='ltr'>quibus</span> <span class='ocrx_word' id='word_1_783' title='bbox 2614 4974 2852 5031; x_wconf 87' lang='lat' dir='ltr'>minutio</span> <span class='ocrx_word' id='word_1_784' title='bbox 2889 4984 3026 5033; x_wconf 84' lang='lat' dir='ltr'>nota</span> <span class='ocrx_word' id='word_1_785' title='bbox 3061 4984 3165 5044; x_wconf 87' lang='lat' dir='ltr'>est,</span> <span class='ocrx_word' id='word_1_786' title='bbox 3199 4981 3397 5051; x_wconf 84' lang='lat' dir='ltr'>priori</span> 
     </span>
    </p>
   </div>
   <div class='ocr_carea' id='block_1_109' title="bbox 1777 5058 3374 5142">
    <p class='ocr_par' dir='ltr' id='par_1_109' title="bbox 1777 5058 3374 5142">
     <span class='ocr_line' id='line_1_109' title="bbox 1777 5058 3374 5142; baseline 0.007 -30"><span class='ocrx_word' id='word_1_787' title='bbox 1777 5058 1963 5114; x_wconf 90' lang='lat' dir='ltr'>dicere</span> <span class='ocrx_word' id='word_1_788' title='bbox 1993 5058 2159 5114; x_wconf 89' lang='lat' dir='ltr'>debet</span> <span class='ocrx_word' id='word_1_789' title='bbox 2188 5061 2335 5131; x_wconf 92' lang='lat' dir='ltr'>quod</span> <span class='ocrx_word' id='word_1_790' title='bbox 2386 5061 2562 5118; x_wconf 90' lang='lat' dir='ltr'>frater</span> <span class='ocrx_word' id='word_1_791' title='bbox 2587 5064 2682 5119; x_wconf 92' lang='lat' dir='ltr'>ille</span> <span class='ocrx_word' id='word_1_792' title='bbox 2712 5066 2964 5122; x_wconf 91' lang='lat' dir='ltr'>minutus</span> <span class='ocrx_word' id='word_1_793' title='bbox 2992 5068 3083 5132; x_wconf 88' lang='lat' dir='ltr'>sit,</span> <span class='ocrx_word' id='word_1_794' title='bbox 3119 5076 3175 5124; x_wconf 92' lang='lat' dir='ltr'>et</span> <span class='ocrx_word' id='word_1_795' title='bbox 3221 5071 3374 5142; x_wconf 90' lang='lat' dir='ltr'>prior</span> 
     </span>
    </p>
   </div>
   <div class='ocr_carea' id='block_1_110' title="bbox 1777 5148 3374 5224">
    <p class='ocr_par' dir='ltr' id='par_1_110' title="bbox 1777 5148 3374 5224">
     <span class='ocr_line' id='line_1_110' title="bbox 1777 5148 3374 5224; baseline 0.006 -21"><span class='ocrx_word' id='word_1_796' title='bbox 1777 5148 1829 5203; x_wconf 88' lang='lat' dir='ltr'>ei</span> <span class='ocrx_word' id='word_1_797' title='bbox 1858 5148 2160 5220; x_wconf 63' lang='lat' dir='ltr'>praecipere</span> <span class='ocrx_word' id='word_1_798' title='bbox 2188 5154 2251 5203; x_wconf 90' lang='lat' dir='ltr'>ut</span> <span class='ocrx_word' id='word_1_799' title='bbox 2281 5151 2481 5205; x_wconf 88' lang='lat' dir='ltr'>stando</span> <span class='ocrx_word' id='word_1_800' title='bbox 2512 5152 2794 5224; x_wconf 88' lang='lat' dir='ltr'>loquatur,</span> <span class='ocrx_word' id='word_1_801' title='bbox 2846 5161 2903 5210; x_wconf 91' lang='lat' dir='ltr'>et</span> <span class='ocrx_word' id='word_1_802' title='bbox 2954 5156 3194 5211; x_wconf 85' lang='lat' dir='ltr'>maxime</span> <span class='ocrx_word' id='word_1_803' title='bbox 3219 5159 3265 5211; x_wconf 90' lang='lat' dir='ltr'>si</span> <span class='ocrx_word' id='word_1_804' title='bbox 3303 5157 3374 5213; x_wconf 89' lang='lat' dir='ltr'>de</span> 
     </span>
    </p>
   </div>
   <div class='ocr_carea' id='block_1_111' title="bbox 1776 5236 3375 5316">
    <p class='ocr_par' dir='ltr' id='par_1_111' title="bbox 1776 5236 3375 5316">
     <span class='ocr_line' id='line_1_111' title="bbox 1776 5236 3375 5316; baseline 0.008 -26"><span class='ocrx_word' id='word_1_805' title='bbox 1776 5254 1919 5292; x_wconf 91' lang='lat' dir='ltr'>vena</span> <span class='ocrx_word' id='word_1_806' title='bbox 1960 5236 2174 5291; x_wconf 88' lang='lat' dir='ltr'>brachii</span> <span class='ocrx_word' id='word_1_807' title='bbox 2225 5239 2474 5294; x_wconf 85' lang='lat' dir='ltr'>minutus</span> <span class='ocrx_word' id='word_1_808' title='bbox 2504 5240 2599 5304; x_wconf 86' lang='lat' dir='ltr'>sit,</span> <span class='ocrx_word' id='word_1_809' title='bbox 2628 5242 2675 5297; x_wconf 88' lang='lat' dir='ltr'>si</span> <span class='ocrx_word' id='word_1_810' title='bbox 2703 5244 2869 5314; x_wconf 90' lang='lat' dir='ltr'>culpa</span> <span class='ocrx_word' id='word_1_811' title='bbox 2903 5244 3037 5298; x_wconf 86' lang='lat' dir='ltr'>levis</span> <span class='ocrx_word' id='word_1_812' title='bbox 3088 5245 3375 5316; x_wconf 84' lang='lat' dir='ltr'>indulgea-</span> 
     </span>
    </p>
   </div>
   <div class='ocr_carea' id='block_1_112' title="bbox 1779 5326 3375 5403">
    <p class='ocr_par' dir='ltr' id='par_1_112' title="bbox 1779 5326 3375 5403">
     <span class='ocr_line' id='line_1_112' title="bbox 1779 5326 3375 5403; baseline 0.006 -23"><span class='ocrx_word' id='word_1_813' title='bbox 1779 5334 1873 5381; x_wconf 89' lang='lat' dir='ltr'>tur</span> <span class='ocrx_word' id='word_1_814' title='bbox 1900 5326 1991 5393; x_wconf 87' lang='lat' dir='ltr'>ei;</span> <span class='ocrx_word' id='word_1_815' title='bbox 2025 5328 2073 5381; x_wconf 91' lang='lat' dir='ltr'>si</span> <span class='ocrx_word' id='word_1_816' title='bbox 2112 5332 2299 5382; x_wconf 88' lang='lat' dir='ltr'>autem</span> <span class='ocrx_word' id='word_1_817' title='bbox 2331 5329 2460 5383; x_wconf 88' lang='lat' dir='ltr'>talis</span> <span class='ocrx_word' id='word_1_818' title='bbox 2482 5330 2653 5384; x_wconf 87' lang='lat' dir='ltr'>fuerit</span> <span class='ocrx_word' id='word_1_819' title='bbox 2679 5348 2801 5402; x_wconf 79' lang='lat' dir='ltr'>quae</span> <span class='ocrx_word' id='word_1_820' title='bbox 2840 5332 2960 5385; x_wconf 90' lang='lat' dir='ltr'>sine</span> <span class='ocrx_word' id='word_1_821' title='bbox 2990 5334 3264 5403; x_wconf 87' lang='lat' dir='ltr'>corporali</span> <span class='ocrx_word' id='word_1_822' title='bbox 3294 5335 3375 5389; x_wconf 92' lang='lat' dir='ltr'>di-</span> 
     </span>
    </p>
   </div>
   <div class='ocr_carea' id='block_1_113' title="bbox 1780 5408 3365 5494">
    <p class='ocr_par' dir='ltr' id='par_1_113' title="bbox 1780 5408 3365 5494">
     <span class='ocr_line' id='line_1_113' title="bbox 1780 5408 3365 5494; baseline 0.005 -23"><span class='ocrx_word' id='word_1_823' title='bbox 1780 5415 2017 5487; x_wconf 87' lang='lat' dir='ltr'>sciplina</span> <span class='ocrx_word' id='word_1_824' title='bbox 2049 5416 2258 5471; x_wconf 92' lang='lat' dir='ltr'>dimitti</span> <span class='ocrx_word' id='word_1_825' title='bbox 2283 5434 2396 5473; x_wconf 89' lang='lat' dir='ltr'>non</span> <span class='ocrx_word' id='word_1_826' title='bbox 2426 5419 2642 5487; x_wconf 90' lang='lat' dir='ltr'>debeat,</span> <span class='ocrx_word' id='word_1_827' title='bbox 2682 5419 2743 5475; x_wconf 90' lang='lat' dir='ltr'>in</span> <span class='ocrx_word' id='word_1_828' title='bbox 2771 5420 2924 5474; x_wconf 91' lang='lat' dir='ltr'>aliud</span> <span class='ocrx_word' id='word_1_829' title='bbox 2952 5408 3177 5494; x_wconf 83' lang='lat' dir='ltr'>tempus</span> <span class='ocrx_word' id='word_1_830' title='bbox 3208 5423 3365 5479; x_wconf 67' lang='lat' dir='ltr'>diffe-</span> 
     </span>
    </p>
   </div>
   <div class='ocr_carea' id='block_1_114' title="bbox 1779 5512 3401 5561">
    <p class='ocr_par' dir='ltr' id='par_1_114' title="bbox 1779 5512 3401 5561">
     <span class='ocr_line' id='line_1_114' title="bbox 1779 5512 3401 5561; baseline -0.008 0"><span class='ocrx_word' id='word_1_831' title='bbox 1779 5512 1956 5561; x_wconf 88' lang='lat' dir='ltr'>ratur.</span> <span class='ocrx_word' id='word_1_832' title='bbox 3396 5513 3401 5519; x_wconf 64' lang='grc' dir='ltr'><em>τ</em></span> 
     </span>
    </p>
   </div>
   <div class='ocr_carea' id='block_1_115' title="bbox 1851 5595 3376 5671">
    <p class='ocr_par' dir='ltr' id='par_1_115' title="bbox 1851 5595 3376 5671">
     <span class='ocr_line' id='line_1_115' title="bbox 1851 5595 3376 5671; baseline 0.008 -20"><span class='ocrx_word' id='word_1_833' title='bbox 1851 5595 1982 5652; x_wconf 84' lang='lat' dir='ltr'>Haec</span> <span class='ocrx_word' id='word_1_834' title='bbox 2011 5598 2145 5651; x_wconf 87' lang='lat' dir='ltr'>sunt</span> <span class='ocrx_word' id='word_1_835' title='bbox 2160 5599 2420 5668; x_wconf 90' lang='lat' dir='ltr'>tempora</span> <span class='ocrx_word' id='word_1_836' title='bbox 2448 5597 2650 5671; x_wconf 89' lang='lat' dir='ltr'>quibus</span> <span class='ocrx_word' id='word_1_837' title='bbox 2677 5597 2881 5656; x_wconf 89' lang='lat' dir='ltr'>fratres</span> <span class='ocrx_word' id='word_1_838' title='bbox 2918 5600 3099 5659; x_wconf 88' lang='lat' dir='ltr'>minui</span> <span class='ocrx_word' id='word_1_839' title='bbox 3137 5619 3251 5662; x_wconf 90' lang='lat' dir='ltr'>non</span> <span class='ocrx_word' id='word_1_840' title='bbox 3276 5604 3376 5663; x_wconf 84' lang='lat' dir='ltr'>de-</span> 
     </span>
    </p>
   </div>
  </div>
