3852 6178
468 244 576 301 495
1451 242 1514 295 Β.
1558 242 1970 303 LANFRANCI

2145 245 2372 337 πωλῇ.
2415 246 2750 315 ARCHIEP.
3580 260 3666 339 499

464 367 619 434 bent,
652 366 762 423 nisi
787 364 1092 433 necessitas
1120 370 1283 435 cogat
1309 382 1321 417 :
1354 365 1403 420 si
1426 365 1483 420 in
1511 368 1757 421 crastino
1791 367 2058 422 festivitas
2078 373 2123 429 A
2153 385 2260 439 que
2279 367 2744 424 benedictionem.
2764 369 3019 424 veniendi
3049 370 3257 427 scilicet
3282 379 3434 446 atque
3451 383 3671 437 exeundi.

464 456 759 512 duodecim
780 454 1080 509 lectionum
1111 451 1206 514 sit.
1240 453 1484 526 exceptis
1526 455 1784 510 Sabbatis
1814 458 2061 521 Quadra-
2143 474 2246 512 nec
2275 456 2349 511 sit
2373 457 2422 511 ei
2454 463 2831 528 opportunum
2862 459 3072 523 statim,
3112 461 3195 515 vel
3224 450 3379 518 etiam
3412 484 3497 536 per
3521 474 3670 526 totam

460 544 690 617 gesimaa
717 559 896 616 usque
932 542 1004 597 ad
1048 542 1376 597 Passionem
1426 543 1670 608 Domini,
1724 544 1770 599 si
1818 547 2061 601 crastina
2143 545 2321 618 ipsam
2368 546 2518 600 diem
2559 547 2728 612 exire,
2763 547 2833 601 ad
2865 556 3219 621 quotcunque
3248 552 3403 607 horas
3428 556 3481 609 in
3508 575 3676 613 mona-

459 634 552 690 die
576 633 844 690 festivitas
873 631 1048 687 trium
1081 631 1385 687 lectionum
1411 632 1504 700 sit,
1556 633 1613 688 in
1646 651 1759 706 qua
1805 635 1974 690 missa
2003 636 2061 691 in
2142 635 2313 691 sterio
2332 635 2506 690 fuerit
2521 636 2758 706 accipiat
2771 636 3188 693 benedictiones
3203 641 3676 709 veniendi,excundi

457 723 649 795 cappis
677 721 1013 791 celebretur,
1050 721 1201 776 sicut
1220 726 1355 776 sunt
1383 730 1497 777 tres
1525 723 1644 778 dies
1668 730 1796 795 post
1823 726 2055 791 Pascha,
2141 742 2271 779 vero
2303 724 2561 791 minime;
2595 723 2701 778 nisi
2734 725 2876 780 forte
2926 712 3225 796 contigerit
3244 720 3369 785 eum
3392 732 3504 804 ipsa
3542 722 3680 794 nocte

455 818 514 870 et
539 818 656 868 tres
690 815 822 884 post
860 811 1250 881 Pentecosten,
1308 813 1732 883 quatuordecim
1762 813 1882 869 dies
1925 821 2057 870 ante
2139 813 2197 868 in
2228 811 2566 868 monasterio
2598 830 2909 881 remanere,
2952 821 3087 872 tunc
3114 818 3262 872 enim
3285 817 3341 874 in
3360 822 3597 893 crastino,
3642 824 3682 881 si

454 901 692 968 Pascha,
717 901 766 957 si
796 900 921 972 ipsa
946 900 1037 956 die
1063 901 1152 955 vel
1177 899 1235 955 in
1267 901 1512 957 crastino
1543 904 1810 958 canonica
1832 904 2054 975 jejunia
2103 959 2110 971 ,
2138 904 2289 958 exire
2317 902 2576 969 voluerit,
2604 903 2874 975 suscipiat
2901 921 3045 959 eam.
3310 904 3315 909 ’

452 980 587 1056 sint,
633 1009 757 1065 quae
803 989 1002 1047 violari
1029 1007 1143 1046 non
1172 989 1421 1062 possint;
1456 988 1731 1047 festivitas
1783 994 2051 1048 Omnium
2203 994 2289 1048 Ad
2315 1010 2592 1066 vesperas,
2612 995 2696 1048 vel
2717 993 2787 1048 ad
2809 995 3235 1066 completorium
3257 1015 3531 1073 nunquam
3544 1002 3686 1060 debet

453 1082 806 1148 Sanctorum,
838 1082 971 1154 quia
1000 1081 1060 1134 in
1085 1080 1331 1135 crastino
1375 1098 1570 1136 omnes
1599 1082 1921 1138 sacerdotes
1949 1101 2050 1156 pro
2133 1080 2581 1138 daribenedictio
2602 1083 2859 1150 exeundi;
2880 1084 3304 1158 frater,accepta
3317 1087 3683 1163 benedictione,

449 1169 738 1226 Defunctis
765 1169 968 1224 missas
1000 1167 1304 1236 celebrare,
1334 1175 1390 1224 et
1420 1169 1623 1243 reliqui
1661 1164 1911 1244 psalmos
1949 1190 2049 1245 pro
2132 1172 2180 1226 si
2234 1173 2563 1244 priusquam
2608 1164 2677 1226 de
2720 1169 2986 1228 claustro
3009 1182 3171 1228 exeat
3198 1171 3415 1246 signum
3447 1181 3690 1252 regularis

448 1259 634 1317 missis
654 1259 942 1316 ordinatos
970 1258 1155 1313 dicere
1184 1252 1409 1313 debent.
1784 1258 1790 1263 ’
2130 1261 2282 1317 horae
2330 1263 2601 1325 sonuerit,
2650 1278 2777 1317 cum
2811 1263 3027 1317 caeteris
3056 1264 3114 1318 in
3161 1266 3391 1321 chorum
3418 1262 3623 1341 pergat,
3641 1277 3689 1326 et

466 1350 473 1353 “
1039 1342 1273 1403 CAPUT
1301 1346 1456 1403 XIII.
2131 1348 2281 1405 dicta
2326 1349 2483 1412 hora.
2516 1350 2574 1404 in
2600 1350 2748 1405 viam
2786 1367 2945 1405 suam
2991 1345 3284 1422 vadat;'si
3325 1350 3507 1435 autem
3553 1364 3690 1412 extra

735 1440 809 1494 De
836 1437 1261 1519 hebdomadario
1292 1438 1471 1491 missa:
1494 1441 1757 1507 maioris.
2131 1439 2436 1494 claustrum
2466 1439 2656 1506 fuerit,
2677 1444 2733 1494 et
2752 1441 3081 1512 priusquam
3102 1447 3321 1512 portam
3350 1446 3510 1500 curiae
3530 1463 3690 1519 egres-

518 1529 661 1585 Cum
686 1518 964 1583 sacerdoti
994 1525 1226 1598 majoris
1257 1520 1444 1581 missae
1473 1524 1913 1582 hebdomadario
1942 1528 2047 1582 ali-
2131 1544 2227 1582 sus
2256 1528 2346 1593 sit,
2377 1529 2448 1582 ad
2469 1529 2785 1600 regularem
2817 1530 3012 1584 horam
3042 1531 3265 1601 signum
3298 1518 3575 1604 pulsatum
3593 1522 3693 1591 fue-

445 1610 890 1688 quiddormienti
915 1614 1181 1695 evenerit,
1211 1621 1443 1697 propter
1470 1616 1620 1688 quod
1650 1610 1774 1688 ipsa
1801 1608 1892 1671 die
1915 1608 2100 1697 mis-_
2126 1617 2220 1682 rit,
2252 1618 2322 1671 ad
2356 1617 2648 1673 ecclesiam
2688 1610 2883 1673 redeat
2911 1627 2965 1673 et
2993 1621 3308 1690 regularem
3340 1623 3530 1678 horam
3554 1606 3695 1679 extra

439 1714 571 1761 sam.
609 1704 893 1761 celebrare
919 1690 1051 1759 1'10“.
1083 1688 1303 1770 debeat,
1352 1688 1399 1759 Si
1448 1705 1617 1760 fuerit
1654 1707 1873 1777 privata
1899 1688 2104 1785 dies,l'3
2126 1706 2359 1785 chorum
2379 1706 2548 1765 dicat.
2572 1713 2629 1761 et
2648 1713 2841 1779 postea
2869 1707 3015 1762 viam
3046 1688 3206 1765 suam
3239 1698 3459 1785 teneat.
3644 1700 3651 1707 ’
3678 1700 3679 1705 “

437 1810 553 1851 non
600 1788 850 1851 dimittat
897 1794 1205 1866 quidquam
1233 1793 1417 1849 facere
1448 1794 1517 1849 de
1543 1811 1645 1849 suo
1685 1796 1887 1862 ofﬁcio,
1932 1796 2043 1851 nisi
2076 1782 2080 1785 ’
2195 1782 2557 1861 Fasciolatus,
2609 1802 2707 1851 aut
2738 1795 2971 1863 cinctus,
3021 1798 3135 1852 sive
3172 1816 3302 1854 cum
3346 1792 3537 1880 cappa,
3569 1819 3699 1880 nun-

436 1885 691 1950 missam,
719 1890 778 1939 et
799 1882 1245 1938 benedictionem
1269 1883 1327 1955 in
1357 1883 1671 1951 refectorio,
1713 1891 1772 1939 et
1798 1887 2042 1957 comple-
2126 1900 2293 1955 quam
2312 1885 2370 1939 in
2392 1886 2697 1940 claustrum
2731 1885 2997 1963 introeat.
3028 1887 3255 1955 Fratres
3272 1889 3328 1943 in
3341 1874 3488 1944 viam
3500 1874 3698 1958 directi,

436 1977 811 2048 torium,quia
834 1992 982 2048 aqua
1006 1974 1303 2047 benedicta
1326 1980 1454 2046 post
1475 1977 1901 2048 completorium
1922 1978 2037 2033 fra-
2119 1991 2247 2028 cum
2268 1975 2463 2030 horam
2485 1975 2802 2046 regularem
2821 1966 3017 2030 dicunt
3035 1968 3136 2031 aut
3158 1979 3474 2034 orationem
3486 1980 3696 2046 faciunt,

434 2070 553 2120 tres
590 2081 889 2138 aspergere
909 2064 979 2119 ad
1008 2064 1192 2136 ipsum
1221 2063 1466 2137 pertinet
1486 2064 1582 2137 qui
1601 2066 2034 2140 completorium
2118 2068 2218 2118 aut
2249 2064 2387 2118 Deus
2431 2067 2495 2139 in
2534 2067 2888 2135 adiutorium
2932 2082 3135 2132 meum,
3181 2084 3311 2122 cum
3343 2069 3530 2127 Gloria
3556 2072 3699 2137 Patri

433 2150 576 2209 dixit
603 2160 662 2209 et
687 2154 917 2231 missam
947 2152 1266 2208 celebravit.
1668 2140 1671 2159 ³
1840 2148 1843 2151 ’
1996 2228 2007 2233 Δ
2117 2146 2328 2219 dicunt,
2361 2153 2408 2207 si
2437 2153 2556 2208 dies
2580 2151 2710 2208 talis
2739 2159 2844 2216 est,
2875 2153 3019 2209 sicut
3049 2154 3109 2208 in
3143 2144 3509 2233 monasterio,
3537 2148 3707 2233 genua

449 2236 457 2325 ί
504 2234 665 2308 Quod
721 2243 768 2299 si
816 2228 1109 2321 duodecim
1168 2242 1436 2298 lectiones
1500 2242 1729 2315 fuerint,
1788 2228 2037 2301 dimittat
2116 2234 2363 2321 flectant,
2380 2243 2482 2297 sed
2513 2248 2643 2297 ante
2667 2248 2724 2296 et
2747 2248 2897 2297 retro
2918 2228 3200 2323 nusquam
3234 2228 3571 2325 faciant,nec
3590 2228 3702 2303 cum

432 2324 605 2388 etiam
642 2348 922 2405 vesperas,
975 2324 1285 2387 matutinas
1339 2350 1563 2406 quoque
1616 2334 1832 2401 laudes,
1868 2336 1915 2390 si
1944 2328 2033 2411 'ad
2106 2331 2643 2397 talluntur,veniam
2668 2337 2880 2402 petant,
2899 2332 3008 2386 nisi
3030 2332 3145 2387 sint
3173 2333 3233 2411 in
3256 2321 3512 2411 ecclesia,
3529 2324 3707 2392 diebus

429 2423 586 2496 ipsas
610 2422 867 2477 revestiri
896 2420 1097 2476 debeat
1131 2422 1412 2477 sacerdos.
1451 2422 1640 2478 Finita
1670 2429 1861 2479 autem
1880 2406 2033 2496 priii-
2115 2420 2317 2492 quibus
2347 2437 2518 2491 super
2545 2421 2752 2475 formas
2781 2427 2945 2476 orant
2972 2420 3179 2476 dicturi
3214 2406 3470 2496 aliquam
3501 2426 3700 2503 heram,

432 2511 600 2589 cipali
625 2512 900 2589 oratione,
922 2528 1050 2567 cum
1079 2512 1342 2567 sacerdos
1369 2512 1685 2579 revestitus,
1722 2514 1818 2585 qui
1843 2531 1944 2586 pro
1965 2532 2029 2570 eo
2113 2510 2159 2564 si
2190 2510 2445 2581 equitant
2485 2509 2554 2564 de
2592 2511 2750 2582 equis
2779 2510 3140 2578 descendant,
3174 2518 3233 2566 et
3262 2513 3532 2569 inchoata
3558 2510 3704 2579 hora,

422 2586 561 2657 facit
587 2586 852 2676 officium,
878 2600 1078 2657 exierit
1104 2594 1175 2656 de
1212 2602 1403 2670 choro,
1427 2604 1688 2658 sacerdos
1720 2602 2026 2660 hebdoma-
2111 2617 2176 2654 ac
2220 2600 2381 2654 venia
2410 2600 2606 2671 petita,
2637 2617 2671 2654 a
2701 2598 2960 2654 manibus
2988 2600 3367 2664 chirothecas.
3402 2610 3460 2657 et
3495 2620 3529 2657 a
3567 2604 3702 2675 capi-

424 2691 618 2747 darius
638 2692 697 2746 in
718 2680 1051 2769 quacunque
1071 2686 1233 2763 parte
1258 2692 1414 2747 chori
1435 2692 1689 2759 sit,nullo
1709 2699 2025 2765 exspectato
2106 2689 2256 2744 tibus
2304 2689 2509 2763 capitia
2534 2690 2813 2757 auferant,
2844 2695 2901 2744 et
2939 2689 3020 2763 sic
3046 2691 3298 2769 ascensis
3337 2688 3507 2769 equis
3523 2682 3708 2748 horam

345 2843 353 2852 ,
422 2780 585 2853 signo
614 2765 894 2852 compleat
920 2779 1139 2852 reliqua
1163 2781 1351 2836 omnia
1378 2798 1500 2853 quae
1532 2788 1870 2853 sequuntur,
1981 2776 1987 2780 ’
2104 2774 2324 2834 ﬁniant.
2513 2779 2516 2782 η
2956 2770 2959 2775 ·
3128 2770 3135 2777 ι
3218 2768 3225 2781 ι
3256 2770 3287 2781 ι.
3430 2762 3435 2779 .
3470 2765 3476 2769 ι
3562 2768 3566 2791 ,
3668 2776 3669 2779 η

495 2870 637 2925 Cum
663 2876 854 2924 autem
878 2868 998 2941 ipse
1014 2868 1489 2926 hebdomadarius
1514 2872 1814 2926 revestitus
1834 2877 2025 2927 cantat
2179 2867 2338 2931 Quod
2390 2867 2436 2921 si
2485 2867 2635 2921 inter
2678 2867 3033 2938 psallendum
3082 2870 3404 2925 necessitas
3451 2869 3710 2942 loquendi

418 2974 700 3035 vesperas,
718 2964 819 3013 aut
843 2957 1153 3013 matutinas
1181 2957 1397 3025 laudes,
1416 2965 1474 3015 et
1504 2961 1784 3031 completa
1812 2962 2022 3032 princi-
2105 2955 2343 3023 eveniat,
2395 2955 2555 3009 ﬁnita
2601 2955 2903 3019 locutione.
2938 2957 3142 3011 iterum
3198 2958 3233 3013 a
3288 2960 3479 3035 capite
3528 2952 3716 3014 horam

419 3051 535 3122 pali
564 3044 816 3104 oratione
846 3042 1135 3119 egreditur
1161 3038 1394 3104 chorum
1410 3054 1476 3104 ut
1499 3040 1756 3117 exuatur,
1775 3057 1910 3105 tunc
1928 3052 2025 3106 uni
2045 3053 2088 3114 C
2111 3044 2380 3116 incipiant
2405 3040 2419 3113 ς
2470 3045 2603 3099 dum
2634 3044 2771 3099 hora
2802 3034 2861 3098 in
2906 3045 3150 3119 hospitio
3184 3034 3439 3113 canitur.
3466 3036 3573 3103 aut
3598 3065 3718 3103 cum

419 3140 490 3195 de
517 3155 620 3194 suo
656 3139 825 3193 choro
855 3136 944 3193 eui
970 3136 1214 3192 voluerit
1238 3124 1461 3210 signum
1484 3138 1653 3194 faciat
1682 3149 1744 3194 ut
1769 3148 1901 3212 agat
1923 3128 2024 3213 pro
2107 3134 2470 3201 manducant,
2522 3133 2721 3187 fI‘OCCiS
2768 3126 2950 3217 induti
3006 3133 3142 3203 Sint,
3191 3142 3300 3191 aut
3329 3139 3469 3217 solis
3499 3129 3720 3213 cucullis

417 3244 484 3283 eo
507 3218 1098 3282 commemorationem
1131 3227 1485 3281 Sanctorum.
1515 3222 1859 3295 πεδ’ριια
1876 3220 2025 3284 com-
2105 3231 2363 3277 cunctam
2413 3223 2806 3294 psalmodiam,
2834 3212 3029 3294 {quam
3078 3225 3140 3278 in
3199 3233 3374 3281 nocte
3422 3212 3508 3282 eis
3538 3212 3715 3282 dicere

416 3310 588 3389 pleta,
617 3314 1091 3371 hebdomadarius
1120 3314 1719 3372 reversusinchorum
1740 3317 2023 3390 compleat
2103 3310 2457 3366 commodum
2503 3328 2617 3365 non
2660 3315 2762 3377 est,
2811 3311 3131 3383 equitantes
3162 3331 3271 3386 per
3314 3306 3469 3371 viam
3515 3308 3714 3382 dicant,

1070 3404 1075 3407 ’
2100 3406 2305 3472 praeter
2333 3417 2456 3454 eam
2488 3416 2657 3472 quam
2687 3400 2744 3454 in
2775 3400 2867 3455 die
2896 3400 3079 3456 dicere
3107 3403 3302 3458 solent
3333 3407 3407 3460 ad
3438 3396 3718 3478 complen-

419 3422 543 3488 (μιεὲ
562 3410 896 3478 sequuntur.

474 3494 481 3499 ’
534 3492 539 3495 ⁴
1015 3492 1250 3548 CAPUT
1276 3493 1425 3548 XIV.
2102 3489 2236 3544 dum
2267 3490 2542 3551 ordinem,
2587 3491 2658 3543 ad
2702 3489 2987 3544 vitandam
3013 3492 3444 3561 curiositatem,
3476 3494 3720 3551 scurrili-

806 3584 881 3637 De
907 3583 1309 3636 itinerantibus
1337 3584 1636 3650 fratribus.
2101 3584 2297 3642 tatem,
2353 3578 2714 3644 otiositatem,
2778 3574 3081 3652 antequam
3136 3582 3468 3639 dormitum
3499 3574 3718 3651 vadan’t,

491 3672 709 3740 Frater,
740 3670 801 3726 in
822 3669 1052 3743 aliquod
1080 3670 1189 3725 iter
1219 3671 1572 3743 profecturus
1599 3676 1653 3726 et
1682 3671 1741 3726 in
1772 3674 2015 3728 crastino
2101 3668 2528 3740 completorium
2584 3668 2791 3723 dicant-
2845 3669 2966 3733 QUO
3013 3670 3163 3725 dicto
3204 3672 3258 3726 si
3304 3674 3573 3747 grandis,
3606 3690 3724 3746 qua

415 3777 532 3817 non
559 3776 906 3828 reversurus,
941 3748 1647 3839 accipiat‘benedictionem
1677 3763 1944 3831 exeundi;
1967 3763 2016 3817 si
2098 3757 2263 3811 vitari
2291 3774 2406 3811 non
2433 3756 2654 3824 debeat,
2683 3758 2989 3813 necessitas
3012 3759 3290 3831 loquendi
3322 3762 3722 3831 eveniat,dicto

413 3867 550 3907 vero
571 3849 870 3921 contigerit
898 3855 961 3905 ut
986 3846 1165 3903 altera
1180 3848 1269 3903 die
1290 3855 1624 3914 revertatur,
1639 3866 1751 3905 non
1780 3851 2018 3923 accipiat
2097 3863 2455 3918 versu,quam
2469 3845 2689 3901 brevius
2714 3847 2838 3901 ﬁeri
2860 3848 3036 3919 possit
3054 3849 3407 3921 loquantur.
3437 3853 3510 3908 Et
3529 3853 3578 3908 si
3599 3856 3724 3907 ante

413 3938 862 3994 benedictionem
911 3936 1267 4006 revertendi;
1321 3938 1369 3992 si
1417 3944 1607 3992 autem
1660 3938 2013 4009 profecturus
2095 3936 2403 3991 matutinas
2422 3935 2524 3990 hoc
2548 3935 2784 4000 accidat,
2806 3932 3243 4009 completorium
3265 3941 3492 3997 iterum
3512 3940 3718 4013 dicant,

413 4035 606 4103 sperat
640 4045 702 4082 se
722 4027 781 4082 in
806 4026 1051 4082 crastino
1081 4024 1414 4094 rediturum,
1443 4043 1557 4081 non
1584 4025 1823 4099 accipiat
1854 4028 2016 4083 bene-
2095 4032 2152 4080 et
2182 4032 2377 4098 postea
2405 4025 2690 4080 silentium
2722 4032 2971 4081 teneant.
3021 4026 3379 4104 Ubicunque
3411 4020 3728 4088 monachus

412 4118 717 4174 dictionem
747 4114 938 4172 eundi.
967 4116 1129 4181 Quod
1155 4116 1203 4170 si
1225 4116 1476 4172 evenerit
1506 4125 1569 4170 ut
1596 4117 1747 4171 ultra
1772 4116 2004 4173 biduum
2095 4116 2186 4183 sit,
2220 4121 2340 4169 tota
2368 4120 2530 4169 nocte
2560 4121 2691 4169 ante
2716 4132 2845 4189 eum
2878 4116 3069 4171 lumen
3100 4120 3342 4176 ardeat.

408 4214 682 4276 moretur,
713 4223 971 4263 reversus
1002 4194 1341 4261 revertendi
1370 4204 1815 4261 benedictionem
1861 4206 2007 4261 acci-
2159 4204 2239 4259 De
2272 4204 2558 4259 monachis
2586 4204 2644 4258 in
2664 4204 2807 4258 viam
2843 4205 3070 4261 directis
3087 4207 3250 4264 hunc
3283 4227 3523 4267 morem
3554 4227 3734 4267 caeno-

410 4299 551 4372 piat.
591 4296 692 4355 Ille
734 4314 863 4353 vero
918 4295 1092 4352 frater
1139 4296 1256 4371 qui,
1288 4302 1515 4385 accepta
1542 4294 1815 4369 pergendi
1845 4293 2184 4397 bene-Dbia
2210 4293 2307 4348 illa
2350 4300 2543 4349 tenent
2592 4311 2714 4365 quae
2760 4306 2951 4349 nostro
2980 4300 3246 4369 tempore
3288 4294 3734 4357 nostri‘ordinis

409 4386 674 4455 dictione,
706 4387 858 4441 ultra
889 4386 1125 4441 biduum
1155 4378 1409 4441 moratus
1452 4384 1641 4453 fuerit,
1691 4385 1739 4440 si
1764 4385 1887 4458 ipso
1916 4387 2008 4442 die
2028 4378 2074 4397 "
2093 4385 2364 4455 majorem
2389 4384 2781 4439 auctoritatem
2809 4384 3037 4440 habent.
3071 4382 3297 4444 Beatus
3320 4397 3531 4447 tamen
3557 4392 3734 4447 Bene-

409 4494 523 4552 quo
550 4476 784 4532 redierit
806 4477 867 4531 in
896 4475 1144 4548 aliquem
1197 4476 1385 4530 locum
1415 4482 1573 4530 extra
1603 4476 2010 4531 monasterium
2093 4472 2274 4529 dictus
2302 4490 2518 4528 moram
2544 4473 2761 4529 dierum
2791 4490 2905 4529 non
2935 4476 3318 4545 determinat,
3335 4482 3445 4536 sed
3477 4474 3736 4537 absolute

408 4566 738 4639 perrexerit,
776 4569 834 4619 et
869 4564 1039 4620 unius
1066 4564 1245 4619 noctis
1286 4560 1501 4619 moram
1534 4565 1745 4633 fecerit,
1790 4566 1849 4619 in
1893 4582 2011 4620 cra-
2090 4562 2333 4635 imperat
2360 4568 2425 4618 ut
2446 4563 2516 4617 de
2546 4563 2749 4619 itinere
2764 4562 3022 4620 reversus
3036 4570 3373 4626 monachus
3401 4588 3510 4645 per
3533 4587 3735 4626 omnes

408 4654 559 4711 stino
589 4670 847 4709 reversus
877 4670 1072 4708 omnes
1111 4654 1429 4708 revertendi
1467 4654 1881 4710 benedictiones
1922 4672 2009 4710 ac-
2090 4653 2386 4707 canonicas
2415 4651 2583 4708 horas
2600 4652 3050 4709 benedictionem
3073 4652 3358 4730 accipiat.
3488 4658 3495 4664 ’

407 4744 598 4818 cipiat,
633 4742 765 4816 quia
793 4759 858 4797 ex
885 4759 995 4815 quo
1020 4742 1270 4814 primum
1300 4741 1441 4797 abiit
1468 4760 1580 4798 non
1602 4744 1791 4814 jacuit
1812 4745 1871 4799 in
1893 4762 2009 4800 mo—
2164 4738 2167 4741 ’
2687 4742 2922 4798 CAPUT
2961 4743 3077 4798 XV.

407 4822 676 4889 nasterio.
710 4832 769 4889 Si
798 4846 933 4887 vero
981 4832 1103 4886 sine
1135 4831 1525 4888 benedictione
1563 4840 1741 4901 exeat,
1774 4852 2006 4906 sperans
2582 4832 2656 4886 De
2684 4833 2904 4886 silentio
2934 4836 3217 4901 regulari.

405 4938 467 4979 se
495 4921 555 4977 in
583 4920 827 4977 crastino
865 4919 1202 4987 rediturum,
1233 4927 1288 4976 et
1308 4921 1390 4975 ita
1419 4921 1656 4989 eveniat,
1684 4930 1854 4994 atque
1885 4924 2007 4995 ipsa
2159 4918 2300 4974 Cum
2356 4918 2633 4990 regularis
2687 4919 2846 4984 hora,
2893 4927 3099 4992 praeter
3148 4925 3654 4998 completorium,
3686 4925 3745 4980 in

404 5010 497 5065 die
525 5027 637 5082 qua
681 5009 849 5065 rediit
893 5014 1051 5064 extra
1078 5008 1507 5079 monasterium,
1553 5009 1650 5064 ubi
1698 5027 1811 5066 una
1841 5019 2004 5066 nocte
2086 5007 2427 5063 monasterio
2456 5010 2696 5077 canitur,
2733 5010 2922 5064 nullus
2966 5010 3216 5067 fratrum
3251 5013 3559 5088 loquatur
3592 5019 3751 5073 intra

402 5107 676 5169 moretur,
706 5100 767 5155 in
797 5098 1044 5170 aliquem
1096 5100 1280 5154 locum
1319 5105 1536 5172 pergat,
1585 5116 1843 5155 reversus
1881 5100 2003 5172 ipsa
2084 5098 2335 5153 otiicinas
2358 5098 2532 5153 totius
2562 5100 2912 5167 monasterii,
2939 5116 3042 5155 nec
3064 5100 3222 5156 infra
3256 5107 3465 5161 totam
3494 5108 3749 5178 curiam,

402 5190 493 5247 die
524 5207 720 5247 omnes
766 5188 1084 5245 revertendi
1134 5188 1554 5244 benedictiones
1585 5188 1840 5261 accipiat.
1880 5190 1998 5245 Hoc
2082 5205 2184 5243 nec
2235 5188 2405 5242 etiam
2438 5189 2496 5242 in
2524 5189 2691 5243 domo
2724 5190 3101 5259 infirmorum,
3152 5199 3399 5263 praeter
3426 5196 3572 5253 illos
3606 5215 3750 5270 quos

396 5288 697 5354 propterea
726 5280 809 5347 fit,
834 5279 967 5351 quia
1004 5278 1221 5333 duabus
1242 5279 1523 5333 continuis
1552 5279 1808 5334 noctibus
1838 5286 1997 5334 extra
2079 5283 2240 5332 tanta
2264 5277 2565 5332 inﬁrmitas
2597 5279 2887 5350 angustiat
2913 5285 2974 5333 ut
3004 5296 3099 5334 eos
3129 5279 3401 5339 interim
3440 5287 3753 5342 silentium

395 5360 803 5426 monasterium
820 5369 1016 5424 fuit.In
1043 5369 1297 5423 exeundo
1313 5368 1525 5423 nullam
1548 5367 1994 5423 benedictionem
2076 5374 2269 5447 tenere
2299 5384 2412 5422 non
2437 5369 2603 5423 sinat.
2638 5368 3079 5441 Completorium
3110 5386 3256 5426 vero
3293 5374 3450 5431 dum
3490 5379 3751 5447 canitur,

396 5460 654 5534 accipiat,
672 5459 782 5517 nisi
804 5459 956 5514 ultra
970 5457 1207 5515 biduum
1233 5474 1293 5513 se
1313 5458 1669 5514 moraturum
1691 5458 1989 5515 existimet.
2074 5444 2207 5513 licet
2229 5457 2403 5531 priori
2432 5463 2490 5514 et
2517 5458 2596 5514 eis
2621 5458 2718 5531 qui
2755 5476 2857 5531 per
2883 5459 3173 5515 licentiam
3227 5456 3313 5518 de
3347 5444 3753 5540 completorio

466 5550 527 5605 Si
553 5550 729 5606 frater
755 5548 993 5622 quilibet
1019 5547 1095 5621 de
1114 5546 1252 5603 foris
1274 5547 1504 5605 veniens
1523 5547 1760 5637 accipiat
1779 5553 1992 5606 utram-
2073 5554 2389 5637 remanent,
2422 5549 2491 5623 de
2521 5548 2752 5637 utilibus
2780 5555 2838 5606 et
2864 5548 3209 5635 necessariis
3248 5552 3451 5632 rebus
3482 5556 3677 5637 loqui.
3700 5540 3705 5545 i
