3852 6178
209 242 313 336 ἥγ’
1140 244 1472 334 Dacaim
1509 248 1661 333 PR'O'
1694 248 1770 334 oi

1899 276 1969 333 (Ε
2007 278 2064 332 s.
2106 248 2510 335 amnica.
3364 242 3469 339 458‘

268 386 530 459 Similiter
552 405 687 462 dum
717 390 1035 479 regularem
1064 406 1261 462 horam
1295 394 1497 461 fratres
1527 406 1585 461 in
1614 407 1784 461 eccle—
1804 410 1854 468 Α
1875 423 2052 462 unum
2080 404 2149 461 de
2172 404 2509 473 senioribus,
2540 405 2628 462 cui
2658 421 2789 461 eum
2817 405 3242 462 custodiendum
3273 390 3469 464 secure

208 493 278 548 sia
302 492 513 560 dicunt,
562 496 749 551 nullus
796 497 1055 552 comedat
1094 495 1151 573 in
1200 496 1510 561 refectorio,
1559 500 1786 570 excepto
1870 496 2047 569 possit
2071 495 2445 562 committere,
2478 496 2721 567 quicum
2737 495 2808 550 ad
2834 497 3002 552 horas
3021 497 3243 564 ducere,
3267 502 3324 552 et
3341 484 3471 570 post

207 582 308 637 solo
329 583 691 657 completorio
716 606 729 660 5
762 592 897 642 tunc
916 587 1062 641 enim
1086 587 1215 641 licet
1235 586 1313 640 eis
1332 585 1450 658 qui,
1474 584 1787 657 aliquauti-
1869 587 2036 640 horas
2064 586 2134 640 ad
2164 585 2348 640 locum
2406 601 2570 639 suum
2622 585 2824 640 debeat
2862 602 2991 641 eum
3038 587 3326 644 reducere.
3359 587 3469 668 Qui

204 670 343 725 litate
373 668 648 745 impediti,
698 680 828 730 ante
878 675 1030 731 illam
1064 676 1260 730 horam
1293 692 1351 729 se
1382 675 1643 747 expedire
1673 691 1782 730 non
1868 675 2055 731 senior
2106 680 2233 748 post
2268 675 2574 746 capitulum
2603 681 2817 729 secreto
2861 675 2931 729 ab
2968 674 3168 731 abbate
3214 670 3471 749 inquirat

202 767 439 842 possunt,
472 767 529 817 et
555 762 820 820 fratribus
851 766 945 837 qui
975 766 1181 820 deforis
1210 765 1443 843 veniunt
1492 764 1783 819 comedere
1867 782 1976 837 quo
2007 764 2202 819 ordine
2226 764 2402 818 frater
2428 764 2523 818 ille
2554 763 2715 831 vivet,
2768 769 2825 819 et
2873 765 3007 838 quid
3051 766 3151 820 aut
3188 781 3299 837 qua
3326 766 3468 822 hora

203 854 377 917 :86
412 851 471 906 in
498 851 807 909 refectorio.
840 855 947 921 Qui
1004 855 1050 909 si
1102 860 1234 909 ante
1264 854 1618 910 collationem
1650 854 1784 909 inci-

198 939 402 1012 pientes
431 943 721 998 comedere
757 945 905 999 circa
949 944 1120 1000 finem
1169 943 1517 1016 completorii
1563 961 1778 1000 coenam

200 1045 343 1083 suam
373 1030 669 1086 commode
701 1034 923 1106 explere
946 1050 1056 1088 non
1086 1033 1293 1096 valent,
1313 1034 1446 1087 licet
1473 1033 1554 1087 eis
1579 1050 1613 1087 a
1630 1050 1781 1088 men-

200 1136 253 1173 sa
299 1135 555 1190 surgere,
612 1112 669 1177 et
714 1123 772 1177 in
802 1124 1205 1178 monasterium
1236 1122 1307 1176 ad
1338 1122 1780 1178 benedictionem

198 1207 288 1269 ire,
317 1216 376 1263 et
403 1216 599 1281 postea
631 1210 691 1266 in
730 1212 1089 1268 refectorium
1128 1213 1199 1268 ad
1245 1211 1635 1283 complendam
1677 1229 1782 1267 coe—

197 1312 314 1352 nam
341 1298 552 1357 redire.

782 1391 1017 1447 CAPUT
1043 1391 1189 1446 XVI.

560 1479 632 1533 De
657 1483 833 1551 culpis
863 1485 912 1533 ct
938 1482 1425 1550 satis/actionibus.

256 1566 335 1621 Ad
359 1556 503 1623 levis
518 1568 693 1641 culpae
705 1569 1143 1625 satisfactionem
1170 1571 1523 1642 adjudicatus
1552 1571 1728 1625 frater
1752 1590 1785 1627 a

193 1656 473 1711 communi
503 1674 696 1712 mensa
714 1664 1027 1731 separatur,
1044 1677 1250 1714 usurus
1274 1659 1394 1714 cibo
1424 1665 1481 1714 et
1508 1665 1643 1731 potu
1665 1659 1784 1731 qui-

1863 853 2155 909 comedere
2184 851 2404 918 debeat,
2436 851 2702 929 loquatur
2721 853 2770 905 ei
2786 852 2960 907 frater
2989 853 3102 920 ille,
3135 857 3193 908 et
3210 854 3305 908 alii
3336 851 3466 924 qui-
3543 870 3551 878 '

1862 942 1968 997 bus
1997 941 2169 996 abbas
2194 940 2541 1013 praeceperit,
2570 946 2903 997 caeterorum
2931 947 3123 997 autem
3151 960 3337 998 memo
3378 942 3465 998 illi

1864 1033 2123 1098 societur,
2164 1049 2347 1105 neque
2377 1032 2748 1104 colloquatur.
3460 1102 3466 1107 η

1933 1122 2075 1176 Cum
2132 1121 2389 1193 pulsatur
2431 1120 2656 1192 signum
2702 1120 2773 1176 ad
2810 1121 3029 1188 horam,
3083 1122 3313 1177 custode
3362 1128 3464 1180 suo

1862 1211 2122 1276 ducente,
2182 1215 2444 1283 cooperto
2474 1210 2674 1283 capite,
2710 1214 2841 1265 ante
2875 1210 3082 1266 ostium
3137 1198 3471 1268 monasterii

1862 1300 2066 1359 veniat,
2098 1304 2175 1365 et,
2198 1300 2245 1353 si
2275 1305 2580 1355 conventus
2610 1300 2795 1354 adhuc
2823 1299 3225 1355 monasterium
3256 1317 3368 1355 non
3384 1301 3467 1356 in-

1862 1390 2052 1451 travit,
2076 1406 2369 1461 quousque
2397 1392 2551 1445 totus
2578 1388 2789 1444 introet
2817 1388 2895 1444 ibi
2916 1393 3233 1462 prostratus
3257 1389 3467 1461 jaceat;

1869 1476 1915 1531 si
1943 1495 2074 1532 vero
2106 1479 2224 1549 jam
2250 1477 2498 1544 intravit,
2534 1483 2645 1533 stet
2684 1477 2780 1545 ibi,
2817 1484 2874 1533 et
2900 1477 3150 1545 inclinet,
3185 1483 3243 1533 et
3280 1495 3471 1551 genua

1867 1565 2072 1632 flectat,
2106 1567 2251 1622 sicut
2276 1567 2477 1622 fratres
2508 1567 2603 1639 qui
2641 1567 2701 1622 in
2730 1567 2899 1622 choro
2926 1572 3077 1635 sunt,
3110 1567 3243 1622 dum
3274 1574 3469 1623 canta-

1866 1668 1960 1715 tur
1987 1661 2145 1724 hora,
2180 1660 2227 1715 si
2256 1660 2429 1731 aliqui
2454 1661 2657 1715 fratres
2680 1661 2846 1732 juxta
2873 1677 2934 1715 se
2965 1661 3314 1729 transierint,
3358 1662 3467 1716 hu-

192 1745 285 1800 bus
312 1746 417 1801 alii
450 1746 667 1815 fratres,
703 1748 812 1802 nisi
859 1748 909 1803 ei
961 1748 1294 1825 nominatim
1345 1748 1515 1803 fuerit
1556 1740 2076 1804 interdi-Bmiliter
2105 1749 2336 1805 inclinet
2365 1749 2465 1805 eis.
2495 1749 2846 1806 Transeunte
2895 1754 3031 1805 tunc
3086 1749 3289 1806 abbate
3343 1767 3469 1823 pro-

194 1840 351 1900 ctum,
386 1836 701 1891 refecturus
730 1838 864 1892 hora
897 1855 1068 1908 nona,
1098 1839 1144 1893 si
1170 1836 1375 1892 fratres
1399 1843 1571 1903 sexta,
1607 1838 1691 1892 vel
1710 1838 1783 1894 ad

192 1908 495 1996 vesperam,
529 1924 576 1980 si
604 1926 806 1981 fratres
836 1927 972 1982 hora
994 1944 1160 1982 nona.

206 2082 233 2093 Η
252 2010 310 2067 In
337 2014 687 2069 monasterio
717 2021 773 2069 et
802 2016 858 2071 in
888 2017 1151 2088 capitulo,
1180 2016 1237 2072 in
1264 2017 1383 2072 loco
1412 2017 1508 2073 ubi
1537 2018 1679 2072 solet
1700 2034 1783 2072 es-

189 2120 261 2166 se,
288 2102 362 2175 sit
392 2109 499 2181 aut
525 2104 757 2159 ultimus
782 2106 1056 2169 omnium,
1107 2112 1207 2161 aut
1259 2108 1407 2162 inter
1455 2112 1777 2180 utrumque,

190 2192 493 2247 secundum
523 2194 665 2267 quod
697 2194 862 2268 culpa
886 2194 1056 2250 fuerit
1081 2202 1137 2251 et
1165 2196 1337 2252 abbas
1360 2198 1706 2269 praeceperit.

246 2280 308 2337 In
355 2282 597 2337 ecclesia
649 2283 875 2339 missam
926 2303 1038 2340 non
1064 2285 1323 2352 celebret,
1370 2287 1664 2359 epistolam
1695 2286 1780 2341 vel

185 2370 499 2437 lectionem,
531 2375 881 2446 evangelium
897 2392 1006 2429 non
1029 2375 1197 2447 legat,
1231 2377 1649 2449 responsorium
1669 2393 1781 2432 non

182 2456 356 2524 canat,
389 2462 762 2535 antiphonam
794 2482 963 2537 super
988 2466 1234 2538 psalmos
1252 2482 1363 2520 non
1383 2466 1657 2539 imponat,
1680 2484 1782 2521 nec

182 2550 393 2622 aliquid
439 2551 776 2622 hujusmodi,
823 2554 929 2608 nisi
956 2571 1084 2608 cum
1119 2555 1334 2610 caeteris
1362 2561 1513 2626 agat,
1547 2556 1617 2610 ad
1644 2572 1778 2610 can-

181 2638 492 2706 delabrum,
525 2641 610 2695 vel
636 2640 707 2696 ad
732 2640 1084 2698 thuribulum
1132 2660 1242 2697 non
1295 2660 1355 2698 se
1393 2644 1677 2715 revestiat,
1707 2644 1779 2699 ad

178 2727 519 2784 offerendam
544 2730 631 2785 vel
646 2731 717 2785 ad
747 2748 939 2803 pacem
967 2749 1078 2787 non
1109 2732 1354 2787 accedat.

242 2815 409 2871 Circa
440 2818 607 2872 finem
649 2820 987 2890 regulariter
1013 2819 1259 2875 instituti
1293 2821 1478 2897 Operis
1507 2822 1629 2888 Dei,
1659 2826 1776 2876 tam

176 2904 226 2959 in
247 2914 416 2962 nocte
444 2898 612 2991 quam
640 2908 699 2987 in
724 2910 857 2985 die,
888 2904 1018 2966 cum
1054 2910 1331 2982 incipiunt
1369 2910 1537 2980 Kyrie
1579 2914 1777 2965 eleison

176 3008 499 3073 presternat
517 3019 578 3057 se
603 3010 735 3059 ante
770 3000 1011 3075 gradum
1056 3002 1152 3058 ubi
1188 3002 1604 3060 benedictiones
1632 3005 1775 3060 acci-

174 3078 428 3165 piuntur.
459 3093 651 3166 ibique
681 3078 878 3149 tandiu
903 3099 1218 3166 prostratus
1244 3094 1449 3164 jaceat,
1485 3111 1776 3167 usquequo

175 3170 410 3238 dicatur.
460 3183 574 3250 Qui
619 3187 796 3236 tecum
850 3184 984 3235 υιίϊι
1020 3201 1032 3248 ;
1077 3180 1125 3235 si
1182 3181 1452 3238 festivitas
1481 3183 1774 3238 duodecim

173 3267 473 3325 lectionum
505 3270 746 3331 eveniat,
772 3269 967 3324 tandiu
1000 3269 1069 3323 ab
1098 3270 1202 3325 hac
1220 3270 1599 3327 satisfactione
1622 3272 1775 3344 quie-

174 3366 278 3413 scat
306 3348 614 3432 quousque
641 3360 840 3431 privati
868 3359 988 3413 dies
1016 3360 1275 3428 redeant;
1317 3361 1451 3415 dum
1474 3361 1675 3417 fratres
1715 3362 1770 3416 in

172 3434 462 3504 refectorio
497 3448 822 3513 comedunt,
845 3449 964 3519 ipse
994 3449 1063 3503 sit
1093 3449 1151 3503 in
1172 3450 1423 3509 ecclesia.

236 3539 379 3593 Cum
394 3522 591 3593 abbati
606 3526 879 3609 placuerit
892 3537 961 3593 ab
972 3539 1075 3593 hac
1103 3540 1481 3596 satisfactione
1509 3558 1639 3597 eum
1672 3542 1743 3597 ab
1758 3571 1776 3584 -

168 3628 396 3693 solvere,
433 3628 481 3681 si
519 3627 577 3681 in
609 3626 948 3681 monasterio
977 3626 1145 3681 fuerit
1168 3628 1224 3681 in
1254 3636 1548 3696 conventu,
1583 3632 1776 3686 mittat

169 3717 227 3770 ad
258 3719 427 3774 illum
480 3734 611 3772 cum
637 3724 950 3789 prostratus
968 3706 1157 3785 fuerit,
1179 3734 1353 3773 unum
1377 3720 1446 3775 de
1467 3721 1769 3792 prioribus,

1866 1844 2077 1895 stratus
2108 1838 2326 1893 veniam
2352 1842 2528 1910 petat,
2571 1837 2619 1893 si
2648 1838 2821 1892 frater
2870 1838 2966 1893 ille
3009 1839 3172 1909 juxta
3225 1855 3286 1894 se
3337 1855 3466 1893 eum

1864 1927 2107 1982 transire
2124 1927 2463 2000 cognoverit.
2488 1927 2688 1982 Finitis
2707 1926 2862 1981 horis
2888 1908 3471 1998 regularibus,exeun-:

1864 2016 2006 2071 tium
2038 2016 2107 2071 ab
2137 2016 2369 2072 ecclesia
2406 2016 2661 2090 pedibus,
2704 2022 2965 2088 cooperto
2994 2016 3195 2089 capite,
3223 2021 3470 2091 proster-

1865 2113 2034 2163 natur
2067 2125 2356 2181 quousque
2387 2124 2583 2162 omnes
2625 2111 3040 2180 pertranseant.
3094 2099 3471 2177 Egredientes

1862 2215 1992 2253 vero
2017 2198 2209 2253 dicant
2257 2197 2309 2253 ei
2353 2196 2457 2252 sub
2508 2196 2735 2252 silentio
2793 2198 3124 2252 Mz'sereatur
3173 2197 3276 2251 tibi
3301 2190 3462 2255 Deus.

1863 2287 2115 2358 Egressis
2150 2287 2413 2342 omnibus
2449 2291 2644 2360 operto
2674 2285 2881 2359 capite,
2925 2287 3154 2342 custode
3199 2302 3302 2341 suo
3336 2302 3469 2342 eum

1863 2377 2230 2449 praecedente,
2263 2377 2335 2431 ad
2364 2377 2547 2431 locum
2570 2374 2721 2432 unde
2748 2376 2902 2455 venit
2930 2380 3263 2431 revertatur.

1933 2467 1998 2522 In
2022 2466 2353 2539 capitulum,
2376 2464 2604 2521 statutis
2632 2464 2702 2519 ab
2731 2463 2933 2521 abbate
2958 2464 3174 2532 diebus,
3200 2466 3467 2539 praedicto

1860 2556 2090 2611 custode
2115 2573 2244 2611 eum
2273 2555 2532 2620 ducente,
2557 2552 2765 2619 veniat,
2788 2559 2845 2609 et
2868 2555 3158 2627 corporale
3188 2556 3468 2627 judicium

1859 2645 2151 2712 humiliter
2179 2650 2237 2700 et
2282 2645 2566 2717 patienter
2601 2644 2897 2713 sustineat,
2942 2644 3013 2699 de
3049 2632 3169 2699 cibo
3217 2650 3275 2700 et
3326 2636 3468 2719 potu

1858 2740 2181 2808 competens
2199 2735 2251 2790 ei
2272 2732 2655 2789 misericordia
2694 2733 3075 2805 impendatur,
3104 2722 3176 2788 ne
3210 2735 3355 2790 forte
3383 2735 3468 2809 ni-

1859 2823 1987 2878 miis
2045 2823 2321 2895 angustiis
2355 2839 2654 2896 oppressus
2697 2822 3069 2878 immoderata
3109 2823 3342 2878 tristitia
3372 2822 3467 2879 ab-

1859 2906 2173 2980 sorbeatur,
2200 2914 2306 2967 hoc
2336 2913 2504 2967 modo
2530 2916 2806 2967 tractetur
2834 2911 3201 2984 quoadusque
3231 2912 3464 2971 humili-

1858 3008 1975 3058 tate
2004 3008 2061 3057 et
2091 3001 2365 3075 patientia
2411 3005 2468 3055 et
2515 3000 2928 3065 emendationis
2958 3000 3330 3073 promissione
3359 3002 3463 3059 ad-

1792 3062 1834 3123 C
1854 3092 2065 3163 junctis
2075 3092 2316 3147 fratrum
2331 3089 2589 3163 precibus
2607 3089 3047 3147 misericordiam
3063 3097 3463 3167 consequatur,

1930 3182 2054 3247 Qua
2080 3199 2211 3237 vero
2237 3180 2348 3245 die,
2401 3174 2765 3252 precantibus
2809 3170 3096 3248 fratribus,
3153 3181 3464 3238 decreverit

1856 3270 2029 3326 abbas
2070 3269 2513 3327 misericordiam
2541 3270 2592 3325 ei
2620 3270 2966 3341 impendere,
3007 3287 3074 3325 eo
3128 3271 3294 3326 modo
3345 3288 3457 3343 quo

1855 3360 2115 3434 superius
2142 3360 2354 3415 dictum
2385 3365 2473 3415 est
2498 3359 2557 3414 in
2586 3358 2894 3431 capitulum
2913 3358 3121 3426 veniat,
3144 3364 3462 3432 prostratus

1856 3449 2077 3523 culpam
2111 3466 2270 3505 suam
2302 3448 2567 3517 fateatur,
2586 3453 2643 3503 et
2667 3447 3117 3504 emendationem
3140 3449 3467 3527 promittat,

1856 3545 1914 3594 et
1942 3538 2385 3595 misericordiam
2412 3543 2655 3611 quaerat;
2667 3538 2858 3609 jussus
2877 3554 3109 3610 surgere
3132 3538 3459 3618 frequenter

1855 3646 1915 3683 se
1968 3634 2310 3700 prosternat,
2344 3634 2400 3683 et
2428 3629 2624 3683 eadem
2670 3626 2859 3696 verba,
2918 3633 2976 3683 et
3029 3628 3239 3684 similia
3282 3629 3457 3709 dicat,

1855 3724 2175 3774 cessaturus
2203 3735 2330 3774 cum
2376 3716 2549 3772 abbas
2592 3717 2797 3772 dixerit
2824 3717 2875 3773 ei
2909 3735 2921 3771 :
2956 3717 3227 3774 Sufﬁciat.
3253 3718 3461 3779 Postea

168 3808 253 3878 qui
288 3810 448 3864 circa
494 3825 627 3863 eum
672 3815 822 3874 sunt,
884 3809 978 3880 qui
1018 3826 1083 3863 ex
1122 3816 1280 3881 parte
1323 3811 1498 3884 ipsius
1546 3814 1767 3884 signum
1849 3807 2117 3878 jubeatur
2141 3823 2345 3862 exuere
2366 3812 2423 3862 et
2441 3805 2747 3878 corporalis
2778 3806 3088 3878 disciplinae
3106 3808 3460 3887 zsw'judi-

168 3903 450 3965 prostrato
477 3896 667 3960 faciat,
702 3902 766 3967 ut
795 3904 1007 3968 surgat.
1035 3898 1129 3969 qui
1162 3898 1354 3953 statim
1392 3917 1629 3971 surgens
1671 3901 1772 3956 hu-
1853 3898 1999 3952 cium
2028 3896 2327 3952 sustinere.
2362 3896 2482 3960 Quo
2512 3896 2679 3961 facto,
2711 3895 2862 3951 dicat
2900 3895 2952 3950 ei
2980 3895 3152 3952 abbas
3203 3916 3217 3954 :
3271 3898 3456 3971 Motus

166 3983 371 4039 militer
394 3985 637 4040 inclinet
680 3974 889 4043 abbati.
935 3992 992 4039 et
1031 3987 1099 4041 ad
1148 3987 1330 4041 locum
1378 4005 1544 4043 suum
1583 3990 1770 4045 vadat.
1854 3986 2093 4041 fratrum
2123 3992 2445 4041 nostrorum
2476 3985 2752 4058 precibus,
2788 3990 2845 4039 et
2873 3985 3149 4057 patientia
3176 3991 3235 4041 et
3273 3986 3458 4068 humi-

164 4071 405 4128 Porrosi
437 4073 614 4128 abbas
643 4074 700 4128 in
729 4074 976 4145 capitulo
1017 4075 1245 4140 sederit,
1293 4077 1620 4147 rogantibus
1662 4079 1747 4133 fra
1853 4076 2014 4130 litate
2044 4080 2229 4130 vestra
2259 4081 2315 4129 et
2356 4074 2730 4146 promissione
2785 4074 3192 4129 emendationis
3233 4082 3451 4151 vestra,

163 4162 357 4229 tribus,
396 4164 558 4218 dicat
586 4164 637 4218 ei
665 4160 932 4243 :lndulta
956 4164 1029 4220 sit
1058 4166 1210 4221 vobis
1240 4167 1355 4222 haec
1410 4170 1546 4225 levis
1593 4171 1770 4243 culpae
1850 4165 1998 4219 hanc
2026 4164 2467 4219 misericordiam
2493 4163 2649 4217 vobis
2678 4163 2962 4235 impendo,
2996 4168 3061 4219 ut
3093 4163 3294 4243 dehinc
3324 4180 3457 4243 cum

161 4253 499 4321 satisfactio,
535 4253 617 4307 vel
654 4234 865 4325 aliquid
900 4254 1241 4325 hujusmodi,
1275 4262 1332 4310 et
1354 4257 1445 4311 ille
1472 4234 1770 4313 fratersta-
1849 4254 2117 4309 fratribus
2158 4253 2281 4308 sitis
2334 4252 2392 4308 in
2431 4252 2744 4320 refectorio,
2815 4252 2873 4307 in
2910 4253 3050 4320 loco,
3093 4234 3260 4324 quem
3297 4234 3453 4309 vobis

158 4340 253 4396 tim
282 4350 519 4415 surgat.
553 4349 608 4396 et
636 4344 704 4396 ad
736 4342 905 4413 pedes
934 4342 1151 4397 abbatis
1182 4343 1363 4407 vadat,
1396 4351 1453 4400 et
1481 4353 1674 4418 postea
1708 4348 1831 4447 inD
1851 4342 2291 4414 designabimus,
2346 4342 2675 4406 comedetis,
2716 4341 3070 4414 disciplinam
3105 4342 3455 4415 corporalem

156 4428 332 4485 locum
364 4447 549 4485 suum
572 4437 902 4484 revertatur.

221 4520 278 4573 Si
308 4519 501 4574 abbas
529 4519 584 4573 in
613 4519 817 4574 itinere
838 4519 1027 4585 fuerit,
1061 4520 1191 4575 licet
1227 4522 1422 4593 priori,
1453 4523 1538 4578 vel
1573 4523 1624 4578 ei
1670 4524 1765 4596 qui

154 4607 414 4663 ordinem
438 4614 619 4666 tenet.
646 4607 877 4663 absente
906 4609 1113 4679 priore,
1134 4610 1239 4663 hoc
1268 4616 1449 4665 totum
1479 4611 1680 4667 facere.

218 4698 275 4751 Si
331 4697 531 4751 frater
565 4694 766 4769 aliquis
804 4696 977 4769 (quod
1024 4697 1172 4752 Deus
1211 4700 1483 4769 avertat!)
1544 4701 1765 4771 culpam

149 4800 382 4855 gravem
417 4786 794 4856 commiserit,
844 4794 901 4841 et
929 4787 1052 4859 ipsa
1104 4787 1267 4858 culpa
1299 4788 1656 4843 manifestata
1683 4806 1766 4844 se-

150 4882 298 4931 creto
327 4875 639 4931 emendari
664 4882 1051 4948 competenter
1073 4877 1403 4948 nequiverit,
1437 4879 1494 4933 in
1525 4879 1766 4951 capitulo

150 4972 273 5021 ante
304 4965 592 5021 abbatem
634 4965 692 5020 in
718 4974 995 5021 conventu
1029 4966 1267 5020 fratrum
1299 4968 1670 5035 examinetur,
1713 4973 1770 5024 et

150 5056 449 5111 communi
474 5055 686 5125 judicio
716 5053 891 5110 frater
920 5056 1015 5111 ille
1037 5057 1383 5127 corporalem
1416 5058 1765 5131 disciplinam

150 5150 356 5205 acriter
376 5147 660 5220 patiatur.
694 5153 752 5202 et
769 5148 827 5202 in
846 5147 1033 5220 gravis
1054 5148 1230 5219 culpa:
1241 5148 1619 5203 satisfactione
1645 5167 1765 5205 esse

144 5238 448 5306 jubeatur.
481 5237 586 5301 Qui
615 5244 845 5311 accepta
871 5238 1165 5308 disciplina
1192 5239 1426 5294 vestitus
1455 5245 1624 5310 atque
1655 5241 1768 5295 cin-

150 5334 286 5396 ctus,
320 5325 628 5381 cultellum
656 5343 824 5381 suum
854 5326 931 5380 ibi
955 5327 1200 5398 deponat
1219 5334 1385 5399 caput
1400 5318 1571 5383 suum
1601 5345 1767 5400 capu-

150 5419 221 5472 tio
241 5417 571 5491 cooperiat,
605 5422 663 5472 et
692 5434 820 5471 cum
840 5434 1063 5472 summo
1093 5417 1314 5473 silentio
1345 5418 1414 5475 ad
1436 5418 1618 5473 locum
1636 5419 1767 5475 huic

152 5509 378 5583 negotio
411 5507 740 5562 ordinatum
787 5513 1004 5580 pergat,
1036 5508 1383 5580 praecedente
1429 5507 1601 5563 fratre
1646 5508 1763 5576 illo,

154 5598 240 5669 qui
272 5588 513 5655 clavem
538 5586 710 5670 ipsius
739 5597 843 5653 loci
864 5602 1075 5663 servat;
1108 5604 1243 5654 tunc
1281 5597 1453 5653 abbas
1478 5598 1767 5670 provideat

1849 4451 1950 4506 pro
1977 4434 2079 4488 hac
2097 4434 2264 4504 culpa
2291 4432 2528 4487 ulterius
2556 4448 2668 4486 non
2693 4432 3023 4504 suscipiatis,
3057 4432 3128 4487 de
3154 4432 3369 4487 caeteris
3380 4431 3454 4488 ad

1848 4523 2328 4595 comprobandum
2376 4522 2561 4577 adhuc
2588 4521 2969 4577 humilitatem
3006 4526 3064 4577 et
3115 4522 3452 4597 patientiam

1845 4618 2111 4675 vestram,
2134 4612 2215 4667 ita
2245 4628 2341 4665 vos
2362 4610 2583 4678 habete,
2612 4610 2758 4666 sicut
2779 4610 2953 4666 frater
2980 4611 3075 4684 qui
3097 4610 3155 4665 in
3185 4611 3321 4667 levis
3340 4610 3453 4667 cul-

1847 4721 1931 4776 pa:
1960 4702 2289 4775 pmnitentia
2317 4718 2438 4757 esse
2482 4699 2732 4772 jubetur,
2766 4706 2994 4773 excepto
3023 4700 3174 4772 quod
3209 4701 3457 4777 incoeth

1850 4794 2016 4863 Kyria
2060 4795 2277 4858 rleison,
2306 4791 2375 4845 ad
2397 4791 2640 4863 gradum
2670 4806 2765 4845 vos
2796 4807 2909 4845 non
2934 4791 3320 4863 prosternetis,
3353 4791 3455 4865 sed

1852 4883 2072 4954 expleta
2101 4881 2346 4952 regulari
2377 4881 2533 4947 hora,
2567 4880 2627 4935 in
2649 4880 2769 4935 loco
2801 4880 2859 4935 in
2888 4897 2999 4952 quo
3031 4880 3274 4948 stabitis,
3302 4881 3451 4937 sicut

1852 4971 2048 5027 beatus
2066 4971 2401 5027 Benedictus
2422 4970 2693 5043 praecipit,
2715 4969 2870 5024 ﬂexis
2890 4970 2962 5025 ad
2982 4975 3190 5025 terram
3212 4970 3450 5042 genibus

1850 5062 1996 5117 sicut
2022 5062 2117 5132 qui
2146 5061 2205 5116 in
2234 5061 2450 5133 psalmo
2472 5060 2703 5126 fallitur,
2734 5060 3024 5115 humiliter
3069 5059 3457 5127 satisfacietis.

1853 5152 1967 5206 Hoc
2005 5151 2196 5205 audito
2234 5151 2408 5205 frater
2462 5150 2557 5205 ille
2596 5149 2665 5204 ad
2711 5149 2883 5222 pedes
2920 5148 3138 5204 abbatis
3165 5148 3349 5217 vadat,
3392 5153 3454 5221 et

1848 5241 2070 5295 rediens
2123 5241 2180 5295 in
2230 5240 2434 5305 locum,
2501 5238 2562 5294 in
2628 5256 2738 5311 quo
2774 5238 2977 5304 stabat,
3035 5242 3151 5290 tres
3198 5252 3452 5308 genuum

1849 5330 2133 5398 ﬂexiones,
2204 5334 2335 5385 ante
2394 5328 2608 5383 scilicet
2673 5334 2730 5382 et
2791 5328 2864 5383 ad
2920 5327 3211 5381 dexteram
3258 5330 3316 5380 et
3375 5324 3455 5391 ad

1849 5420 2135 5474 sinistram
2196 5436 2321 5474 cum
2391 5418 2543 5472 omni
2609 5416 2901 5472 devotion‘e
2964 5414 3147 5481 faciat,
3234 5414 3449 5487 gratias

1849 5510 2095 5564 referens
2164 5508 2430 5564 fratribus
2486 5506 2619 5579 quia
2682 5522 2783 5579 pro
2861 5521 2920 5559 se
2986 5504 3326 5579 rogavcrint,
3392 5513 3450 5563 et

1850 5582 2140 5654 humiliter
2189 5598 2508 5671 supplicans
2549 5599 2825 5668 quatenus
2881 5593 3063 5651 adhuc
3113 5610 3312 5667 rogare
3367 5594 3448 5650 di-
