3852 6178
327 260 433 322 499

1315 264 1382 321 Β.
1421 264 1837 322 LANFRANCI
1876 260 2236 321 CANTUAR.
2277 258 2612 316 ARCHIEP.

3492 252 3598 310 500

328 393 597 464 gnentur.
623 390 826 446 Postea
851 387 1109 460 designet
1132 376 1304 445 abbas
1332 391 1384 446 ei
1411 391 1595 446 locum
1625 391 1722 447 ubi
1759 391 1989 452 debetA
2007 390 2129 461 ipsa
2157 386 2538 444 satisfactione
2565 384 2773 440 habeat
2807 400 2884 449 se,
2935 383 3080 438 sicut
3106 379 3363 454 superius
3390 379 3601 435 dictum

331 495 473 547 esse,
498 485 555 535 et
583 496 647 533 eo
668 472 1028 551 praecipiente
1046 495 1263 533 sessum
1287 480 1470 534 vadat.

404 570 535 624 Haec
563 568 788 639 quidem
835 568 1001 639 culpa
1030 568 1101 621 ad
1129 568 1387 623 abbatem
1414 570 1638 642 proprie
1682 571 1929 642 pertinet

330 658 690 729 corrigenda;
724 657 820 728 qui
841 663 1035 711 tamen
1064 657 1110 711 si
1131 658 1277 712 desit
1302 674 1337 711 a
1356 659 1559 729 patria,
1588 676 1692 714 nec
1710 661 1778 714 ad
1794 677 1929 731 prae-

2012 485 2115 545 est,
2143 495 2270 532 cum
2300 477 2368 531 de
2396 475 2551 547 gravi
2579 475 2744 546 culpa
2771 478 3051 543 ageretur.

2086 568 2144 623 Si
2165 566 2396 637 abjectis
2422 564 2681 619 monachi
2708 562 3057 617 vestimentis
3084 560 3142 614 in
3168 559 3422 614 surculari
3443 556 3602 612 habi-

2012 664 2076 712 tu
2105 657 2175 711 ad
2203 655 2603 711 monasterium
2628 653 2794 718 redit,
2808 650 3043 705 servatis
3063 650 3210 703 circa
3224 665 3350 702 eum
3366 647 3602 710 caeteris,

332 763 481 812 sens,
504 752 570 801 ut
584 748 773 802 veniat
790 752 1162 818 exspectatur,
1194 763 1227 800 a
1264 747 1450 818 priore
1494 748 1697 819 corrigi
1745 746 1930 819 potest
2009 763 2132 817 quae
2159 745 2419 816 superius
2438 744 2588 797 dicta
2614 748 2765 807 sunt,
2789 740 3040 795 saeculari
3072 744 3221 792 veste
3261 738 3317 791 in
3359 754 3471 808 qua
3516 753 3603 791 re-

328 835 505 891 totius
533 836 982 907 congregationis
999 852 1251 890 assensu.

405 924 464 980 Si
490 924 668 980 frater
703 941 937 997 peccans
967 930 1256 996 peccatum
1286 942 1450 980 suum
1494 926 1791 981 defendere
1826 944 1926 999 po-

330 1013 446 1069 tius
474 1031 643 1086 quam
671 1031 1005 1085 cognoscere
1026 1019 1083 1067 et
1112 1015 1412 1069 emendare
1438 1015 1690 1080 voluerit,
1713 1016 1930 1087 procla-

333 1108 523 1158 matus
561 1104 731 1158 etiam
776 1102 964 1157 abbati
989 1103 1075 1157 vel
1096 1103 1267 1174 priori
1289 1104 1934 1176 contumaciterrespon-

330 1190 467 1247 dere
486 1192 923 1264 praesumpserit,
952 1191 1272 1247 admonitus
1302 1209 1525 1264 quoque
1553 1199 1617 1248 ut
1643 1194 1933 1265 resipiscat

330 1280 394 1336 in
424 1297 527 1336 sua
550 1281 858 1352 pertinacia
885 1296 1216 1352 permanere
1241 1281 1564 1341 decreverit.
1598 1283 1746 1337 hunc
1760 1283 1930 1337 talem

334 1375 632 1441 surgentes
659 1369 864 1424 fratres
887 1375 1023 1441 quot
1043 1376 1098 1424 et
1131 1369 1331 1441 quibus
1363 1371 1584 1442 jussum
1616 1372 1785 1426 fuerit
1812 1372 1930 1425 vio-

332 1460 518 1514 lenter
543 1458 837 1528 arripiant,
871 1464 928 1512 et
954 1458 1013 1512 in
1032 1474 1310 1513 carcerem
1332 1459 1651 1529 hujusmodi
1668 1476 1933 1530 arrogan-

237 1588 249 1605 κ
331 1547 483 1603 tibus
498 1546 827 1618 deputatum
849 1547 1095 1611 trahant,
1118 1548 1201 1601 vel
1223 1547 1425 1614 ferant,
1448 1548 1635 1619 ibique
1646 1548 1932 1620 depositus

332 1635 534 1691 tandiu
561 1638 783 1689 servata
818 1634 1155 1689 discretione
1192 1636 1498 1706 affligatur,
1540 1654 1829 1708 quousque
1845 1654 1934 1691 su-

2008 851 2201 889 versus
2222 839 2308 889 est
2329 832 2777 896 circumcinctus,
2801 830 2947 883 sicut
2966 844 3135 899 supra
3156 828 3225 880 de
3244 825 3508 879 staminis
3529 825 3609 879 di-

2011 929 2161 979 ctum
2189 928 2291 987 est,
2321 926 2379 976 et
2402 938 2512 975 non
2535 926 2765 992 portans
2783 918 3079 980 cucullam,
3103 914 3409 986 capitulum
3427 914 3609 984 ingre-

2012 1013 2220 1074 diatur,
2248 1016 2305 1065 et
2332 1017 2460 1082 post
2486 1013 2801 1079 susceptam
2825 1006 3196 1078 disciplinam,
3221 1004 3439 1058 cuculla
3456 1020 3492 1056 a
3514 1019 3608 1059 ca-

2016 1101 2256 1156 merario
2285 1107 2417 1153 ante
2444 1100 2626 1170 ipsum
2658 1098 2857 1170 posita,
2888 1096 2957 1151 ab
2977 1112 3041 1149 eo
3071 1093 3428 1165 suscipiatur,
3461 1096 3519 1146 et
3534 1090 3611 1145 ibi

2012 1192 2202 1246 statim
2231 1189 2518 1243 induatur.

2588 1277 2822 1332 CAPUT
2851 1276 3022 1331 XVII.

2438 1368 2509 1421 De
2542 1368 2764 1420 novitiis
2794 1365 3171 1433 suscipiendis.

2084 1456 2329 1511 Veniens
2368 1454 2569 1526 aliquis
2608 1454 2677 1507 ad
2718 1453 3135 1510 conversionem
3178 1451 3249 1504 de
3292 1448 3515 1514 saeculo,
3553 1447 3611 1501 in

2015 1545 2232 1618 primis,
2273 1545 2419 1598 sicut
2455 1543 2551 1597 alii
2590 1540 2859 1613 hospites,
2891 1539 3303 1612 suscipiaturin
3328 1536 3609 1608 hospitio;

2015 1638 2175 1706 cujus
2198 1634 2481 1688 voluntate
2496 1640 2680 1697 233
2700 1630 3242 1701 cognita,frater,qui
3256 1628 3407 1682 cellae
3428 1626 3615 1696 hospi-

330 1722 585 1795 perbiam
646 1723 909 1794 deponat,
982 1724 1205 1794 culpam
1270 1731 1587 1795 cognoscat,
1644 1727 1934 1780 humiliter
1952 1714 1996 1772 Β
2017 1732 2134 1780 tum
2158 1728 2485 1795 procurator
2498 1721 2823 1785 est,abbati,
2857 1721 2940 1774 vel
2958 1719 3187 1773 absente
3206 1717 3425 1779 abbate,
3444 1716 3496 1770 ei
3516 1716 3614 1787 qui

329 1812 783 1868 emendationem
823 1812 1133 1883 promittat.
1177 1814 1336 1877 Quod
1374 1815 1421 1867 si
1468 1814 1779 1886 inspirante
1818 1816 1933 1869 Deo

332 1901 599 1965 evenerit,
618 1917 707 1955 res
722 1901 876 1971 prius
903 1901 963 1955 in
993 1902 1241 1972 capitulo
1267 1904 1614 1969 ostendatur,
1662 1904 1863 1957 dehinc
1902 1922 1935 1957 a

330 1991 529 2053 fratre,
561 1989 649 2043 cui
678 1989 1002 2059 hujusmodi
1021 1991 1419 2061 curainjuncta
1440 1993 1605 2057 sit,in
1625 1994 1934 2063 capitulum

331 2078 665 2141 deducatur,
718 2077 964 2132 introeat
1014 2084 1204 2133 autem
1243 2081 1326 2133 vel
1366 2082 1568 2148 nudus,
1609 2082 1752 2135 sicut
1786 2083 1935 2151 fugi-

332 2167 481 2222 tivus
502 2166 831 2225 monachus.
864 2166 948 2220 vel
978 2166 1228 2233 indutus,
1274 2175 1442 2239 prout
1478 2187 1567 2225 res
1599 2170 1930 2242 poposcerit,

332 2255 686 2312 considerata
723 2254 996 2326 qualitate
1032 2262 1088 2310 et
1126 2258 1441 2328 quantitate
1460 2260 1545 2314 vel
1572 2260 1935 2331 praecellentis

329 2346 508 2416 culpa:
546 2344 632 2397 vel
669 2342 1061 2413 subsequentis
1098 2349 1472 2418 arrogantiae;
1516 2355 1709 2420 postea
1739 2355 1937 2403 tracte-

331 2440 429 2490 tur
465 2434 611 2487 sicut
629 2432 889 2503 superius
917 2432 1131 2488 dictum
1152 2440 1255 2500 est,
1279 2436 1383 2489 hoc
1420 2442 1522 2496 est,
1552 2438 1634 2490 vel
1663 2438 1932 2508 graviter,

334 2524 384 2578 si
409 2521 601 2593 gravi;
644 2520 731 2574 vel
768 2520 983 2587 leviter,
1024 2522 1070 2576 si
1128 2523 1233 2578 levi
1273 2525 1447 2597 culpae
1484 2526 1654 2580 fuerit
1698 2528 1939 2599 deputa-

333 2620 448 2670 tus.

404 2709 564 2773 Quod
591 2708 638 2763 si
667 2707 868 2779 spiritu
898 2704 1171 2761 diabolico
1207 2705 1407 2775 plenus
1435 2704 1728 2775 superbire
1757 2705 1935 2776 magis

335 2814 503 2869 quam
535 2797 862 2869 promittere
891 2793 1338 2851 emendationem
1363 2794 1614 2863 elegerit,
1639 2794 1938 2849 adhibean-

335 2892 433 2942 tur
452 2887 584 2942 eide
598 2892 716 2940 toto
729 2890 1005 2940 conventu
1028 2883 1345 2938 orationum
1382 2884 1666 2954 suflragia.
1710 2884 1768 2938 Si
1808 2901 1936 2938 vero

335 2975 509 3031 abbas
567 2992 669 3030 nec
725 2974 805 3029 sic
854 2991 1015 3029 suam
1067 2972 1403 3026 industriam
1453 2971 1752 3044 prmvalére
1803 2990 1928 3027 con-

2016 1816 2268 1870 ordinem
2294 1819 2449 1868 tenet
2472 1830 2588 1867 rem
2614 1811 2854 1867 nuntiet.
2879 1811 3168 1880 Loquatur
3182 1825 3306 1862 cum
3325 1824 3391 1861 eo
3415 1806 3609 1872 abbas,

2019 1906 2101 1958 vel
2131 1905 2300 1975 prior,
2327 1904 2411 1956 vel
2439 1901 2642 1972 aliquis
2662 1899 2972 1971 spiritualis
2991 1899 3163 1952 frater
3190 1897 3613 1965 cuiinjunctum

2016 1993 2202 2048 fuerit.
2234 1992 2393 2056 Quod
2416 1991 2463 2045 si
2494 1989 2831 2044 desiderium
2857 1988 3098 2060 petentis
3123 2004 3187 2040 ex
3219 1987 3333 2040 Deo
3362 2002 3486 2039 esse
3524 2002 3615 2041 co-

2015 2083 2291 2153 gnoverit,
2325 2081 2651 2135 ostendatur
2672 2096 2760 2132 res
2798 2077 3065 2131 fratribus
3096 2076 3153 2130 in
3174 2074 3439 2146 capitulo,
3471 2091 3618 2146 quo-

2018 2190 2142 2226 rum
2173 2171 2365 2225 audito
2395 2169 2645 2231 consilio,
2667 2166 3140 2237 sisuscipiendum
3160 2181 3288 2219 eum
3309 2162 3618 2217 esseabbas

2016 2260 2341 2324 decreverit,
2374 2264 2588 2313 statuta
2612 2257 2722 2321 die,
2767 2257 3004 2310 ducente
3034 2271 3162 2309 eum
3212 2253 3478 2325 praedicto
3511 2253 3620 2306 ho-

2018 2351 2223 2422 spitum
2258 2354 2597 2419 susceptare,
2633 2352 2690 2399 et
2726 2345 2922 2399 doctus
2952 2344 3022 2399 ab
3051 2344 3246 2397 eodem
3265 2342 3508 2413 qualiter
3526 2358 3624 2412 pe-

2017 2440 2273 2493 titionem
2296 2438 2478 2492 facere
2506 2436 2724 2501 debeat,
2751 2435 2808 2488 in
2834 2434 3142 2505 capitulum
3172 2432 3359 2486 veniat
3393 2431 3451 2485 in
3472 2431 3619 2498 loco,

2020 2528 2113 2583 ubi
2143 2529 2424 2599 prosterni
2455 2526 2613 2589 solet,
2638 2541 2696 2578 se
2720 2528 3055 2595 prosternat,
3082 2523 3460 2590 interrogatus
3482 2519 3619 2591 quid

2019 2618 2187 2682 dicat,
2222 2633 2389 2688 quam
2433 2615 2719 2670 humiliter
2743 2612 2966 2685 poterit,
2998 2612 3053 2665 in
3086 2610 3191 2676 his,
3223 2610 3307 2663 vel
3329 2610 3388 2662 in
3418 2608 3625 2663 simili-

2017 2706 2120 2761 bus
2147 2705 2325 2760 verbis
2355 2704 2682 2776 petitionem
2705 2719 2865 2757 suam
2891 2700 3093 2755 faciat:
3128 2717 3155 2754 ‹‹
3181 2698 3280 2754 Dei
3310 2698 3627 2754 misericor-

2018 2797 2190 2861 diam,
2222 2800 2279 2849 et
2306 2800 2544 2848 vestram
2568 2792 2910 2855 societatem,
2936 2797 2993 2844 et
3011 2788 3423 2843 fraternitatem
3450 2787 3624 2856 hujus

2019 2886 2125 2940 loci
2146 2884 2369 2955 requiro
2394 2901 2407 2950 ;
2439 2883 2497 2937 in
2547 2885 2651 2937 hoc
2672 2880 3010 2936 monasterio
3041 2878 3347 2933 monachus
3377 2877 3518 2939 ﬁeri,
3564 2883 3626 2931 et

2019 2976 2135 3029 Deo
2154 2974 2361 3027 servire
2391 2972 2666 3026 desidero.
2700 2990 2720 3021 ι
2778 2969 3099 3040 Respondet
3117 2967 3167 3022 ei
3196 2966 3387 3032 abbas,
3411 2967 3495 3019 vel
3518 2966 3623 3037 qui

336 3064 600 3136 spexerit,
634 3063 942 3135 prudenter
994 3066 1198 3115 tractet
1234 3077 1362 3115 cum
1409 3033 1641 3115 cdnsilio
1683 3033 2000 3116 omniumC
2021 3064 2141 3118 loco
2170 3061 2582 3116 abbatisordini
2606 3064 2808 3131 praeest
2840 3078 2850 3112 :
2891 3033 3294 3120 sSocietatem,
3318 3060 3375 3109 et
3394 3033 3626 3110 consor-

335 3151 576 3206 fratrum
610 3155 804 3206 utrum
838 3148 1096 3220 expediat
1133 3164 1263 3201 eum
1290 3148 1377 3201 vel
1419 3147 1631 3201 diutius
1676 3148 1935 3210 detineri,

336 3240 424 3294 vel
462 3240 531 3294 de
552 3238 893 3293 monasterio
914 3236 1136 3308 expelli.

410 3329 703 3398 Fugitivus
722 3328 792 3381 de
818 3324 1157 3380 monasterio
1188 3325 1514 3390 monachus,
1568 3326 1617 3379 si
1657 3343 1941 3381 reversum

344 3417 416 3471 ad
437 3416 842 3471 monasterium
858 3414 1272 3485 suscipiendum
1300 3431 1428 3469 eum
1462 3431 1583 3469 esse
1611 3415 1783 3469 abbas
1799 3415 1945 3485 judi-

341 3505 572 3572 caverit,
610 3505 713 3559 hoc
741 3503 909 3557 modo
946 3502 1315 3573 suscipiatur.
1362 3503 1426 3557 In
1478 3503 1741 3574 hospitali
1778 3504 1944 3558 domo

343 3593 648 3665 aliquantis
688 3591 884 3646 diebus
934 3591 1178 3663 primum
1220 3597 1465 3656 maneat,
1506 3592 1577 3647 ad
1615 3592 1941 3659 claustrum,

341 3683 430 3737 vel
468 3683 539 3737 ad
578 3681 830 3736 officinas
867 3681 1117 3743 claustri,
1158 3680 1242 3734 vel
1279 3681 1349 3735 ad
1386 3682 1813 3747 monasterium,
1838 3681 1945 3736 nisi

338 3774 532 3843 jussus
560 3770 881 3825 nullatenus
919 3769 1165 3833 accedat,
1208 3775 1270 3823 ut
1318 3770 1540 3824 interim
1581 3771 1946 3841 paenitudinis

346 3877 483 3927 suae,
516 3867 573 3914 et
600 3858 954 3923 humilitatis,
992 3864 1047 3912 et
1084 3858 1369 3930 patientiae
1394 3860 1619 3930 aliquod
1650 3860 1947 3915 documen-

342 3953 469 4005 tum
528 3949 805 4015 ostendat,
861 3950 1050 4003 nullus
1095 3948 1271 4002 frater
1325 3965 1512 4003 secum
1566 3955 1942 4015 conversetur,

345 4038 536 4093 nullus
566 4037 617 4091 ei
647 4038 706 4091 in
735 4038 926 4109 aliquo
956 4038 1256 4104 consortio,
1286 4039 1373 4092 vel
1404 4039 1679 4109 colloquio
1718 4042 1949 4110 conjun-

346 4132 538 4198 gatur,
560 4127 669 4181 nisi
692 4126 741 4181 ei
772 4126 841 4181 ab
871 4126 1210 4198 abbate,;vel
1232 4143 1266 4180 a
1293 4127 1496 4198 priore,
1529 4129 1611 4183 vel
1651 4128 1721 4182 ab
1759 4146 1823 4183 eo
1854 4129 1950 4200 qui

347 4223 534 4272 servat
560 4216 815 4271 ordinem
842 4215 1127 4286 jubeatur.

418 4306 498 4360 Ea
516 4322 646 4360 vero
674 4305 763 4359 die
798 4323 909 4376 qua
933 4306 991 4360 in
1036 4306 1347 4377 capitulum
1378 4307 1691 4362 intraturus
1745 4313 1848 4374 est,
1890 4309 1948 4363 in

345 4394 621 4450 locutorio
633 4394 978 4449 vestimentis
995 4396 1181 4449 suisse
1197 4401 1384 4461 exuat,
1408 4397 1695 4461 staminis,
1726 4398 1770 4451 si
1794 4397 1947 4452 habi-

347 4488 471 4537 tum
486 4499 597 4536 non
610 4482 856 4552 reliquit,
882 4483 1281 4554 circumposito
1297 4485 1519 4555 cingulo
1539 4503 1598 4540 se
1614 4486 1947 4542 circumcin-

347 4570 699 4643 gat,sinistro
718 4570 942 4625 brachio
958 4572 1229 4627 cucullum
1249 4574 1535 4645 plicatam,
1559 4581 1616 4630 et
1643 4576 1698 4629 in
1720 4576 1949 4631 dextera

354 4675 524 4715 manu
542 4659 726 4729 virgas
742 4666 1013 4725 sumat,et
1030 4660 1107 4715 sic
1124 4661 1291 4716 nudis
1311 4664 1563 4734 pedibus,
1590 4670 1647 4719 et
1669 4665 1818 4719 nudo
1848 4666 1947 4720 de-

348 4763 759 4818 supercorpore
769 4748 1009 4803 ducente
1021 4765 1148 4804 eum
1163 4750 1334 4805 fratre
1345 4752 1431 4806 cui
1452 4753 1527 4822 inj
1536 4760 1763 4808 unctum
1781 4754 1951 4809 fuerit

256 4854 259 4861 ·
351 4836 411 4890 in
432 4836 740 4907 capitulum
771 4837 970 4892 veniat.
1000 4839 1122 4903 Quo
1143 4840 1451 4910 ingressus,
1482 4841 1538 4895 in
1562 4843 1680 4897 loco
1705 4843 1797 4897 ubi
1821 4861 1949 4914 pro-

350 4925 526 4981 sterni
540 4927 682 4980 solet
701 4927 892 4981 statim
926 4944 986 4981 se
1014 4934 1353 4999 prosternat,
1378 4930 1757 5002 interrogatus
1797 4950 1952 4987 more

352 5014 518 5070 solito
548 5016 769 5086 culpam
799 5016 979 5083 dicat;
1005 5018 1208 5072 dehinc
1231 5018 1429 5073 sedens
1469 5022 1813 5092 corporalem
1864 5023 1951 5075 di-

349 5104 644 5176 sciplinam
675 5106 745 5159 ad
774 5106 1069 5177 imperium
1101 5106 1319 5161 abbatis
1358 5110 1642 5181 suscipiat.
1683 5111 1801 5175 Qua
1834 5128 1951 5165 sus-

348 5201 531 5266 cepta,
563 5196 781 5251 cuculla
810 5201 1030 5249 tantum
1071 5196 1147 5249 ibi
1194 5196 1411 5263 induta,
1443 5199 1590 5254 sicut
1634 5200 1802 5265 venit,
1854 5203 1950 5255 sed

310 5282 317 5289 ’
350 5298 463 5338 non
491 5282 676 5337 ferens
709 5283 914 5354 virgas,
952 5283 1008 5337 in
1040 5284 1374 5339 locutorium
1406 5286 1619 5347 redeat.
1648 5288 1724 5343 ibi
1754 5307 1812 5343 se
1836 5291 1961 5344 θεὼ·

350 5376 474 5427 ceet
493 5378 550 5427 et
571 5373 909 5443 regulariter
937 5373 1154 5438 induat,
1187 5380 1243 5427 et
1272 5375 1331 5429 in
1359 5378 1665 5447 capitulum
1707 5379 1947 5445 rediens,

351 5461 551 5516 tandiu
600 5479 659 5516 se
694 5467 1031 5533 prosternat,
1064 5462 1240 5519 donec
1280 5464 1350 5518 ab
1379 5464 1580 5521 abbate
1604 5468 1823 5523 dicatur
1851 5469 1900 5521 ei
1933 5487 1945 5521 :

354 5550 625 5620 Sufficiat.
658 5552 992 5623 Injungatur
1016 5552 1068 5606 ei
1088 5553 1394 5624 satisfactio
1404 5556 1591 5626 gravis
1611 5558 1868 5630 culpze,et
1890 5558 1949 5612 in

2021 3153 2162 3206 tium
2194 3152 2495 3205 electorum
2524 3167 2751 3204 suorum
2786 3148 3054 3203 concedat
3078 3146 3233 3201 vobis
3262 3145 3626 3216 omnipotens

2022 3242 2207 3306 Deus;
2253 3258 2278 3292 ν
2321 3245 2378 3294 et
2406 3256 2676 3310 responso
2730 3255 2763 3292 a
2811 3246 2929 3292 toto
2966 3240 3262 3300 conventu,
3300 3253 3326 3286 α
3353 3236 3555 3298 Amen,
3597 3254 3623 3286 ι

2018 3331 2207 3400 jussus
2237 3320 2713 3399 surgere‘surgat,
2748 3327 3184 3398 pronuntientur
3203 3325 3254 3378 ei
3274 3324 3417 3377 dura
3446 3329 3505 3378 et
3534 3340 3629 3376 as-

2025 3435 2179 3490 pera,
2199 3435 2321 3489 quae
2352 3418 2408 3471 in
2439 3418 2541 3472 hoc
2569 3416 2764 3470 ordine
2794 3415 3082 3487 perferunt
3106 3414 3201 3485 qui
3223 3413 3380 3484 pieet
3402 3412 3631 3482 regula-

2025 3508 2163 3562 riter
2191 3507 2373 3560 vivere
2397 3507 2605 3560 volunt.
2640 3507 2780 3561 ltem
2808 3505 3037 3559 duriora
3058 3508 3114 3558 et
3141 3501 3447 3573 asperiora,
3475 3517 3627 3571 qum,

2027 3597 2074 3650 si
2102 3596 2513 3666 indisciplinate
2542 3611 2601 3648 se
2631 3594 2852 3658 habeat,
2901 3592 3007 3647 sibi
3054 3597 3321 3663 poterunt
3376 3589 3625 3644 evenire.

2027 3685 2242 3750 Quibus
2261 3685 2487 3750 auditis,
2519 3684 2565 3737 si
2593 3684 2775 3738 adhuc
2793 3683 2851 3737 in
2874 3681 3157 3754 proposito
3170 3697 3270 3735 suo
3291 3679 3628 3751 perstiterit,

2028 3782 2085 3830 et
2107 3775 2335 3829 duriora
2361 3782 2419 3827 et
2443 3773 2731 3844 asperiora
2767 3789 2827 3827 se
2856 3777 3112 3843 paratum
3145 3770 3389 3842 perferre
3409 3769 3635 3838 promi-

2030 3865 2184 3929 serit,
2222 3863 2629 3934 respondeatur
2666 3862 2717 3915 ei
2748 3861 2817 3915 ab
2850 3878 2915 3915 eo
2948 3860 3041 3930 qui
3075 3860 3381 3930 capitulum
3423 3863 3588 3912 tenet
3617 3877 3630 3911 :

2035 3974 2057 4005 ι
2096 3953 2367 4008 Dominus
2395 3952 2420 4005 .l
2429 3968 2555 4005 esus
2580 3951 2837 4005 Christus
2864 3951 2941 4005 sic
2962 3950 3214 4022 perficiat
3235 3950 3290 4003 in
3311 3947 3638 4017 vobisquod

2031 4059 2131 4113 pro
2156 4043 2281 4112 ejus
2294 4057 2484 4095 amore
2515 4041 2843 4111 promittitis
2871 4052 2935 4095 ut.
2962 4041 3081 4109 ejus
3104 4040 3347 4110 gratiam
3374 4043 3431 4092 et
3450 4037 3637 4091 vitam

2031 4137 2298 4186 aeternam
2329 4130 2536 4183 habere
2566 4129 2807 4200 possitis.
2854 4150 2880 4179 ιι
2917 4129 2986 4183 Et
3015 4127 3481 4199 respondentibus
3508 4142 3639 4179 om-

2032 4219 2217 4285 nibus,
2254 4241 2275 4268 ι
2306 4220 2508 4282 Amen,
2543 4235 2570 4271 ι
2598 4217 2898 4288 subjungat
2918 4237 2928 4271 :
2950 4216 3057 4271 «Et
3076 4216 3639 4287 nosproejusamore

2037 4310 2140 4363 hoc
2167 4314 2362 4363 tenore
2378 4308 2734 4363 concedimus
2756 4307 2925 4372 vobis,
2961 4307 3109 4378 quod
3154 4313 3270 4359 tam
3313 4304 3633 4367 humiliter,

2032 4405 2090 4452 et
2117 4406 2231 4453 tam
2255 4403 2578 4452 constanter
2606 4396 2907 4467 requiritis.
2950 4416 2971 4447 ι
3002 4397 3120 4450 Hoc
3140 4395 3335 4450 audito
3381 4393 3639 4448 novitius

2030 4488 2213 4551 vadat,
2256 4492 2313 4541 et
2368 4487 2658 4540 humiliter
2711 4487 2995 4540 osculetur
3032 4485 3199 4556 pedes
3228 4484 3422 4555 ipsius.
3470 4483 3641 4539 Tunc

2030 4577 2150 4648 ipso
2177 4576 2530 4647 praecipiente
2556 4575 2724 4629 ducat
2753 4591 2882 4629 eum
2913 4574 3180 4645 magister
3208 4573 3545 4627 novitiorum
3572 4572 3639 4626 in

2031 4665 2339 4730 ecclesiam,
2362 4664 2550 4735 ibique
2582 4680 2768 4717 coram
2800 4663 3049 4734 quolibet
3075 4663 3241 4717 altari
3301 4669 3454 4715 extra
3499 4662 3646 4716 cho-

2031 4772 2155 4809 rum
2213 4754 2413 4808 sedens
2461 4753 2832 4824 praestoletur,
2884 4754 3058 4807 donec
3102 4752 3411 4823 capitulum
3463 4751 3643 4805 finia-

2031 4848 2142 4897 tur.

2106 4932 2228 4996 Quo
2253 4931 2431 4997 finito,
2456 4933 2625 4986 ducat
2646 4949 2772 4986 eum
2796 4932 3093 5004 praedictus
3114 4932 3383 5003 magister
3407 4948 3546 4986 suus
3579 4932 3644 4987 in

2035 5022 2229 5075 cellam
2256 5022 2570 5084 camerarii,
2604 5022 2688 5075 vel
2714 5022 2768 5076 in
2792 5022 2957 5076 aliam
2986 5022 3235 5086 domum,
3274 5021 3369 5076 ubi
3396 5022 3451 5075 id
3479 5022 3643 5092 quod

2035 5110 2314 5179 agendum
2365 5116 2469 5175 est,
2501 5113 2872 5182 opportunius
2920 5112 3040 5166 fieri
3096 5113 3287 5184 possit,
3339 5111 3647 5166 benedicta

2034 5199 2135 5254 sibi
2162 5200 2317 5271 prius
2341 5217 2565 5267 corona,
2598 5202 2643 5255 si
2682 5203 2857 5256 laicus
2888 5203 2979 5266 sit,
3035 5218 3160 5256 cum
3201 5201 3548 5273 antiphonis,
3586 5209 3653 5258 et

2035 5290 2285 5359 psalmis.
2312 5296 2369 5343 et
2397 5291 2661 5355 collectis,
2693 5291 2763 5344 ad
2810 5292 2915 5345 hoc
2954 5291 3197 5345 ofﬁcium
3227 5291 3518 5357 ordinatis,
3552 5293 3652 5346 vel

2035 5379 2091 5432 in
2123 5380 2353 5433 ecclesia
2375 5385 2506 5433 ante
2527 5379 2816 5433 introitum
2844 5379 3024 5433 missae
3055 5380 3123 5435 ad
3144 5381 3384 5451 gradum
3407 5380 3504 5435 ubi
3535 5380 3654 5437 bc-

2033 5468 2377 5523 nedictiones
2395 5469 2597 5523 fratres
2618 5468 2915 5539 accipiunt,
2950 5469 3036 5524 vel
3057 5470 3114 5524 in
3133 5471 3348 5542 capella
3375 5471 3658 5527 inﬁrmo-

2033 5575 2181 5626 rum,
2218 5559 2399 5614 autin
2430 5559 2645 5631 capella
2692 5556 2930 5625 abbatis,
2980 5560 3289 5616 secundum
3329 5559 3479 5631 quod
3530 5553 3666 5635 ipsl
