3978 6174
306 247 403 306 501

1261 258 1589 316 DECRE’I‘A
1626 262 1768 319 PRO
1807 262 2080 319 ORDINE
2120 261 2175 316 S.
2221 256 2619 316 BENEDICTI.

3483 244 3591 306 502

303 374 494 431 abbati
524 377 818 449 placuerit.
851 381 1065 436 Ductus
1096 380 1286 453 itaque
1316 382 1558 437 novitius
1573 384 1686 440 sive
1706 386 1900 452 laicus,
1919 386 1972 446 Α
1990 385 2298 449 sinistram,
2316 382 2532 454 gratias
2560 380 2807 436 referens
2838 376 3108 434 fratribus
3134 389 3237 448 pro
3265 370 3582 429 misericor-

301 465 412 520 sive
443 467 704 533 clericus,
735 468 794 523 in
825 469 1156 541 praedictum
1182 471 1363 524 locum
1391 472 1710 540 tondeatur,
1739 480 1796 529 et
1824 491 1909 529 ra-

300 553 469 609 datur
488 573 648 612 more
674 560 1100 627 monachorum;
1153 560 1356 614 dehinc
1404 562 1651 617 vestibus
1682 565 1908 619 saecula-

297 642 452 697 ribus
483 652 725 701 ematur
754 654 812 702 et
841 648 1006 703 rebus
1030 647 1353 703 monasterii
1373 651 1744 719 regularibus,
1770 670 1906 724 pra:-

296 736 381 786 ter
411 735 719 801 cucullam,
752 737 955 808 capitio
978 742 1168 793 assuto
1196 738 1400 793 tunicae
1436 739 1721 795 induatur.
1757 743 1901 797 Dum

297 821 413 877 hac
442 832 698 894 aguntur
725 843 759 880 a
796 827 1064 881 fratribus
1110 827 1313 898 quibus
1354 827 1666 898 injunctum
1710 830 1898 899 fuerit,

295 918 515 982 septem
539 916 953 985 paenitentiales
986 917 1185 988 psalmi
1212 917 1269 970 in
1298 916 1571 973 directum
1621 919 1900 977 dicantur.

298 1000 384 1055 Sic
409 1012 651 1073 paratus
679 1004 920 1060 ducatur
945 1004 1004 1059 in
1035 1014 1369 1061 conventum
1404 1006 1671 1075 fratrum;
1706 1009 1763 1063 in
1776 1009 1903 1064 cho-

298 1107 378 1155 ro,
418 1090 471 1144 si
523 1092 759 1148 clericus
790 1099 893 1158 est,
927 1084 1160 1150 ultimus
1196 1095 1271 1150 sit
1319 1095 1378 1150 in
1427 1097 1622 1151 ordine
1677 1098 1903 1154 clerico-

295 1195 452 1245 rum;
489 1182 538 1236 si
566 1182 761 1250 laicus,
794 1183 1084 1249 laicorum,
1119 1190 1176 1240 et
1202 1185 1274 1239 ad
1296 1185 1725 1256 processionem,
1744 1188 1903 1242 simi-

296 1268 424 1323 liter
456 1269 520 1324 in
570 1271 835 1342 capitulo,
870 1278 928 1328 et
973 1273 1286 1341 refectorio,
1322 1275 1470 1330 sicut
1493 1281 1580 1330 est
1610 1276 1748 1332 ordo
1777 1293 1904 1332 con-

292 1357 573 1414 versionis
601 1361 744 1430 ejus.

359 1447 427 1502 In
457 1448 603 1503 cella
631 1450 967 1506 novitiorum
988 1451 1251 1515 dormiat,
1271 1456 1369 1508 aut
1388 1452 1447 1506 in
1467 1452 1816 1521 dormitorio,
1850 1455 1899 1510 si

289 1536 611 1592 emnobium
627 1538 946 1610 hujusmodi
962 1541 1160 1596 cellam
1193 1558 1304 1596 non
1321 1541 1508 1599 habet.
1534 1543 1599 1596 In
1621 1549 1898 1599 conventu

288 1641 398 1680 non
418 1627 596 1698 legat,
628 1629 781 1683 solus
813 1646 923 1684 non
954 1636 1161 1695 cantet,
1199 1631 1269 1684 ad
1299 1630 1527 1685 missam
1543 1647 1654 1687 non
1676 1633 1893 1702 oﬂerat,

1990 473 2081 527 dia
2103 488 2297 527 eorum
2310 470 2567 543 precibus
2580 468 2688 523 sibi
2707 469 2982 540 impensa.
3007 468 3208 521 Postea
3226 460 3583 536 praecipiente

1989 562 2189 617 abbate
2217 578 2343 615 cum
2370 559 2644 630 magistro
2673 574 2774 614 suo
2812 562 2990 622 exeat,
3017 555 3288 625 finitoque
3311 552 3578 624 capitulo,

1987 652 2035 707 si
2090 650 2370 706 scribendi
2415 648 2706 703 scientiam
2761 647 2933 702 habet
2976 642 3378 718 professionem
3417 657 3579 696 suam

1985 741 2209 804 scribat,
2235 745 2335 795 aut
2359 739 2405 793 si
2427 738 2606 793 nescit
2623 737 2864 792 scribere
2884 736 3052 791 alium
3082 740 3262 805 roget,
3277 732 3372 804 qui
3395 747 3496 802 pro
3522 747 3583 784 se

1984 826 2211 890 scribat;
2238 825 2359 896 ipse
2374 829 2564 878 tamen
2584 823 2643 877 in
2661 822 2772 876 ﬁne
2788 821 2965 892 ipsius
2980 817 3340 890 professionis
3354 816 3580 887 signum

1984 916 2163 973 crucis
2195 915 2380 979 faciat,
2408 912 2610 968 deinde
2645 910 2834 966 ablato
2864 928 2899 964 a
2925 909 3117 965 tunica
3146 906 3370 979 caputio
3399 920 3578 977 usque

1985 1008 2056 1063 ad
2080 1007 2277 1060 horam
2296 1001 2700 1058 benedictionis
2720 1017 2854 1066 suae,
2875 998 3269 1054 extrachorum
3295 999 3542 1056 maneat,

2057 1097 2267 1151 Cantor
2292 1109 2423 1148 vero
2452 1107 2756 1163 procurare
2781 1089 2888 1144 sibi
2917 1087 3084 1142 debet
3104 1086 3491 1141 membranam
3522 1089 3581 1139 et

1983 1185 2318 1249 incaustum,
2351 1188 2409 1237 et
2435 1181 2785 1252 scriptorem,
2830 1178 2878 1233 si
2906 1177 3086 1232 nescit
3122 1175 3398 1241 scribere;
3439 1175 3582 1229 hora

1984 1272 2349 1331 benedicendi
2368 1271 2426 1326 in
2446 1269 2681 1325 arbitrio
2695 1267 2912 1323 abbatis
2937 1272 3042 1334 est,
3066 1265 3433 1320 videlicetaut
3447 1267 3578 1318 ante

1984 1364 2279 1420 introitum
2312 1361 2515 1424 missae,
2547 1359 2597 1415 si
2646 1359 2876 1413 missam
2903 1373 3016 1411 non
3045 1354 3308 1419 celebrat,
3335 1359 3434 1408 aut
3453 1356 3581 1424 post

1982 1453 2351 1525 evangelium,
2376 1450 2492 1505 sive
2514 1449 2743 1504 missam
2767 1446 3029 1511 celebret,
3044 1445 3161 1501 sive
3185 1461 3318 1502 non.
3347 1443 3474 1514 Ipse
3495 1448 3579 1497 ta-

1980 1561 2109 1599 men
2126 1544 2183 1598 in
2203 1539 2618 1597 consecratione
2646 1537 2927 1601 monachi,
2946 1536 2993 1591 si
3014 1535 3065 1590 ei
3088 1533 3450 1589 commodum
3467 1536 3571 1599 est,

1982 1634 2211 1687 missam
2224 1629 2508 1686 celebrare
2525 1627 2708 1692 debet,
2737 1628 2884 1682 sicut
2899 1640 3141 1680 canones
3154 1622 3503 1696 praecipiunt.

288 1731 483 1786 pacem
512 1733 627 1771 non
658 1725 865 1784 sumat,
888 1718 944 1772 in
975 1720 1219 1774 claustro
1242 1721 1546 1791 separatim
1567 1722 1898 1777 sedeatcum
1916 1710 1960 1769 Β
2050 1725 2218 1779 Lecto
2245 1721 2419 1793 igitur
2446 1717 2752 1789 evangelio,
2790 1716 3039 1771 intrante
3067 1714 3299 1768 chorum
3342 1710 3572 1778 novitio,

289 1804 561 1874 magistro
591 1823 696 1861 suo
723 1806 780 1862 in
799 1807 916 1862 loco
946 1809 1171 1863 novitiis
1200 1810 1487 1880 deputata,
1516 1810 1707 1865 nullus
1738 1811 1790 1865 ei
1823 1812 1900 1866 lo-

292 1902 613 1965 quaturaut
632 1895 854 1967 signum
878 1897 1046 1952 faciat
1060 1899 1272 1969 absque
1289 1899 1634 1971 magistrisui
1648 1900 1894 1971 licentia;

290 1983 563 2053 magister
598 1986 725 2040 talis
756 1986 831 2040 sit
848 1987 942 2058 qui
959 1989 1212 2059 exemplo
1236 1988 1363 2043 vitae
1376 1994 1434 2043 et
1448 1989 1614 2043 verbo
1629 1989 1897 2045 doctrinae

291 2073 607 2144 possiteum
623 2075 693 2129 de
721 2076 912 2130 anima
936 2093 1039 2132 sua
1058 2094 1286 2132 monere
1317 2084 1373 2133 et
1391 2078 1642 2133 ordinem
1674 2079 1894 2135 docere.

355 2162 829 2235 Loquentibusin
861 2166 1104 2222 claustro
1136 2166 1422 2236 fratribus,
1457 2168 1505 2223 si
1539 2169 1663 2241 quis
1704 2185 1897 2225 amore

289 2251 382 2306 Dei
414 2260 477 2307 et
503 2253 626 2307 zelo
649 2254 886 2325 justitiaa
916 2256 986 2310 ad
1021 2273 1151 2311 eum
1180 2258 1390 2325 venire,
1425 2275 1669 2330 eumque
1702 2260 1789 2314 vel
1812 2276 1899 2313 ar-

287 2356 458 2410 guere
491 2343 581 2397 vel
618 2360 843 2399 monere
873 2345 1130 2419 vpluerit,
1181 2347 1310 2401 licet
1359 2353 1425 2402 ut
1450 2348 1656 2409 veniat,
1692 2355 1768 2415 et,
1803 2365 1897 2404 ac-

287 2436 442 2502 cepta
465 2448 502 2486 a
529 2433 803 2505 magistro
828 2434 1073 2498 licentia,
1097 2436 1245 2507 quod
1256 2436 1442 2491 dicere
1460 2438 1699 2493 voluerit
1711 2439 1892 2507 dicat;

286 2519 426 2577 facto
473 2528 672 2578 autem
705 2523 968 2592 clamore,
1000 2525 1192 2580 statim
1223 2543 1459 2597 surgens
1489 2542 1677 2582 coram
1715 2527 1896 2599 magi-

288 2616 399 2666 stro
428 2628 561 2677 suo,
597 2612 747 2667 sicut
769 2613 972 2669 fratres
995 2615 1052 2669 in
1077 2615 1340 2687 capitulo,
1365 2616 1580 2672 veniam
1604 2621 1761 2689 petat
1782 2634 1897 2673 non

287 2716 568 2763 sessurus.
604 2702 800 2769 donec,
828 2705 1219 2759 emendatione
1250 2705 1542 2776 promissa,
1577 2706 1727 2762 idem
1752 2706 1895 2762 ma-

284 2792 460 2862 gister
490 2792 801 2864 precipiat.
834 2794 905 2848 Et
943 2794 1013 2849 de
1043 2795 1255 2850 levibus
1299 2796 1524 2868 quidem
1557 2797 1735 2869 culpis
1787 2797 1894 2852 hoc

288 2880 452 2935 modo
482 2887 697 2951 agatur
729 2900 742 2949 ;
778 2899 879 2954 pro
910 2884 1214 2953 majoribus
1237 2892 1427 2940 autem
1475 2886 1674 2957 culpis.
1707 2891 1806 2941 aut
1833 2885 1893 2940 in

285 2969 555 3041 capitulo,
586 2987 690 3040 pro
711 2970 1027 3042 quantitate
1055 2974 1232 3045 culpae
1248 2974 1583 3046 corripiatur
1606 2981 1723 3042 aut,
1747 2975 1795 3029 si
1813 2974 1892 3029 ibi

1981 1814 2331 1887 praecedente
2357 1825 2485 1864 eum
2515 1808 2784 1879 magistro
2821 1821 2945 1864 suo,
2997 1802 3299 1874 incipiente
3346 1801 3576 1855 dextero

1980 1904 2169 1963 choro,
2202 1902 2353 1956 dicat
2379 1903 2685 1955 conventus
2709 1897 2989 1968 psalmum
3006 1894 3259 1948 Miserere
3270 1892 3571 1958 mei,Deus.

1978 1991 2234 2048 Novitius
2262 1996 2394 2044 ante
2424 1988 2602 2042 altare
2632 1985 2859 2041 veniens
2897 1999 3070 2055 super
3093 1981 3334 2053 gradum
3360 1996 3420 2035 se
3451 1996 3577 2051 pro-

1977 2086 2212 2155 sternet,
2239 2080 2497 2152 dictoque
2518 2076 2732 2149 psalmo
2745 2090 2983 2145 surgens
2999 2070 3402 2144 professionem
3415 2085 3577 2125 suam

1978 2175 2146 2244 legat,
2177 2179 2235 2227 et
2261 2187 2431 2243 super
2464 2169 2641 2224 altare
2664 2171 2855 2239 ponat.
2871 2164 3032 2230 Quod
3047 2163 3094 2218 si
3108 2163 3340 2235 ignarus
3354 2161 3575 2217 littera-

1978 2275 2104 2314 rum
2129 2263 2231 2322 est,
2254 2256 2524 2327 magister
2552 2271 2687 2309 suus
2708 2252 2876 2307 debet
2905 2266 3029 2306 eam
3058 2266 3159 2322 pro
3189 2265 3255 2303 eo
3283 2249 3489 2320 legere,
3522 2252 3581 2302 et

1978 2350 2097 2422 ipse
2126 2346 2369 2402 novitius
2395 2361 2565 2417 super
2583 2344 2763 2399 altare
2792 2356 3019 2414 ponere.
3055 2339 3177 2404 Quo
3206 2338 3373 2404 facto,
3417 2336 3577 2393 ﬂexis

1978 2455 2166 2495 coram
2196 2436 2361 2492 altari
2387 2434 2642 2507 genibus,
2671 2432 2889 2487 veniam
2926 2434 3102 2504 petat,
3119 2434 3177 2484 et
3189 2433 3386 2501 postea
3400 2427 3471 2482 ad
3491 2428 3577 2482 lo-

1977 2545 2106 2583 cum
2125 2526 2221 2583 ubi
2251 2543 2310 2582 se
2328 2523 2631 2598 prostravit
2684 2521 2908 2577 rediens
2948 2536 3172 2574 versum
3201 2518 3424 2588 Suscipe
3468 2533 3573 2584 me,

1977 2621 2225 2681 Domine,
2258 2622 2348 2672 ter
2375 2615 2543 2680 dicat,
2565 2610 2921 2685 ibiqueinter
2943 2609 3242 2665 dicendum
3270 2613 3360 2662 ter
3390 2623 3578 2679 genua

1978 2708 2196 2768 ﬂectat;
2230 2722 2394 2779 quem
2414 2720 2635 2760 versum
2655 2708 2744 2757 ter
2761 2705 3022 2773 repetens
3037 2696 3575 2769 conventus,adjun-

1972 2801 2071 2868 gat
2097 2795 2169 2849 ad
2198 2794 2463 2849 ultimum
2488 2794 2678 2849 Gloria
2704 2792 2889 2853 Patri,
2930 2789 3100 2857 Kyrie
3128 2785 3577 2852 eleison,0hriste

1974 2885 2371 2952 eleison,Kyrie
2381 2883 2768 2946 eleison,Paler
2784 2883 2985 2932 noster.
3001 2877 3290 2931 Conventu
3306 2872 3576 2945 incipien-

1974 2979 2049 3037 te,
2083 2973 2275 3030 Gloria
2319 2973 2491 3036 Patri,
2537 2963 3403 3037 novitiusinclinatuspervolvat
3432 2978 3493 3017 se
3516 2961 3577 3017 in

286 3036 424 3112 cella
455 3036 802 3114 novitiorum
830 3066 933 3129 est,
966 3062 1025 3116 in
1055 3079 1123 3117 ea
1150 3036 1622 3135 quemadmodum
1655 3036 1720 3118 in
1742 3036 1946 3135 capi-G
1974 3036 2292 3125 circuitum,
2315 3065 2372 3116 et
2395 3058 2588 3115 statim
2618 3062 2939 3130 prosternat
2959 3072 3040 3110 se.
3084 3053 3291 3119 Abbas,
3338 3052 3487 3107 dicto
3505 3052 3575 3107 Et

285 3146 400 3201 tulo
434 3147 767 3219 increpetur
798 3155 857 3207 et
901 3150 1261 3219 verberetur;
1319 3153 1388 3208 de
1442 3154 1709 3225 capitulo,
1745 3153 1890 3207 facto
1976 3152 2399 3208 nenosinducas
2419 3152 2481 3204 in
2508 3150 2886 3212 tentationem,
2914 3150 3246 3216 etresponso
3277 3142 3380 3199 Sed
3399 3142 3575 3196 libera

285 3251 565 3303 sermone,
596 3238 847 3309 quotidie
876 3246 1055 3305 exeat,
1085 3247 1142 3294 et
1172 3242 1399 3297 interim
1437 3243 1496 3297 in
1546 3225 1890 3296 monasterio
1974 3259 2070 3296 nos
2089 3258 2123 3295 a
2151 3244 2316 3305 malo,
2349 3238 2581 3310 incipiat
2601 3237 2880 3310 psalmum
2896 3237 2969 3290 De
2990 3233 3324 3304 profundis;
3363 3247 3474 3304 quo
3512 3228 3576 3284 ﬁ-

285 3332 531 3392 maneat,
563 3326 672 3382 nisi
700 3344 801 3399 pro
823 3329 1025 3400 majori
1061 3331 1245 3402 culpa,
1273 3337 1337 3386 ut
1367 3331 1576 3387 dictum
1597 3338 1704 3397 est,
1728 3331 1891 3386 casti-
1972 3331 2091 3386 nito
2120 3346 2153 3385 a
2177 3334 2473 3395 conventu,
2498 3344 2625 3383 cum
2646 3328 2835 3383 Gloria
2851 3323 3311 3394 Palri,adjungat
3339 3321 3572 3379 Salvum

285 3416 504 3487 gandns
555 3423 851 3472 remaneat
882 3437 894 3486 ;
952 3419 1022 3473 de
1060 3420 1148 3475 his
1189 3420 1388 3492 culpis,
1428 3438 1568 3493 quas
1599 3422 1655 3476 in
1686 3420 1888 3476 saeculo
1970 3423 2061 3489 fac
2084 3436 2302 3474 servum
2325 3424 2508 3483 tuum,
2533 3418 2684 3472 Mitte
2705 3419 2774 3483 ei,
2796 3416 3044 3479 Domine,
3069 3411 3576 3467 auailiumdesan-

281 3506 469 3577 gessit,
506 3511 566 3561 et
595 3523 719 3578 quae
739 3507 796 3561 in
814 3507 916 3562 hoc
947 3509 1143 3564 ordine
1173 3510 1279 3563 sibi
1309 3518 1636 3579 evenerunt,
1654 3513 1740 3567 vel
1759 3527 1885 3564 eve-
1971 3514 2071 3576 σεο,
2107 3509 2264 3564 Nihil
2301 3510 2552 3578 proﬁciat
2575 3507 2843 3561 inimicus
2874 3506 2939 3558 in
2967 3519 3044 3569 eo,
3070 3503 3191 3557 Esto
3220 3504 3289 3568 ei,
3320 3502 3570 3567 Domine,

283 3595 459 3657 niunt,
496 3596 826 3667 frequentes
855 3597 1230 3655 confessiones
1258 3599 1427 3654 faciat
1458 3600 1668 3670 abbati,
1692 3604 1883 3675 priori,
1972 3601 2150 3653 turris
2160 3598 2532 3666 fortitudinis,
2557 3596 2803 3661 Domine,
2820 3593 3028 3648 exaudi
3041 3594 3349 3646 orationem
3367 3605 3567 3655 meam,

283 3684 669 3756 spiritualibus
694 3684 961 3741 fratribus
980 3687 1182 3758 quibus
1206 3689 1324 3742 haec
1346 3706 1481 3744 cura
1501 3691 1750 3762 injuncta
1775 3698 1881 3750 est.
1973 3690 2240 3742 Dominus
2251 3682 3193 3752 vobiscum;deindecollectamDeus
3210 3681 3573 3749 indulgentia

342 3773 674 3829 Transactis
702 3775 982 3847 plerisque
1031 3777 1247 3843 diebus,
1311 3778 1358 3833 si
1413 3779 1525 3834 vita
1553 3782 1676 3851 ejus
1703 3782 1887 3840 fratri-
1968 3780 2131 3832 Pater
2159 3796 2174 3842 ;
2207 3777 2342 3830 item
2367 3774 2536 3830 aliam
2584 3776 2724 3830 Deus
2754 3776 2854 3843 qui
2875 3788 2976 3843 per
3027 3775 3389 3830 maternum;
3431 3768 3568 3824 item

281 3862 397 3929 bus,
424 3871 483 3918 et
509 3864 752 3919 fratrum
799 3867 1147 3921 conversatio
1177 3867 1282 3922 sibi
1316 3868 1605 3939 placuerit,
1657 3888 1884 3929 monen-
1965 3865 2135 3920 aliam
2160 3867 2385 3920 Domine
2410 3867 2538 3918 Jesu
2558 3863 2783 3927 Christe,
2819 3864 2918 3931 qui
2940 3878 2994 3915 es
3015 3863 3126 3915 via.
3155 3858 3331 3914 Dictis
3359 3857 3448 3912 his
3461 3855 3566 3912 tri-
3628 3894 3647 3909 ς

279 3951 377 4007 dus
406 3959 498 4008 est
528 3969 563 4007 a
594 3955 868 4025 magistro
899 3970 1000 4010 suo
1026 3962 1304 4028 quatenus
1343 3964 1503 4030 roget
1543 3959 1785 4031 priorem
1826 3968 1884 4019 et
1964 3953 2068 4010 bus
2093 3954 2339 4008 collectis
2367 3952 2602 4024 singulis
2614 3968 2743 4007 cum
2773 3950 2995 4022 integro
3023 3953 3127 4006 Per
3152 3950 3453 4004 Dominum.
3473 3963 3566 4001 no—

278 4041 498 4114 aliquos
528 4044 774 4115 majores
795 4043 1015 4108 fratres,
1043 4046 1284 4117 utetipsi
1316 4064 1417 4118 pro
1439 4065 1506 4101 eo
1526 4047 1880 4109 intercedant
1962 4043 2404 4114 strum,incipiat
2420 4042 2592 4097 abbas
2609 4043 2881 4114 hymnum
2899 4042 3026 4094 Veni
3043 4040 3268 4096 Greator
3292 4036 3561 4107 Spiritus.

274 4133 417 4203 apud
449 4132 715 4187 abbatem
748 4151 848 4205 pro
879 4132 1263 4189 benedictione
1316 4135 1634 4203 tribuenda,
1669 4146 1726 4194 et
1758 4158 1880 4211 pro-
1962 4134 2083 4198 Quo
2105 4149 2138 4186 a
2159 4137 2435 4187 conventu
2464 4132 2661 4187 devote
2692 4136 2750 4185 et
2777 4128 3106 4185 solemniter
3128 4128 3445 4190 decantato,
3474 4122 3562 4178 di-

274 4220 511 4277 fessione
560 4222 935 4293 suscipienda.
969 4223 1128 4287 Quod
1161 4223 1208 4277 si
1238 4241 1367 4278 eum
1401 4224 1727 4283 benedicere
1786 4230 1879 4284 ab-
1960 4229 2051 4279 eat
2070 4223 2357 4277 collectam
2373 4222 2568 4278 Sancte
2595 4220 2843 4290 Spiritus
2871 4223 2971 4289 qui
3000 4225 3048 4274 te
3073 4221 3247 4274 Deum
3276 4233 3340 4271 ac
3365 4216 3557 4272 Domi-

274 4308 386 4365 bati
411 4328 526 4365 non
557 4311 774 4381 placuei
792 4310 853 4375 it,
877 4316 1092 4365 statuta
1107 4312 1197 4366 die
1218 4312 1276 4367 in
1303 4313 1547 4385 capitulo
1578 4316 1737 4371 finito
1758 4335 1877 4373 ser-
1900 4321 2117 4380 Dnum-
2151 4313 2274 4376 Qua
2310 4311 2474 4374 ἀίίεῐθιι
2508 4316 2706 4382 surgat
2741 4308 3004 4376 Πονίιίιιεν
3040 4316 3097 4362 ει
3125 4310 3357 4379 spargat
3387 4319 3559 4377 ευΡθΓ

274 4415 455 4467 mone,
481 4400 543 4454 in
566 4400 687 4454 loco
719 4398 812 4453 ubi
838 4401 979 4454 solet
999 4418 1059 4454 se
1083 4408 1423 4472 prosternat,
1443 4404 1869 4479 prostratusque

269 4506 366 4559 pro
425 4489 788 4561 impetranda
831 4487 1222 4545 benedictione
1289 4493 1617 4563 petitionem
1679 4496 1870 4553 faciat.

268 4578 431 4633 Jusso
459 4595 527 4633 eo
568 4594 819 4649 surgere,
854 4586 1159 4634 narrentur
1188 4581 1239 4634 ei
1271 4598 1458 4637 rerum
1504 4584 1647 4638 dura
1670 4590 1726 4640 et
1746 4604 1873 4657 gra-

268 4668 352 4723 via
381 4686 508 4740 quia
540 4667 601 4722 in
638 4673 830 4722 nostro
879 4669 1076 4723 ordine
1118 4687 1152 4723 a
1182 4671 1391 4725 sanctis
1450 4673 1709 4728 Patribus
1740 4682 1872 4732 sunt

266 4755 546 4812 instituta.
582 4756 691 4821 Qui
729 4756 775 4812 si
815 4757 934 4811 haec
978 4759 1169 4814 omnia
1205 4766 1262 4815 et
1289 4761 1474 4816 adhuc
1502 4763 1786 4833 graviora,
1823 4765 1871 4821 si

265 4860 491 4901 necesse
522 4846 714 4908 fuerit,
739 4846 1032 4902 humiliter
1052 4855 1108 4903 et
1138 4850 1417 4920 patienter
1444 4870 1503 4906 se
1531 4853 1676 4907 ferre
1704 4871 1870 4925 para-

264 4939 382 4990 tum
412 4953 536 4991 esse
558 4935 926 5008 responderit,
960 4936 1275 5010 interroget
1301 4939 1473 4995 abbas
1519 4943 1870 4999 considentes

264 5023 464 5079 fratres
490 5025 626 5096 quid
662 5025 794 5079 inde
818 5027 1080 5090 sentiant,
1116 5034 1172 5081 et
1222 5033 1413 5082 utrum
1448 5031 1702 5100 pl'eCiUllS
1744 5034 1866 5103 ejus

263 5115 623 5170 annuendum
638 5132 759 5170 esse
770 5117 1080 5171 concedant
1106 5116 1320 5180 Quibus
1331 5120 1795 5190 respondentibus
1805 5140 1866 5178 se

263 5207 453 5270 πει)
468 5204 713 5258 libenter
735 5206 1059 5271 concedere,
1095 5207 1389 5279 adjungat:
1410 5209 1477 5263 Et
1490 5225 1591 5263 nos
1607 5212 1862 5265 concedi-

262 5292 453 5347 musin
470 5293 703 5347 nomine
718 5294 964 5348 Domini.
999 5296 1121 5360 Quo
1138 5297 1286 5351 dicto
1308 5298 1473 5352 vadat
1491 5299 1562 5353 ad
1581 5300 1750 5371 pedes
1771 5300 1864 5355 ab-

264 5378 512 5449 batis,vel
528 5384 653 5455 ejus
668 5384 765 5455 qui
785 5384 969 5439 ordini
983 5391 1201 5458 praeest,
1226 5385 1272 5440 si
1284 5385 1455 5441 abbas
1470 5388 1643 5452 deest,
1663 5389 1865 5444 dehinc

265 5486 513 5528 reversus
552 5472 612 5529 in
642 5474 850 5541 locum,
892 5475 949 5531 in
986 5493 1096 5548 quo
1122 5476 1332 5547 stabat,
1361 5477 1516 5533 ﬂexis
1552 5479 1623 5534 ad
1651 5484 1863 5535 terram

262 5560 515 5631 genibus,
542 5564 839 5620 humiliter
866 5564 1099 5622 inclinet
1122 5572 1253 5623 ante
1282 5572 1339 5623 et
1356 5567 1426 5622 ad
1448 5569 1701 5624 dextram
1718 5574 1776 5625 et
1791 5570 1861 5626 ad

1960 4418 2087 4457 eum
2118 4401 2289 4456 abbas
2319 4418 2526 4474 aquam
2550 4400 2897 4456 benedictam
2922 4418 2935 4467 ;
2970 4414 3150 4471 eoque
3169 4402 3355 4452 stante
3383 4394 3559 4450 bene-

1954 4493 2175 4547 dicatur
2193 4492 2433 4554 cuculla,
2464 4497 2520 4546 et
2541 4495 2875 4562 aspergatur
2903 4506 3050 4562 aqua
3088 4488 3407 4556 benedicta;
3441 4502 3554 4559 qua

1955 4581 2248 4638 benedicta
2266 4581 2496 4637 accedat
2524 4580 2765 4636 novitius
2794 4579 2865 4634 ad
2893 4579 3153 4634 abbatem
3187 4583 3244 4633 et
3274 4577 3431 4633 ﬂexis
3456 4593 3554 4649 ge-

1954 4673 2138 4745 nibus.
2162 4680 2273 4728 stet
2299 4679 2431 4727 ante
2452 4688 2775 4744 eum,quem
2811 4670 3003 4727 tunica
3034 4686 3242 4726 exuens
3262 4668 3433 4724 abbas
3462 4667 3550 4722 di-

1953 4769 2071 4818 cat:
2094 4783 2122 4815 α
2138 4763 2317 4818 Exuat
2342 4778 2394 4817 te
2411 4762 2684 4818 Dominus
2701 4767 2942 4816 veterem
2960 4760 3245 4816 hominem
3267 4776 3395 4815 cum
3418 4757 3556 4815 acti-

1953 4853 2057 4908 bus
2088 4853 2270 4908 suis.»
2305 4854 2375 4908 Et
2395 4852 2635 4907 induens
2659 4867 2786 4906 eum
2812 4850 3029 4906 cuculla
3055 4848 3388 4921 subjungat:
3415 4869 3438 4902 ι
3462 4849 3550 4905 In-

1952 4942 2089 4997 duat
2132 4948 2189 4996 te
2218 4942 2492 4997 Dominus
2522 4957 2728 4995 novum
2774 4940 3077 5006 hominem,
3106 4939 3202 5012 qui
3240 4939 3546 4994 secundum

1951 5032 2126 5087 Deum
2149 5040 2370 5087 creatus
2392 5038 2479 5086 est
2500 5030 2558 5085 in
2572 5030 2815 5102 justitia,
2841 5035 2898 5085 et
2917 5030 3214 5085 sanctitate
3239 5029 3542 5085 veritatis.»

1945 5122 2030 5175 Ad
2044 5120 2230 5177 utrum
2238 5139 2346 5194 que
2358 5121 2734 5193 respondeant
2742 5121 3038 5177 audientes
3047 5120 3266 5181 fratres,
3279 5139 3300 5170 ι
3313 5120 3506 5173 Amen.
3520 5137 3542 5169 ι

1948 5211 2335 5283 Subsequatur
2376 5228 2547 5283 super
2589 5227 2720 5265 eum
2750 5210 2906 5265 ﬂexis
2930 5209 3168 5282 genibus
3212 5208 3539 5262 inclinatum

1949 5299 2141 5355 Oratio
2171 5302 2311 5355 Deus
2344 5303 2676 5367 misericors,
2730 5302 2867 5355 Deus
2897 5303 3152 5355 clemens.
3203 5297 3325 5362 Qua
3367 5297 3536 5366 dicta,

1947 5390 2230 5445 osculetur
2251 5407 2379 5445 eum
2404 5389 2595 5456 abbas,
2626 5389 2866 5446 induens
2902 5394 3071 5462 caput
3099 5389 3219 5458 ejus
3265 5386 3489 5460 caputio
3528 5407 3540 5456 ;

1945 5479 2143 5536 dehinc
2176 5480 2416 5537 ducatur
2438 5497 2539 5553 per
2567 5479 2800 5535 chorum
2830 5480 2899 5535 ad
2948 5477 3311 5535 osculandum
3343 5495 3538 5535 omnes

1944 5570 2163 5639 fratres,
2198 5571 2429 5629 ultimus
2458 5570 2778 5626 collocetur.
