3978 6174
450 253 554 319 503
611 326 615 330 ,
1435 260 1500 315 Β.
1543 261 1958 320 LANFRANCI
1998 265 2061 320 CI

2160 263 2357 320 ['UAR.
2396 262 2734 321 ARCHIEP.
3593 256 3686 320 504

517 379 722 446 Tribus
745 384 943 441 diebus
960 383 1414 439 communionem
1443 386 1694 458 corporis
1722 394 1778 443 et
1821 389 2046 460 sangui-
2063 390 2312 452 Adinem
2343 391 2610 459 tenentis,
2637 390 2812 462 petita
2849 388 3250 455 benedictione,
3299 389 3453 444 lectis
3479 395 3534 444 et
3573 407 3694 462 pro-

448 479 538 534 nis
589 477 794 533 Christi
826 474 1081 544 accipiat.
1138 474 1328 528 Tertia
1388 475 1476 529 die
1522 477 1592 530 ad
1631 494 1822 549 pacem
1864 479 2046 533 missae
2128 481 2401 536 nuntiatis
2431 498 2552 552 quae
2602 481 2710 550 legi
2741 486 2796 534 et
2846 478 3187 533 considerari
3216 479 3549 532 consuetudo
3598 486 3691 547 est,

450 569 672 622 auferat
699 566 749 620 ei
773 563 1061 634 caputium
1092 563 1160 616 de
1185 565 1366 635 capite
1398 564 1589 632 abbas,
1639 567 1723 621 vel
1753 568 1841 622 cui
1874 569 2047 622 abbas
2128 570 2273 624 facto
2299 587 2575 631 sermone,
2598 571 2745 624 dicto
2774 590 2794 620 ι
2818 571 3138 640 Loquamur
3161 569 3229 622 de
3258 569 3449 623 ordine
3466 575 3692 634 nostro,»

450 655 797 729 praeceperit,
831 653 878 707 si
909 654 1028 724 ipse
1061 652 1117 706 id
1148 652 1389 707 faciendi
1419 657 1894 726 Opportunitatem
1933 675 2046 712 non
2087 698 2093 704 κ
2131 659 2175 713 si
2197 660 2474 713 clamatur
2501 660 2705 730 aliquis
2733 660 2826 730 qui
2852 675 3149 712 commune
3173 676 3297 712 cum
3327 675 3450 720 uno,
3477 664 3569 712 aut
3595 659 3699 728 plu-

451 745 638 800 habet.
668 746 813 797 Ante
872 743 1018 796 hanc
1063 742 1279 809 horam,
1313 759 1378 797 ex
1410 761 1522 814 quo
1569 745 1890 800 benedictus
1937 753 2041 812 est,
2129 749 2283 803 ribus
2304 765 2508 803 nomen
2526 750 2728 803 habeat
2751 749 2856 802 nisi
2878 749 3126 802 clamans
3148 749 3225 803 ita
3247 748 3525 802 discernat
3543 753 3595 802 et
3619 749 3701 802 de-

451 849 735 888 summum
755 832 1042 885 silentium
1074 837 1266 885 teneat
1292 850 1306 898 ;
1357 833 1426 886 de
1465 835 1727 905 capitulo,
1769 836 1915 889 facto
1937 854 2048 891 ser-
2131 838 2400 892 terminet
2419 844 2483 892 ut
2511 839 2665 892 nulla
2695 837 2968 890 dubitatio
3002 837 3176 908 possit
3205 854 3344 900 esse,
3379 853 3566 890 omnes
3615 837 3700 905 qui

451 938 636 987 mone,
666 926 844 987 exeat,
877 921 945 975 ad
978 921 1390 991 processionem
1438 939 1550 978 non
1598 924 1780 990 vadat,
1834 926 2052 979 cuculla
2134 927 2383 997 ejusdem
2409 926 2650 979 nominis
2688 931 2838 990 sunt,
2869 926 3030 994 cujus
3059 931 3142 978 est
3179 925 3274 978 ille
3304 925 3398 995 qui
3429 925 3698 990 clamatur,

451 1011 682 1066 indutus
703 1011 989 1065 .cucullato
1016 1010 1198 1080 capite
1241 1011 1500 1065 dormiat.
1554 1013 1616 1066 In
1649 1014 1828 1083 primo
1859 1024 2046 1069 autem
2133 1015 2322 1069 statim
2357 1014 2563 1068 debent
2581 1032 2828 1084 surgere,
2853 1021 2907 1068 et
2921 1020 2987 1068 ad
3013 1015 3199 1068 venias
3223 1014 3568 1068 humiliterse
3582 1031 3704 1084 prae-

453 1102 717 1173 capitulo,
751 1117 862 1172 quo
883 1100 933 1153 ei
963 1099 1096 1152 licet
1124 1100 1298 1170 loqui,
1339 1100 1500 1155 debet
1530 1103 1800 1172 magister
1829 1105 1948 1174 ejus
1980 1105 2049 1158 de
2089 1167 2092 1170 ,
2133 1113 2374 1171 sentare,
2397 1107 2572 1159 donec
2600 1107 2873 1159 clamator
2899 1106 3272 1159 determinate
3319 1106 3488 1176 eligat
3515 1105 3579 1158 de
3607 1121 3704 1177 quo

455 1208 521 1247 eo
547 1190 874 1245 memoriam
906 1188 1112 1243 habere
1138 1205 1326 1243 coram
1356 1190 1574 1257 abbate,
1609 1193 1798 1246 dicens
1827 1212 1838 1245 :
1881 1217 1902 1241 ιι
1939 1195 2048 1248 Do-
2133 1196 2308 1260 dicat;
2342 1196 2462 1266 ipsa
2484 1203 2670 1250 autem
2702 1195 3095 1249 determinatio
3125 1194 3196 1248 ab
3217 1194 3521 1256 ordinibus,
3543 1195 3620 1248 vel
3639 1194 3706 1247 of-

454 1281 628 1344 mine,
670 1280 715 1334 si
739 1281 984 1350 placeret
1011 1277 1165 1332 vobis
1195 1279 1516 1350 praecipere,
1542 1287 1732 1352 posset
1750 1283 1854 1337 iste
1877 1283 2050 1338 frater
2133 1286 2293 1351 ﬁciis,
2319 1286 2364 1339 si
2383 1286 2556 1355 possit
2579 1285 2723 1346 fieri,
2767 1283 2931 1337 debet
2960 1301 3079 1338 esse
3111 1284 3214 1337 hoc
3245 1283 3408 1336 modo
3435 1301 3446 1336 :
3479 1284 3706 1337 Domnus

456 1370 526 1424 ab
548 1371 652 1423 hac
673 1370 762 1423 die
779 1369 837 1422 in
855 1372 1020 1422 antea
1045 1369 1230 1438 legere
1261 1374 1317 1422 et
1345 1374 1572 1423 cantare
1599 1371 1655 1424 in
1669 1379 1963 1438 conventu,
1982 1374 2052 1427 si-
2135 1374 2427 1427 Eduardus
2459 1374 2774 1444 presbyter,
2808 1373 3095 1437 diaconus,
3127 1371 3516 1433 subdiaconus,
3549 1387 3706 1424 secre-

456 1465 552 1514 cut
595 1458 692 1512 alii
745 1458 986 1512 fratres:
1020 1477 1044 1509 >2
1096 1459 1466 1528 respondente
1515 1459 1716 1515 abbate
1747 1479 1758 1515 :
1806 1482 1826 1512 ι
1864 1463 2054 1516 Faciat
2134 1463 2330 1529 tarius,
2364 1462 2966 1532 magisterinfantium,
2999 1462 3082 1515 vel
3106 1460 3494 1531 juvenum,vel
3517 1459 3705 1530 aliquid

456 1565 585 1605 cum
613 1547 715 1602 Dei
756 1546 1212 1613 benedictione,»
1269 1547 1500 1603 inclinet
1543 1549 1664 1620 ipse
1713 1551 1954 1606 novitius
1982 1553 2052 1606 ad
2134 1551 2476 1622 hujusmodi,
2509 1567 2617 1604 non
2649 1550 3090 1614 archidiaconus,
3147 1565 3256 1602 non
3307 1548 3703 1613 Londonieusis,

459 1638 718 1694 abbatem
740 1637 950 1691 deloco
980 1636 1036 1690 in
1066 1652 1176 1707 quo
1197 1637 1373 1692 sedet.
2069 1677 2116 1736 Β
2135 1657 2247 1695 non
2277 1640 2487 1710 aliquid
2518 1641 2972 1709 cognominatum
3002 1640 3071 1694 de
3103 1640 3324 1693 saeculo.

529 1728 608 1782 Ex
632 1727 729 1781 illa
756 1726 846 1780 die
874 1727 1254 1798 cujuscunque
1302 1727 1514 1782 ordinis
1556 1729 1631 1783 sit
1657 1729 1863 1784 habeat
1887 1726 2114 1785 licem"
2210 1731 2515 1791 Clamator,
2547 1730 2595 1782 ei
2625 1745 2793 1800 super
2811 1745 2977 1799 quem
3003 1729 3362 1782 clamatorem
3399 1727 3487 1800 [f.,
3521 1728 3710 1781 clamo-

459 1818 598 1872 tiam
661 1817 998 1887 exsequendi
1029 1817 1218 1870 omnia
1246 1834 1369 1888 quae
1394 1819 1482 1873 sui
1512 1820 1722 1874 ordinis
1751 1829 1902 1885 sunt,
1948 1821 2054 1875 nis1
2137 1820 2279 1889 rem]
2298 1819 2447 1883 facit,
2477 1819 2533 1872 in
2558 1819 2680 1888 ipso
2699 1818 2946 1889 capitulo
2965 1817 3238 1887 judicium
3273 1833 3384 1870 non
3425 1817 3589 1870 faciat
3635 1816 3711 1869 In-

458 1908 533 1962 sit
561 1907 838 1970 sacerdos,
871 1906 978 1976 ipsi
1008 1906 1158 1959 enim
1200 1907 1347 1961 infra
1380 1909 1624 1978 primum
1681 1911 2056 1965 conversionis
2137 1914 2455 1978 terrogatus
2487 1924 2640 1961 more
2659 1907 2841 1972 solito,
2876 1907 2969 1978 qui
3000 1907 3392 1978 prosternitur,
3440 1906 3507 1960 ad
3536 1919 3710 1960 omnes

461 2013 576 2052 suae
605 2012 817 2050 annum
839 1995 1067 2049 missam
1095 1995 1377 2051 celebrare
1407 2015 1518 2052 non
1556 1998 1706 2066 licet,
1730 2000 1838 2053 nisi
1866 2001 1922 2054 in
1952 2018 2054 2054 sas-
2140 1999 2328 2053 venias
2363 2019 2384 2045 -ι
2420 1998 2542 2051 Mea
2571 1997 2734 2066 culpa
2762 1998 2929 2062 dicat,
2965 2017 2988 2048 »
3023 2003 3251 2068 excepto
3267 2013 3392 2050 cum
3412 1995 3710 2050 societatem

461 2086 586 2140 culo
625 2085 872 2156 probatae
912 2085 1188 2139 castitatis
1215 2087 1404 2153 fuerit,
1453 2093 1511 2141 et
1537 2088 1710 2143 abbas
1738 2106 1838 2160 pro
1865 2090 1967 2143 hac
1997 2107 2056 2144 re
2141 2088 2403 2157 postulat,
2437 2093 2537 2140 aut
2563 2086 2890 2140 obedientia:
2915 2086 3346 2150 absolutionem,
3379 2091 3476 2139 aut
3491 2100 3606 2138 cum
3626 2084 3714 2137 ali-

462 2174 760 2247 specialem
793 2174 844 2228 ei
864 2174 1148 2228 licentiam
1165 2175 1400 2230 dederit.
2142 2177 2267 2247 quis
2285 2176 2756 2231 fraterminimam
2775 2176 3040 2247 petit,pro
3060 2193 3162 2230 suo
3177 2174 3712 2247 propinquo,noviter

533 2262 866 2318 Offerendus
895 2279 1054 2335 puer,
1087 2265 1234 2318 facta
1253 2265 1360 2318 sibi
1385 2265 1537 2336 prius
1555 2283 1777 2334 corona,
1800 2269 2058 2325 manibus
2142 2271 2198 2318 et
2223 2270 2516 2336 postquam
2535 2265 2604 2318 ad
2626 2265 2877 2318 ordinem
2901 2265 3053 2318 venit
3069 2265 3352 2331 defuncto,
3362 2262 3714 2335 patrescilicet

461 2359 694 2425 portans
719 2354 981 2419 hostiam,
1003 2355 1295 2411 etcalicem
1323 2373 1449 2410 cum
1477 2358 1621 2420 vino,
1647 2358 1793 2412 sicut
1808 2375 1927 2414 mos
1952 2365 2054 2420 est,
2141 2361 2339 2419 matre,
2372 2354 2562 2419 fratre,
2606 2371 2816 2408 sorore.
2850 2355 2932 2408 vel
2961 2371 3087 2408 cum
3105 2371 3272 2419 unus,
3308 2361 3408 2409 aut
3433 2354 3608 2425 plures
3628 2368 3714 2422 pro

463 2448 592 2515 post
620 2444 973 2514 evangelium
1030 2445 1305 2499 sacerdoti
1336 2447 1429 2516 qui
1479 2447 1707 2501 missam
1736 2449 1980 2503 celebrat
2026 2466 2060 2503 a
2142 2462 2206 2501 eo
2234 2445 2330 2516 qui
2351 2445 2406 2498 in
2432 2445 2615 2515 gravis
2645 2445 2821 2516 culpae
2841 2444 3221 2498 satisfactione
3253 2445 3464 2516 positus
3501 2448 3597 2506 est,
3628 2440 3717 2494 mis

465 2533 792 2605 parentibus
822 2535 1108 2587 offeratur.
1134 2534 1257 2598 Qua
1284 2534 1564 2590 oblatione
1584 2554 1617 2591 a
1646 2539 1932 2593 sacerdote
1944 2556 2061 2593 sus-
2142 2535 2504 2588 sericordiam
2525 2541 2744 2606 petunt,
2768 2535 2854 2587 vel
2874 2550 2998 2588 cum
3016 2535 3220 2605 aliquis
3235 2535 3408 2588 frater
3427 2533 3482 2586 in
3509 2533 3714 2601 longum

467 2629 648 2695 cepta,
691 2623 975 2677 involvant
996 2624 1246 2694 praedicti
1274 2632 1537 2696 parentes
1583 2643 1785 2682 manus
1815 2629 1971 2700 pueri
2002 2630 2059 2683 in
2144 2627 2250 2681 iter
2271 2627 2622 2698 profecturus
2653 2630 2754 2688 est,
2781 2632 2876 2679 aut
2899 2641 3022 2679 cum
3054 2625 3268 2696 aliquid
3286 2639 3544 2695 magnum
3573 2627 3624 2675 et
3641 2635 3717 2674 ar-

467 2714 634 2787 palla,
659 2729 771 2784 qua
791 2713 968 2767 altare
994 2719 1320 2784 coopertum
1344 2720 1447 2777 est,
1476 2723 1532 2770 et
1559 2720 1720 2788 cujus
1754 2735 1882 2789 pars
1910 2725 2063 2773 ante-
2144 2718 2337 2782 duum,
2363 2722 2419 2770 et
2449 2717 2563 2770 suis
2590 2715 2799 2770 viribus
2828 2716 3011 2786 impar
3026 2715 3187 2770 fratri
3211 2715 3543 2785 injungitur;
3571 2712 3624 2765 in
3639 2709 3716 2763 his

466 2804 584 2858 rius
616 2803 841 2874 pendet,
873 2808 934 2856 et
957 2807 1092 2857 tunc
1129 2805 1397 2875 suscipiat
1425 2822 1553 2860 eum
1585 2807 1778 2864 abbas.
1827 2809 1947 2873 Quo
1980 2810 2063 2863 fa—
2147 2815 2204 2862 ct
2229 2810 2286 2861 in
2328 2805 2667 2878 hujusmodi,
2709 2806 2812 2858 hoc
2841 2805 3005 2859 modo
3035 2805 3438 2876 respondetur:
3463 2821 3486 2854 «
3512 2801 3604 2856 Dei
3631 2799 3719 2852 mi-

466 2897 574 2959 cto,
606 2891 822 2964 praefati
843 2898 1104 2962 parentes
1134 2909 1318 2947 coram
1346 2895 1462 2949 Deo
1491 2901 1548 2950 et
1575 2897 1783 2951 sanctis
1809 2899 1928 2967 ejus
1948 2904 2060 2952 sta-
2147 2897 2526 2961 sericordiam,
2569 2902 2625 2949 et
2663 2904 2902 2950 vestram
2956 2895 3202 2966 requiro:
3255 2899 3314 2948 et
3345 2893 3582 2956 obsecro,
3613 2910 3633 2940 ι
3667 2894 3716 2941 et

466 2983 570 3036 tim
621 2981 955 3052 promittant
985 2983 1133 3053 quod
1163 3000 1263 3054 per
1304 3001 1382 3050 se,
1429 2991 1524 3040 aut
1557 3003 1590 3040 a
1629 3003 1688 3040 se
1717 2979 2063 3058 suppositam
2091 2995 2365 3058 ncaetera,
2391 2987 2536 3040 sicut
2563 2985 2704 3039 ratio
2736 2984 2836 3050 rei,
2871 3001 2972 3055 pro
3011 3001 3122 3055 qua
3141 2984 3373 3055 petitur,
3409 2980 3656 3053 postulat.

468 3087 769 3145 personam
791 3078 1112 3142 susceptum
1144 3073 1398 3128 ordinem
1429 3091 1570 3145 puer
1586 3093 1874 3146 nunquam
1899 3079 2065 3132 relin-
2089 3039 2131 3100 Ο
2219 3076 2590 3145 Suscepturus
2615 3073 2909 3142 judicium,
2945 3078 3044 3126 aut
3061 3073 3177 3125 sola
3189 3069 3456 3141 grossiori
3475 3069 3616 3137 virga
3640 3079 3718 3117 su-

468 3169 622 3234 quat,
656 3177 838 3234 neque
868 3179 928 3216 se
963 3163 1014 3216 ei
1045 3163 1257 3233 aliquid
1313 3165 1555 3219 scienter
1610 3168 1859 3231 daturos,
1915 3169 2063 3222 unde
2147 3181 2247 3235 per
2265 3164 2602 3218 stamineum
2636 3161 2976 3225 verberetur,
3013 3167 3069 3214 et
3089 3166 3404 3231 prostratus
3424 3159 3614 3230 jaceat,
3633 3155 3719 3207 aut

466 3269 625 3324 puer,
647 3257 840 3317 290
866 3251 1014 3322 quod
1036 3251 1212 3305 absit!
1239 3253 1423 3323 perire
1437 3255 1646 3324 possit;
1671 3257 1811 3310 hanc
1831 3258 2065 3328 promis-
2145 3254 2399 3324 pluribus
2415 3249 2803 3322 gracilioribus
2828 3250 3078 3319 virgis,et
3095 3249 3281 3303 nudus
3298 3249 3503 3307 sedeat.
3527 3251 3720 3298 utrum-

469 3342 686 3396 sionem
737 3341 892 3411 prius
947 3340 1213 3411 scriptam
1268 3358 1454 3396 coram
1491 3344 1727 3399 testibus
1775 3347 1957 3400 verbis
1989 3347 2065 3402 ibi
2147 3360 2256 3414 que
2285 3343 2354 3396 ad
2385 3340 2678 3396 arbitrium
2712 3341 2831 3410 ejus
2861 3341 2956 3410 qui
2985 3346 3189 3411 praeest
3217 3335 3722 3399 ordini,considera—

469 3432 626 3502 prius
657 3430 896 3493 edicant,
931 3436 987 3483 et
1016 3436 1210 3499 postea
1238 3446 1408 3500 super
1435 3431 1612 3485 altare
1634 3438 1865 3502 ponant.
2145 3438 2206 3485 ta
2237 3431 2507 3502 qualitate
2539 3436 2596 3484 et
2622 3429 2935 3501 quantitate
2961 3429 3157 3499 culpae,
3181 3429 3322 3482 dum
3337 3424 3628 3498 corporalis
3648 3421 3721 3476 di-

539 3520 640 3574 His
673 3518 1237 3590 expletis,benedicat
1257 3518 1426 3572 abbas
1455 3520 1747 3585 cucullam,
1782 3527 1838 3576 et
1857 3539 2064 3578 exuens
2147 3522 2379 3593 sciplina
2408 3519 2664 3576 infertur.
2698 3520 2898 3572 fratres
2929 3535 3123 3572 omnes
3155 3519 3427 3572 inclinato
3449 3515 3618 3586 capite
3644 3513 3723 3566 de-

468 3626 706 3682 puerum
738 3625 931 3678 cappa,
974 3609 1058 3660 vel
1095 3607 1348 3678 pellibus,
1392 3609 1477 3661 vel
1506 3609 1694 3680 aliqua
1745 3611 2066 3682 huiusmodi
2152 3609 2283 3664 bent
2310 3626 2449 3671 esse,
2485 3615 2540 3662 et
2579 3608 2670 3680 pio
2697 3614 2754 3661 et
2782 3607 3026 3660 fraterno
3058 3608 3256 3661 alfectu
3307 3606 3721 3677 compassionem

471 3699 785 3770 chlamyde,
819 3697 1003 3751 dicat:
1037 3716 1058 3748 α
1085 3697 1329 3751 Exuatte
1343 3697 1868 3756 Dominusveterem
1891 3703 2068 3758 homi-
2149 3717 2316 3772 super
2343 3717 2470 3754 eum
2499 3699 2724 3753 habere.
2757 3698 2990 3752 Interim
3021 3698 3077 3751 in
3110 3698 3358 3768 capitulo
3394 3713 3552 3752 nemo
3576 3693 3723 3748 debet

469 3805 620 3853 nem,
654 3807 682 3841 π
723 3792 787 3841 ut
813 3803 1001 3856 supra,
1033 3790 1092 3840 et
1129 3786 1368 3841 induens
1396 3805 1524 3842 eum
1561 3791 1797 3856 cuculla,
1833 3791 2066 3862 subjun-
2148 3791 2323 3861 loqui,
2354 3805 2518 3844 nemo
2547 3789 2616 3842 ad
2638 3789 2794 3841 illum
2820 3789 3066 3858 aspicere
3085 3787 3334 3857 exceptis
3350 3787 3600 3858 gravibus
3618 3799 3723 3855 per-

472 3883 571 3948 gat
620 3896 632 3930 :
684 3897 706 3927 οι
747 3877 954 3932 Induat
989 3881 1045 3929 te
1075 3877 1347 3931 Dominus
1370 3895 1572 3932 novum
1603 3879 1908 3946 hominem,
1945 3901 1968 3933 ›
2011 3888 2066 3936 et
2149 3881 2320 3944 sonis,
2355 3879 2557 3950 quibus
2608 3878 2738 3931 licet
2767 3893 2864 3947 pro
2909 3893 2974 3930 eo
3033 3877 3401 3932 intercedere.
3436 3877 3717 3935 Clamatus,

471 3971 692 4022 caetera.
716 3964 927 4020 Dehinc
947 3964 1186 4019 ducatur
1199 3965 1269 4019 ad
1293 3967 1603 4021 radendum
1619 3974 1675 4022 et
1691 3969 2060 4037 vestiendum,
2148 3985 2318 4039 super
2339 3983 2466 4020 eum
2497 3983 2530 4020 a
2552 3982 2660 4037 quo
2683 3967 2954 4019 clamatus
2985 3971 3087 4022 est.
3116 3965 3173 4018 in
3215 3964 3339 4035 ipso
3362 3961 3596 4035 capitulo
3622 3960 3720 4014 cla-

470 4058 616 4113 sicut
638 4055 817 4110 nostri
848 4053 1059 4110 ordinis
1081 4057 1425 4110 consuetudo
1448 4062 1551 4110 est.
1587 4058 1727 4112 Cum
1750 4075 1878 4113 vero
1906 4059 2065 4113 adul-
2150 4074 2364 4112 morem
2399 4057 2576 4110 facere
2607 4071 2715 4108 non
2746 4055 2890 4118 licet,
2914 4053 3263 4125 disciplinam
3302 4052 3630 4124 corporalem
3652 4049 3722 4102 in-

465 4151 526 4201 ta
554 4150 718 4201 aetate
757 4143 1008 4198 facturus
1051 4145 1452 4215 professionem
1499 4146 1687 4213 fuerit,
1721 4150 1859 4202 fiant
1890 4149 1938 4202 ei
1969 4165 2068 4202 ςερ-
2146 4146 2307 4200 ferat.
2344 4143 2770 4216 quicunqueille
2800 4143 2873 4197 sit
2901 4143 2991 4197 cui
3018 4144 3086 4197 ab
3109 4143 3316 4198 abbate
3341 4144 3424 4197 vel
3457 4141 3626 4213 priore
3652 4137 3722 4191 in-

466 4237 609 4300 tera,
639 4249 762 4304 quae
787 4233 1045 4306 superius
1074 4233 1278 4288 debere
1319 4234 1440 4289 fieri
1477 4252 1741 4290 converso
1781 4238 1900 4306 jam
1931 4237 2067 4291 dixi-
2141 4235 2422 4307 jungitur.
2451 4235 2554 4288 hoc
2583 4233 2893 4293 observato,
2912 4233 3310 4288 neinfantibus
3337 4227 3716 4302 veljuvenibus,

467 4339 594 4378 mus
617 4342 630 4390 ;
673 4325 778 4378 hoc
815 4325 986 4393 enim,
1023 4324 1172 4395 quod
1200 4325 1366 4380 modo
1385 4327 1595 4381 factum
1616 4333 1719 4394 est,
1747 4327 1938 4382 iterari
1952 4328 2244 4386 nonDaut
2272 4324 2495 4379 novitiis
2519 4323 2575 4378 id
2606 4323 2786 4377 facere
2807 4323 3162 4394 injungatur;
3194 4339 3366 4378 nemo
3385 4321 3460 4376 ibi
3489 4335 3606 4374 cum
3623 4331 3720 4371 uno

467 4419 706 4485 oportet.
2145 4419 2244 4467 aut
2273 4413 2525 4485 pluribus
2545 4418 2759 4467 secreto
2784 4413 3080 4483 loquatur;
3123 4413 3397 4484 quidquid
3417 4411 3538 4483 quis
3565 4405 3722 4478 loqui-

1040 4538 1272 4594 CAPUT
1292 4540 1493 4598 xvm.
2147 4507 2305 4598 mra
2331 4510 2546 4563 rectore
2577 4502 2809 4598 ordinis,
2845 4508 2902 4556 et
2927 4508 3110 4598 autoto
3143 4509 3418 4598 conventu
3449 4499 3712 4598 audiatur.

2220 4595 2414 4648 Sermo
2434 4599 2654 4647 tantum
2677 4593 2750 4646 sit
2772 4592 2840 4645 de
2861 4592 3110 4655 utilibus,
3146 4598 3202 4645 et
3225 4593 3296 4645 de
3324 4593 3389 4646 iis
3411 4606 3530 4662 quae
3549 4587 3612 4642 ad
3639 4599 3721 4639 or-

940 4665 1016 4718 De
1045 4667 1286 4733 capitulo
1316 4668 1594 4733 regulari.

2148 4683 2334 4737 dinem
2366 4683 2665 4754 pertinent,
2701 4682 2965 4752 loquente
3012 4698 3122 4735 uno
3162 4687 3390 4736 taceant
3418 4679 3536 4742 alii;
3569 4673 3720 4728 verba

540 4770 706 4827 Omni
719 4769 809 4824 die
822 4770 1040 4824 minimi
1054 4771 1294 4842 signi,ad
1309 4773 1715 4843 designandum
1731 4777 2062 4847 capitulum,

469 4860 766 4933 incipiente
792 4878 947 4927 sono,
980 4863 1182 4916 fratres
1212 4879 1406 4917 omnes
1437 4863 1531 4933 qui
1570 4865 1767 4918 sedent
1797 4865 1855 4919 in
1895 4867 2064 4920 choro

469 4951 660 5006 statim
691 4968 938 5022 surgere,
965 4956 1022 5006 et
1050 4951 1195 5005 versi
1226 4952 1294 5006 ad
1318 4953 1593 5006 orientem
1620 4954 1842 5008 interim
1861 4955 2067 5010 debent

470 5045 656 5108 stare;
691 5041 892 5095 fratres
921 5057 1164 5111 quoque,
1211 5041 1303 5110 qui
1349 5041 1552 5094 alicubi
1611 5041 1667 5095 in
1725 5044 2064 5098 monasterio

469 5137 618 5196 sunt,
643 5131 872 5186 chorum
907 5130 1117 5184 intrare
1167 5130 1366 5184 Nullus
1398 5147 1590 5185 eorum
1615 5131 1819 5185 librum
1851 5138 2058 5198 teneat,

468 5222 655 5276 nullus
675 5221 733 5274 in
757 5219 899 5274 libro
925 5219 1136 5290 aliquid
1166 5219 1334 5290 legat,
1372 5224 1471 5273 aut
1498 5220 1758 5291 incipiat;
1790 5222 1973 5275 nullus
2004 5222 2058 5274 in

467 5309 710 5364 claustro
739 5325 839 5380 pro
870 5307 1119 5378 qualibet
1135 5308 1574 5361 occasionetunc
1599 5308 1825 5373 sedeat;
1857 5309 2058 5378 praedi-

466 5399 540 5453 cti
579 5399 724 5470 signi
753 5403 1006 5451 cessante
1035 5397 1241 5459 sonitu,
1276 5397 1680 5467 prmoedentem
1713 5398 1956 5468 priorem
1978 5415 2061 5453 sc-

467 5494 713 5560 quantur
740 5487 854 5555 alii,
886 5486 1030 5542 sicut
1059 5492 1144 5542 est
1158 5487 1293 5541 ordo
1319 5487 1692 5542 conversionis
1723 5503 1933 5541 eorum.

536 5576 968 5633 Considentibus
995 5577 1261 5633 fratribus
1283 5577 1340 5632 in
1362 5578 1627 5650 capitulo,
1653 5576 1724 5634 ad
1744 5584 1943 5635 nutum
1967 5596 2059 5634 or-

2146 4773 2425 4843 quuentis
2455 4789 2618 4826 nemo
2647 4772 3025 4842 interrumpat
3052 4778 3255 4842 praeter
3284 4788 3408 4826 eum
3442 4768 3530 4840 qui
3556 4768 3720 4820 rector

2149 4867 2234 4916 est
2253 4861 2482 4926 ordinis,
2514 4861 2600 4915 cui
2631 4862 2762 4915 licet
2789 4861 3039 4932 loquenti
3072 4862 3371 4933 praecipere
3395 4867 3457 4915 nt
3484 4859 3651 4915 sileat,
3677 4850 3718 4905 si

2149 4952 2290 5005 forte
2308 4951 2356 5004 ei
2377 4967 2560 5004 sermo
2577 4951 2667 5004 ille
2686 4967 2747 5004 su
2758 4952 3084 5020 perﬂuus,et
3097 4952 3312 5006 inutilis
3333 4945 3718 5005 videatur.Rec-

2147 5044 2270 5093 tore
2288 5038 2992 5109 ordinisincipienteloqui,
3008 5038 3231 5092 etiamsi
3252 5039 3452 5110 aliquis
3470 5031 3714 5106 loqueba—

2147 5132 2467 5195 tur,taceat,
2485 5134 2541 5182 et
2563 5128 2632 5181 ab
2653 5127 2912 5181 omnibus
2933 5128 3216 5182 silentium
3235 5143 3512 5182 summum
3538 5125 3646 5177 ﬁat.

2736 5218 2827 5270 CA
2837 5218 2969 5271 l—‘UT
2998 5219 3140 5271 XIX.

2378 5305 2441 5360 Si
2465 5309 2587 5374 quis
2607 5307 2785 5371 frater
2823 5309 3016 5359 altiori
3040 5308 3220 5373 gradu
3250 5308 3494 5360 donetur.

2215 5397 2272 5450 Si
2304 5397 2486 5467 placet
2503 5396 2688 5450 abbati
2720 5397 2962 5466 aliquem
2985 5398 3214 5453 fratrem
3248 5415 3347 5469 pro
3383 5395 3494 5450 suis
3517 5388 3712 5446 meritis

2143 5486 2512 5549 honorare,et
2539 5487 2888 5542 considerata
2918 5505 3167 5559 personae
3189 5490 3306 5561 ejus
3332 5487 3631 5543 honestate.
3659 5478 3710 5533 in

2144 5581 2417 5653 superiori
2447 5583 2567 5637 loco
2597 5587 2866 5648 statuere,
2887 5583 3100 5651 audito,
3126 5584 3300 5639 frater
3318 5583 3430 5649 ille,
3449 5579 3515 5635 ab
3529 5574 3719 5633 abbate
