3978 6174
289 333 392 390 505

282 461 513 515 sedente
539 461 600 515 in
621 461 884 532 capitulo,
919 462 1002 515 Ite
1031 462 1288 534 snperius
1327 463 1521 518 sedere
1535 463 1694 535 juxta
1721 464 1880 520 illum
1897 465 1956 527 A

281 549 546 618 fratrem;
581 551 773 604 statim
805 566 1044 618 surgens
1066 551 1132 603 ad
1165 551 1334 622 pedes
1362 551 1579 607 abbatis
1608 553 1791 618 vadat,
1826 559 1883 608 et

280 645 471 710 postea
495 641 566 693 ad
617 641 800 694 locum
827 640 920 693 ubi
956 641 1278 710 praecipitur
1305 658 1522 696 sessum
1565 648 1782 713 pergat,
1825 647 1883 697 et

280 745 340 782 ex
372 729 471 782 illa
493 719 586 782 die
633 733 809 794 291
862 728 919 782 in
952 729 1312 796 monasterio,
1353 735 1410 784 et
1440 731 1791 801 processione
1825 737 1882 787 et

279 819 578 874 refectorio
599 818 784 889 ipsum
815 818 996 872 locum
1037 818 1272 887 habeat;
1308 819 1513 874 laicum
1549 837 1879 876 conversum

278 907 478 962 beatus
510 907 848 961 Benedictus
889 925 999 962 non
1032 908 1285 979 praecipit
1313 909 1503 962 taliter
1541 911 1875 981 promoveri.

276 997 332 1050 Si
363 1003 562 1050 tamen
587 995 775 1050 abbati
808 1013 1129 1068 promovere
1161 1015 1290 1051 cum
1338 998 1630 1069 placuerit,
1673 1000 1876 1065 locum,

277 1101 444 1156 quem
467 1086 525 1139 in
559 1085 802 1156 capitulo
823 1086 1073 1156 suscipit,
1109 1086 1166 1140 in
1203 1086 1497 1141 refectorio
1525 1090 1694 1142 etiam
1719 1095 1881 1143 tene-

276 1175 376 1239 bit,
413 1176 472 1229 in
502 1176 845 1230 monasterio
884 1193 1032 1240 vero,
1083 1181 1140 1230 et
1166 1177 1538 1246 processione,
1580 1196 1750 1249 super
1788 1197 1882 1234 eos

278 1280 578 1318 conversos
625 1282 744 1319 esse
785 1265 1093 1336 jubebitur,
1128 1266 1330 1336 quibus
1358 1267 1532 1322 frater
1571 1269 1684 1336 ille,
1721 1269 1885 1339 juxta

278 1370 444 1424 quem
479 1355 665 1408 locum
695 1355 882 1409 habet.
908 1356 1062 1426 prior
1082 1371 1203 1409 esse
1233 1355 1594 1426 dignoscitur.

345 1441 592 1496 Evenire
627 1448 809 1513 potest
829 1459 953 1496 cum
1000 1443 1323 1513 hujusmodi
1353 1444 1630 1515 promotio
1656 1444 1884 1499 ordina-

278 1537 369 1584 tur
391 1535 460 1584 ut
492 1530 755 1586 absentes
785 1531 899 1585 sint
934 1532 1106 1602 aliqui
1148 1531 1349 1586 fratres
1392 1533 1614 1587 honesti
1641 1540 1697 1588 et
1722 1533 1884 1589 bonis

277 1620 599 1673 actionibus
630 1620 848 1691 praediti
869 1639 881 1685 ;
916 1619 1118 1690 quibus
1138 1621 1291 1691 prior
1310 1621 1380 1676 sit
1400 1621 1577 1676 frater
1591 1621 1704 1686 ille,
1720 1624 1881 1692 juxta

273 1724 436 1778 quem
470 1716 763 1778 promotus
794 1709 986 1763 sedere
999 1708 1338 1778 jubetur;et
1360 1711 1486 1764 ideo
1512 1711 1882 1766 determinate

1245 321 1574 393 DECRETA
1611 325 1753 393 PRO
1793 320 2068 396 oRniNE
2110 321 2168 397 s.
2215 320 2619 396 BENE‘mc‘rI.

3457 308 3560 390 50‘s

2562 445 2797 517 CAPUT
2825 445 2970 515 xxi.

2391 557 2463 612 De
2487 553 2785 619 disciplina
2807 547 3132 618 puerorum.

2032 645 2152 700 Tali
2169 647 2309 701 hora
2326 644 2479 716 prior
2493 656 2656 695 mane
2673 640 2740 692 ad
2755 639 3081 693 excitandos
3100 639 3302 694 fratres
3315 637 3562 696 sonitum

1961 735 2123 789 debet
2155 736 2354 798 facere,
2401 738 2466 786 ut
2491 729 2665 804 “pueri
2699 729 2859 782 factis
2888 729 3065 783 solitis
3094 729 3460 794 orationibus,
3503 729 3564 798 in

1961 825 2206 879 claustro
2227 824 2447 877 valeant
2465 819 2782 890 legere.Qui
2798 834 2924 872 cum
2941 818 3126 889 legere
3141 813 3406 874 inchoant
3425 814 3555 882 alte,

1963 915 2213 985 quandiu
2246 909 2704 983 leguntseparati
2728 909 2798 962 ab
2841 907 3072 962 invicem
3123 908 3202 962 ita
3230 903 3463 963 sedeant
3499 905 3563 964 ut

1965 1004 2108 1058 alter
2135 1004 2373 1058 alterum
2405 1017 2506 1055 nec
2537 997 2793 1052 manibUS
2822 999 2926 1051 nec
2952 996 3195 1052 vestibus
3235 997 3563 1067 centingére

1963 1093 2160 1164 possit.
2185 1091 2374 1146 Infans
2394 1089 2593 1144 infanti
2624 1103 2735 1141 non
2757 1086 2914 1156 signo
2949 1087 3218 1151 minuere,
3253 1103 3364 1142 non
3394 1081 3561 1142 verbo

1966 1181 2174 1252 aliquid
2195 1179 2518 1242 dicere,nisi
2547 1177 2772 1231 vidente
2801 1183 2969 1246 atque
2998 1174 3263 1230 audiente
3292 1174 3561 1246 magistro

1964 1274 2287 1342 praesumat,
2321 1285 2429 1322 non
2457 1268 2525 1322 de
2554 1267 2672 1320 loco
2705 1265 2761 1320 in
2795 1282 2905 1336 quo
2932 1263 3090 1319 sedet
3118 1263 3238 1318 sine
3281 1269 3558 1336 praecepto

1966 1361 2049 1414 vel
2079 1359 2304 1413 licentia
2330 1361 2544 1428 surgat.
3478 1437 3481 1440 Ι
3513 1435 3518 1439 ι

2036 1450 2384 1519 Quocunque
2414 1451 2658 1518 pergunt
2687 1442 2928 1499 infantes
2950 1460 3096 1498 unus
3128 1441 3395 1514 magister
3415 1442 3565 1496 inter

1965 1539 2105 1594 duos
2127 1539 2368 1592 infantes
2387 1537 2475 1591 sit.
2501 1535 2881 1590 Transeuntes
2902 1540 3032 1587 ante
3062 1533 3264 1586 fratres
3292 1531 3564 1587 inclinent

1964 1628 2250 1692 fratribus,
2305 1633 2362 1681 et
2397 1627 2601 1680 fratres
2631 1625 2710 1679 eis
2741 1623 3001 1678 sedentes
3039 1628 3298 1689 tantum;
3345 1621 3561 1676 duobus

1964 1735 2077 1772 una
2098 1715 2598 1782 laternasufﬁciat;
2630 1714 2677 1768 si
2707 1719 2821 1768 tres
2842 1711 3068 1774 fuerint,
3103 1710 3306 1765 tertius
3323 1711 3566 1764 alteram

274 1803 496 1868 oportet
527 1798 581 1852 ei
604 1799 659 1852 in
690 1799 936 1869 capitulo
966 1798 1075 1851 diei
1098 1805 1288 1852 utrum
1326 1817 1495 1871 super
1522 1800 1672 1871 ipsos
1711 1789 1942 1855 etiamB
1964 1813 2174 1880 portet;
2204 1807 2248 1860 si
2271 1805 2459 1877 plures
2480 1805 2708 1868 fuerint,
2731 1804 2836 1856 hoc
2850 1802 3044 1856 ordine
3064 1795 3467 1872 disponantur:
3501 1800 3559 1854 in

273 1885 552 1952 absentes,
585 1903 714 1941 cum
771 1887 1059 1952 redierint,
1116 1904 1235 1941 esse
1277 1888 1496 1943 debeat.
1553 1890 1880 1960 Ingrediens

1962 1897 2170 1951 nullius
2201 1911 2428 1949 manum
2461 1893 2670 1964 aliquid
2700 1891 2872 1958 dent;
2906 1891 2975 1944 de
3004 1887 3214 1944 nullius
3265 1886 3432 1943 manu
3465 1887 3561 1942 ali-

272 1974 442 2029 frater
470 1976 785 2046 capitulum
818 1976 1175 2046 loquentibus
1207 1977 1331 2031 aliis
1379 1981 1676 2034 Bene-dicite
1706 1981 1875 2036 dicat.
1961 1987 2092 2058 quid
2125 1985 2402 2057 accipiant
2428 1983 2532 2037 nisi
2556 1980 2793 2044 abbatis,
2813 1981 3017 2052 prioris
3031 1980 3279 2064 majoris,
3300 1973 3570 2064 magistri

274 2064 583 2134 Egrediens
613 2083 748 2120 vero
797 2067 842 2119 si
871 2071 958 2120 est
988 2083 1316 2121 reversurus
1345 2085 1445 2122 nec
1475 2073 1605 2122 ante
1635 2075 1692 2123 et
1725 2075 1877 2124 retro
1959 2093 2172 2132 eorum.
2208 2079 2265 2129 et
2288 2075 2392 2127 hoc
2417 2089 2527 2126 non
2558 2070 2888 2142 ubique,sed
2919 2069 2975 2123 in
3006 2061 3268 2138 congruis
3291 2065 3443 2129 locis,
3464 2061 3562 2119 ubi

274 2151 452 2217 faciat,
479 2171 589 2208 nec
619 2157 922 2210 Benedicitc
968 2156 1152 2222 dicat;
1181 2155 1229 2209 si
1259 2173 1370 2211 non
1401 2163 1487 2212 est
1525 2175 1872 2227 reversurus,
1960 2165 2124 2220 aliter
2152 2180 2273 2218 esse
2305 2178 2414 2216 non
2439 2161 2632 2233 possit,
2667 2165 2764 2214 aut
2801 2175 2913 2214 non
2934 2157 3168 2220 debeat;
3203 2148 3398 2210 cantor
3419 2170 3558 2226 quo-

273 2246 580 2314 “tmmqne
611 2250 763 2314 agat"
1963 2271 2090 2327 que,
2125 2271 2251 2308 cum
2283 2253 2340 2306 in
2371 2251 2575 2307 scholis
2603 2267 2796 2305 eorum
2819 2253 2924 2311 est,
2946 2251 3128 2319 potest
3145 2243 3350 2299 librum
3373 2245 3431 2298 in
3451 2259 3560 2316 quo

1961 2344 2178 2399 cantari
2208 2349 2307 2398 aut
2334 2342 2445 2412 legi
2467 2341 2650 2406 debet,
2675 2340 2810 2393 dare
2840 2338 2940 2402 eis,
2976 2341 3032 2391 et
3059 2335 3311 2408 accipere
3358 2330 3427 2388 ab
3457 2331 3556 2388 eis.

778 2423 851 2476 De
881 2425 1357 2490 confraternitate.
1863 2495 1876 2506 ρ

1974 2434 2045 2488 Ad
2083 2435 2259 2487 altare
2283 2431 2329 2485 si
2359 2432 2628 2493 serviunt,
2661 2429 2799 2482 dant
2827 2427 2999 2482 etiam
3051 2425 3128 2480 ibi
3159 2418 3224 2480 et
3253 2419 3556 2496 accipiunt,

343 2510 656 2565 Monadms
687 2511 967 2582 Petiturus
1021 2514 1248 2567 concedi
1306 2513 1412 2568 Sibi
1465 2513 1790 2570 εοοίθΐθΐθιη
1825 2519 1882 2570 et
1962 2525 2106 2579 sicut
2137 2523 2362 2577 ordines
2392 2537 2584 2576 eorum
2619 2523 2942 2591 exposcunt.
2979 2517 3042 2570 In
3069 2515 3313 2587 capitulo
3342 2529 3444 2569 suo
3461 2515 3560 2568 va-

276 2597 610 2653 bclteﬁcium
644 2602 994 2669 monasterii,
1045 2602 1398 2658 introductus
1437 2605 1493 2657 in
1549 2605 1879 2676 capitulum,
1965 2613 2180 2685 pulent,
2212 2611 2357 2665 sicut
2382 2610 2623 2679 majores
2652 2608 2708 2661 in
2734 2605 2928 2677 majori
2959 2605 3222 2676 capitulo,
3426 2689 3429 2690 ν
3535 2679 3541 2690 Σ
3567 2595 3570 2600 ’

279 2690 583 2743 Benedicitc
612 2689 762 2744 dicat
789 2713 800 2754 ;
826 2691 1026 2745 deinde
1055 2698 1369 2763 prostratus
1398 2693 1469 2748 ad
1516 2695 1755 2763 gradum
1787 2693 1882 2750 ubi
2036 2699 2357 2756 Confessuri
2387 2700 2456 2753 ad
2487 2697 2766 2760 abbatem,
2801 2696 2887 2750 vel
2937 2696 3006 2749 ad
3059 2693 3300 2766 priorem
3331 2689 3556 2758 vada‘nt,

276 2779 624 2833 consuetudo
649 2783 751 2841 est,
787 2779 1174 2851 interrogatus
1217 2782 1350 2852 quid
1393 2784 1561 2845 dicat,
1597 2784 1798 2838 humili
1828 2790 1885 2840 et
1968 2792 2050 2845 vel
2087 2791 2157 2845 ad
2189 2807 2283 2844 eos
2313 2806 2452 2860 quos
2484 2786 2802 2860 specialiter
2829 2786 2886 2839 in
2917 2784 3159 2856 capitulo
3188 2777 3564 2854 designaverit

278 2867 475 2921 devoto
501 2868 673 2922 corde
695 2869 751 2922 in
782 2869 870 2923 his
918 2870 1099 2925 verbis
1128 2872 1464 2943 respondeat
1495 2891 1505 2926 :
1536 2894 1560 2925 (ι
1608 2875 1744 2928 Peto
1783 2891 1884 2945 per
1965 2879 2157 2944 abbas,
2179 2881 2311 2935 dum
2334 2879 2634 2933 conﬁtetur
2661 2893 2827 2941 unus,
2852 2875 3046 2929 sedeat
3084 2873 3227 2927 alter
3265 2871 3324 2926 iri
3355 2868 3560 2942 suppel-

281 2955 730 3010 misericordiam
775 2958 875 3012 Dei
901 2964 958 3013 et
985 2963 1248 3026 vestram,
1282 2967 1335 3015 et
1365 2961 1614 3016 omnium
1643 2961 1878 3017 istorum
1964 2969 2162 3033 daneo,
2198 2969 2467 3038 magistro
2497 2983 2692 3021 eorum
2723 2962 2880 3020 extra
2906 2963 3213 3036 capitulum
3245 2955 3473 3016 sedente
3502 2958 3561 3014 in

282 3046 568 3100 seniorum
601 3047 929 3102 societatem
959 3053 1016 3103 et
1046 3049 1375 3105 beneficium
1404 3052 1575 3122 hujus
1601 3060 1881 3107 monaste-
1903 3116 1940 3131 η
1963 3059 2235 3131 proximo.

279 3135 384 3188 rii:
421 3154 450 3189 ι
487 3143 602 3206 quo
629 3135 799 3199 dicto,
832 3138 1172 3209 respondeat
1198 3139 1405 3194 abbas:
1445 3116 1943 3213 lix-OmnipotensC
1965 3116 1981 3131 ⁸
2039 3147 2097 3202 Si
2128 3153 2253 3218 post
2280 3143 2524 3206 versum,
2572 3143 2667 3216 qui
2717 3143 2848 3197 ante
2893 3141 3081 3196 cibum
3124 3135 3348 3203 dicitur,
3373 3133 3566 3210 ἥιςέεὲ

283 3223 556 3278 Dominus
579 3226 858 3279 concedat
879 3226 1033 3281 vobis
1054 3229 1202 3297 quod
1233 3230 1481 3299 quaeritis
1512 3237 1569 3284 et
1596 3230 1715 3302 ipse
1748 3249 1884 3302 prae-
1968 3235 2204 3290 d‘iuntur'
2233 3234 2611 3298 refectoriilm,
2643 3233 2728 3287 vel
2753 3231 2879 3304 post
2906 3225 3152 3288 Glorfa'm
3167 3227 3331 3308 primi
3362 3225 3562 3299 psalmi

278 3318 382 3366 stet
411 3313 578 3367 vobis
608 3315 951 3369 consortium
982 3317 1286 3371 electorum
1325 3335 1576 3373 suorum.
1615 3338 1642 3372 »
1686 3320 1885 3374 Postea
1968 3326 2036 3379 ad
2066 3327 2234 3380 horas
2255 3325 2472 3378 intrant
2500 3323 2755 3384 chorum,
2789 3320 2895 3392 ipsi
2953 3319 3181 3392 quidem
3211 3317 3282 3372 ad
3311 3318 3432 3371 loca
3462 3317 3564 3371 sua

273 3403 457 3470 jussus
483 3411 720 3473 surgere
747 3405 975 3458 accedat
1001 3406 1070 3459 ad
1127 3405 1406 3472 abbatem,
1441 3415 1497 3462 et
1553 3408 1622 3462 ab
1681 3425 1746 3463 eo
1783 3427 1885 3477 per
1964 3415 2190 3481 vadant,
2227 3415 2390 3469 solito
2419 3429 2575 3468 more
2605 3412 2905 3477 inclinent;
2941 3403 3351 3480 magisterver'o
3369 3401 3563 3461 eorum

883 2335 1120 2389 CAPUT
1150 2336 1268 2390 XX.

280 3490 479 3546 librum
511 3493 722 3562 regulae
761 3499 949 3548 sumat
995 3496 1326 3550 monasterii
1385 3497 1728 3551 societatem.
1759 3498 1883 3562 Qua

281 3587 521 3652 sumpta.
555 3588 899 3654 acceptoque
923 3582 992 3636 ab
1019 3600 1084 3638 eo
1122 3585 1309 3639 osculo
1339 3585 1570 3641 inclinet
1593 3604 1650 3640 se
1680 3587 1749 3641 ad
1778 3604 1877 3658 pe-

281 3667 369 3722 des
398 3668 646 3734 abbatis,
683 3670 884 3724 deinde
918 3673 1205 3727 osculetur
1249 3691 1444 3728 omnes
1472 3676 1674 3730 fratres
1697 3677 1755 3730 in
1775 3676 1878 3730 cir-

281 3758 455 3814 cuitu.
499 3759 623 3822 Quo
643 3759 790 3813 facto
821 3769 1136 3817 revertatur
1149 3763 1216 3817 ad
1240 3765 1421 3818 locum
1440 3765 1531 3819 ubi
1558 3781 1616 3819 se
1632 3771 1878 3838 prostra-

280 3848 371 3912 vit,
394 3847 730 3919 ibique‘tres
743 3863 991 3920 genuum
1011 3852 1276 3907 ﬂexiones
1302 3855 1467 3908 solito
1497 3871 1653 3909 more
1692 3856 1877 3911 faciat.

279 3935 504 3991 Fratres
531 3954 663 3990 vero
687 3937 959 3994 inclinent
989 3941 1059 3997 ei.
1075 3941 1277 3995 dehinc
1301 3942 1655 4014 praecipiente
1680 3943 1882 3998 abbate

281 4032 494 4080 sessum
537 4027 726 4093 vadat,
770 4027 1062 4100 designato
1101 4029 1153 4084 ei
1191 4031 1349 4102 prius
1377 4032 1517 4100 loco,
1554 4033 1648 4087 ubi
1686 4034 1879 4088 sedere

279 4113 499 4168 debeat.

344 4205 521 4258 Porro
551 4205 602 4259 si
632 4206 804 4261 abbas
853 4207 1040 4273 fuerit,
1085 4207 1436 4280 ingrediente
1479 4226 1542 4265 eo
1572 4210 1631 4265 in
1661 4212 1879 4284 capitu-

278 4294 413 4359 lum,
447 4300 608 4349 totus
665 4302 984 4351 conventus;
1024 4297 1074 4352 ei
1125 4303 1402 4370 assurgat,
1434 4303 1491 4354 et
1516 4301 1714 4356 tandiu
1772 4307 1883 4358 stet

280 4397 570 4456 quousque
596 4385 770 4440 humo
799 4392 1135 4458 prostratus,
1177 4389 1322 4443 sicut
1349 4391 1626 4460 superius,
1656 4391 1881 4462 petitio-

275 4475 403 4527 n'em
429 4474 618 4540 faciat,
652 4480 709 4528 et
740 4481 959 4530 erectus
993 4493 1120 4530 eum
1176 4477 1464 4532 monachis
1501 4478 1616 4533 suis
1643 4481 1882 4535 societa-

271 4566 387 4616 tem
416 4563 708 4634 suscipiat,
732 4581 906 4636 eaque
937 4571 1198 4638 suscepta
1224 4569 1386 4638 juxta
1412 4567 1673 4624 abbatem
1695 4571 1879 4626 consi-

269 4652 402 4706 deat
428 4670 441 4718 ;
474 4653 738 4708 monachi
763 4671 911 4721 vero,
938 4655 1058 4725 ejus
1083 4655 1351 4712 societate
1379 4661 1879 4729 suscepta,reversi

276 4741 347 4794 ad
374 4742 584 4807 locum,
615 4741 713 4797 ubi
760 4761 819 4798 se
877 4751 1321 4816 prostraverunt,
1353 4754 1469 4802 tres
1511 4765 1760 4820 genuum
1787 4752 1881 4805 ﬂe-

270 4831 487 4897 xiones,
518 4831 666 4886 sicut
678 4835 935 4905 superius
956 4836 1166 4890 dictum
1193 4842 1296 4903 est,
1332 4832 1556 4896 faciant.
1571 4836 1882 4909 Egredien-

270 4925 358 4975 t‘es
393 4924 602 4976 fratres
630 4922 699 4976 de
716 4924 958 4994 capitulo
988 4927 1315 4981 osculentur
1343 4927 1516 4982 abbas
1539 4933 1594 4983 et
1623 4929 1882 4985 monachi

270 5012 419 5080 ejus.

340 5099 404 5154 Si
435 5102 618 5171 major
675 5101 1032 5172 congregatio
1076 5102 1266 5171 fuerit,
1325 5103 1394 5159 ab
1444 5106 1630 5161 osculo
1674 5107 1881 5163 cessari

267 5194 474 5260 potest,
500 5190 648 5261 quod
665 5191 726 5245 in
761 5192 952 5246 multis
967 5194 1086 5262 jam
1117 5193 1382 5249 coenobiis
1406 5196 1529 5250 ﬁeri
1555 5197 1875 5265 consuevit;

272 5279 332 5332 si‘
352 5279 639 5334 saecularis
661 5297 904 5352 persona
933 5283 1102 5337 fuerit
1133 5289 1264 5338 ante
1295 5284 1576 5351 abbatem,
1611 5287 1694 5341 vel
1718 5289 1880 5358 juxta

268 5365 571 5435 abbatem;
607 5368 654 5422 si
685 5369 1028 5423 honorabilis
1058 5387 1298 5440 persona
1326 5374 1417 5432 sit,
1438 5375 1630 5429 sedeat
1653 5383 1879 5448 ;postea

265 5462 499 5511 ostensa
529 5458 654 5528 ejus
675 5458 945 5530 petitione
961 5459 1249 5524 fratribus,
1267 5479 1368 5534 per
1382 5469 1598 5519 textum
1622 5466 1875 5538 Evange-

263 5543 328 5600 lii
359 5547 698 5604 s’dci‘etate‘m'
721 5549 1014 5622 suscipiat;
1047 5549 1256 5604 dehinc
1277 5550 1347 5606 ad
1371 5553 1738 5612 osculandum
1768 5557 1876 5612 fra-

264 5646 411 5706 tres,
433 5640 482 5696 si
503 5638 844 5700 mulier'non
870 5642 961 5711 sit,
986 5642 1044 5698 in‘
1074 5640 1311 5700 cireuit‘u
1332 5649 1549 5717 pergat.

1963 3505 2034 3559 ad
2070 3505 2190 3560 loca
2221 3522 2342 3576 quae
2371 3501 2725 3558 tardantibus
2756 3499 3017 3555 instituta
3044 3501 3178 3577 sunt
3200 3491 3310 3551 e'at.

2032 3586 2222 3658 πῦσε
2250 3594 2451 3656 Puero,
2488 3591 2580 3664 qui
2614 3591 2747 3644 ante
2801 3585 3054 3642 mensam
3109 3579 3334 3641 abbatis
3370 3585 3559 3652 servit,

1959 3681 2300 3737 abstinentia
2331 3681 2438 3735 cibi
2467 3682 2554 3735 vel
2585 3687 2747 3752 potus
2777 3678 2898 3732 sine
2927 3678 3050 3748 ejus”
3068 3675 3346 3748 praecepto
3394 3669 3564 3729 mini-

1966 3771 2056 3825 me
2085 3771 2435 3841 injungatur.
2461 3769 2620 3834 Quod
2665 3768 2712 3822 si
2741 3765 3100 3840 praecipiente
3130 3771 3194 3819 eo
3226 3763 3561 3836 injungitur,

1964 3866 2064 3916 aut
2092 3861 2142 3914 ei
2171 3860 2550 3930 indulgeatur,
2585 3865 2684 3912 aut
2707 3856 2930 3911 interim
2962 3872 2995 3909 a
3034 3851 3229 3909 mensa
3246 3849 3463 3908 abbatis
3482 3870 3566 3908 re-

1963 3956 2272 4008 moveatur.
2307 3949 2365 4003 in
2395 3949 2564 4003 choro
2595 3952 2867 4020 praesente
2896 3945 3116 4008 abbate,
3150 3942 3258 3997 nisi
3288 3943 3566 4015 praecepto

1963 4039 2106 4109 ejus,
2160 4038 2349 4092 nullus
2397 4054 2492 4091 eos
2543 4035 2840 4108 percutiat,
2889 4033 3089 4088 nullus"
3131 4033 3338 4087 exuere
3373 4031 3561 4085 faciat.

1961 4127 2208 4182 Absente
2236 4143 2320 4191 eo,
2346 4121 2542 4180 cantor
2569 4125 2642 4180 de'
2670 4125 2736 4179 iis
2789 4141 2910 4195 quae
2965 4121 3050 4178 sui
3102 4121 3268 4202 officii
3307 4117 3440 4174 sunt
3469 4113 3570 4202 ἐσς’

1965 4215 2217 4287 castiget.
2251 4216 2414 4270 Prior
2433 4231 2560 4270 vero
2586 4214 2655 4270 de
2683 4213 2898 4269 caeteris
2940 4212 2998 4266 in
3045 4209 3251 4284 quibus
3275 4209 3342 4264 se’
3367 4201 3568 4262 leviter

1964 4306 2192 4360 habent.
2228 4305 2557 4376 Ubicunque
2605 4304 2720 4358 sint
2775 4307 2978 4375 praeter
3007 4293 3274 4372 personas
3304 4291 3570 4369 superius

1966 4396 2306 4468 designatas,
2339 4394 2527 4449 nullus
2553 4390 2634 4448 eis
2691 4392 2917 4463 signum
2970 4390 3159 4456 faciat,
3192 4388 3381 4443 nullus
3417 4385 3562 4442 arri-

1965 4487 2115 4541 deat.
3030 4557 3032 4560 ν
3325 4554 3328 4556 γ

2036 4576 2099 4630 In
2123 4575 2368 4629 scholam
2387 4575 2581 4628 eorum
2600 4567 2792 4627 nullus
2816 4567 3185 4642 ingrediatur,
3217 4563 3406 4622 nullus
3435 4565 3563 4621 cum

1964 4665 2044 4720 eis
2076 4663 2280 4718 alicubi
2305 4663 2589 4734 loquatur,
2621 4661 2728 4716 nisi
2759 4661 2874 4740 sibi”
2909 4659 2978 4715 ab
3032 4655 3234 4713 abbate
3265 4658 3349 4712 Vel
3376 4651 3567 4730 priore

1962 4753 2312 4825 ingrediendi
2338 4752 2424 4806 vel
2455 4751 2718 4824 loquendi
2748 4735 2975 4805 licentia
2997 4743 3354 4804 conCedatur.

2036 4841 2360 4896 Meridianis
2410 4840 2563 4895 horis
2611 4840 2672 4894 in
2695 4838 2853 4893 lectis
2879 4837 2995 4893 s’uis
3027 4835 3321 4910 nunquam
3349 4833 3559 4909 legant,

1964 4930 2103 4986 nihil
2126 4931 2277 4985 aliud
2301 4930 2376 4984 ibi
2395 4935 2586 5000 agant,
2606 4928 2974 5000 sed'co‘o’perti'
2993 4927 3522 4998 tantum‘quiescant
3547 4943 3558 4977 :

1964 5037 2130 5082 unus,
2163 5037 2332 5092 super
2387 5020 2525 5074 alios
2570 5018 2888 5090 magistros,
2940 5017 3016 5072 Sit
3068 5017 3338 5090 magister
3368 5013 3563 5071 eorum

1963 5117 2218 5166 maturus
2239 5110 2600 5174 etdiscretus,
2623 5107 2737 5180 qui,
2757 5107 2970 5163 auditis
2997 5105 3353 5170 clamoribus,
3367 5101 3576 5176 culpas“

1962 5199 2410 5271 delinquentium
2443 5199 2730 5253 moderata
2750 5195 3083 5252 discretione
3109 5196 3250 5249 sciat
3266 5192 3348 5246 vel
3361 5189 3574 5264 punire

1963 5289 2047 5343 vel
2072 5289 2383 5360 indulgere.
2417 5281 2712 5344 Collo'catis
2738 5288 2799 5341 in
2823 5283 3117 5341 lectis'sui's
3151 5281 3421 5336 assistant
3446 5285 3572 5368 nia-’-

1959 5379 2140 5450 gistri,
2173 5379 2305 5433 dum
2338 5377 2453 5432 sint
2508 5377 2775 5449 cooperti,
2829 5373 2894 5429 in‘
2938 5375 3105 5428 nocte
3129 5373 3256 5425 cu'm
3312 5367 3558 5424 accensis

1959 5467 2224 5524 candelis.
2972 5536 2978 5542 κ
3403 5531 3412 5535 Α,

2028 5559 2290 5625 ιῐῠνθήεε,
2340 5557 2457 5613 tam
2489 5553 2692 5613 nutriti
2726 5549 2895 5629 quam
2939 5541 3010 5607 δε
3040 5545 3243 5606 δωουιο
3267 5543 3575 5631 venientes

1959 5646 2056 5719 qui
2079 5645 2364 5719 magistris
2383 5632 2734 5704 custodiendi
2765 5635 3321 5711 etiametiamnum
3335 5635 3550 5709 diuitis,
