3978 6174
395 304 500 364 507

1389 313 1452 368 Β.
1492 312 1905 368 LANFRANCI
1944 310 2304 368 CANTUAR.
2347 312 2686 370 ARCHIEP.

3563 310 3663 369 sos

396 437 543 494 sicut
570 439 812 495 infantes
836 440 905 494 de
924 441 1125 512 quibus
1152 441 1412 513 superius
1433 439 1643 493 dictum
1666 444 1767 504 est,
1802 443 1990 496 custo-
2008 440 2056 499 A
2075 438 2461 506 inﬁrmorum;
2500 439 2559 493 in
2586 455 2697 510 qua
2743 439 2908 493 domo
2951 439 3228 494 serviatur
3279 437 3331 492 ei
3360 436 3662 492 secundum

397 527 644 582 diantur.
683 528 921 594 Remoti,
958 538 1019 584 ut
1050 548 1240 602 supra,
1279 547 1310 584 a
1342 546 1402 583 se
1450 528 1684 583 invicem
1719 528 1985 593 sedeant;

399 620 556 670 extra
583 617 763 670 locum
793 619 1058 673 custodite
1108 636 1223 673 sua:
1266 618 1387 673 sine
1436 616 1663 672 custode
1713 633 1991 688 nusquam

397 704 729 780 procedant;
758 705 890 772 duo,
926 713 983 761 et
1011 708 1120 762 duo
1152 709 1398 762 laternas
1423 707 1607 760 ferant
1632 725 1643 772 ;
1670 704 1878 768 abbati,
1908 706 1993 760 vel

397 793 571 864 priori
600 798 657 847 et
684 794 822 849 nulli
853 797 972 862 alii,
997 797 1105 851 nisi
1150 796 1468 869 specialiter
1511 794 1866 865 designatum
1898 794 1989 859 sit,

395 881 773 938 confessiones
795 901 925 939 suas
948 885 1172 941 faciant.
1205 886 1531 942 Meridianis
1561 885 1712 939 horis
1743 885 1798 938 in
1835 884 1993 938 lectis

395 970 513 1025 suis
537 987 649 1026 non
671 971 880 1027 debent
903 974 1108 1044 legere,
1127 991 1240 1029 non
1271 975 1532 1039 scribere,
1567 991 1677 1028 non
1703 973 1992 1045 quidpiam

397 1060 579 1132 operis
604 1061 804 1126 facere,
838 1063 932 1116 sed
957 1064 1206 1136 cooperti
1237 1069 1458 1119 tantum
1482 1063 1788 1134 quiescere,
1825 1063 1996 1117 lectos

397 1165 530 1204 suos
560 1157 690 1205 ante
722 1151 805 1204 vel
832 1151 982 1206 inter
1013 1153 1186 1207 lectos
1243 1153 1642 1225 magistrorum
1683 1151 1907 1206 habere.
1937 1152 1996 1206 Si

398 1254 626 1293 necesse
645 1239 856 1294 habent
883 1258 1134 1313 surgere,
1157 1243 1315 1314 prius
1335 1242 1634 1312 magistros
1664 1241 1920 1307 excitent,
1941 1246 1999 1296 et

398 1332 594 1398 postea
622 1345 856 1384 accensa
897 1331 1133 1396 laterna,
1168 1332 1214 1385 si
1243 1349 1350 1386 nox
1381 1338 1485 1396 est,
1519 1332 1588 1386 ad
1638 1331 1996 1385 necessitates

398 1433 528 1472 suas
547 1419 871 1489 explendas,
901 1436 1027 1474 cum
1053 1421 1338 1492 magistris
1365 1421 1674 1475 ambulent.

468 1506 683 1561 Praeter
713 1507 990 1574 abbatem,
1020 1511 1262 1582 priorem
1311 1511 1725 1581 magistrosque
1777 1525 1992 1574 eorum,

399 1595 538 1651 nulli
567 1595 803 1650 liberum
831 1598 906 1652 sit
932 1599 987 1652 in
1020 1599 1139 1653 loco
1171 1600 1436 1654 custodiae
1481 1616 1673 1654 eorum
1729 1599 1996 1670 deputata

399 1685 613 1748 sedere,
647 1701 749 1738 nec
777 1685 944 1740 verbo
965 1702 1065 1740 nec
1083 1687 1243 1757 signo
1270 1687 1483 1759 aliquid
1509 1687 1590 1741 eis
1617 1687 1992 1751 innotescere,

2070 527 2176 582 loci
2208 527 2654 599 possibilitatem.
2689 534 2804 582 tam
2837 528 2905 583 de
2931 527 3320 584 communibus
3335 526 3472 581 cibis
3497 543 3664 598 quam

2072 616 2142 671 de
2171 633 2268 672 esu
2295 617 2497 676 carnis.
2530 623 2595 672 ut
2622 618 2832 672 nullius
2848 618 3151 681 rei,si'fieri
3183 617 3376 688 possit.
3406 615 3662 685 indigen-

2071 703 2210 758 tiam
2237 705 2502 775 patiatur.
2532 705 2609 758 Ex
2653 721 2761 776 quo
2810 722 3035 760 carnem
3082 705 3375 760 comedere
3416 703 3664 774 incipiet,

2076 810 2407 865 quocunque
2437 799 2634 865 perget
2659 801 2827 866 caput
2875 801 3102 866 opertus
3131 794 3351 866 capitio,
3378 798 3435 846 et
3471 792 3667 846 baculo

2076 898 2135 936 se
2162 888 2484 936 sustentans
2508 883 2765 937 incedere
2789 883 2971 938 debet.

2148 971 2270 1036 Qua
2291 989 2421 1026 vero
2451 971 2540 1026 die
2561 972 2800 1027 sanitate
2826 984 3050 1045 recepta
3071 972 3140 1026 ad
3171 975 3505 1026 conventum
3540 970 3669 1024 red-

2078 1060 2160 1115 ire
2181 1062 2437 1126 voluerit,
2464 1061 2510 1116 si
2539 1078 2763 1116 carnem
2814 1061 3134 1124 comederit,
3171 1061 3325 1133 prius
3375 1075 3555 1121 rasus,
3596 1057 3671 1112 ad

2078 1150 2296 1216 horam,
2332 1168 2454 1222 quae
2483 1157 2614 1206 ante
2645 1151 2950 1222 capitulum
2981 1152 3217 1216 canitur,
3237 1151 3466 1204 chorum
3498 1148 3675 1201 intro-

2079 1245 2190 1304 eat,
2224 1247 2282 1295 et
2309 1240 2352 1294 si
2385 1246 2512 1313 post
2542 1240 2719 1312 ipsam
2742 1242 2937 1294 horam
2965 1241 3022 1294 in
3047 1245 3319 1294 conventu
3350 1238 3520 1292 missa
3539 1236 3675 1290 dici-

2077 1333 2191 1395 tur,
2225 1329 2292 1383 ad
2317 1328 2497 1400 ipsam
2528 1345 2637 1383 non
2658 1330 2873 1384 offerat.
2901 1331 3194 1400 Ingressus
3213 1327 3674 1400 capitulum,cum

2077 1417 2350 1473 indictum
2380 1418 2550 1473 fuerit
2579 1418 2648 1472 de
2679 1419 2872 1473 ordine
2900 1419 3071 1490 loqui,
3104 1418 3318 1490 primus
3338 1420 3528 1483 πρε
3551 1431 3676 1470 sur-

2076 1512 2193 1578 gat,
2225 1513 2281 1561 et
2311 1507 2368 1561 in
2418 1507 2559 1570 loco,
2582 1506 2678 1561 ubi
2709 1507 3052 1562 consuetudo
3081 1513 3186 1572 est,
3235 1510 3549 1576 prostratus
3585 1520 3681 1557 ve-

2078 1597 2231 1650 niam
2261 1600 2434 1668 petat.
2462 1597 2852 1666 Interrogatus
2874 1602 2930 1650 et
2958 1595 3319 1668 respondens,
3341 1599 3408 1648 ut
3429 1593 3551 1648 fieri
3580 1609 3677 1646 so-

2079 1685 2175 1749 let,
2203 1686 2396 1756 jussus
2425 1702 2657 1756 surgere
2678 1686 2798 1740 haec
2814 1686 2896 1740 vel
2920 1685 3128 1740 similia
3149 1683 3315 1738 verba
3335 1683 3484 1738 dicat
3513 1683 3680 1737 :«Do—

399 1771 506 1826 nisi
528 1778 755 1842 accepta
783 1773 1009 1827 licentia
1036 1773 1106 1828 ab
1135 1774 1358 1838 abbate,
1407 1777 1491 1829 vel
1522 1775 1732 1846 priore;
1776 1792 1899 1846 quae
1935 1760 2060 1829 li-B
2083 1775 2588 1838 mine,inﬁrmitate
2605 1791 2731 1829 mea
2751 1786 3015 1846 gravatus
3038 1774 3096 1828 in
3126 1774 3292 1828 domo
3321 1773 3679 1827 inﬁrmorum

399 1859 584 1914 centia
604 1877 730 1914 cum
762 1863 1104 1927 conceditur,
1132 1865 1400 1935 magister
1430 1865 1626 1918 sedere
1665 1864 1831 1918 debet
1853 1865 2000 1918 inter

393 1950 658 2021 juvenem
691 1956 747 2004 et
774 1967 902 2005 eum
936 1953 1029 2022 qui
1069 1954 1260 2022 juveni
1318 1953 1585 2024 loquitur.
1614 1954 1840 2008 Iuvenis
1868 1970 1996 2008 cum

390 2040 600 2110 juvene
626 2056 737 2094 non
770 2041 1053 2112 loquatur,
1091 2042 1200 2096 nisi
1247 2042 1513 2097 audiente
1557 2048 1612 2097 et
1652 2043 1998 2114 intelligente

397 2128 668 2200 magistro
698 2129 832 2201 quid
863 2130 1128 2202 utrinque
1149 2130 1389 2185 dicatur.
1430 2131 1685 2202 Magistri
1729 2132 1879 2186 inter
1906 2149 2000 2187 eos

398 2217 650 2283 sedeant,
674 2219 759 2272 vel
789 2225 921 2273 ante
951 2219 1094 2286 illos,
1120 2219 1199 2274 sic
1225 2225 1290 2275 ut
1316 2237 1431 2286 eos,
1461 2237 1587 2276 cum
1619 2221 1830 2287 volunt,
1864 2238 1999 2276 con-

399 2307 612 2378 spicere
641 2299 887 2365 valeant.

468 2396 609 2450 Cum
638 2396 941 2451 dormitum
986 2398 1215 2460 vadunt,
1249 2399 1446 2453 tandiu
1506 2404 1655 2454 stent
1686 2403 1817 2453 ante
1849 2399 1998 2470 ipsos

397 2485 676 2555 magistri,
711 2501 888 2556 usque
913 2487 1047 2541 dum
1078 2487 1185 2560 ipsi
1204 2489 1440 2558 juvenes
1487 2489 1544 2542 in
1575 2489 1733 2542 lectis
1774 2489 1999 2559 jaceant

398 2573 664 2644 cooperti.
693 2573 748 2628 Si
766 2591 873 2628 nox
902 2580 987 2629 est
1014 2592 1140 2630 cum
1167 2577 1411 2631 candelis
1441 2577 1688 2632 accensis
1708 2577 1994 2632 assistant.

400 2663 467 2718 In
496 2663 855 2726 monasterio,
892 2665 1157 2736 capitulo,
1183 2666 1494 2732 refectorio,
1515 2667 1870 2738 processione
1893 2665 1999 2720 mi-

400 2751 472 2808 sti
503 2751 618 2806 sint
643 2752 977 2815 senioribus,
1001 2771 1112 2809 non
1143 2753 1454 2821 observato,
1488 2755 1534 2808 si
1558 2771 1784 2810 necesse
1804 2755 1894 2822 sit,
1915 2773 2002 2809 or-

399 2841 531 2896 dine
559 2841 935 2896 conversionis
963 2859 1177 2897 eorum.
1215 2845 1272 2899 Si
1305 2845 1374 2898 ad
1406 2861 1658 2899 mensam
1689 2845 1900 2916 legunt,
1917 2846 1999 2899 vel

402 2931 472 2986 de
503 2931 746 3002 coquina
765 2932 1032 2998 serviunt,
1067 2933 1428 3003 surgentibus
1449 2950 1484 2987 a
1512 2951 1709 2989 mensa
1736 2933 2001 2989 fratribus

402 3035 529 3075 cum
551 3020 631 3074 eis
652 3021 721 3075 ad
750 3021 1152 3076 monasterium
1182 3023 1405 3087 vadant,
1431 3027 1486 3077 et
1501 3023 1669 3090 dicto,
1707 3025 1770 3076 Et
1796 3039 1861 3077 ne
1885 3039 1998 3089 nos,

2081 1863 2177 1917 diu
2206 1864 2316 1931 fui;
2353 1865 2412 1918 in
2441 1864 2583 1929 cibo,
2618 1869 2676 1918 et
2701 1870 2856 1936 potu,
2899 1869 2957 1918 et
2985 1864 3109 1918 aliis
3139 1863 3333 1917 multis
3358 1861 3584 1928 offendi,
3617 1866 3681 1915 et

2081 1957 2278 2007 contra
2303 1953 2556 2007 ordinem
2586 1959 2839 2007 nostrum
2870 1952 2993 2018 feci,
3027 1958 3084 2006 et
3129 1952 3258 2006 inde
3299 1956 3426 2022 peto
3457 1949 3683 2005 absolu-

2080 2043 2292 2098 tionem
2321 2049 2621 2098 vestram.»
2651 2044 2769 2097 Hoc
2796 2043 2943 2097 dicto
2972 2042 3224 2097 absolvat
3246 2058 3373 2096 eum
3402 2040 3572 2095 abbas
3585 2041 3682 2095 di-

2082 2147 2212 2186 cens
2243 2151 2254 2185 :
2293 2153 2314 2183 α
2341 2132 2711 2204 Omnipotens
2747 2133 3019 2187 Dominus
3064 2131 3314 2185 absolvat
3349 2147 3443 2184 vos
3470 2129 3540 2183 ab
3585 2130 3682 2184 his

2086 2226 2143 2275 et
2161 2221 2231 2275 ab
2261 2221 2522 2276 omnibus
2544 2221 2669 2275 aliis
2691 2221 2891 2276 vestris
2919 2220 3156 2275 delictis.
3191 2240 3219 2270 ν
3245 2221 3533 2274 Conventu
3562 2235 3683 2274 res-

2083 2311 2385 2381 pondente,
2431 2330 2453 2361 ι
2482 2311 2684 2374 Amen,
2711 2330 2732 2361 ι
2768 2311 2969 2366 offerat
2991 2327 3052 2365 se
3078 2310 3253 2364 frater
3271 2309 3364 2362 ille
3383 2309 3451 2376 ad
3473 2307 3683 2378 pedem

2082 2397 2328 2466 abbatis;
2356 2405 2551 2471 postea
2577 2416 2834 2454 reversus
2862 2401 2932 2455 ad
2959 2401 3142 2454 locum
3162 2398 3258 2453 ubi
3286 2413 3346 2452 se
3374 2397 3686 2470 prostravit

2079 2488 2292 2558 gratias
2329 2488 2577 2543 referens
2603 2488 2812 2548 abbati.
2845 2495 2902 2544 et
2927 2489 3031 2544 toti
3061 2487 3375 2553 conventui,
3405 2486 3539 2558 quia
3567 2486 3682 2540 mi-

2080 2577 2320 2632 nistrata
2334 2583 2466 2632 sunt
2477 2579 2678 2649 ei,quae
2700 2578 3018 2633 infirmitati
3040 2594 3154 2632 suae
3181 2577 3412 2632 fuerunt
3423 2591 3684 2630 necessa-

2082 2665 2185 2732 ria,
2211 2671 2326 2720 tres
2346 2667 2767 2736 genuﬂexiones
2789 2667 2953 2721 solito
2975 2683 3130 2721 more
3159 2665 3343 2720 faciat.
3393 2665 3523 2736 Ipsa
3559 2664 3676 2730 die,

2083 2759 2140 2809 et
2164 2754 2445 2826 deinceps,
2479 2761 2750 2826 quantum
2782 2773 2922 2827 opus
2954 2756 3142 2823 fuerit,
3167 2755 3430 2826 jubeatur
3446 2753 3683 2808 mistum

2083 2843 2354 2915 accipere.

2157 2933 2215 2988 Si
2247 2949 2376 2988 vero
2403 2951 2630 2989 carnem
2652 2949 2764 2988 non
2785 2933 3045 2997 comedit,
3082 2933 3142 2987 in
3191 2932 3555 3004 dispositione
3579 2930 3688 2985 ab-

2087 3021 2235 3076 batis
2260 3022 2334 3077 sit
2355 3040 2467 3094 qua
2490 3024 2631 3077 hora
2658 3022 2713 3076 in
2737 3029 3070 3077 conventum
3110 3021 3289 3094 petita
3310 3020 3534 3076 licentia
3563 3019 3697 3074 red-

402 3126 529 3166 cum
560 3111 886 3166 custodibus
916 3112 986 3166 ad
1037 3112 1392 3168 refectorium
1449 3119 1804 3168 revertantur
1834 3131 1844 3172 ;
1888 3113 1999 3166 duo
2017 3097 2058 3157 C
2081 3110 2184 3178 ire,
2219 3117 2276 3165 et
2309 3112 2587 3183 quomodo
2613 3128 2672 3166 se
2697 3112 2766 3165 de
2795 3118 2994 3165 caetero
3024 3109 3230 3164 habere
3259 3109 3476 3165 debeat.

402 3199 589 3264 simul,
614 3205 715 3254 aut
741 3201 954 3271 plures,
977 3201 1022 3255 si
1049 3201 1170 3256 fieri
1199 3202 1394 3274 possit,
1429 3201 1498 3256 de
1527 3207 1800 3256 conventu
1821 3218 2000 3255 rema-

400 3293 592 3345 neant.
621 3289 783 3354 Quod
815 3289 861 3343 si
887 3290 1139 3362 paucitas
1161 3292 1460 3361 majorum,
1504 3298 1562 3345 et
1590 3291 1881 3362 pluralitas
1905 3291 1999 3359 ju-

401 3394 604 3434 venum
633 3377 797 3432 aliter
816 3379 1095 3449 agendum
1118 3381 1380 3450 coegerit,
1413 3380 1752 3434 sufﬁcientes
1773 3380 1852 3433 eis
1880 3396 2001 3434 cus-

401 3465 560 3520 todes
589 3466 943 3536 deputentur.

473 3554 668 3618 Porro,
699 3554 747 3608 si
774 3554 1030 3609 custodia
1058 3554 1154 3608 illa
1174 3554 1463 3626 juvenum,
1486 3571 1608 3626 quae
1627 3555 1683 3608 in
1715 3556 2000 3610 nonnullis

403 3640 670 3696 coenobiis
690 3647 934 3706 tenetur,
954 3644 1135 3714 magis
1150 3645 1351 3715 placet,
1365 3652 1430 3698 ut
1455 3644 1712 3698 videlicet
1739 3645 1797 3699 in
1825 3645 2003 3700 diver-

404 3730 482 3786 sis
503 3747 568 3786 ac
592 3733 870 3802 separatis
892 3732 962 3786 ab
990 3732 1223 3786 invicem
1256 3733 1392 3788 locis
1438 3750 1538 3804 per
1580 3734 1887 3788 claustrum
1921 3751 2004 3790 se-

403 3819 594 3886 deant,
627 3820 836 3892 singuli
861 3822 1130 3893 singulos,
1162 3828 1261 3876 aut
1313 3823 1521 3894 plures,
1557 3823 1603 3878 si
1655 3829 1814 3878 tanta
1842 3825 2001 3896 copia

405 3913 511 3974 est,
543 3910 802 3966 custodes
822 3911 1096 3975 habeant;
1128 3911 1331 3982 singuli
1375 3912 1626 3983 singulas
1669 3913 1914 3968 laternas
1943 3915 2000 3969 in

406 4004 570 4054 nocte
598 4000 802 4055 ferant.
835 4000 1036 4056 Custos
1061 4001 1323 4072 juvenem
1382 4017 1494 4055 non
1552 4001 1850 4073 relinquat,
1893 4003 2001 4058 nisi

404 4089 860 4158 commendatum
891 4090 1055 4145 alicui
1091 4090 1270 4156 fratri,
1307 4091 1364 4145 in
1391 4107 1522 4160 quo,
1551 4097 1608 4145 et
1627 4091 1696 4145 de
1727 4107 1837 4162 quo
1859 4091 2001 4148 bene

405 4179 884 4235 conﬁdat.0mnis
899 4180 1144 4252 denique
1171 4180 1424 4234 custodia
1453 4182 1506 4235 ei
1535 4180 2002 4253 adhibe’aturqute

403 4269 661 4340 superius
682 4269 961 4342 descripta
991 4274 1095 4324 est.

973 4359 1207 4414 CAPUT
1236 4359 1410 4414 XXII.

654 4450 726 4502 De
752 4450 1140 4503 misericordia
1168 4464 1412 4502 concessa
1441 4450 1726 4502 debilibus.

474 4535 672 4590 Frater
701 4536 890 4608 aliqua
910 4537 997 4592 sui
1026 4537 1273 4609 corporis
1314 4536 1772 4592 incommoditate
1801 4537 1997 4591 deten-

401 4629 515 4691 tus,
546 4624 593 4679 si
621 4633 954 4680 conventum
977 4626 1137 4698 sequi
1164 4642 1274 4681 non
1296 4633 1499 4697 potest,
1521 4627 1812 4682 humiliter
1839 4627 1998 4698 prius

403 4713 463 4768 in
483 4714 728 4785 capitulo
753 4715 928 4786 petita
948 4715 1128 4780 venia,
1149 4716 1342 4786 jussus
1365 4733 1594 4787 surgere
1627 4721 1782 4770 stans
1829 4715 1998 4770 fatea-

403 4808 500 4858 tur
526 4820 585 4857 se
615 4820 726 4858 non
758 4821 920 4876 posse
951 4805 1248 4860 conventui
1278 4805 1552 4860 interesse
1582 4811 1812 4877 propter
1837 4805 1997 4860 infir-

401 4890 658 4945 mitatem
698 4909 880 4946 suam.
913 4893 1015 4948 Cui
1041 4893 1344 4965 respondet
1380 4893 1571 4960 abbas,
1631 4893 1713 4946 vel
1753 4892 1846 4963 qui
1879 4893 1998 4946 loco

399 4978 618 5036 abbatis
642 4982 824 5036 ordini
850 4983 1170 5054 praesidetu
1202 4983 1571 5054 Omnipotens
1588 4981 1861 5036 Dominus
1872 4997 2000 5035 con-

400 5068 562 5124 cedat
589 5069 743 5125 vobis
768 5072 962 5126 utilem
992 5073 1313 5132 sanitatem.
1355 5072 1501 5126 sicut
1555 5071 1710 5126 vobis
1739 5070 1999 5142 expedire

399 5159 698 5230 cognoscit.
733 5161 949 5216 Amodo
970 5167 1208 5216 tractate
1227 5179 1342 5225 vos,
1375 5161 1681 5216 secundum
1706 5159 2000 5214 infirmita-

402 5252 515 5304 tem
543 5255 806 5312 vestram,
841 5257 900 5305 et
919 5256 1207 5305 remanete
1237 5251 1307 5304 de
1328 5256 1621 5315 conventu,
1654 5249 1799 5304 sicut
1846 5247 1997 5302 vobis

398 5337 600 5393 melius
628 5339 808 5395 visum
847 5339 1034 5394 fuerit.
1080 5359 1106 5393 ν

471 5426 530 5482 Si
550 5427 826 5498 aegritudo
850 5428 990 5484 adeo
1011 5427 1313 5483 invaluerit
1336 5433 1402 5482 ut
1429 5427 1487 5482 in
1504 5432 1780 5483 conventu
1809 5444 1994 5483 rema-

400 5511 674 5572 nere‘non
703 5517 898 5590 possit.
929 5517 1216 5590 praecipiat
1249 5516 1421 5572 abbas
1471 5517 1653 5582 fratri,
1686 5517 1774 5572 cui
1803 5517 1997 5590 hujus-

401 5603 550 5660 modi
585 5621 721 5662 cura
748 5606 1010 5680 imposita
1042 5612 1146 5672 est,
1169 5611 1235 5663 ut
1263 5606 1434 5663 ducat
1463 5623 1676 5679 egrum
1707 5606 1765 5664 in
1797 5607 1994 5663 cellam

2656 3199 2890 3254 CAPUT
2917 3197 3122 3253 XXIII.

2368 3293 2440 3346 De
2469 3291 2860 3358 agrotantz'bus
2890 3292 3060 3342 morti
3081 3291 3373 3358 proximis.

2156 3381 2214 3436 Si
2241 3381 2502 3435 infirmus
2525 3379 2704 3450 magis
2744 3378 2815 3432 ad
2847 3383 3084 3432 mortem
3113 3393 3282 3448 quam
3339 3376 3407 3431 ad
3437 3377 3684 3432 salutem

2081 3471 2312 3524 tendere
2325 3469 2599 3533 videatur,
2615 3473 2672 3523 et
2691 3484 2750 3522 se
2765 3467 3145 3539 petatinungi,
3161 3466 3334 3521 frater
3364 3466 3459 3538 qui
3485 3466 3681 3520 domui

2083 3559 2436 3614 inﬁrmorum
2464 3562 2668 3629 praeest
2694 3573 2814 3611 rem
2837 3556 3104 3610 fratribus
3122 3556 3176 3610 in
3207 3555 3452 3628 capitulo
3463 3561 3680 3622 narret;

2085 3653 2219 3703 tunc
2240 3647 2476 3719 jubente
2500 3646 2720 3711 abbate,
2741 3647 2825 3700 vel
2857 3645 2949 3718 qui
2977 3646 3097 3699 loco
3115 3644 3330 3699 abbatis
3357 3645 3413 3700 in
3435 3644 3685 3717 capitulo

2085 3737 2259 3802 sedet,
2294 3741 2495 3791 exeant
2521 3735 2780 3790 sacerdos
2801 3734 3291 3797 hebdomadarius,
3322 3735 3679 3800 secretarius,

2085 3831 2326 3899 quatuor
2349 3824 2618 3889 conversi,
2639 3830 2697 3878 et
2711 3829 3043 3896 parentque:
3073 3824 3142 3877 ad
3165 3823 3486 3894 hujusmodi
3515 3838 3684 3893 nego-

2083 3917 2224 3971 tium
2257 3915 2442 3987 parari
2473 3921 2712 3986 Oportet.

2156 4004 2370 4069 Quibus
2387 4003 2616 4076 paratis,
2641 4002 2987 4073 expletisque
3003 4019 3124 4074 quae
3145 4002 3203 4056 in
3233 4000 3476 4074 capitulo
3489 4001 3580 4071 agi
3593 4017 3685 4054 or-

2084 4092 2154 4146 do
2185 4091 2440 4162 requirit,
2477 4095 2741 4144 exeuntes
2766 4089 2834 4142 de
2863 4088 3202 4142 monasterio
3230 4092 3520 4142 transeant
3549 4091 3685 4141 ante

2084 4179 2411 4251 capitulum,
2446 4179 2550 4232 hoc
2571 4177 2766 4232 ordine
2797 4177 3158 4248 procedentes
3192 4193 3202 4226 :
3233 4177 3451 4248 primus
3467 4192 3534 4230 ex
3553 4193 3683 4230 con-

2083 4269 2256 4323 versis
2273 4285 2419 4323 unus
2438 4284 2562 4322 cum
2586 4267 2757 4321 situla
2771 4283 2929 4338 aqua:
2947 4265 3266 4330 benedictae,
3304 4265 3507 4320 dehinc
3533 4264 3683 4319 alius

2081 4375 2206 4412 cum
2237 4374 2422 4423 cruce,
2447 4363 2575 4429 post
2601 4357 2702 4410 hos
2748 4356 2858 4410 duo
2888 4372 3013 4409 cum
3045 4354 3412 4419 candelabris,
3445 4353 3680 4408 extremi

2015 4419 2064 4477 D
2083 4447 2419 4502 secretarius
2447 4462 2575 4500 cum
2607 4445 2750 4508 oleo,
2779 4449 2836 4498 et
2873 4445 3130 4499 sacerdos
3186 4443 3313 4498 alba
3341 4443 3590 4509 indutus,
3623 4448 3680 4496 et

2080 4537 2243 4602 stola,
2267 4553 2394 4591 cum
2416 4535 2703 4607 manipulo
2733 4538 2963 4605 portans
2978 4533 3202 4588 librum.

2151 4627 2280 4681 Istis
2293 4623 2716 4680 transeuntibus
2727 4639 2964 4694 surgens
2975 4627 3298 4689 conventus,
3305 4637 3680 4694 percussaque

2078 4714 2290 4777 tabula,
2323 4714 2370 4767 si
2392 4713 2512 4767 dies
2528 4712 2659 4767 talis
2679 4718 2782 4776 est,
2801 4711 3093 4781 egrediens
3118 4711 3186 4765 de
3215 4711 3462 4782 capitulo
3474 4711 3678 4781 junga-

2079 4808 2176 4858 tur
2203 4802 2302 4868 eis,
2339 4807 2396 4857 et
2425 4802 2726 4873 psallentes
2757 4807 2970 4872 septem
3000 4801 3246 4872 psalmos
3261 4800 3329 4853 ad
3348 4816 3561 4871 aegrum
3583 4815 3678 4853 ve-

2080 4893 2269 4959 niant;
2306 4896 2363 4945 et
2391 4890 2646 4945 ordinate
2677 4889 3060 4955 circumstent,
3105 4889 3251 4942 sicut
3277 4887 3452 4952 locus,
3481 4888 3538 4942 in
3567 4904 3678 4959 quo

2074 4983 2241 5052 jacet,
2271 4979 2392 5034 ﬁeri
2423 4979 2718 5051 permittit.
2745 4979 2994 5032 Primum
3017 4984 3315 5049 spargatur
3339 4993 3487 5048 aqua
3516 4975 3684 5032 bene-

2080 5071 2247 5133 dicta,
2281 5069 2487 5124 dehinc
2516 5068 2690 5123 ﬁnitis
2711 5067 2940 5140 psalmis
2971 5074 3240 5139 sequatur
3252 5069 3421 5136 Kyric
3450 5068 3675 5130 elcz'son,

2081 5165 2139 5214 et
2173 5159 2438 5231 capitula,
2463 5163 2520 5213 et
2534 5158 2776 5212 collectae
2805 5175 2928 5230 quae
2957 5157 3228 5212 ordinatae
3257 5161 3390 5212 sunt
3414 5172 3591 5227 usque
3605 5154 3676 5209 ad

2081 5248 2518 5315 confessionem;
2553 5247 2700 5302 facta
2728 5247 3072 5302 confessione
3106 5246 3427 5301 absolvatur
3453 5245 3524 5300 ab
3562 5261 3678 5299 om-

2080 5339 2263 5405 nibus,
2297 5343 2354 5392 et
2382 5337 2502 5410 ipse
2529 5335 2780 5391 absolvat
2810 5353 3026 5391 omnes.
3060 5335 3272 5391 Dehinc
3297 5335 3581 5390 osculetur
3606 5333 3676 5388 ab

2078 5428 2357 5484 omnibus.
2395 5426 2628 5483 Interim
2651 5425 2910 5481 dicantur
2951 5425 3074 5480 aliae
3119 5425 3361 5481 collectae
3387 5440 3567 5495 usque
3604 5422 3674 5476 ad

2077 5519 2432 5585 unctionem;
2464 5516 2609 5573 facta
2655 5515 2936 5583 unctione,
2987 5515 3135 5570 lavet
3161 5515 3420 5570 sacerdos
3449 5528 3671 5577 manus,

2079 5613 2137 5663 et
2165 5606 2495 5680 projiciatur
2519 5621 2668 5678 aqua
2694 5606 2751 5662 in
2781 5605 2989 5677 ignem,
3025 5604 3108 5659 vel
3137 5603 3193 5659 in
3237 5603 3543 5658 sacrarium
3571 5601 3671 5656 de-
