3978 6174
269 284 375 344 509

1223 284 1553 343 DECRETA
1590 285 1733 344 PRO
1772 285 2047 343 ORDINE
2084 284 2141 341 S.
2184 286 2585 344 BENEDICTI.

3438 271 3547 333 510

265 411 497 466 feratur.
532 411 656 475 Quo
692 411 839 467 facto
866 410 1029 466 dictis
1066 411 1313 467 collectis
1357 429 1480 485 quae
1523 417 1853 486 sequuntur,
1875 415 1926 475 Α
1943 429 2158 485 aegrum
2185 418 2435 479 currant,
2463 418 2521 469 et
2548 415 2797 471 meliocri
2820 431 2951 471 voce
2988 414 3253 470 canentes
3282 405 3451 464 Credo
3478 405 3543 458 in

263 499 433 553 vadat
489 500 769 567 sacerdos,
818 500 1261 572 praecedentibus
1316 502 1534 558 duobus
1584 503 1866 558 conversis

261 608 389 647 cum
414 593 767 647 candelabris
793 595 960 649 vadat
980 591 1082 665 (67;
1117 599 1174 647 et
1190 595 1393 649 tertius
1416 596 1487 650 ad
1516 595 1866 651 thuribulum

262 682 651 736 deferendum.
705 683 920 747 Quibus
967 683 1375 739 revertentibus
1424 685 1580 740 ﬂexis
1627 685 1867 756 genibus

261 770 505 823 adorent
560 787 755 825 omnes
796 788 999 842 corpus
1045 772 1269 827 Domini
1319 773 1468 844 quod
1507 790 1541 827 a
1580 774 1868 829 sacerdote

260 858 515 911 aﬂ‘ertur.
554 858 676 922 Quo
704 858 897 922 allato,
930 859 1119 914 abluto
1146 860 1300 931 prius
1320 876 1416 913 ore
1450 862 1594 931 ejus,
1624 877 1869 915 commu-

259 944 485 1000 nicetur
501 944 689 1000 inﬁrm
697 946 895 1012 us,nisi
913 948 1055 1001 forte
1071 947 1193 1018 ipsa
1212 947 1303 1001 die
1318 964 1437 1001 com
1446 948 1762 1002 municatus
1771 946 1863 1002 sit.

338 1035 397 1088 Si
447 1034 657 1089 fratres
714 1035 839 1107 ipsa
882 1036 972 1090 die
1016 1042 1145 1107 post
1192 1036 1504 1107 capitulum
1565 1036 1868 1108 psallentes

273 1124 441 1176 Verba
472 1140 614 1188 mea,
647 1122 706 1177 in
754 1124 1155 1179 monasterium
1198 1124 1335 1178 ituri
1364 1131 1515 1191 sunt,
1550 1126 1781 1196 expletis
1808 1126 1867 1180 in

263 1211 435 1266 choro
464 1213 716 1283 psalmis,
751 1213 1008 1284 dictaque
1028 1213 1277 1278 collecta,
1298 1214 1510 1285 paratis
1531 1219 1661 1269 ante
1686 1215 1867 1286 majus

265 1300 465 1366 altare,
499 1318 624 1372 quae
652 1318 824 1373 supra
852 1302 1002 1356 dicta
1038 1308 1188 1366 sunt,
1222 1308 1441 1370 exeant,
1473 1308 1530 1357 et
1559 1310 1870 1375 sequantur

263 1406 333 1444 eo
366 1390 570 1445 ordine
603 1407 713 1462 quo
745 1391 1005 1463 superius
1033 1391 1338 1446 indicatum
1370 1398 1472 1446 est.
1507 1392 1665 1456 Quod
1698 1393 1867 1448 etiam

262 1477 442 1532 ﬁnitis
471 1478 816 1550 quibuslibet
842 1479 993 1533 horis
1023 1496 1057 1532 a
1083 1479 1264 1550 prima
1276 1496 1455 1551 usque
1470 1479 1541 1533 ad
1563 1481 1869 1552 completo-

262 1567 416 1621 rium
474 1566 885 1622 observandum
933 1573 1036 1633 est,
1069 1568 1116 1622 si
1173 1569 1478 1623 necessitas
1522 1575 1722 1639 urgeat
1756 1586 1871 1625 non

264 1662 598 1726 exspectare
628 1656 956 1727 capitulum.
990 1657 1164 1710 Porro
1205 1656 1251 1709 si
1290 1673 1393 1711 nec
1423 1657 1561 1711 hora
1588 1657 1728 1728 ipsa,
1761 1674 1874 1729 qua

1948 518 2127 556 unum
2160 503 2352 567 Deum,
2383 502 2454 556 ad
2483 519 2610 557 eum
2632 505 2895 570 veniant;
2935 503 3140 557 fratres
3164 513 3294 553 vero
3324 492 3421 568 qui
3450 507 3543 546 re-

1948 598 2296 653 manserunt,
2346 593 2565 663 expleto
2620 594 2769 664 quod
2792 596 3094 665 cmperant,
3136 587 3331 643 eodem
3376 580 3544 638 modo

1950 686 2259 747 currentes,
2289 685 2346 735 et
2393 686 2658 735 canentes
2714 681 2785 736 ad
2836 680 3167 736 morientem
3220 674 3541 748 properent,

1949 770 2266 841 ubicunque
2310 786 2439 824 vero
2469 769 2628 835 alias,
2660 771 2747 824 vel
2776 785 3110 842 quocunque
3153 766 3263 820 alio
3320 760 3546 832 negotio

1948 862 2246 928 occupatos
2286 857 2585 929 praedictus
2628 874 2818 921 sonus,
2864 854 3161 913 invenerit.
3208 852 3329 907 sine
3354 849 3547 920 aliqua

1948 947 2304 1001 excusatione
2346 947 2430 1002 vel
2479 963 2637 1002 mora
2673 946 2933 1001 similiter
2958 948 3267 999 currentes,
3295 944 3353 994 et
3380 939 3546 997 Credo

1949 1038 2014 1088 in
2034 1051 2215 1089 unum
2249 1036 2416 1089 Deum
2452 1040 2735 1101 canentes,
2775 1035 2846 1090 ad
2890 1050 3101 1105 aegrum
3146 1030 3389 1086 veniant.
3424 1026 3546 1090 QUO

1950 1123 2357 1196 pervenientes,
2388 1129 2444 1178 et
2469 1125 2637 1179 Credo
2669 1127 2733 1179 in
2762 1140 2946 1178 unum
2973 1124 3144 1177 Deum
3175 1114 3549 1173 communiter

1951 1213 2254 1284 explentes,
2315 1218 2522 1268 canant
2569 1219 2783 1285 septem
2834 1212 3078 1284 psalmos
3134 1203 3548 1280 pmnitentiales

1947 1302 2069 1356 sine
2100 1303 2288 1358 Gloria
2321 1305 2496 1356 Patri.
2523 1301 2738 1367 Quibus
2764 1300 2997 1374 expletis
3025 1297 3333 1368 subjungat
3362 1308 3549 1347 sacer-

1950 1390 2051 1444 dos
2090 1389 2399 1460 capitulum
2438 1392 2624 1455 Parce,
2657 1391 2907 1451 Domine.
2952 1403 3118 1457 parce
3173 1385 3388 1454 famulo
3435 1386 3546 1445 tuo,

1951 1496 2115 1548 quem
2139 1481 2406 1533 redimere
2425 1480 2689 1547 dignatus
2707 1496 2761 1534 es
2774 1481 3007 1546 pretioso
3026 1476 3302 1543 sanguine
3326 1476 3419 1525 tuo
3442 1490 3458 1533 ;
3481 1484 3548 1522 ne

1952 1571 2015 1623 in
2045 1574 2313 1623 zternum
2338 1571 2604 1623 irascaris
2615 1572 2665 1622 ei
2672 1568 2811 1622 .Hoc
2831 1567 3000 1622 tertio
3029 1583 3063 1620 a
3091 1563 3379 1623 sacerdote
3403 1560 3552 1616 dica-

1952 1662 2066 1724 tur,
2099 1663 2155 1712 et
2183 1674 2284 1728 per
2307 1657 2557 1728 singulas
2580 1657 2728 1711 vices
2744 1674 2777 1711 a
2796 1646 2915 1710 toto
2943 1659 3217 1710 conventu
3238 1654 3547 1722 repetatur,

266 1750 605 1815 percantata
634 1745 689 1798 id
716 1744 1037 1810 ﬁeridebet,
1061 1745 1369 1817 exspectari
1386 1751 1587 1816 potest,
1611 1734 1933 1817 disponatB
1955 1746 2156 1800 deinde
2186 1752 2457 1817 sequatur
2487 1745 2700 1807 litania,
2729 1762 2852 1818 quae
2881 1745 3042 1800 solet.
3072 1758 3239 1814 quam
3272 1735 3544 1812 protrahi.

270 1832 467 1898 abbas,
499 1834 585 1888 vel
617 1834 769 1905 prior
791 1834 936 1888 sicut
962 1835 1162 1889 melius
1183 1834 1378 1905 possit,
1406 1835 1539 1906 quia
1567 1836 1872 1889 necessitas

268 1922 397 1992 lege
426 1938 539 1976 non
568 1928 813 1977 tenetur.
850 1923 946 1976 His
993 1922 1226 1994 expletis
1282 1928 1595 1977 revertatur
1637 1940 1873 1979 conven-

268 2016 366 2066 tus
391 2011 451 2065 in
482 2011 931 2066 claustrum.Sed
956 2010 1200 2066 infantes
1220 2012 1450 2066 minime
1481 2012 1874 2083 ingrediantur

270 2100 343 2154 ad
374 2100 682 2155 tenendum
713 2117 874 2155 suum
901 2100 1227 2172 capitulum.
1260 2101 1345 2155 Ab
1374 2101 1478 2155 hac
1505 2100 1596 2155 die
1621 2101 1728 2155 nisi
1760 2118 1874 2156 me-

269 2189 511 2244 lioretur
536 2190 795 2244 inﬁrmus
824 2206 1049 2244 carnem
1079 2206 1193 2244 non
1223 2191 1496 2246 comedat.

343 2278 610 2342 Quotidie
631 2279 783 2333 istud
812 2296 913 2351 pro
938 2295 1004 2334 eo
1033 2279 1323 2334 servitium
1365 2280 1729 2351 impendatur
1758 2299 1770 2335 :
1801 2281 1872 2336 ad

268 2368 507 2423 missam
558 2369 950 2424 matutinalem
996 2370 1245 2435 collecta,
1289 2370 1644 2439 Omnipotens
1680 2373 1877 2439 sempi-

271 2464 429 2512 terne
470 2459 630 2521 Deus,
662 2463 813 2512 satus
853 2464 1057 2513 aeterna
1087 2461 1449 2527 credentium,
1485 2476 1610 2515 cum
1658 2460 1875 2515 caeteris

269 2546 497 2602 duabus
528 2565 540 2599 :
574 2547 875 2619 aliquando
895 2547 943 2602 si
972 2548 1090 2602 dies
1118 2565 1326 2603 vacuus
1343 2548 1517 2604 fuerit
1543 2549 1666 2621 ipsa
1696 2555 1875 2604 matu-

270 2636 471 2691 tinalis
501 2637 671 2690 missa
700 2654 802 2709 pro
830 2654 895 2692 eo
926 2643 1163 2692 canatur
1191 2656 1203 2703 ;
1236 2638 1304 2693 ad
1337 2640 1612 2708 majorem
1644 2639 1872 2693 missam

266 2731 404 2798 post
430 2726 668 2783 Sanctus
697 2727 942 2798 psalmus
970 2729 1187 2799 primus
1211 2729 1460 2795 Domine,
1502 2743 1570 2781 ne
1600 2730 1663 2781 in
1682 2730 1874 2796 furore

273 2822 370 2869 tuo
398 2815 470 2869 ab
492 2832 830 2888 unoquoque
856 2815 961 2872 sub
997 2816 1223 2871 silentio
1252 2816 1473 2871 dicatur
1501 2835 1512 2870 :
1548 2818 1717 2884 Kyrie
1745 2820 1874 2872 elei-

270 2921 397 2967 son,
424 2907 587 2959 Pater
627 2911 828 2970 noster,
859 2906 1089 2961 Salvum
1132 2908 1224 2972 fac
1268 2921 1488 2959 servum
1520 2911 1700 2971 tuum,
1728 2906 1877 2960 Mitte

274 2997 346 3058 ei,
387 2995 629 3058 Domine,
655 2996 942 3050 auxilium
973 2996 1036 3048 de
1065 2999 1272 3058 sancto,
1300 2994 1652 3063 Omnipotens
1676 2997 1878 3063 sempi-

273 3088 430 3137 terne
460 3084 622 3151 Deus,
651 3084 804 3137 salus
833 3090 1037 3137 aeterna
1063 3085 1425 3137 credentium.
1449 3084 1518 3138 Et
1544 3084 1649 3138 hoc
1679 3083 1877 3138 tandiu

271 3178 483 3243 agatur
510 3188 803 3243 quousque
830 3173 900 3226 ad
929 3172 1230 3226 sanitatem
1263 3172 1446 3227 redire
1473 3172 1746 3227 videatur.

343 3262 525 3316 Porro
565 3261 613 3315 si
658 3261 730 3316 ad
768 3262 1066 3316 sanitatem
1117 3261 1348 3316 minime
1386 3261 1571 3316 redire
1600 3261 1880 3332 mortique

273 3351 465 3423 potius
480 3350 933 3423 appropinquare
960 3350 1403 3421 dignoscitur,ex
1422 3367 1533 3421 quo
1556 3355 1710 3405 certa
1734 3350 1793 3405 in
1814 3366 1880 3404 eo

275 3441 477 3495 mortis
506 3440 672 3510 signa
698 3457 967 3511 apparere
987 3440 1341 3511 incaeperint,
1374 3440 1494 3494 sine
1520 3439 1739 3494 duobus
1769 3439 1880 3493 fra-

276 3529 458 3584 tribus
487 3546 612 3584 esse
637 3545 750 3584 non
770 3529 953 3595 debet,
975 3529 1068 3601 qui
1090 3529 1289 3583 diebus
1317 3533 1374 3583 et
1402 3528 1679 3594 noctibus,
1697 3544 1879 3599 quan-

278 3618 375 3672 diu
421 3618 774 3672 intellectum
814 3623 987 3685 tenet,
1021 3619 1213 3689 legant
1252 3634 1441 3671 coram
1481 3633 1546 3670 eo
1593 3615 1881 3688 passiones

278 3707 505 3761 Domini
554 3712 613 3761 et
669 3706 986 3777 Evangelia,
1033 3712 1090 3761 et
1124 3723 1252 3760 cum
1292 3706 1580 3760 intellectu
1630 3704 1882 3776 privatus

278 3796 468 3859 fuerit,
515 3796 767 3867 quandiu
806 3795 1189 3866 supervixerit,
1226 3795 1553 3867 psalterium
1595 3811 1661 3849 ex
1688 3793 1882 3849 ordine

279 3885 583 3939 decantare
612 3900 724 3938 non
754 3890 975 3939 cessent
1039 3885 1109 3939 Et
1143 3884 1222 3939 sic
1262 3884 1555 3939 ordinetur
1592 3888 1674 3947 ut,
1704 3883 1883 3937 disce-

280 3974 544 4029 dentibus
573 3973 811 4030 duobus.
847 3973 1150 4028 succedant
1198 3973 1308 4027 duo
1344 3973 1479 4039 alii;
1535 3973 1704 4027 horas
1753 3988 1883 4025 vero

278 4064 570 4134 regulares
599 4062 674 4116 ibi
700 4062 926 4130 dicant;
958 4079 1106 4133 aegro
1138 4067 1328 4117 autem
1358 4062 1417 4116 in
1446 4061 1651 4133 agonia
1676 4060 1878 4133 posito,

280 4158 341 4207 et
362 4154 603 4223 jamjam
620 4151 668 4205 si
698 4152 780 4205 ita
801 4151 977 4206 visum
1000 4151 1170 4206 fuerit
1197 4152 1490 4216 morituro,
1516 4149 1885 4220 famulus,qui

284 4241 358 4295 ad
386 4242 487 4296 hoc
524 4241 831 4311 deputatus
859 4246 961 4302 est,
995 4240 1238 4295 cilicium
1287 4240 1584 4312 expandat,
1613 4245 1671 4293 et
1718 4256 1889 4311 supra

1951 1836 2038 1890 vel
2067 1835 2305 1890 breviari
2335 1841 2572 1907 oportet,
2616 1835 2922 1890 secundum
2954 1833 3100 1905 quod
3149 1827 3340 1885 fratris
3370 1825 3550 1880 exitus

1952 1924 2104 1979 visus
2134 1924 2303 1977 fuerit
2334 1925 2638 1978 admonere
2663 1942 2675 1991 ;
2712 1923 2758 1978 si
2786 1930 2996 1987 autem,
3030 1926 3094 1975 ut
3135 1916 3435 1989 aliquando
3465 1915 3548 1980 ﬁt,

1952 2013 2149 2068 [itania
2177 2014 2399 2085 expleta
2418 2013 2666 2067 nondum
2691 2009 3032 2083 migraverit,
3054 2013 3360 2064 conventus
3380 2004 3555 2058 disce-

1953 2103 2069 2169 dat,
2105 2102 2384 2173 aliquibus
2412 2101 2702 2168 fratribus,
2742 2100 2943 2173 quibus
2981 2101 3201 2170 jussum
3240 2093 3426 2157 fuerit,
3476 2091 3555 2146 ibi

1954 2191 2397 2257 remanentibus,
2430 2190 2526 2263 qui
2575 2190 2905 2263 psalterium
2956 2206 3022 2244 ex
3066 2186 3262 2241 ordine
3318 2182 3556 2255 psallere

1953 2280 2246 2352 incipiant.
2297 2280 2438 2334 Cum
2464 2283 2652 2334 autem
2682 2279 2899 2334 venerit
2941 2278 3096 2342 hora,
3130 2279 3196 2330 ut
3221 2273 3426 2328 iterum
3457 2287 3555 2325 vo-

1956 2370 2071 2425 cari
2098 2370 2358 2434 debeant,
2378 2369 2700 2441 supradicto
2731 2368 2896 2422 modo
2922 2369 3193 2420 vocentur
3219 2368 3276 2418 et
3299 2360 3551 2416 veniant.

2029 2460 2269 2531 Egressa
2289 2460 2407 2530 jam
2438 2459 2507 2512 de
2524 2474 2756 2529 corpore
2780 2454 3177 2520 anima,tribus
3188 2451 3553 2517 vicibus,cum

1957 2549 2140 2620 parvis
2182 2548 2512 2612 intervallis,
2545 2547 2842 2619 pulsentur
2877 2545 3058 2616 signa,
3099 2546 3296 2598 cantor
3325 2537 3558 2610 incipiat

1954 2638 2371 2710 responsorium
2397 2638 2707 2703 Subvenite,
2740 2637 2922 2690 sancti
2943 2636 3058 2690 Dei.
3092 2633 3213 2697 Quo
3241 2646 3368 2685 cum
3393 2643 3556 2683 versu

1956 2733 2014 2782 et
2035 2744 2294 2798 regressu
2325 2727 2563 2798 expleto,
2594 2725 2902 2797 subjungat
2921 2722 3179 2778 sacerdos
3194 2721 3552 2788 Proﬁciscere,

1958 2819 2154 2871 anima
2186 2817 2529 2871 Christiana.
2564 2815 2685 2878 Quo
2716 2813 2863 2868 dicto
2895 2811 3169 2883 incipiant
3195 2804 3556 2863 commenda-

1958 2904 2169 2959 tionem
2214 2904 2442 2970 animee;
2494 2903 2755 2974 dictaque
2810 2901 2994 2972 prima
3023 2899 3252 2953 collecta
3295 2897 3433 2961 Tibi,
3459 2895 3560 2949 Do-

1960 2996 2129 3060 mine,
2155 2995 2620 3057 commendamus,
2654 2990 2943 3046 sacerdote
2964 2980 3023 3043 et
3048 2990 3325 3043 conventu
3367 2998 3556 3056 prose-

1963 3088 2169 3154 quente
2213 3086 2433 3147 cetera,
2487 3086 2744 3153 portetur
2780 3095 2983 3150 corpus
3024 3077 3096 3131 ad
3126 3074 3444 3139 lavandum,
3488 3070 3559 3126 ab

1959 3172 2047 3228 his
2075 3172 2145 3227 de
2177 3187 2417 3242 quorum
2449 3169 2645 3224 ordine
2666 3167 2789 3233 fuit,
2822 3167 2878 3222 id
2910 3171 2997 3222 est
3024 3163 3284 3221 sacerdos
3309 3180 3345 3216 a
3371 3177 3559 3217 sacer-

1961 3260 2207 3325 dotibus,
2239 3260 2509 3314 diaconus
2540 3276 2574 3313 a
2599 3257 2869 3324 diaconis,
2907 3261 2965 3311 et
2991 3254 3071 3309 sic
3103 3253 3162 3308 in
3202 3250 3435 3323 reliquis
3466 3266 3560 3305 or-

1962 3349 2205 3414 dinibus,
2249 3365 2549 3419 conversus
2597 3364 2632 3402 a
2671 3345 2991 3411 conversis;
3018 3343 3204 3398 infans
3230 3347 3423 3396 tamen
3448 3354 3561 3394 non

1960 3439 2031 3494 ab
2059 3439 2386 3505 infantibus,
2414 3438 2509 3493 sed
2542 3455 2577 3492 a
2604 3435 2904 3491 conversis.

2033 3529 2104 3584 Hi
2134 3546 2266 3584 vero
2297 3534 2432 3583 sunt
2457 3527 2555 3598 qui
2579 3527 2767 3581 lavare
2807 3541 2920 3580 non
2959 3522 3166 3578 debent
3211 3536 3413 3593 corpus
3462 3517 3564 3573 de-

1960 3618 2167 3674 functi:
2195 3617 2456 3672 sacerdos
2481 3613 2974 3678 hebdomadarius,
3000 3617 3058 3667 et
3084 3610 3289 3682 reliqui
3318 3606 3563 3663 ministri

1963 3708 2061 3780 qui
2109 3707 2271 3780 circa
2303 3706 2481 3761 altare
2509 3705 2779 3771 serviunt,
2816 3708 2874 3758 et
2919 3717 3053 3756 vasa
3084 3705 3305 3755 sacrata
3335 3703 3561 3753 contre-

1964 3778 2137 3851 ctant.
2166 3778 2602 3850 Hebdomadarii
2621 3785 3562 3865 coquinae,cellerarii,refectorarii;

1965 3887 2101 3942 dum
2126 3886 2348 3940 lavatur
2375 3900 2597 3954 corpus,
2616 3880 2961 3936 camerarius
2991 3884 3193 3952 praesto
3224 3892 3349 3932 esse
3377 3874 3563 3938 debet,

1966 3975 2181 4030 habens
2208 3973 2543 4029 vestimenta
2573 3971 2791 4031 idonea,
2826 3974 2884 4023 et
2922 3969 3035 4033 ﬁla,
3068 3972 3126 4022 et
3153 3983 3286 4021 acus
3323 3964 3394 4019 ad
3431 3980 3568 4018 con-

1966 4064 2264 4128 suendum,
2299 4068 2356 4117 et
2383 4067 2585 4117 caetera
2614 4076 2737 4132 quae
2764 4059 2852 4113 sui
2873 4057 3041 4113 ofﬁcii
3070 4060 3203 4111 sunt
3227 4059 3284 4109 et
3311 4069 3413 4108 suo
3442 4068 3570 4123 ope-

1967 4154 2017 4208 ri
2072 4152 2407 4207 necessaria.
2466 4150 2625 4205 Inter
2682 4147 2985 4205 lavandum
3035 4143 3465 4200 circumcinctus
3494 4140 3570 4195 sit

1969 4243 2266 4307 staminea,
2313 4257 2426 4313 qua
2466 4239 2696 4294 indutus
2734 4241 2906 4292 antea
2935 4239 3074 4300 erat,
3102 4233 3250 4289 circa
3277 4224 3569 4304 pudendas

284 4330 422 4384 illud
438 4330 508 4384 ad
536 4345 863 4384 mensuram
887 4329 1251 4401 longitudinis
1268 4335 1326 4384 et
1352 4329 1689 4392 latitudinis,
1716 4346 1884 4400 quam
1904 4365 1954 4425 Β
1971 4332 2059 4387 sui
2087 4330 2337 4402 corporis
2366 4334 2570 4401 partes.

282 4420 469 4491 ipsum
497 4418 747 4472 cilicium
795 4417 982 4482 habet,
1015 4418 1239 4489 signum
1270 4418 1447 4473 crucis
1495 4418 1565 4472 de
1608 4417 1888 4475 cineribus

280 4508 469 4573 faciat,
521 4507 973 4578 morientemque
1004 4508 1236 4562 fratrem
1267 4507 1510 4577 desuper
1551 4511 1743 4578 ponat.
1787 4507 1891 4561 Cui

280 4604 483 4668 postea
511 4595 901 4651 indesinenter
914 4602 1097 4662 πθιι
1121 4596 1376 4651 assidens
1386 4596 1635 4651 studiose
1646 4595 1894 4650 conside-

278 4686 536 4757 ret,quia
556 4686 700 4740 hora
712 4686 924 4740 exitum
941 4687 1060 4756 ejus
1078 4685 1374 4740 conventui
1390 4685 1594 4740 debeat
1620 4685 1887 4740 indicare.

356 4776 618 4845 Cumque
665 4790 795 4829 eum
841 4775 959 4845 jam
991 4774 1049 4828 in
1094 4774 1346 4829 exeundo
1384 4773 1587 4828 viderit
1613 4774 1888 4840 laborare,

276 4869 519 4936 gestans
552 4880 728 4918 manu
754 4863 1007 4917 tabulam
1057 4864 1127 4917 ad
1170 4864 1374 4919 ostium
1421 4863 1652 4918 claustri
1679 4868 1887 4928 currat,

279 4953 517 5024 ictuque
538 4952 879 5007 creberrimo
904 4952 1112 5006 acriter
1126 4968 1250 5007 eam
1274 4951 1350 5006 ibi
1380 4951 1672 5024 percutiat,
1684 4969 1890 5023 quous-

280 5059 400 5115 que
430 5042 490 5096 in
520 5046 800 5096 conventu
832 5040 1087 5095 auditum
1117 5057 1240 5095 esse
1259 5045 1576 5112 cognoscat.
1613 5041 1735 5105 Quo
1763 5057 1892 5113 per-

280 5136 453 5203 cepto
480 5130 668 5185 sonitu
701 5130 748 5184 si
775 5130 847 5184 ad
878 5130 1172 5200 majorem,
1206 5130 1291 5183 vel
1329 5129 1605 5183 minorem
1640 5129 1894 5191 missam,

281 5221 376 5275 vel
410 5220 481 5274 ad
510 5221 832 5291 regularem
862 5219 1063 5274 horam
1105 5218 1335 5283 fuerint,
1386 5217 1810 5274 remanentibus
1838 5214 1911 5274 in’

280 5310 464 5367 choro
510 5308 819 5364 infantibus
869 5324 997 5363 cum
1045 5308 1331 5382 magistris
1362 5308 1497 5371 suis,
1530 5312 1589 5362 et
1618 5308 1898 5379 aliquibus

280 5399 580 5465 fratribus,
614 5396 821 5471 quibus
865 5398 1088 5468 jussum
1124 5398 1314 5469 fuerit,
1362 5396 1566 5470 reliqui
1593 5414 1789 5453 omnes
1826 5399 1897 5453 ad
1924 5408 1937 5418 '

2045 4421 2217 4475 Lotus
2245 4423 2433 4473 autem
2463 4416 2734 4472 vestiatur
2752 4413 3031 4470 staminea
3057 4427 3219 4478 nova,
3242 4410 3331 4466 vel
3354 4408 3572 4465 noviter

1974 4510 2108 4574 lota,
2143 4514 2198 4562 et
2218 4507 2453 4573 cuculla,
2481 4507 2611 4562 etin
2631 4505 2812 4577 capite
2840 4505 2965 4575 ejus
2994 4507 3237 4576 ponatur
3255 4500 3567 4566 sudarium,

1974 4599 2032 4653 in
2055 4598 2286 4652 modum
2313 4596 2520 4667 caputii
2542 4596 2611 4650 de
2638 4594 2916 4649 staminea
2938 4593 3148 4648 factum
3174 4611 3186 4658 ;
3218 4591 3350 4646 huic
3380 4606 3574 4662 super.

1973 4688 2214 4742 ducatur
2237 4685 2522 4756 caputium
2542 4684 2790 4747 cucullae,
2807 4689 3005 4738 etcum
3030 4682 3124 4737 filo
3152 4681 3213 4737 in
3236 4679 3419 4736 tribus
3437 4678 3575 4735 locis

1973 4776 2331 4831 adnectatur.
2353 4773 2645 4829 Calceetur
2671 4773 2866 4844 caligis
2893 4771 3215 4845 supradicto
3244 4786 3432 4844 panno
3463 4768 3577 4825 fac-

1972 4864 2064 4931 tis,
2099 4881 2279 4936 usque
2299 4863 2368 4918 ad
2388 4879 2577 4935 genua
2597 4862 3023 4933 attingentibus,
3052 4866 3110 4916 et
3128 4859 3572 4915 nocturnalibus.

1973 4954 2174 5009 Manus
2203 4953 2422 5008 cuculla
2449 4952 2564 5007 sint
2585 4958 2879 5024 cooperta.
2913 4950 3144 5007 Cuculla
3185 4949 3318 5009 hinc
3352 4955 3409 5005 et
3444 4948 3578 5004 inde

1978 5048 2300 5109 consuatur,
2339 5048 2398 5097 et
2434 5042 2581 5097 circa
2634 5057 2801 5096 crura
2854 5040 3146 5109 similiter;
3195 5038 3573 5101 nocturnales,

1980 5131 2124 5186 alter
2174 5132 2338 5187 alteri
2376 5131 2468 5186 ﬁlo
2494 5135 2917 5197 connectentur,
2948 5130 3140 5185 taliter
3167 5134 3427 5201 paratum
3451 5141 3577 5180 cor-

1981 5236 2088 5291 pus
2115 5220 2321 5276 feretro
2342 5221 2663 5293 imponatur
2690 5225 2749 5275 et
2777 5219 2945 5292 pallio
2973 5217 3344 5290 cooperiatur.

2054 5310 2177 5374 Quo
2224 5311 2462 5382 expleto,
2492 5310 2839 5382 expletisque
2879 5326 3002 5382 qua;
3047 5308 3105 5362 in
3157 5307 3439 5360 conventu
3469 5294 3579 5359 dici

1980 5405 2288 5472 coeperant,
2323 5400 2603 5474 percutiat
2633 5399 2790 5472 prior
2835 5398 3085 5455 tabulam
3124 5410 3237 5451 uno
3276 5393 3413 5449 ictu.
3458 5394 3582 5460 Quo

366 5575 485 5652 (67)
510 5580 680 5648 Deest,
716 5580 787 5636 ad
817 5579 1114 5637 ecclesiam
1143 5594 1244 5652 pro
1270 5576 1577 5636 venerabili
1609 5582 1986 5650 sacramento,
2009 5583 2091 5636 vel
2118 5581 2256 5651 quid
2277 5579 2481 5634 simile.
