3852 6178
1435 279 1458 306 ’ἲ

420 281 514 362 s’u

1419 279 1482 361 iii.
1528 274 1944 363 maritim
1983 272 2338 363 emata.
2382 271 2716 362 memmi.

3543 272 3630 371 5.;

420 419 613 488 audito
633 424 890 491 inclinati;
908 423 1112 492 fratres
1133 422 1322 488 dicant
1340 433 1504 486 Pater
1524 423 1724 486 ndster.
1751 433 2021 490 Sacerdos
2035 435 2084 495 Α
2098 433 2177 489 Ea
2197 438 2385 488 autem
2413 418 2570 498 liora,
2590 415 2783 505 postea
2811 413 3007 487 omnes
3029 413 3270 510 calceent
3295 421 3366 502 se,
3389 443 3439 492 et
3457 423 3630 508 lavent,

419 513 567 576 circa
583 516 784 598 corpus
810 515 1016 598 aquam
1039 513 1388 598 benedictam
1413 527 1656 593 spergat,
1674 522 2007 577 etincenset.

419 609 634 664 Dehinc
663 604 811 668 dicat
841 617 904 670 Et
938 609 1004 668 nc
1033 631 1145 677 nos,
1177 603 1218 669 Α
1252 618 1413 681 porta
1456 614 1648 676 inferi,
1684 617 1878 681 postea
1906 613 2014 667 col-

416 698 638 753 lectam.
657 701 755 756 His
775 704 855 758 ita
872 692 1045 775 gestis
1058 703 1352 775 pulsentur
1369 699 1549 770 signa,
1571 707 1771 755 cantor
1784 701 2016 773 incipiat

416 791 734 870 responsori
744 809 836 846 um
855 780 1354 857 Subvem'lc,sancti
1371 781 1560 845 Dez‘Et
1570 790 2013 861 praecedentibus

418 873 507 929 his
552 879 646 948 qui
685 877 908 936 situlam
967 899 1093 936 cum
1144 890 1311 952 aqua,
1364 896 1607 939 crucem.
1658 880 2010 949 candelabra,

418 957 766 1023 thuribulum
797 957 1046 1042 portant,
1076 968 1440 1040 sequentibus
1459 969 1785 1035 infantibus,
1805 976 1862 1024 et
1883 971 2016 1025 reli—

420 1070 530 1124 quo
553 1046 849 1124 conventu,
882 1059 1146 1114 extremis
1185 1058 1265 1112 eis
1299 1057 1394 1128 qui
1425 1074 1624 1129 corpus
1655 1059 1933 1125 levarunt,
1963 1064 2019 1113 et

420 1138 668 1213 portant.
701 1141 930 1203 veniant
959 1149 1017 1203 in
1067 1145 1359 1202 ecclesiam
1387 1165 1400 1211 ;
1451 1147 1746 1218 positoque
1785 1165 2017 1220 corpore

418 1231 477 1286 in
502 1222 642 1296 loco,
675 1233 769 1290 ubi
797 1237 928 1308 poni
961 1238 1122 1303 solet,
1176 1240 1394 1291 cessent
1435 1225 1615 1306 signa.
1649 1237 1856 1306 ﬁgatur
1883 1253 2018 1308 crux

417 1313 490 1374 ad
519 1329 688 1394 caput
732 1321 872 1395 ejus.
902 1317 1185 1397 ponantur
1214 1327 1323 1380 duo
1350 1324 1703 1392 candelabra,
1743 1342 1914 1380 unum
1945 1309 2026 1382 ad

419 1417 606 1482 caput,
643 1418 698 1467 et
744 1415 983 1470 alterum
1030 1416 1101 1470 ad
1133 1415 1322 1488 pedes,
1368 1431 1492 1469 cum
1549 1409 1724 1468 cereis
1777 1415 2019 1488 desuper

420 1500 686 1563 accensis,
736 1504 832 1574 qui
882 1504 1145 1559 continue
1202 1503 1278 1558 ibi
1324 1503 1561 1557 ardeant
1601 1521 1890 1576 usquequo
1945 1505 2017 1561 ad

417 1590 766 1659 sepulturam
801 1582 1107 1650 deferatur.
1141 1591 1322 1647 Finito
1352 1597 1518 1647 cantu
1548 1592 1800 1647 inclinati
1829 1594 2020 1648 dicant

417 1675 581 1730 Pater
618 1685 827 1745 noster;
883 1677 1141 1736 sacerdos
1194 1684 1254 1736 Et
1300 1699 1362 1736 ne
1393 1699 1506 1745 nos,
1540 1682 1580 1737 Α
1630 1690 1790 1751 porta
1822 1685 2012 1752 inferi,

2094 527 2151 580 et
2179 523 2482 596 pectinent,
2506 522 2808 593 solitasque
2837 523 3120 576 orationes
3142 523 3355 590 faciant,
3376 523 3500 597 quas
3521 531 3635 586 ordo

2094 611 2245 669 illius
2266 601 2532 684 temporis
2561 611 2756 682 poscit.
2778 612 3048 666 Sedentes
3078 613 3309 683 psallant
3335 615 3430 669 nisi
3458 618 3516 670 ad
3545 621 3637 672 Ma-

2093 705 2340 774 gniﬁca-t,
2374 706 2430 756 et
2457 701 2528 755 ad
2561 703 2875 755 Benedictus
2897 719 2919 769 ;
2943 707 3077 756 tunc
3115 702 3257 756 enim
3294 709 3431 758 stare
3467 706 3641 763 debent

2094 793 2179 847 Ad
2201 795 2359 846 Pater
2381 796 2582 852 noster,
2622 795 2678 843 et
2705 790 2775 843 ad
2823 790 3083 844 collectas
3109 791 3243 862 quas
3273 794 3507 847 sacerdos
3533 795 3644 850 dicit

2095 879 2352 934 inclinati
2397 875 2510 934 sint
2549 896 2718 950 super
2756 875 2942 949 genua
2970 897 3091 934 sua.
3128 879 3184 934 Si
3223 887 3346 935 ante
3381 890 3643 938 nocturnas

2096 969 2312 1040 vigilias
2339 971 2513 1024 frater
2541 969 2761 1032 obierit,
2794 973 2952 1022 tanta
2971 970 3092 1039 jam
3120 969 3294 1023 noctis
3317 977 3462 1042 parte
3488 957 3647 1026 trans-

2099 1064 2224 1114 acta
2254 1064 2319 1114 ut
2346 1059 2485 1136 duas
2513 1058 2733 1129 vigilias
2753 1057 2933 1136 facere
2961 1059 3315 1113 commodum
3340 1076 3443 1114 non
3469 1062 3550 1126 sit,
3577 1062 3647 1116 lo-

2099 1154 2223 1203 cato
2250 1149 2307 1202 in
2333 1133 2564 1203 ecclesia
2588 1133 2838 1219 corpore,
2873 1147 3075 1202 fratres
3100 1143 3291 1202 omnes
3311 1149 3576 1219 vigilantes
3603 1158 3649 1205 et

2099 1235 2402 1315 psallentes
2447 1237 2524 1291 ibi
2576 1242 2941 1304 remaneant;
2980 1237 3221 1291 infantes
3256 1255 3378 1292 cum
3406 1230 3650 1310 magistris

2099 1327 2213 1382 suis
2243 1327 2552 1383 dormitum
2586 1327 2646 1380 in
2676 1325 3068 1380 dormitorium
3099 1327 3348 1381 redeant.

2170 1409 2430 1481 Quandiu
2459 1432 2660 1488 corpus
2689 1432 2858 1487 super
2877 1420 3089 1470 terram
3118 1420 3221 1475 est,
3251 1411 3428 1469 nullus
3447 1414 3498 1469 in
3525 1415 3651 1471 clau-

2099 1511 2214 1560 stro
2244 1506 2526 1577 loquatur.
2559 1503 2773 1560 Tabula
2800 1510 3011 1570 tamen,
3034 1504 3078 1558 si
3110 1505 3230 1559 dies
3257 1504 3383 1558 talis
3400 1505 3481 1568 sit,
3511 1505 3654 1559 inca-

2100 1591 2277 1664 pitulo
2311 1591 2585 1662 pulsetur,
2610 1595 2666 1644 et
2681 1592 2954 1645 Benedicit
3003 1589 3241 1651 dicatur,
3261 1588 3400 1644 sicut
3422 1589 3534 1643 aliis
3558 1589 3656 1645 die-

2101 1680 2203 1734 bus
2229 1699 2241 1748 ;
2275 1679 2321 1734 si
2349 1685 2538 1734 tamen
2567 1680 2687 1752 ipsa
2717 1679 2806 1733 die
2831 1686 2954 1751 post
2997 1679 3302 1751 capitulum
3341 1677 3548 1750 sepeliri
3575 1679 3658 1734 de-

416 1763 705 1822 colle‘ct‘am‘
740 1761 885 1824 sicut
912 1759 1170 1843 superius
1199 1759 1409 1825 dictum
1433 1777 1536 1826 est.
1563 1772 1662 1825 llis
1683 1772 1942 1843 peractis,
1972 1755 2082 1828 siB
2101 1768 2212 1835 bet,
2244 1768 2571 1840 priusquam
2603 1769 2906 1840 sepeliatur
2944 1769 3082 1823 nulli
3134 1768 3298 1822 liceat
3332 1774 3480 1822 extra
3513 1767 3659 1822 claus-

417 1853 634 1926 sonitus
687 1849 893 1913 tabulae
945 1860 1014 1915 de
1061 1851 1356 1915 refectorio
1412 1861 1616 1914 fratres
1687 1862 2014 1928 adduxerat,

420 1933 626 2000 ablutis
655 1942 913 2002 manibus
942 1950 1013 2003 ad
1059 1949 1413 2003 refectorium
1446 1954 1817 2013 revertantur,
1852 1947 2020 2020 perii-1

419 2025 681 2106 cientque
702 2036 851 2107 quod
875 2038 1257 2109 imperfectum
1287 2043 1652 2100 remanserat,
1684 2038 2021 2093 remanenti-

419 2117 524 2176 bus
553 2139 678 2177 cum
703 2142 935 2198 corpore
957 2117 1237 2198 aliquibus
1267 2127 1552 2192 fratribus,
1568 2132 1722 2197 quot,
1741 2133 1797 2182 et
1817 2123 2028 2198 quibus

418 2207 734 2281 injunctum
770 2209 958 2283 fuerit,
994 2217 1088 2288 qui
1131 2218 1374 2288 psalmos
1411 2216 1486 2270 ibi
1536 2211 1761 2271 interim
1791 2224 2014 2285 canant,

419 2295 709 2372 nunquam
741 2303 886 2358 enim
916 2305 1035 2360 sine
1075 2306 1385 2378 psalmodia
1413 2299 1616 2377 corpus
1659 2323 1778 2360 esse
1829 2304 2014 2375 debet,

421 2381 664 2472 eiceptov
692 2391 916 2464 quando
954 2389 1013 2449 in
1041 2387 1211 2450 choro
1249 2395 1461 2467 aliquid
1509 2395 1822 2449 communis
1851 2397 2017 2450 ofﬁcii

419 2477 753 2535 celebratur.

491 2563 809 2628 Cngentus
835 2573 894 2628 in
925 2573 1016 2628 die
1041 2575 1188 2629 circa
1213 2563 1414 2646 cOrpus
1443 2591 1666 2647 semper
1684 2573 1851 2630 debet
1873 2574 2017 2643 esse,

420 2651 530 2713 nisi
566 2661 791 2731 quando
820 2669 1039 2734 canunt
1063 2659 1227 2718 horas
1247 2665 1333 2718 vel
1357 2664 1574 2728 missas,
1605 2665 1690 2719 vel
1721 2666 2024 2737 processio-

421 2753 550 2803 nem
579 2750 728 2805 circa
755 2743 1063 2808 claustrum
1087 2754 1170 2808 vel
1192 2747 1348 2807 extra
1376 2755 1704 2816 claustrum,
1721 2755 1769 2808 si
1792 2755 1871 2809 ita
1896 2773 2022 2809 con-

419 2827 620 2910 tingat,
651 2827 880 2909 faciunt,
918 2841 998 2896 vel
1024 2843 1080 2896 in
1111 2831 1356 2914 capitulo
1395 2830 1546 2908 sunt,
1583 2845 1756 2898 autin
1782 2844 2019 2899 refecto-

420 2919 524 3008 rio.
578 2925 678 2984 aut
715 2930 770 2984 in
808 2920 1140 2986 dormitorio
1181 2931 1507 2986 meridianis
1561 2925 1733 3000 horis,
1779 2939 1836 2988 et
1885 2929 2023 2989 tunc

420 3009 642 3072 tantum
667 3008 1010 3091 deputentur
1029 3007 1201 3093 aliqui
1224 3020 1425 3075 fratres
1453 3021 1547 3093 qui
1576 3021 1650 3076 ibi
1668 3029 2015 3090 remaneant,

416 3095 748 3177 psalterium
773 3126 836 3164 ex
855 3101 1049 3164 ordine
1072 3115 1261 3176 295
1291 3112 1550 3182 psallant,
1584 3097 2020 3168 commendatio-

419 3188 548 3250 nem
574 3187 782 3252 animae
803 3193 992 3268 agant,
1020 3189 1298 3270 vesperae.
1316 3199 1552 3271 vigilias,
1578 3217 1705 3255 cum
1737 3201 2014 3268 laudibus,

429 3281 594 3358 verba
624 3279 762 3351 nica,
789 3271 845 3341 et
880 3288 994 3342 haec
1024 3289 1219 3342 eadem
1250 3288 1588 3360 frequenter.

488 3367 662 3428 Nocte
683 3369 812 3430 vero
840 3371 965 3447 post
993 3372 1442 3450 completorium,
1481 3378 1750 3450 incipiens
1777 3377 2018 3452 primam

417 3461 663 3542 vigiliam
715 3465 910 3519 dexter
951 3459 1155 3520 chorus
1206 3461 1391 3529 faciat,
1435 3456 1737 3522 secundam
1768 3467 2019 3539 sinister,

418 3545 795 3633 persolventes
852 3555 1078 3626 utrique
1133 3543 1455 3626 supradicta
1511 3555 1797 3627 obsequia.
1851 3563 2020 3628 prout

419 3635 705 3711 quantitas
755 3635 1004 3698 nectium
1042 3643 1165 3698 fieri
1205 3644 1540 3715 permiserit,
1591 3646 1697 3700 hoc
1725 3645 2016 3700 observato

418 3721 716 3811 diligenter
744 3731 813 3786 ne
843 3733 1068 3804 utrique
1097 3733 1311 3804 priores
1334 3734 1391 3803 in
1407 3751 1521 3789 una
1542 3735 1731 3805 vigilia
1751 3735 2018 3806 deputen-

418 3811 697 3876 tur.Circa
719 3815 886 3875 finem
913 3821 1108 3894 primae
1137 3823 1337 3894 vigiliae
1364 3829 1524 3878 exeat
1551 3824 1706 3896 prior
1726 3825 1910 3880 ferens
1926 3825 2019 3879 ab-

417 3913 692 3985 s'consam,
706 3915 764 3964 et
779 3901 945 3965 vadat
962 3905 1018 3965 in
1040 3909 1453 3978 dormitorium,
1481 3913 1794 3985 excitetque
1815 3915 2018 3969 fratres

417 3989 513 4068 qui
538 3983 840 4052 secundam
873 3999 1116 4070 vigiliam
1139 3999 1339 4054 facturi
1370 4006 1520 4056 sunt.
1550 4001 1685 4055 Post
1703 3983 2018 4057 matutinas

415 4078 632 4149 Iaudes,
659 4076 821 4143 dictis
838 4081 894 4142 in
918 4090 1085 4144 choro
1117 4107 1238 4162 qua;
1259 4087 1367 4145 dici
1394 4091 1530 4145 ordo
1559 4081 1825 4162 deposcit,
1849 4091 2016 4164 quid-

2102 1853 2252 1913 trum
2281 1849 2606 1912 monasterii
2633 1857 2801 1919 exire.
2854 1845 2960 1911 nisi
2991 1863 3107 1911 tam
3141 1874 3312 1930 prope
3340 1857 3410 1911 sit
3436 1849 3575 1911 locus
3606 1861 3660 1910 ut

2103 1937 2173 2002 ad
2204 1947 2585 2020 sepeliendum
2617 1948 2847 2002 fratrem
2878 1949 3055 2019 possit
3077 1948 3282 2002 redire.

2175 2037 2382 2093 Omnes
2411 2038 2505 2108 qui
2536 2043 2772 2109 possunt
2810 2038 2931 2109 ipso
2963 2037 3054 2091 die
3084 2054 3186 2108 pro
3219 2053 3284 2091 eo
3305 2036 3521 2090 missam
3548 2035 3664 2089 cele-

2101 2120 2283 2182 brent.
2345 2127 2515 2182 Missa
2567 2126 2916 2180 matutinalis
2967 2143 3067 2197 pro
3127 2143 3193 2180 eo
3243 2126 3431 2180 festive
3474 2117 3665 2196 agatur,

2102 2215 2323 2270 etiamsi
2369 2216 2488 2270 dies
2540 2214 2832 2286 praecipua:
2877 2213 3198 2269 festivitatis
3257 2215 3349 2269 sit.
3398 2205 3476 2268 Ad
3523 2229 3667 2284 quam

2102 2301 2331 2360 missam
2362 2305 2582 2376 quoties
2629 2304 2896 2358 diaconus
2931 2304 3189 2359 incensat
3226 2303 3421 2370 altare,
3461 2303 3523 2357 ad
3571 2317 3672 2355 cor-

2098 2413 2204 2468 pus
2235 2411 2458 2467 quoque
2487 2394 2892 2448 incensandum
2936 2410 3064 2448 cum
3106 2392 3395 2448 thuribulo
3423 2391 3574 2448 debet
3598 2407 3671 2444 ac-

2098 2484 2314 2539 cedere.
2545 2553 2557 2557 _

2177 2575 2345 2628 Facto
2377 2573 2433 2627 in
2456 2572 2700 2644 capitulo
2723 2589 2983 2627 sermone
3004 2571 3262 2627 absolvat
3277 2588 3403 2627 eum
3423 2563 3675 2635 abbas,ve1

2106 2662 2630 2736 quiordiniprmest.
2656 2661 2867 2716 Deinde
2895 2662 3188 2734 praecipiat
3216 2679 3317 2735 pro
3347 2679 3411 2717 eo
3435 2657 3678 2716 celebrari

2104 2751 2340 2823 triginta
2378 2751 2574 2806 diebus
2617 2751 2888 2822 tringinta
2930 2751 3150 2818 missas,
3184 2751 3421 2822 singulis
3452 2749 3678 2804 videlicet

2103 2835 2300 2897 diebus
2327 2841 2578 2912 singulas
2604 2840 2820 2907 missas,
2853 2845 3056 2913 praeter
3080 2859 3176 2896 eas
3199 2858 3323 2912 qua:
3343 2841 3403 2895 in
3431 2842 3681 2916 conventu

2105 2930 2447 2986 celebrandae
2489 2936 2639 2995 sunt,
2686 2931 2764 2985 ita
2792 2939 2853 2984 ut
2897 2931 3084 2985 nullus
3119 2936 3419 3004 praetereat
3452 2930 3563 2983 dies
3586 2942 3679 2998 quo

2105 3021 2275 3075 missa
2307 3037 2407 3092 pro
2440 3005 2505 3073 eo
2534 3036 2647 3073 non
2667 3018 2998 3086 celebretur,
3027 3019 3137 3075 nisi
3173 3021 3478 3076 Parasceve
3499 3019 3583 3082 sit,
3597 3021 3682 3071 aut

2103 3108 2408 3164 Sabbatum
2440 3113 2726 3176 sanctum;
2753 3114 2809 3163 et
2839 3109 2934 3180 qui
2955 3109 3186 3164 inchoat
3216 3111 3467 3180 nonipsa
3485 3107 3570 3161 die
3588 3121 3685 3178 qua

2101 3199 2422 3270 sepelietur,
2451 3199 2544 3253 sed
2578 3198 2636 3252 in
2653 3193 2918 3252 crastimo
2940 3198 3210 3253 inchoare
3234 3197 3420 3252 debet.
3454 3195 3685 3251 Celebra-

2102 3287 2173 3343 tis
2203 3287 2438 3359 quisque
2467 3287 2570 3342 sibi
2599 3283 2869 3359 injunctis
2901 3287 3086 3341 missis
3117 3288 3243 3359 ipso
3271 3287 3363 3341 die
3392 3286 3447 3340 id
3476 3285 3530 3340 in
3551 3283 3686 3355 capi-

2100 3377 2220 3431 tulo
2249 3376 2416 3440 dicat,
2446 3365 2724 3450 quatenus
2756 3376 2871 3443 alii,
2899 3376 2991 3447 qui
3040 3369 3314 3448 subsequi
3357 3373 3568 3437 debeat,
3600 3371 3685 3426 ibi-

2100 3467 2230 3520 dem
2257 3466 2430 3521 abbas
2451 3467 2534 3520 vel
2556 3467 2710 3538 prior
2728 3467 2877 3520 idem
2898 3466 3178 3537 injungat.
3198 3466 3330 3538 Ipso
3348 3465 3438 3520 die
3468 3463 3690 3519 infantes

2101 3573 2264 3611 suum
2295 3555 2602 3628 capitulum
2634 3573 2745 3610 non
2774 3561 3022 3620 teneant,

2171 3646 2515 3718 Quacunque
2544 3647 2703 3707 hora,
2735 3663 2835 3716 per
2870 3651 3049 3698 totam
3095 3639 3272 3711 diem,
3307 3649 3436 3716 post
3465 3641 3690 3696 sonitum

2101 3752 2267 3807 quem
2292 3735 2448 3806 prior
2468 3735 2537 3788 ad
2569 3725 2889 3788 excitandos
2911 3734 3113 3788 fratres
3145 3750 3319 3788 mane
3349 3733 3528 3786 facere
3547 3731 3687 3793 solet,

2098 3809 2274 3876 frater
2309 3823 2603 3877 moriatur.
2639 3823 2933 3893 sepultura
2980 3823 3099 3892 ejus
3143 3839 3335 3894 usque
3368 3829 3493 3894 post
3523 3816 3697 3875 crasti-

2099 3929 2234 3966 num
2272 3905 2579 3983 capitulum
2616 3911 2926 3976 differatur,
2982 3911 3090 3965 nisi
3138 3911 3503 3965 rationabilis
3541 3923 3694 3963 causa

2101 4001 2302 4056 existat
2331 4019 2453 4072 quae
2484 4001 2567 4055 vel
2592 4007 2718 4073 post
2749 4003 3021 4071 majorem
3053 4000 3317 4067 missam,
3352 4000 3436 4054 vel
3462 4004 3583 4071 post
3606 4013 3696 4050 no-

2097 4107 2229 4144 nam
2260 4090 2485 4163 sepeliri
2515 4107 2643 4144 eum
2665 4091 2920 4156 suadeat,
2945 4095 3002 4144 et
3021 4091 3273 4144 maxime
3295 4089 3342 4144 si
3371 4095 3500 4144 ante
3520 4089 3696 4140 horam

417 4176 566 4258 quid!
597 4175 854 4249 superest
899 4171 1078 4234 noctis
1126 4179 1365 4233 infantes
1414 4197 1543 4234 cum
1590 4180 1876 4250 magistris
1929 4199 2016 4236 ca-
2099 4197 2221 4252 quae
2254 4179 2336 4234 vel
2365 4185 2580 4240 aestate.
2620 4177 2704 4234 vel
2737 4179 2920 4233 hieme
2949 4184 3080 4233 ante
3129 4179 3451 4252 capitulum
3488 4176 3695 4244 dicitur,

414 4261 599 4321 nendo
633 4258 967 4338 erpendant,
1004 4265 1267 4323 intersint
1301 4263 1522 4340 quoque
1561 4268 1770 4323 inﬁrmi
1812 4270 1893 4323 illi
1921 4259 2015 4341 qui
2099 4269 2242 4322 mori
2275 4285 2404 4323 eum
2435 4269 2741 4340 contingat.
2776 4269 2936 4333 Quod
2964 4285 3092 4323 cum
3128 4270 3343 4324 accidit
3372 4274 3574 4342 praeter
3603 4280 3701 4319 ser-

413 4355 473 4432 i‘n
495 4355 1045 4439 domoinfirmorum
1074 4359 1298 4413 assidue
1324 4365 1728 4413 conversantur
1757 4364 1813 4413 et
1839 4358 2299 4457 facul-Dvitium
2349 4358 2496 4430 quod
2553 4375 2652 4430 pro
2698 4365 2920 4412 mortuo
2959 4357 3133 4413 fratre
3181 4349 3375 4412 facere
3401 4357 3581 4411 solent
3605 4353 3702 4406 fra-

413 4447 589 4498 tatem
646 4437 751 4498 hoc
791 4445 1030 4500 faciendi
1071 4446 1278 4501 habere
1322 4448 1601 4502 videntur.
1641 4447 1839 4502 Caetcri
1883 4437 2235 4512 veroutres,
2268 4447 2554 4519 integrum
2585 4441 3081 4518 psalteriummu'm
3105 4445 3340 4517 integra
3370 4453 3705 4523 mortuorum

413 4525 622 4587 fratres.
646 4532 710 4587 in
734 4533 890 4588 lectis
919 4535 1035 4590 suis
1056 4525 1343 4606 quiescant
1365 4553 1656 4608 usquequo
1676 4537 1824 4590 facto
1853 4552 2018 4590 mane
2101 4536 2436 4608 psalmodia,
2468 4554 2569 4608 pro
2609 4553 2674 4590 eo
2724 4535 2960 4607 singulis
2991 4541 3077 4589 est
3118 4533 3402 4590 fratribus
3429 4533 3705 4603 injungen-

416 4617 730 4692 Surge'ntes',
763 4623 1012 4689 calceati,
1042 4625 1160 4690 loti,
1194 4631 1251 4678 et
1280 4625 1401 4696 pexi
1426 4626 1699 4698 factisque
1747 4624 2020 4680 orationi-
2102 4626 2256 4680 dum.

417 4709 522 4765 bus
549 4705 1012 4782 aggregentur'et
1048 4711 1159 4784 ipsi
1200 4713 1269 4767 ad
1315 4731 1535 4787 corpus.
1571 4715 1792 4780 Quibus
1821 4732 2016 4786 aggre-
2171 4714 2228 4769 Si
2276 4719 2407 4768 ante
2436 4718 2740 4768 nocturnas
2768 4711 2988 4784 vigilias
3020 4711 3294 4777 moritur,
3345 4710 3707 4782 subsequente

415 4794 562 4878 gatis
591 4803 829 4872 pergant
855 4801 1095 4856 infantes
1136 4820 1196 4856 se
1242 4804 1512 4870 calceare,
1548 4805 1756 4867 lavare,
1791 4808 1847 4858 et
1895 4821 2016 4875 pec-
2099 4802 2359 4858 similiter
2396 4803 2485 4857 die
2531 4808 2658 4875 post
2697 4803 3008 4876 capitulum
3055 4801 3399 4873 sepeliatur.
3453 4800 3512 4856 Si
3567 4798 3707 4852 inter

415 4885 559 4957 tere;
590 4883 907 4961 solitasque
930 4891 1212 4946 orationes
1239 4893 1421 4948 facere
1448 4913 1460 4962 ;
1497 4899 1554 4949 et
1582 4899 1708 4966 post
1749 4893 2020 4948 accedant
2101 4893 2250 4965 ipsas
2274 4891 2511 4962 vigilias,
2528 4893 2611 4946 vel
2624 4897 2820 4964 postea
2845 4898 2975 4947 ante
2997 4891 3340 4963 praadictum
3373 4889 3619 4944 sonitum
3649 4884 3711 4937 de

415 4983 473 5034 et
499 4979 624 5050 ipsi,
660 4979 729 5035 et"
747 4980 851 5054 h'oc
867 4977 950 5045 fit,
977 4980 1168 5036 sidie's'
1203 4982 1333 5036 talis
1362 4983 1434 5038 sit
1461 4989 1525 5038 ut
1553 4988 1681 5054 post
1713 4983 2020 5037 matutinas
2101 4982 2206 5036 hoc
2227 4981 2426 5037 saeculo
2457 4981 2677 5052 migret,
2700 4987 2828 5053 post
2848 4982 3119 5052 majorem
3144 4979 3393 5035 missam
3411 4977 3562 5034 tradi
3593 4991 3711 5030 eum

416 5059 613 5124 laudes
659 5069 728 5123 ad
778 5069 951 5124 lectos
997 5059 1180 5125 redire
1235 5067 1510 5127 fratribus
1553 5073 1767 5127 licitum
1828 5071 1919 5126 sit.
1953 5073 2018 5128 In
2101 5072 2403 5143 sepulturae
2448 5077 2688 5143 oportet.
2749 5071 2806 5126 Si
2857 5069 3128 5125 festivitas
3172 5064 3488 5124 duodeCim
3539 5064 3714 5120 lectio-

413 5154 598 5215 liieme
628 5159 777 5221 vero,
801 5159 1023 5230 quando
1041 5159 1332 5215 intervalla
1361 5162 1522 5224 ﬁunt,
1546 5161 1592 5216 si
1618 5167 1745 5233 post.
1765 5161 2019 5216 litaniam
2102 5177 2256 5227 num,
2293 5165 2394 5215 aut
2417 5160 2609 5226 trium,
2637 5160 2696 5214 in
2718 5171 2830 5230 qua
2858 5159 2916 5214 in
2954 5149 3202 5214 claustro
3226 5157 3471 5212 minime
3495 5156 3718 5228 loquan-

414 5248 628 5322 aliquid
652 5253 908 5321 superest
936 5249 1147 5316 noctis,
1168 5248 1299 5305 licet
1328 5250 1608 5322 praedictis
1651 5250 1881 5323 reliquis
1909 5251 2017 5306 fra-
2097 5255 2193 5304 tur
2221 5249 2443 5314 fratres,
2478 5249 2600 5320 ipsa
2627 5249 2716 5304 die
2741 5249 2931 5316 fuerit,
2963 5254 3089 5320 post
3115 5248 3448 5318 capitulum
3481 5243 3714 5300 celebre—

413 5336 596 5392 tribus
624 5337 682 5391 in
708 5337 866 5392 lectis
895 5338 1020 5392 suis
1044 5355 1221 5409 usque
1241 5340 1312 5394 ad
1339 5339 1490 5394 diem
1514 5340 1828 5412 quiescere;
1853 5340 2019 5396 vesti-
2097 5345 2193 5393 tur
2219 5357 2318 5412 pro
2348 5356 2412 5394 eo
2442 5339 2612 5394 missa
2641 5335 2989 5393 matutinalis
3016 5337 3218 5391 festivo
3253 5335 3605 5403 more,sicut
3632 5347 3715 5387 su-

415 5425 460 5482 ti
487 5421 680 5482 tamen
701 5433 757 5482 et
786 5423 1022 5484 calceati'
1039 5421 1351 5498 quiescant.

483 5513 754 5574 Infantes.
810 5516 957 5573 sicut
1002 5518 1261 5589 superius
1316 5517 1536 5594 dictum
1573 5522 1679 5586 est,
1732 5534 1860 5574 cum
1900 5533 2018 5573 ma-

413 5603 609 5674 gistris
630 5604 940 5662 etinﬁrmis
957 5622 1120 5664 suam
1151 5607 1300 5664 circa
1323 5625 1526 5689 corpus
1555 5613 1728 5680 agant

2097 5429 2288 5502 perius
2309 5427 2520 5483 dictum
2543 5431 2647 5482 est.

2168 5517 2383 5575 Dehinc
2410 5517 2556 5573 dicta
2579 5516 2769 5594 tertia,
2785 5515 3066 5594 missaque
3081 5513 3344 5594 majore,
3381 5514 3627 5590 pergant
3650 5506 3716 5562 ad

2099 5599 2486 5681 sepeliendum
2517 5599 2769 5663 fratrem.
2809 5597 2904 5660 Ad'
2926 5599 3091 5676 quem
3128 5599 3480 5660 accedentes
3507 5601 3624 5657 sive
3652 5599 3718 5652 de
