3852 6178
211 171 282 228 .513
1071 166 1399 256 uacuam
1438 164 1580 244 PRO
1620 163 1896 246 pRDINE
1933 169 1992 244 s.
2034 168 2437 254 BENEDICTI.

3281 177 3388 260 51,4

203 292 399 366 capitulo,
422 290 524 365 sive
546 289 615 344 de
653 291 824 346 choro
851 296 1068 359 exeant,
1103 292 1352 346 canendo
1394 292 1556 344 Verba
1587 306 1705 360 mea
1791 291 1958 354 dicta.
1983 299 2042 348 et
2070 293 2332 365 imposito
2361 293 2529 347 thure
2556 294 2769 352 tribuat
2790 297 3140 357 thuribulum
3168 301 3268 356 uni
3295 317 3392 357 eo-

205 385 249 438 ad
271 398 429 453 corpus
454 379 682 433 veniant.
719 380 952 434 Interim
983 381 1241 452 pulsetur
1268 380 1449 435 tribus
1497 379 1710 433 vicibus

205 489 326 528 unum
351 472 406 524 de
434 468 726 538 majoribus
748 469 941 540 signis,
966 475 1029 524 ut
1048 470 1093 523 si
1116 470 1209 540 qui
1240 471 1383 525 forte
1405 468 1612 524 absunt
1639 468 1708 521 ad

202 562 305 615 hunc
327 575 493 613 sonum
524 558 640 612 sine
671 553 832 612 mora
866 559 1219 614 conveniant.

249 646 532 704 Secretarius
574 647 782 714 abbati,
834 653 890 702 et
939 649 1132 720 priori,
1183 654 1240 702 et
1285 646 1562 702 sacerdoti
1614 645 1710 718 qui

199 738 454 808 obsequium
491 736 738 790 facturus
772 743 874 801 est,
906 754 1096 791 cereos
1147 736 1470 797 distribuat,
1504 735 1710 789 cande-

199 829 254 882 las
275 826 461 898 reliquis
479 824 759 882 fratribus.
781 827 1049 898 magister
1077 825 1409 884 infantibus.
1442 824 1710 881 Sacerdos

196 917 365 971 indutus
393 916 454 969 sit
479 914 620 981 alba,
648 931 774 969 cum
805 916 948 969 stola
977 921 1034 970 et
1060 915 1368 986 manipulo,
1394 921 1452 970 et
1479 913 1536 968 in
1569 913 1710 968 albis

198 1006 274 1059 duo
315 1005 485 1058 fratres
528 1021 595 1058 ex
638 1004 706 1058 iis
747 1004 841 1076 qui
891 1010 1058 1059 antea
1108 1006 1361 1059 laverunt
1398 1008 1704 1058 mortuum.

197 1092 303 1147 Albae
325 1110 434 1147 vero
460 1094 571 1148 sint
600 1094 672 1147 ad
713 1094 1034 1163 hujusmodi
1081 1094 1365 1164 negotium
1394 1092 1711 1164 specialiter

197 1182 424 1253 deputatas.

240 1275 393 1336 ποθ
427 1271 462 1324 li
491 1271 587 1342 qui
614 1276 845 1343 portant
873 1271 1101 1326 situlam
1140 1289 1264 1326 cum
1298 1287 1446 1346 aqua
1477 1269 1707 1324 benedi-

190 1363 264 1425 cta,
307 1377 515 1428 crucem,
574 1361 927 1425 candelabra,
983 1361 1354 1426 thuribulum,
1387 1366 1539 1415 stent
1577 1359 1709 1413 hinc

188 1455 226 1503 et
253 1449 373 1512 inde,
420 1451 485 1503 ad
536 1456 707 1522 caput
766 1451 1034 1516 defuncti,
1092 1450 1344 1521 reliquus
1401 1451 1707 1502 conventus

1791 398 1916 436 rum
1939 383 2032 452 qui
2066 382 2207 436 albis
2241 381 2422 436 induti
2453 381 2583 436 illuc
2611 385 3035 449 descenderant.
3061 397 3117 444 et
3137 389 3392 459 incense-

1791 475 1886 524 tur
1914 472 2250 542 sepulcrum.
2300 471 2509 524 Dehinc
2549 471 2697 528 dicta
2741 476 2975 531 collecta
3028 479 3382 552 Obsecramus

1795 561 2232 614 misericordiam
2257 565 2431 623 tuam,
2459 559 2568 614 duo
2600 577 2664 614 ex
2694 564 2960 618 fratribus
2982 565 3077 638 qui
3099 566 3232 630 foris
3259 575 3394 636 sunt

1791 647 2021 718 pallium
2080 649 2322 718 desuper
2375 649 2702 717 extendant,
2749 653 2843 706 alii
2901 653 3030 720 duo,
3076 671 3277 728 corpus
3320 656 3391 730 de

1793 736 1999 792 feretro
2046 737 2399 808 accipientes,
2432 737 2543 790 illis
2573 738 2824 794 tribuant
2860 741 2956 813 qui
3007 743 3065 816 in
3105 737 3389 820 tumulum

1793 825 2215 881 descenderant.
2240 825 2330 879 Illi
2361 825 2660 896 diligenter
2682 829 2820 883 illud
2855 830 2913 884 in
2951 815 3207 903 sepulcro
3236 815 3390 902 com-4

1791 919 2024 986 ponant,
2073 921 2129 968 et
2168 913 2578 969 absolutionem
2625 917 2892 988 scriptam
2939 927 2997 975 et
3043 939 3076 976 a
3120 904 3385 988 fratribus

1792 1001 1994 1057 lectam
2041 1021 2213 1074 super
2260 1010 2452 1075 pectus
2500 1005 2622 1074 ejus
2667 1015 2880 1076 ponant
2926 1015 2983 1064 et
3023 1011 3298 1082 operiant,
3331 1019 3389 1082 et

1791 1093 1980 1146 statim
2019 1098 2302 1157 exeuntes,
2345 1098 2402 1146 et
2443 1093 2512 1147 ad
2565 1097 2972 1152 monasterium
3022 1081 3386 1173 revertentes,

1792 1182 1947 1235 exuti
1981 1181 2140 1247 albis,
2186 1187 2242 1236 et
2285 1181 2466 1236 induti
2496 1181 2742 1239 vestibus
2771 1187 2908 1253 suis,
2941 1188 3011 1241 ad
3058 1196 3390 1254 conventum

1792 1269 2042 1323 redeant.
2087 1270 2332 1340 Corpore
2368 1269 2424 1323 in
2455 1270 2747 1340 sepultura
2775 1273 2978 1342 posito,
3010 1261 3266 1347 protinus
3295 1260 3390 1335 ex-

1789 1358 2152 1428 stinguantur
2179 1357 2422 1413 candelae
2452 1364 2508 1412 et
2538 1367 2752 1414 cessent
2778 1361 2957 1432 signa.

1860 1447 2107 1518 Expletis
2137 1447 2384 1518 reliquis,
2414 1447 2559 1501 sicut
2591 1447 2648 1502 in
2677 1450 2867 1504 codice
2896 1451 2954 1505 in
2997 1470 3107 1524 quo
3136 1454 3242 1510 hoc
3265 1455 3390 1528 offi-

185 1536 232 1590 ad
254 1538 513 1603 dexteram,
547 1545 604 1592 et
633 1539 703 1592 ad
752 1539 1059 1593 sinistram.
1111 1539 1256 1592 sicut
1286 1542 1370 1592 est
1417 1537 1554 1592 ordo
1608 1534 1934 1618 eo-_cium
1973 1537 2294 1590 ordinatum
2328 1543 2414 1590 est
2441 1537 2738 1607 reperitur,
2785 1547 3143 1596 revertantur
3185 1560 3389 1618 canen-

181 1642 286 1680 rum.
334 1627 582 1682 Sacerdos
629 1628 930 1682 adveniens
991 1628 1148 1700 prius
1185 1633 1450 1698 aspergat
1498 1643 1701 1698 corpus
1722 1607 1769 1668 Β
1789 1629 1874 1678 tes
1903 1631 2115 1695 septem
2143 1625 2388 1696 psalmos
2419 1625 2850 1695 pmnitentiales.
2878 1629 3148 1684 Sacerdos
3178 1613 3388 1703 praece-

179 1732 281 1787 aqua
303 1715 588 1782 benedicta,
621 1717 822 1771 dehinc
842 1718 1110 1771 accedens
1141 1717 1210 1770 ad
1239 1724 1409 1788 caput
1429 1715 1696 1781 defuncti,

180 1805 332 1858 stetita
354 1811 408 1859 ut
432 1806 721 1876 praedictos
737 1807 1038 1878 portitores
1057 1807 1127 1860 ad
1150 1806 1437 1860 dexteram
1461 1822 1621 1859 suam
1647 1808 1704 1858 et

175 1878 392 1947 sinistram
412 1895 629 1949 habeat.
664 1895 945 1950 Accedant
971 1895 1082 1950 duo
1103 1900 1379 1959 cantores,
1407 1901 1464 1949 et
1485 1900 1701 1948 stantes

177 1972 284 2035 inter
303 1984 458 2038 altare
486 1970 640 2054 quod
687 1983 762 2038 ibi
802 1985 973 2039 situm
1007 1991 1108 2046 est,
1150 1990 1205 2039 et
1234 2002 1457 2056 corpus,
1490 1984 1696 2049 dicant,

175 2070 291 2138 Kyrie
315 2077 512 2140 eteison,
545 2074 757 2128 Chr-iste
811 2077 1030 2140 eleison,
1082 2060 1248 2142 Kyrie
1291 2078 1492 2128 eleison
1520 2112 1536 2139 ,
1565 2090 1698 2128 con-

174 2166 291 2214 ventu
307 2161 402 2216 duo
423 2163 604 2232 priora
629 2169 934 2234 repetente,
951 2169 1008 2217 et
1027 2163 1288 2217 ultimum
1313 2163 1480 2230 Kyric
1497 2166 1699 2218 cteison

168 2263 256 2302 cum
294 2249 361 2303 eis
398 2251 631 2306 dicente.
667 2253 870 2306 Postea
906 2252 1181 2318 sacerdos,
1216 2251 1504 2307 humiliter
1544 2252 1700 2306 incli-

167 2338 273 2390 natis
293 2340 547 2405 omnibus,
583 2341 733 2395 dicat
760 2342 1048 2396 collectam
1084 2342 1332 2409 Oremus,
1367 2343 1492 2395 Non
1523 2344 1698 2395 intres

165 2427 206 2478 in
239 2429 504 2494 judicium.
541 2431 666 2494 Qua
695 2430 861 2494 dicta,
890 2431 1169 2501 prmdictis
1211 2429 1533 2484 cantoribus
1559 2430 1696 2484 inci-

162 2513 396 2582 pientibus,
425 2525 664 2573 canatur
719 2520 1136 2590 responsorium
1192 2537 1320 2574 cum
1376 2536 1540 2574 versu
1591 2521 1697 2588 Qui

159 2604 391 2659 Lasarum.
447 2607 612 2674 Quod
655 2608 790 2662 dum
845 2608 1068 2663 canitur
1139 2609 1392 2663 incenset
1436 2609 1696 2664 sacerdos

159 2692 302 2758 altare,
324 2697 459 2766 quod
488 2698 573 2752 ibi
601 2703 703 2762 est,
733 2703 791 2752 et
808 2715 1028 2769 corpus.
1064 2699 1181 2752 Hoc
1211 2705 1413 2770 agatur
1445 2699 1693 2754 secundo

158 2788 196 2833 et
217 2784 367 2850 tertio,
386 2792 614 2857 excepto
645 2787 792 2857 quod
822 2787 943 2841 aliae
971 2787 1213 2842 collectae
1244 2795 1301 2841 et
1324 2775 1433 2841 alia
1467 2804 1693 2858 respon-

155 2871 263 2924 soria
301 2873 392 2927 dici
432 2875 664 2940 debent,
716 2876 862 2930 sicut
889 2877 947 2930 in
990 2876 1165 2942 libris,
1209 2876 1303 2931 ubi
1344 2877 1490 2931 actio
1524 2876 1693 2948 hujus

158 2957 281 3012 ofﬁcii
306 2970 383 3016 est
405 2964 688 3024 ordinata,
715 2965 1052 3021 continetur.

200 3048 362 3104 Finitis
398 3053 653 3108 versibus
704 3054 854 3108 tertii
886 3055 1249 3125 responsorii,
1291 3055 1441 3124 quod
1495 3060 1695 3109 cantor

154 3141 378 3209 praecepit,
425 3149 722 3213 repetatur
767 3161 801 3197 a
854 3143 1034 3214 capite
1082 3144 1500 3215 responsorium
1538 3161 1548 3197 :
1582 3161 1692 3215 quo

151 3236 413 3294 permutato
443 3239 609 3302 roget
634 3232 894 3286 sacerdos
920 3250 1018 3304 pro
1039 3250 1104 3287 eo
1130 3233 1297 3299 orari,
1319 3234 1400 3287 ita
1423 3233 1689 3287 dicendo:

154 3316 270 3370 Pater
295 3327 479 3375 noster.
512 3322 584 3375 Et
614 3339 680 3375 ne
711 3338 830 3388 nos,
861 3322 985 3376 Non
1013 3326 1204 3387 intres,
1228 3324 1266 3376 A
1296 3327 1462 3392 porta
1493 3323 1688 3390 inferi,

151 3404 358 3462 Dominus
372 3411 840 3477 vobiscum,0rem
849 3428 929 3477 us,
947 3412 1188 3478 Inclina,
1203 3413 1453 3476 Domine,
1471 3427 1688 3476 aurem,

153 3499 190 3544 et
211 3495 414 3568 reliqua.

198 3582 274 3639 His
311 3587 383 3640 ita
425 3588 692 3658 peractis,
733 3593 960 3643 cantare
990 3588 1296 3660 incipiente
1327 3589 1692 3660 antiphonam

150 3671 194 3723 In
212 3679 534 3742 paradisum,
574 3684 776 3732 exeant
825 3685 1091 3732 canentes
1120 3678 1398 3750 psalmum
1443 3681 1509 3733 In
1538 3681 1693 3733 exitu

148 3757 289 3817 lxrad.
317 3765 650 3822 Praacedant
676 3766 926 3838 praedicti
953 3768 1253 3839 portitores
1283 3783 1462 3838 aqua},
1490 3769 1690 3835 crucis,

143 3849 580 3921 candelabrorum,
614 3861 674 3910 et
712 3855 1006 3911 thuribuli.
1040 3855 1364 3927 Sequantur.
1411 3855 1690 3919 sacerdos,

1785 1712 1924 1767 dens
1940 1714 2197 1781 infantes,
2221 1731 2345 1769 cum
2369 1714 2437 1768 ad
2468 1716 2871 1770 monasterium
2894 1719 3124 1780 venerit,
3145 1705 3388 1792 divertat

1786 1801 1842 1855 in
1876 1803 2220 1868 vestiarium,
2253 1809 2326 1867 et,
2361 1803 2614 1874 deposita
2642 1804 2770 1858 alba
2800 1812 2856 1859 et
2881 1807 3190 1878 manipulo,
3215 1818 3387 1881 atque

1786 1890 2017 1946 indutus
2058 1891 2304 1946 vestibus
2352 1892 2487 1957 suis,
2542 1898 2858 1948 revertatur
2907 1895 2964 1949 in
3011 1893 3283 1968 chorum,
3330 1905 3387 1954 et

1784 1988 2102 2052 prostratus
2133 1998 2258 2035 cum
2306 1981 2522 2035 caeteris
2572 1982 2888 2053 prostratis,
2919 1985 3065 2054 quod
3102 1969 3384 2064 reliquum

1784 2079 1870 2124 est
1906 2070 1974 2124 de
2002 2071 2230 2141 psalmis
2263 2070 2431 2124 dicat.
2464 2069 2678 2134 Quibus
2706 2072 2870 2126 dictis
2898 2071 3248 2148 subjungant
3285 2078 3382 2133 Re-

1782 2161 1966 2228 quiem
1987 2164 2250 2214 mternam
2284 2160 2430 2214 dona
2472 2162 2566 2221 eis,
2600 2161 2850 2228 Domine,
2889 2165 3052 2217 Pater
3083 2171 3284 2232 noster,
3314 2151 3386 2220 Et

1784 2263 1852 2301 ne
1878 2263 1990 2312 nos,
2034 2250 2074 2302 A
2106 2253 2267 2317 porta
2302 2250 2494 2316 inferi,
2529 2249 2793 2303 Dominus
2819 2253 3114 2315 vobiscum,
3147 2255 3380 2310 collecta

1781 2334 2107 2403 Satisfaciat
2141 2339 2261 2402 tibi,
2293 2338 2526 2392 Domine
2557 2339 2698 2392 Deus
2729 2346 2950 2406 noster;
2983 2347 3110 2412 post
3135 2343 3251 2398 haec
3299 2361 3383 2399 re-

1778 2431 2072 2479 vertantur
2101 2426 2156 2479 in
2183 2426 2510 2492 claustrum,
2545 2433 2602 2486 et
2629 2426 2777 2482 dicto
2807 2427 2877 2482 ab
2907 2429 3118 2486 infante
3145 2426 3380 2487 Benedi-

1780 2518 1903 2576 cite,
1929 2515 2232 2586 loquantur
2255 2515 2312 2570 in
2341 2517 2603 2578 claustro,
2638 2515 2685 2570 si
2716 2517 2836 2572 dies
2875 2518 3002 2573 talis
3034 2526 3089 2575 et
3118 2521 3256 2576 hora
3285 2522 3379 2578 sit.

1782 2604 2008 2675 Septem
2038 2605 2205 2674 plena
2254 2604 2438 2659 officia
2481 2622 2584 2676 pro
2636 2622 2702 2660 eo
2751 2606 2811 2660 in
2848 2615 3125 2664 conventu
3168 2617 3377 2682 agant;

1781 2693 2017 2763 triginta
2046 2693 2243 2746 diebus
2287 2695 2448 2747 Verba
2477 2711 2616 2760 mea,
2647 2699 2705 2748 et
2731 2695 2802 2748 ad
2829 2712 3022 2752 omnes
3052 2699 3220 2754 horas
3264 2702 3381 2756 Voce

1780 2799 1918 2846 mea,
1952 2799 2052 2852 pro
2081 2799 2146 2836 eo
2165 2782 2376 2836 dicant.
2402 2783 2779 2853 Singulariter
2799 2787 3183 2858 unusquisque
3206 2805 3381 2859 quan-

1779 2877 1902 2926 tum
1923 2871 2093 2925 abbas
2127 2872 2392 2942 praecepit
2418 2888 2517 2942 pro
2546 2871 2735 2926 anima
2765 2874 2886 2944 ejus
2915 2875 3109 2944 faciat;
3143 2877 3380 2948 triginta

1718 2966 1999 3032 Cquoque
2026 2959 2243 3032 diebus,
2277 2966 2378 3014 aut
2408 2960 2681 3031 pluribus,
2716 2962 2763 3016 si
2795 2963 2967 3018 abbas
3009 2965 3368 3035 ordinaverit,

1779 3065 1983 3119 panem
2016 3065 2193 3103 unum
2226 3065 2353 3102 cum
2388 3055 2524 3120 potu
2563 3056 2620 3104 et
2655 3051 3009 3122 regularibus
3037 3053 3194 3110 cibus
3225 3056 3372 3112 elec-

1782 3139 2143 3212 mosynarius
2181 3138 2436 3210 accipiat.
2900 3203 2902 3206 ν

2342 3226 2574 3282 CAPUT
2603 3229 2798 3283 XXIV.

2009 3318 2083 3370 De
2122 3318 2488 3371 morientibus
2517 3322 2673 3370 ecetra
2713 3324 3137 3379 monasterium.

1847 3405 1906 3460 Si
1929 3405 2107 3460 frater
2135 3411 2299 3460 extra
2328 3406 2735 3460 monasterium
2771 3407 2842 3462 de
2881 3408 2985 3465 hac
3032 3411 3142 3466 vita
3172 3412 3378 3484 migra-

1776 3495 1939 3560 verit,
1974 3511 2075 3549 nec
2123 3495 2327 3549 fratres
2369 3512 2559 3550 secum
2603 3495 2815 3552 fuerint
2847 3499 2943 3569 qui
2974 3516 3100 3555 eum
3146 3501 3381 3558 abluant

1779 3589 2092 3655 caeteraque
2114 3601 2235 3656 quae
2263 3585 2520 3656 superius
2543 3585 2692 3640 dicta
2715 3593 2848 3640 sunt
2866 3587 3013 3643 circa
3036 3607 3164 3644 eum
3195 3590 3378 3664 adim-

1777 3673 1987 3744 pleant,
2015 3673 2341 3744 deportatus
2366 3675 2438 3728 ad
2459 3675 2861 3731 monasterium
2889 3677 2950 3732 in
2977 3679 3200 3749 feretro,
3228 3679 3377 3752 quod

1778 3761 1886 3816 sibi
1925 3762 2189 3833 prtemitti
2219 3763 2407 3830 debet,
2444 3780 2572 3819 cum
2622 3763 2790 3835 pallio
2836 3782 2937 3837 per
2968 3773 3159 3838 portas
3206 3770 3375 3830 curia

1776 3852 2144 3924 ingrediatur,
2183 3857 2241 3907 et
2277 3859 2615 3925 cooperante
2648 3853 2842 3919 fratre,
2865 3855 2954 3910 cui
2997 3857 3374 3930 infirmorum,

142 3941 355 3998 etcantor
378 3946 544 4016 cujus
578 3944 746 4000 ofﬁcii
775 3945 1092 4016 specialiter
1123 3945 1358 4000 interest
1387 3945 1541 4001 omni
1579 3946 1696 4000 sol-
1778 3959 1915 3997 cura
1935 3942 2234 3996 commissa
2252 3948 2354 4006 est,
2380 3943 2439 3996 in
2465 3943 2632 3996 domo
2655 3942 3009 3998 inﬁrmorum
3031 3946 3373 4021 deponatur;

139 4023 373 4087 licitndine
417 4035 741 4106 providere,
785 4051 855 4089 ne
912 4035 973 4089 in
1028 4035 1132 4092 hoc
1187 4035 1453 4106 obsequio
1505 4034 1697 4107 aliqua
1777 4049 1888 4104 quo
1918 4031 2172 4105 deposito
2201 4032 2466 4099 famulus,
2500 4041 2566 4088 ut
2588 4031 2750 4100 solet,
2785 4033 2856 4104 ad
2888 4034 3095 4109 ostium
3141 4038 3375 4111 claustri

139 4119 274 4184 possit
299 4124 642 4196 negligentia
687 4125 929 4181 evenire.
961 4125 1097 4180 Post
1144 4124 1246 4179 hos
1274 4124 1578 4196 procedant
1606 4125 1694 4180 in-
1776 4119 1986 4187 veniat,
2056 4121 2309 4176 tabu'am
2374 4121 2670 4193 Percntiato
2728 4129 3032 4198 conventus
3092 4125 3374 4200 adveniat.

137 4202 276 4263 iantes
316 4229 439 4268 cum
485 4213 778 4286 magistris
821 4214 960 4284 suis,
1005 4213 1206 4268 dehinc
1236 4213 1438 4286 reliqui
1469 4211 2029 4286 fratres,nﬁantque
2081 4216 2299 4281 caetera,
2332 4226 2398 4264 ac
2438 4210 2486 4265 si
2532 4210 2602 4265 de
2651 4210 2756 4265 hac
2803 4211 2917 4270 vita
2958 4212 3263 4284 migrasset
3317 4215 3376 4278 in

139 4301 348 4354 extremis
372 4289 682 4372 prioribus,
715 4301 1157 4374 praecedentibus
1180 4301 1521 4372 junioribus,
1552 4289 1976 4358 sicutueadem
2007 4299 2362 4370 infirmorum
2391 4299 2549 4366 cella,
2581 4305 2816 4372 excepto
2851 4301 3002 4374 quod
3028 4317 3143 4358 non
3167 4303 3378 4371 dicitur

135 4390 196 4437 est
218 4390 336 4444 ordo
376 4409 582 4446 eorum
619 4392 1018 4447 conversionis.
1052 4391 1187 4446 Post
1229 4407 1425 4446 omnes
1470 4391 1696 4447 veniant
1779 4390 2139 4456 Proﬁciscere,
2164 4391 2360 4442 anima
2390 4389 2732 4458 Christiana.

136 4476 205 4541 qui
224 4494 407 4552 corpus
451 4488 709 4553 portant,
741 4482 796 4536 hi
847 4499 975 4537 vero
1001 4481 1132 4548 sint,
1165 4481 1212 4536 si
1253 4481 1544 4538 commode
1574 4481 1698 4536 ﬁeri
1859 4478 2034 4534 Porro
2063 4477 2111 4532 si
2149 4477 2351 4538 fratres
2379 4493 2568 4543 secum
2596 4478 2826 4552 fuerint,
2859 4493 3006 4534 unus
3035 4486 3135 4556 aut
3161 4481 3372 4556 plures,

132 4567 284 4634 possit,
315 4573 407 4641 qui
436 4573 702 4626 laverant
726 4571 884 4634 illud,
918 4570 1315 4642 adjuvantibus
1344 4587 1458 4633 eos,
1480 4571 1527 4625 si
1557 4588 1697 4644 Opus
1779 4566 2035 4637 factaque
2063 4571 2194 4621 sunt
2240 4582 2308 4620 ea
2355 4583 2478 4639 qum
2516 4567 2575 4628 in
2612 4567 2712 4624 tali
2753 4567 2978 4638 negotio
3025 4576 3209 4637 29:3
3252 4573 3378 4639 fieri

132 4651 278 4723 fuerit,
306 4661 427 4714 aliis
453 4661 752 4729 fratribus,
791 4661 997 4732 quibus
1031 4659 1204 4715 abbas
1242 4666 1342 4715 aut
1380 4659 1533 4732 prior
1561 4678 1698 4732 prae-
1781 4661 2020 4727 oportet,
2053 4655 2318 4727 procedat
2343 4656 2394 4710 ei
2423 4662 2726 4711 conventus
2751 4656 2970 4712 obviam
3000 4675 3102 4731 per
3130 4663 3375 4734 majores

129 4746 255 4814 cepit.
287 4751 425 4806 Cum
457 4751 619 4806 exire
657 4749 950 4823 incipiunt,
975 4749 1273 4822 pulsentur
1301 4748 1464 4820 signa
1489 4766 1696 4820 usque-
1779 4752 1976 4817 portas
2003 4745 2347 4812 monasterii,
2385 4745 2676 4818 psallendo
2705 4747 2807 4801 hos
2843 4747 3091 4819 psalmos
3120 4751 3379 4824 Miserere

130 4849 208 4901 quo
225 4853 414 4910 corpus
436 4840 780 4894 collocatum
810 4839 884 4893 sit
903 4838 963 4893 in
987 4839 1300 4910 sepultura.
1780 4837 1908 4902 mei,
1932 4837 2088 4900 Deus,
2113 4837 2434 4900 secundum,
2467 4837 2607 4890 Deus
2638 4836 2700 4902 in
2733 4839 2955 4910 nomine
2982 4843 3094 4906 tuo,
3122 4843 3378 4898 Miserere

176 4925 296 4982 Cum
317 4946 449 4984 vero
478 4930 560 4984 ad
601 4929 952 5000 sepulturam
977 4926 1338 5001 pervenerint
1366 4932 1518 4983 stent
1545 4927 1697 4982 ordi-
1781 4926 2333 4994 mei,Deus,Misercre
2355 4926 2570 4996 mei,Ad
2580 4927 2883 4999 Dominum
2896 4944 3022 4982 cum
3039 4932 3371 4999 tributarer,

126 5021 225 5069 nate
250 5019 370 5073 hinc
413 5028 475 5074 et
518 5020 673 5084 inde,
707 5019 852 5074 sicut
881 5018 939 5073 in
981 5019 1152 5073 choro
1180 5023 1332 5072 stare
1361 5018 1560 5074 solent.
1597 5018 1699 5072 Sa-
1784 5019 1841 5068 et
1869 5013 1964 5085 qui
2003 5019 2318 5090 sequuntur
2345 5013 2520 5069 donec
2559 5014 2630 5068 ad
2674 5031 2875 5087 corpus
2912 5019 3260 5088 perveniant.
3306 5021 3380 5074 At

125 5104 277 5162 cenios
291 5115 405 5163 stet
423 5111 589 5164 inter
607 5109 748 5164 duos
767 5109 988 5177 choros,
1003 5124 1115 5162 non
1141 5106 1309 5178 longe
1331 5107 1693 5178 asepultura;
1780 5103 1876 5158 ubi
1923 5103 2279 5174 pervenerint
2313 5103 2524 5158 faciant
2561 5104 2862 5158 stationem
2892 5105 3036 5160 versi
3089 5106 3156 5160 ad
3208 5107 3381 5161 alter-

124 5195 174 5245 ad
209 5197 493 5254 dexteram
547 5199 672 5269 ejus
720 5205 778 5254 et
825 5198 898 5252 ad
945 5197 1257 5261 sinistram,
1319 5197 1416 5268 qui
1472 5202 1702 5267 portant
1781 5199 2006 5256 utrum;
2038 5194 2316 5260 sacerdos,
2351 5193 2478 5248 alba
2506 5194 2739 5248 indutus
2778 5199 2834 5248 et
2869 5193 3032 5258 stola,
3066 5195 3294 5250 accedat
3321 5201 3383 5250 et

122 5297 288 5355 mnam
317 5296 374 5346 et
439 5305 696 5356 crucem,
728 5294 787 5356 et
831 5293 1050 5358 caetera
1080 5287 1150 5354 de
1200 5285 1404 5359 quibus
1442 5286 1701 5359 superius
1785 5289 2047 5356 aspergat
2065 5300 2267 5355 corpus
2292 5300 2438 5355 aqua
2463 5282 2776 5346 benedicta,
2799 5289 2856 5337 et
2880 5283 3150 5348 incenset,
3175 5285 3378 5340 deinde

121 5370 293 5434 dictum
318 5388 444 5448 est;
477 5379 639 5434 dicta
656 5379 889 5434 collecta
916 5378 1454 5450 Pizvrecordationis
1482 5379 1698 5455 aﬂ‘ectu,
1785 5379 2015 5430 moneat
2042 5379 2106 5428 ut
2133 5377 2296 5428 orent
2313 5389 2412 5444 pro
2442 5389 2529 5448 eo,
2558 5373 2792 5448 dicendo
2817 5374 2980 5426 Pater
3009 5378 3210 5443 noster,
3229 5376 3296 5431 Et
3312 5391 3380 5432 ne

121 5467 307 5527 accedat
325 5469 627 5536 sacerdos,
653 5475 709 5525 et
735 5473 1000 5542 aspergat
1025 5467 1344 5550 sepulcrum
1365 5482 1515 5540 aqua
1537 5465 1703 5524 bene-
1787 5481 1904 5532 nos,
1938 5465 2061 5548 lion
2091 5466 2265 5519 intres
2294 5465 2358 5518 in
2390 5465 2696 5532 judicium,
2729 5462 2984 5542 Requiem,
3001 5469 3296 5538 paternam,
3330 5465 3376 5523 Α
