3852 6178
456 281 564 341 515

1446 277 1506 330 Β.
1551 273 1966 332 LANFRANCI
2007 276 2366 334 CANTUAR.
2408 281 2744 338 ARCHIEP.

3560 299 3645 356 516

446 415 614 481 porta
667 409 859 474 inferi,
904 407 1170 459 Dominus
1199 401 1493 464 vobiscum,
1534 401 1780 455 Oremus.
1814 402 2426 474 collectaAsurgentes
2456 413 2512 461 et
2553 410 2716 462 Verba
2742 426 2862 464 mea
2891 416 3153 466 canentes
3182 417 3475 474 sonantibus
3503 422 3649 493 signis

453 500 692 567 Suscipe,
732 497 980 557 Domine,
1026 493 1280 544 animam
1335 493 1480 544 servi
1521 493 1607 543 tui
1636 510 1652 554 ;
1701 491 1870 544 aliam
1909 491 2045 546 Sus-

452 590 583 656 cipe,
619 586 865 646 Domine,
898 597 1114 635 servum
1149 585 1329 633 tuum.
1365 576 1503 631 Inde
1529 583 1886 633 revertantur
1913 595 2046 632 can-

448 680 572 729 tore
612 671 911 744 incipiente
954 667 1371 739 responsorium
1413 666 1720 721 Subvenite.
1758 667 1901 722 Dum
1960 667 2048 720 in-

447 767 604 818 trant
647 762 705 815 in
745 758 1034 815 ecclesiam
1081 758 1377 828 pulsentur
1419 756 1611 810 omnia
1639 757 1820 827 signa,
1853 762 1910 810 et
1946 756 2044 810 de-

446 856 691 921 ponatur
714 850 772 903 in
803 849 922 902 loco
942 849 1000 901 in
1032 864 1142 917 quo
1172 846 1358 900 caeteri
1387 846 1588 900 fratres
1618 846 1819 916 deponi
1843 846 2042 911 solent,

447 945 504 994 et
531 946 774 1010 agantur
801 944 1000 993 caetera
1027 953 1149 1006 quae
1173 942 1496 1006 agerentur,
1531 935 1578 989 si
1607 936 1665 990 in
1695 936 1862 989 domo
1889 935 2046 988 infir-

446 1045 668 1084 morum
710 1033 967 1082 mortuus
1009 1033 1066 1080 et
1105 1025 1174 1078 de
1225 1025 1322 1080 illa
1359 1025 1523 1079 domo
1556 1025 1688 1079 illuc
1716 1024 2046 1096 deportatus

449 1126 668 1182 fuisset.

517 1217 861 1286 Quacunque
890 1215 1048 1278 hora,
1073 1230 1138 1267 ex
1167 1229 1276 1284 quo
1308 1212 1550 1266 infantes
1576 1229 1740 1266 mane
1765 1211 2045 1282 incipiunt

445 1307 632 1377 legere
659 1323 836 1377 usque
855 1307 923 1360 ad
954 1305 1328 1366 collationem,
1352 1303 1421 1356 de
1451 1303 1723 1356 monacho
1746 1319 2046 1372 congrega-

446 1395 616 1450 tionis
648 1395 782 1449 alibi
811 1394 1074 1448 defuncto
1112 1401 1283 1464 atque
1327 1393 1564 1465 sepulto,
1601 1393 1683 1445 vel
1724 1391 2044 1462 sepeliendo

443 1491 629 1539 certus
658 1485 910 1552 nuntius,
942 1488 1042 1537 aut
1060 1482 1242 1536 brevis
1263 1481 1332 1535 ad
1353 1481 1756 1535 monasterium
1790 1481 2040 1549 venerit;

442 1574 490 1628 si
518 1573 720 1628 fratres
754 1590 868 1628 non
896 1578 1029 1627 sunt
1076 1572 1134 1626 in
1173 1571 1437 1642 capitulo,
1479 1577 1579 1624 aut
1627 1569 1684 1623 in
1729 1570 2039 1637 refectorio,

443 1663 609 1717 autin
629 1662 960 1716 dormitorio
981 1660 1306 1716 meridianis
1321 1659 1494 1725 horis,
1514 1665 1612 1713 aut
1626 1660 1672 1713 si
1690 1659 1747 1713 in
1767 1665 2043 1714 monaste-

441 1752 545 1816 rio,
595 1752 679 1805 vel
727 1757 884 1806 extra
925 1750 1328 1806 monasterium
1384 1766 1496 1804 non
1560 1749 1824 1804 intersint
1873 1750 2040 1805 alicui

441 1840 727 1912 obsequio,
770 1837 924 1912 'quod
967 1839 1168 1905 deseri,
1230 1845 1288 1893 et
1341 1839 1730 1911 imperfectum
1799 1839 2040 1910 relinqui

440 1931 796 1986 commodum
818 1947 930 1984 non
945 1930 1038 1994 sit,
1063 1929 1254 1984 statim
1284 1928 1439 2000 prior
1457 1927 1709 1982 tabulam
1740 1928 2036 1999 percutiat,

441 2024 499 2074 et
527 2018 901 2073 residentibus
928 2019 988 2072 in
1015 2018 1260 2090 capitulo
1288 2017 1576 2078 fratribus,
1609 2017 1799 2071 fratris
1823 2017 2040 2073 obitum

441 2107 681 2166 nuntiet.
711 2113 768 2161 et
787 2106 1128 2178 subjungat:
1157 2128 1179 2158 ι
1206 2105 1437 2173 Eamus,
1458 2111 1515 2160 et
1532 2106 1802 2161 faciamus
1815 2107 1866 2160 ei
1889 2108 2038 2178 quod

436 2197 653 2266 justum
676 2202 780 2262 est,
814 2202 872 2250 et
891 2197 1070 2251 nostri
1094 2196 1308 2252 ordinis
1327 2196 1670 2252 consuetudo
1699 2195 1887 2262 habet,
1925 2216 1950 2250 »
1984 2204 2041 2253 et

2127 492 2188 546 in
2229 496 2463 551 chorum
2509 499 2752 565 veniant,
2809 500 3152 571 expletisque
3202 503 3432 577 inemptis
3459 492 3650 580 psalmis

2129 599 2255 637 cum
2292 586 2540 650 collecta,
2567 604 2825 658 vesperas
2855 590 3220 656 Mortuorum,
3241 599 3293 646 et
3318 595 3532 651 ofﬁcium
3550 617 3652 655 cum

2130 689 2329 726 novem
2357 674 2688 729 lectionibus
2719 683 2776 729 et
2804 677 3065 731 laudibus
3088 677 3286 745 dicant,
3308 685 3525 738 accensis
3546 696 3652 742 ante

2131 763 2306 816 altare
2335 763 2553 817 duobus
2581 765 2951 819 luminaribus
2975 784 2989 834 ;
3038 767 3205 821 missa
3234 771 3548 827 matutinalis
3576 792 3657 846 pro

2129 868 2194 905 eo
2224 853 2417 907 festive
2458 853 2695 918 dicatur,
2739 854 2849 932 nisi
2877 855 2998 908 dies
3028 857 3340 912 Dominicus
3375 867 3464 914 aut
3491 878 3658 932 magna

2128 941 2454 996 solemnitas
2481 943 2572 998 sit.
2600 943 2760 1006 Quod
2789 930 2837 997 si
2864 945 3129 1011 evenerit,
3157 945 3212 999 in
3235 947 3395 1001 alium
3421 950 3553 1004 diem
3573 930 3659 1005 dif-

2131 1031 2361 1088 feratur.
2396 1033 2530 1086 Post
2557 1033 2672 1086 haec
2698 1033 2755 1087 in
2794 1033 2977 1104 primo
3006 1035 3246 1106 capitulo
3266 1036 3576 1097 absolvatur.

2201 1122 2562 1177 Continuatio
2591 1124 2822 1195 triginta
2853 1125 3174 1191 missarum,
3205 1127 3250 1180 si
3279 1127 3334 1182 in
3361 1143 3420 1180 eo
3449 1129 3568 1193 loco,
3585 1129 3664 1184 ubi

2130 1219 2387 1268 mortuus
2435 1219 2539 1278 est,
2573 1230 2686 1268 non
2721 1214 2804 1274 ﬁt.
2839 1231 2938 1284 pro
2969 1231 3034 1269 eo
3080 1215 3415 1286 injungatur,
3456 1219 3664 1288 ﬁantque

2129 1308 2348 1368 caetera,
2383 1320 2505 1373 quae
2535 1319 2635 1374 pro
2659 1303 2831 1357 fratre
2859 1306 3305 1375 congregationis
3329 1306 3383 1360 in
3410 1323 3666 1376 congrega-

2127 1393 2280 1447 tione
2309 1392 2570 1446 defuncto
2595 1393 2717 1446 fieri
2739 1393 2940 1447 solent.

2160 1549 2164 1551 ἓ
2698 1485 2802 1536 Pro
2842 1485 3148 1538 celterario.

2200 1573 2360 1625 Pater
2390 1577 2588 1634 noster,
2611 1573 2678 1625 Et
2707 1587 2773 1625 ne
2798 1589 2912 1638 nos,
2929 1573 3162 1628 Salvum
3180 1573 3269 1640 fac
3288 1589 3495 1627 servum
3519 1579 3669 1636 tuum,

2126 1662 2277 1714 Mitte
2296 1664 2364 1724 ei,
2399 1663 2649 1726 Domine,
2687 1665 2972 1715 azwitium
3007 1663 3069 1715 de
3099 1667 3300 1724 sancto,
3327 1663 3572 1716 Dominus
3598 1677 3673 1714 vo-

2125 1752 2358 1808 biscum.
2400 1749 2646 1804 Oremus.
2682 1751 3034 1819 Omnipotens
3068 1754 3390 1818 sempiterno
3421 1751 3564 1813 Deus,
3587 1751 3679 1801 mi-

2121 1855 2296 1892 serere
2324 1839 2540 1906 famulo
2564 1844 2655 1892 tuo
2680 1841 2772 1902 N.,
2809 1845 2857 1893 et
2878 1841 3058 1907 dirige
3087 1857 3214 1892 eum
3237 1840 3523 1893 secundum
3549 1844 3677 1890 tuam

2122 1930 2470 1984 clementiam
2517 1931 2580 1981 in
2628 1931 2779 1981 viam
2825 1929 3026 1982 salut-is
3057 1933 3288 1994 reternse,
3317 1931 3378 1980 ut
3409 1932 3452 1980 te
3478 1927 3681 1979 donante

2124 2021 2226 2073 tibi
2248 2020 2458 2087 placita
2487 2019 2692 2085 cupiat,
2724 2021 2772 2069 et
2797 2020 2908 2070 tota
2934 2019 3140 2070 virtute
3162 2018 3439 2084 perﬁciat.
3481 2016 3572 2068 Per
3595 2014 3682 2067 Do-

2122 2112 2344 2164 minum
2370 2113 2624 2162 nostrum
2647 2108 2831 2160 Jesum
2861 2105 3163 2160 Christum.

1573 2351 1740 2407 Finis
1767 2360 2119 2410 statutorum
2148 2356 2219 2409 D.
2251 2355 2596 2425 Lanfranci.

443 2497 1977 2534 Mm

1981 2505 3678 2534 Μ

1164 2551 1763 2724 ΒΕΑ-ιιι
1820 2622 2029 2727 Ls

2152 2617 2985 2732 UPRANCI

1492 2841 2074 2899 CANTUARIENSIS
2113 2841 2672 2899 ARCHIEPISCOPI

1096 3008 2380 3137 EPISTULABUM
2511 3009 3087 3143 LIBER.

685 3375 1100 3437 πίνει-σιω
1146 3370 1494 3425 EPISTOLA
1522 3369 1772 3424 PRIMA.

554 3479 634 3522 AD
665 3476 1071 3521 ALEXANDRUM
1101 3477 1145 3520 ΙΙ
1179 3476 1539 3521 PONTIFICEM
1575 3476 1900 3521 ROMANUM.

438 3561 582 3616 Orat
609 3564 670 3614 ut
700 3575 840 3612 onus
865 3559 1204 3626 episcopale,
1235 3560 1385 3626 quod
1415 3555 1595 3626 ipsius
1624 3573 1884 3610 maxime
1914 3560 2029 3610 im-

506 3633 673 3702 perio
701 3641 927 3684 coactus
947 3635 1295 3695 susceperat,
1323 3630 1393 3680 ab
1421 3628 1682 3702 _hu_meris
1701 3628 1818 3680 suis
1846 3629 2029 3702 eximi

492 3698 737 3772 iubeat;
783 3707 1130 3772 excusatquj.’
1174 3715 1230 3751 se
1280 3699 1433 3769 quod
1482 3699 1720 3753 Romam
1771 3698 2025 3769 praeﬁxo

501 3769 759 3842 tempore
782 3787 900 3825 non
925 3769 1158 3824 venerit.

501 3865 733 3919 Summo
814 3865 1018 3914 sanctae
1085 3857 1339 3912 Ecclesia:
1412 3857 1625 3929 pastori
1691 3858 2026 3912 Anaxsnnno

427 3970 603 4027 papae,
657 3953 1014 4006 Lsnrnancus
1063 3947 1329 4018 indignus
1382 3947 1638 4013 antistes,
1697 3947 2025 4002 canonicam

428 4041 826 4100 obedientiam.

495 4131 696 4189 Nescio
741 4129 832 4185 cui
891 4127 1076 4199 aptius
1131 4125 1482 4180 calamitates
1540 4141 1696 4179 meas
1751 4124 2024 4196 explicem

424 4239 593 4296 quam
621 4219 744 4285 tibi,
778 4219 964 4278 Pater,
998 4221 1104 4270 etc.
1135 4217 1262 4270 Jam
1292 4215 1540 4268 dedimus
1572 4215 1647 4267 ad
1678 4217 1879 4269 calcem
1915 4217 2024 4284 epi-

422 4315 697 4368 stola-rum
715 4307 1029 4363 Alexandri
1049 4306 1120 4368 Il,
1141 4305 1463 4370 Patrotogiw
1492 4308 1531 4358 t.
1574 4303 1694 4359 CXL
1711 4304 1795 4360 Vl.

866 4399 1059 4462 που
1087 4391 1436 4460 EPISTOLA
1464 4391 1534 4445 Il.

1020 4501 1101 4544 AD
1141 4497 1418 4544 EUMDEM.

421 4595 505 4645 De
535 4575 831 4644 Hermano
860 4585 1143 4652 episcopo,
1169 4578 1320 4651 quod
1358 4577 1526 4652 senili
1557 4581 1726 4652 (etate
1753 4575 2015 4652 prolixa-

529 4676 598 4714 ue
643 4647 993 4724 aegritudine
1032 4647 1317 4720 confectus
1363 4651 1566 4719 impar
1584 4647 1718 4716 jam
1747 4651 1910 4702 oneri
1939 4648 2015 4701 vi-

488 4677 746 4785 deatur:
793 4731 843 4781 et
893 4726 960 4779 de
1007 4721 1391 4785 Lichfetdvnsi
1424 4723 1530 4785 qui
1583 4720 1920 4785 episcOpatu
1957 4736 2014 4772 se

535 4720 746 4783 eatur':
793 4731 843 4781 et
893 4726 960 4779 de
1007 4721 1391 4791 Lichfetdvnsi
1424 4723 1530 4790 qui
1583 4720 1920 4789 episcoPatu
1957 4729 2077 4789 εει)

494 4800 804 4861 abdicavit,
857 4813 937 4849 an
987 4799 1106 4864 ejus
1150 4794 1635 4864 consecrationem
1673 4793 2014 4861 permittere

487 4872 706 4940 debeat,
737 4886 836 4941 qui
866 4862 1028 4920 illius
1051 4868 1168 4918 loco
1194 4870 1274 4916 est
1303 4862 1670 4931 subrogatus.

487 4960 770 5017 Universae
787 4954 996 5012 Christi
1018 4952 1282 5009 Ecclesiae
1300 4967 1522 5007 summo
1543 4950 1745 5004 rectori
1765 4952 2017 5006 ALEXAN-

415 5049 818 5121 Dao,indignus
833 5045 1142 5116 Anglorum
1158 5039 1608 5113 archiepiscopus
1622 5040 2012 5106 Lanaeus,

413 5144 584 5200 ﬁnem
616 5139 822 5196 inferre
851 5135 1054 5190 bonum
1090 5131 1238 5189 .bono
1277 5129 1571 5202 principio.

484 5229 831 5290 Necessitate
855 5229 1091 5296 urgente
1116 5227 1457 5294 exspectare,
1472 5223 1578 5273 etc.
1604 5219 1835 5287 Reliqua
1852 5218 2014 5273 habes

411 5327 476 5378 in
505 5319 826 5381 Alexandro
855 5318 930 5379 II,
964 5315 1061 5368 ubi
1108 5327 1298 5381 supra.

858 5409 1036 5471 ao.
1077 5397 1550 5456 EPISTOLAIII.

1012 5509 1092 5554 AD
1130 5505 1406 5552 EUIDEH.

2182 3379 2356 3427 ventu
2385 3377 2639 3427 tractata
2669 3379 2721 3426 et
2749 3373 3015 3426 conclusa
3043 3374 3250 3440 fuerit,
3279 3370 3706 3442 perscriptwque

2180 3445 2291 3497 sibi
2318 3445 2499 3512 juxta
2529 3445 2697 3496 illam
2751 3444 3076 3498 concordia:
3106 3447 3348 3496 mittms
3397 3443 3708 3509 exemptum

2183 3519 2325 3584 petit
2350 3525 2409 3568 ut
2429 3517 2800 3585 privilegium
2825 3518 3213 3582 apostolicum
3237 3515 3565 3582 indulgeat;
3583 3525 3710 3564 com-

2182 3587 2518 3640 memoratis
2544 3587 2672 3639 dein
2685 3585 2972 3656 pontiﬁcis
2991 3601 3132 3653 erga.
3153 3601 3213 3638 se
3238 3585 3434 3654 beneﬁ.
3456 3587 3709 3648 iis,suam

2185 3657 2262 3710 ad
2307 3659 2720 3725 Berengarium
2753 3659 3062 3726 epistolam
3105 3658 3304 3711 mittit
3343 3671 3524 3728 quam
3560 3665 3712 3720 expe-

2186 3746 2379 3799 tierat.

2180 3850 2419 3907 Domino
2449 3853 2623 3906 totius
2649 3852 2979 3907 Christianae
3009 3851 3314 3921 religionis
3345 3866 3567 3905 summo
3597 3861 3714 3917 spe-

2107 3941 2344 3995 culatori
2373 3943 2728 3997 Aunnnno
2766 3956 2942 4012 papae,
2971 3941 3366 3998 Lssrusncus
3396 3945 3600 3994 sanctae
3623 3936 3718 3990 Do-

2109 4029 2466 4084 robernensis
2504 4029 2760 4084 Ecclesiae
2809 4028 3068 4093 antistes,
3099 4027 3366 4083 debitam
3405 4043 3536 4083 cum
3576 4022 3718 4078 omni

2108 4120 2375 4174 servitute
2400 4118 2800 4174 obedientiam.

2179 4211 2499 4289 Meminisse
2528 4233 2695 4288 debet
2726 4233 3014 4287 humiliter
3048 4233 3343 4287 excellens
3374 4231 3721 4287 excellenter-

2107 4341 2215 4396 que
2247 4324 2474 4379 humilis
2511 4323 2798 4378 beatitudo
2829 4329 3029 4386 vestra,
3061 4328 3171 4376 etc.
3241 4324 3371 4377 Vide
3404 4324 3501 4376 ubi
3539 4334 3717 4388 supra.

2445 4453 2850 4516 302-303
2874 4447 3233 4502 EPISTOLA
3276 4448 3380 4503 IV.

2298 4590 2646 4636 ALEXAND!“
2687 4589 2727 4633 II
2753 4589 2918 4633 PAPE
2953 4590 3035 4632 AD
3082 4589 3542 4634 LANFRANCUH.

2103 4689 2593 4745 Praedecessorum
2618 4704 2856 4741 suorum
2881 4688 3107 4741 decreta
3136 4687 3502 4758 conﬁrmat,
3532 4690 3594 4740 ut
3615 4699 3728 4737 mo-

2171 4762 2371 4816 nachis
2399 4762 2658 4814 ecclesias
2685 4760 3047 4812 cathedrales
3074 4758 3354 4813 obtinere
3385 4762 3559 4813 liceat
3591 4771 3721 4808 con-

2171 4840 2268 4887 tra
2290 4848 2382 4886 eos
2417 4834 2517 4902 qui
2549 4831 2890 4887 Cantuariae
2939 4830 3189 4902 aliisque
3239 4832 3392 4884 locis
3421 4828 3730 4883 monachos

2170 4900 2480 4958 exturbare
2507 4903 2846 4972 clericosque
2876 4900 3148 4954 inducere
3179 4902 3594 4956 conabantur.

2169 5013 2514 5067 Auxuma
2542 5009 2854 5081 episcopus,
2903 5024 3096 5062 servus
3133 5024 3459 5063 servorum
3489 5006 3613 5072 Dei,
3645 5021 3732 5059 re-

2098 5099 2501 5156 verendissimo
2521 5099 2680 5154 fratri
2705 5098 2764 5152 in
2790 5097 3013 5152 Christo
3033 5097 3404 5154 meuuco
3427 5093 3730 5151 venerabili

2098 5187 2532 5244 Cantuariorum
2558 5185 2994 5258 archiepiscopo,
3020 5184 3281 5240 salutem
3302 5193 3368 5241 et
3391 5184 3736 5256 apotolicam

2096 5277 2540 5334 benedictionem
2557 5321 2569 5334 .

2165 5385 2496 5456 Accepimus
2524 5400 2558 5438 a
2587 5381 2923 5455 quibusdam
2950 5380 3326 5436 venientibus
3368 5382 3446 5436 de
3479 5378 3740 5452 partibus

2093 5475 2308 5542 vestris,
2371 5479 2476 5529 etc.
2555 5475 2674 5528 Vide
2735 5476 2884 5528 inter
2939 5473 3198 5541 epistolas
3262 5473 3604 5526 Alexandri
3659 5469 3732 5534 ll,

408 5598 784 5663 Eboracensis
801 5590 1073 5663 Ecclesia;
1093 5589 1364 5644 adversus
1390 5582 1861 5663 Cantuggiensem
1881 5598 2011 5638 con-
2093 5567 2416 5634 Ραινοιοσίω
2463 5568 2502 5617 ε·
2537 5563 2656 5620 CXL
2669 5564 2750 5618 VI-

479 5651 820 5730 trobersiam
857 5662 1105 5735 promit,
1131 5675 1242 5733 quo
1263 5662 1435 5728 pacto
1465 5657 1530 5712 in
1567 5651 1852 5716 Wentano
1883 5671 2011 5712 eon-
