3852 6178
165 225 241 280 517

598 347 786 410 304
816 338 1168 397 EPISTOLA
1192 336 1253 391 v.

1582 201 1968 262 EPIS’I‘OLE.

1741 327 2017 392 Asciatis,
2050 331 2218 397 atque
2258 323 2460 379 anima
2487 321 2626 393 ejus,
2675 318 2981 375 secundum
3032 317 3181 392 quod
3222 319 3404 377 visum

3299 191 3404 252 518

165 453 466 503 LANFRANCI
497 452 578 497 an
602 446 1101 503 HILDEBHANDUH,
1137 441 1400 489 ROMANE
1433 436 1725 486 eccassm
1807 416 1962 471 vobis
1990 413 2179 480 fuerit,
2213 411 2539 503 consulatis.

671 525 1198 574 ARCHIDIACONUM.

167 620 220 674 De
242 633 346 671 sua
373 614 439 668 in
467 613 637 666 illum
669 609 1055 683 benevolentia
1073 605 1364 683 praefatus
1392 600 1551 683 docet
1577 598 1726 682 Ebo-

212 701 490 743 racensem
520 682 967 737 controversiam
997 680 1170 748 fuisse
1193 676 1731 751 compositum,mis-

210 773 437 828 samque
449 754 732 828 adsedem
746 742 1127 828 apostolicam
1148 748 1254 828 rei
1298 742 1473 812 gesta:
1500 742 1732 796 relatio-

212 820 361 891 nem:
385 826 541 899 quod
568 826 641 878 ab
667 820 797 892 ipso
824 826 929 890 leg:
955 820 1179 888 cupiat.

216 916 444 974 Domino
481 919 687 969 sancta
730 912 1000 966 Romana
1038 905 1299 963 Ecclesia
1337 900 1730 957 archidiacono

167 1010 565 1069 IIILDEBRANDO,
599 1003 976 1059 LANFRANCUS
1016 1014 1171 1063 suus,
1204 992 1417 1050 sanctis
1447 986 1732 1062 principiis

166 1103 392 1153 sanctum
425 1094 770 1164 conjungere
798 1091 987 1144 linem.

218 1185 503 1256 Explicare
537 1181 742 1237 litteris
796 1195 957 1233 mens
996 1193 1088 1231 me

170 1272 436 1327 dilectione
476 1274 675 1324 vestra
708 1264 1021 1322 sinceritati
1055 1260 1425 1324 connectitur,
1467 1263 1573 1313 etc.
1617 1256 1739 1311 Vide

166 1364 221 1416 ad
241 1364 440 1416 calcem
459 1359 815 1428 epistolarum
844 1355 1097 1423 Gregorii
1121 1352 1230 1419 VII,
1253 1348 1575 1416 Patrologiz
1594 1350 1732 1401 tom.

169 1450 414 1506 CXLVIII.

711 1531 1060 1590 EPISTOLA
1072 1528 1171 1584 VI.

448 1639 858 1687 HILDEBBANDI
886 1640 970 1682 AD
998 1634 1423 1681 LANFRANCUH.

172 1726 282 1782 Ideo
333 1725 611 1795 pallium,
653 1721 805 1795 quod
830 1719 947 1795 ejus
977 1718 1156 1795 legati
1180 1716 1470 1795 petebant,
1504 1686 1802 1795 mimus-7:3

223 1783 351 1852 non.
374 1796 572 1866 fuisse,
599 1783 786 1866 quod,
814 1783 1140 1845 absentibus
1162 1783 1347 1866 __mitti
1391 1801 1507 1839 non
1535 1783 1739 1866 soleat.

230 1859 477 1924 Promde
504 1859 890 1919 necessarium
918 1878 1033 1915 esse
1061 1867 1125 1915 ut
1152 1859 1403 1914 Romam
1431 1859 1640 1909 veniat.

223 1955 565 2020 harumce,
581 1949 891 2007 venerabili
911 1948 1350 2005 Cantuariorum
1375 1942 1748 2015 archiepisco-

172 2063 243 2119 po,
262 2051 470 2101 sancta
501 2045 770 2100 Romana
807 2039 1061 2097 Ecclesia
1092 2039 1531 2094 HILDEBRANDUS
1561 2032 1747 2089 archi-

173 2136 434 2201 diaconus,
466 2133 708 2187 salutem
732 2132 793 2185 in
822 2129 1082 2185 Domino.

226 2224 405 2280 Verba
455 2223 772 2293 legatorum
825 2224 1160 2282 vestrorum,
1191 2220 1298 2271 etc.
1354 2215 1541 2270 Exstat
1596 2214 1749 2266 inter

173 2318 407 2385 epistolas
430 2313 491 2370 S.
522 2312 774 2380 Gregorii
812 2311 922 2374 VII,
947 2310 1046 2363 ubi
1072 2322 1263 2376 supra.

697 2405 1053 2462 EPISTOLA
1075 2404 1199 2459 VII.

173 2518 435 2563 νωιξωιι
491 2513 930 2567 CONQUESTORIS
984 2514 1066 2556 AD
1109 2507 1459 2556 GREGORIUM
1517 2504 1747 2550 PAPAK.

176 2602 488 2654 Admonitus
515 2613 613 2650 rea:
633 2612 669 2650 a
699 2596 872 2664 legato
897 2595 962 2647 de
994 2592 1255 2660 ﬁdelitate
1284 2588 1542 2664 facienda
1561 2587 1750 2664 ponti-

234 2673 338 2738 ﬁci,
366 2675 414 2723 et
440 2670 506 2723 de
527 2660 766 2737 pecunia
804 2667 1033 2738 Romam
1074 2662 1345 2738 mittenda
1375 2675 1391 2711 :
1424 2660 1488 2713 de
1511 2660 1754 2738 pecunia

235 2728 441 2796 annuit
463 2756 483 2804 ;
511 2728 577 2793 de
604 2739 881 2806 ﬁdelitate,
906 2737 1040 2805 quia
1064 2735 1421 2795 inusitatum,
1454 2728 1750 2784 recusavit.

230 2827 704 2885 Excellentissimo
722 2831 930 2880 sancta
951 2822 1210 2878 Ecclesia
1220 2819 1433 2893 pastori
1444 2818 1754 2883 GREGORIO,

175 2920 443 2991 gloriosus
476 2917 664 2989 gratia
706 2914 809 2970 Dei
857 2913 1168 2985 Anglorum
1197 2928 1312 2976 rex,
1347 2916 1406 2965 et
1449 2909 1561 2964 dux
1588 2908 1760 2963 Nort-

178 3023 504 3062 mannorum
538 3004 876 3067 Willelmus,
909 3002 1148 3056 salutem
1171 3015 1300 3054 cum
1327 2996 1596 3053 amicitia.

235 3095 525 3151 Hubertus
566 3094 786 3164 legatus
833 3096 986 3157 tuus,
1041 3094 1149 3144 etc.
1201 3089 1389 3143 Exstat
1438 3087 1523 3141 ad'
1559 3087 1765 3140 calcem

176 3188 526 3254 epistularum
557 3185 825 3252 Gregorii.

418 3284 427 3287 '
592 3278 784 3341 305
811 3270 1162 3327 EPISTULA
1191 3268 1344 3324 VIII.

477 3379 821 3427 LANFIIANCI
851 3379 930 3423 AD
958 3375 1309 3423 GREGORIUH
1337 3374 1452 3421 νη.

179 3470 378 3534 Purgat
407 3464 558 3534 quod
575 3463 841 3534 objectum
868 3462 1054 3526 fuerat
1074 3473 1110 3511 a
1127 3459 1405 3534 pontiﬁce,
1424 3457 1616 3534 minus
1637 3469 1689 3507 se
1701 3454 1771 3506 ab

242 3528 316 3602 eo,
340 3542 391 3591 et
413 3528 719 3591 Ecclesium
748 3533 1053 3587 Romanam
1081 3532 1197 3597 post
1222 3532 1485 3596 adeptum
1507 3528 1777 3602 episcopa-

244 3596 363 3661 tum
391 3608 759 3675 diligi,quam
781 3605 999 3663 solebat;
1021 3596 1281 3675 amorem
1293 3603 1485 3675 contra
1500 3596 1777 3675 pontiﬁcis

241 3696 354 3733 rem
371 3668 625 3733 ἐςςίοὲεώ
653 3678 737 3729 ait
774 3689 904 3741 erga
932 3689 987 3726 se
1012 3673 1208 3725 rideri.
1242 3668 1308 3724 Se
1334 3672 1472 3737 regi,
1515 3669 1662 3737 quod
1679 3682 1779 3735 per

245 3752 493 3819 legatum
524 3749 886 3815 suggesserat,
915 3745 1167 3805 suasisse,
1183 3743 1275 3795 sed
1291 3756 1403 3794 non
1421 3740 1772 3809 persuasisse.

243 3837 579 3893 Reverendo
624 3839 831 3889 sancta
870 3829 1201 3887 universalis
1251 3827 1511 3884 Ecclesia
1555 3842 1778 3883 summo

180 3929 389 3998 pastori
448 3929 766 3987 Gnaeomo,
825 3927 1086 3994 peccator
1133 3926 1192 3974 et
1242 3918 1507 3990 indignus
1545 3917 1780 3973 antistes

177 4016 578 4081 harasscns,
610 4013 901 4069 servitium
931 4028 1058 4067 cum
1085 4008 1275 4065 debita
1294 4007 1663 4079 subjectione.

245 4108 504 4163 litteras
531 4102 874 4160 excellentia
903 4107 1120 4167 vestra,
1149 4105 1256 4154 etc.
1306 4099 1429 4153 Vide
1463 4099 1563 4153 ubi
1588 4112 1779 4167 supra.

752 4189 1101 4247 EPISTOLA
1119 4188 1215 4244 IX.

262 4303 349 4347 AD
377 4299 649 4347 ΤΗΟΙΔΠ
679 4295 1117 4342 EBORACENSEM
1148 4289 1680 4339 ARCHIEPISOOPUH.

178 4385 257 4441 De
272 4385 617 4454 ptrnitente
647 4378 895 4454 triplicis
923 4374 1369 4454 Ιιοηιίιιίᾀξξᾼνου3
1397 4378 1449 4428 et
1467 4372 1787 4427 commoni-

571 4445 743 4504 τυνὶίᾶ
754 4452 874 4517 ejus
897 4448 1150 4516 epISCOpi
1180 4445 1408 4499 litteris.

244 4542 645 4597 Laxmxcus
666 4537 931 4608 indignus
958 4534 1215 4600 antistes,
1243 4532 1607 4589 dilectissimo
1646 4530 1791 4587 Ebo-

170 4630 407 4687 racensi
433 4625 857 4699 archiepiscopo
885 4626 1128 4688 Τιιοιιιι-ι,
1156 4623 1396 4679 salutem
1425 4638 1553 4678 cum
1583 4620 1795 4677 oratio-

173 4722 369 4778 nibus.

240 4809 555 4867 Robertus
598 4805 881 4878 Sagiensis
924 4803 1218 4876 episcopus
1255 4803 1407 4858 hunc
1431 4800 1798 4874 poenitentem

171 4901 241 4955 ad
262 4917 368 4956 me
399 4897 587 4963 misit,
617 4901 674 4951 et
701 4894 990 4950 mandavit
1015 4892 1166 4965 quod
1191 4891 1297 4947 iste
1316 4890 1668 4946 miserrimus
1683 4897 1799 4946 tres

170 4990 464 5047 homines
513 4992 759 5041 montem
790 4983 983 5040 Sancti
1010 4981 1295 5038 Michaelis
1317 4981 1591 5036 adeuntes
1631 4979 1800 5036 tertio

171 5081 570 5136 Pentecostes
586 5075 678 5130 die
694 5073 983 5137 invaserit.
1001 5077 1058 5128 et
1073 5069 1547 5128 intertecerit.Cui
1563 5086 1629 5126 ex
1646 5087 1802 5126 more

171 5165 546 5243 pauitantia
571 5164 824 5235 iniuncta
843 5178 967 5218 com
975 5159 1301 5216 monitorias
1327 5159 1548 5214 litteras
1560 5157 1666 5215 sibi
1684 5163 1805 5215 tra-

172 5260 348 5325 didit,
382 5263 465 5312 ut
486 5254 536 5310 si
561 5253 687 5326 quis
715 5252 1009 5325 episcopus
1036 5250 1246 5322 pietate
1276 5255 1464 5305 motus
1488 5248 1806 5306 misericor-

173 5348 339 5405 diam
401 5345 467 5401 ei
524 5342 691 5397 vellet
743 5340 1089 5413 impendere,
1152 5343 1487 5410 potestatem
1552 5338 1807 5407 haberet,

174 5443 498 5511 quantum
540 5430 726 5498 vellet,
769 5429 880 5501 ipsi
917 5429 1255 5500 ignosceret.
1278 5428 1463 5499 Hujus
1504 5427 1697 5500 itaque
1724 5428 1809 5485 rei

176 5527 359 5586 tatis
390 5538 546 5582 eum
568 5520 641 5578 ad
676 5535 775 5577 vos
800 5518 986 5588 mitto,
1018 5521 1294 5591 quatenus
1330 5518 1437 5575 hoc
1462 5535 1661 5577 verum
1688 5536 1811 5579 esse

2381 498 2724 555 EPISTOLA
2754 497 2823 552 Χ.

2283 587 2506 633 ΤΗΟΜΕ
2536 587 2618 630 AD
2648 585 2921 631 EUKDEM.

1818 662 1895 716 De
1917 661 1989 715 iis
2015 661 2118 733 qui
2147 676 2348 733 uxores
2370 657 2781 733 fornicationis
2822 673 2998 733 causa
3019 658 3344 733 relinquere
3355 664 3409 714 et

1882 728 2046 786 alias—
2059 732 2171 786 sibi
2198 728 2536 799 conjungere
2566 730 2761 782 volunt
2780 728 2923 799 quid
2943 728 3329 796 sentiendum,
3350 735 3408 785 et

1882 804 1953 857 de
1988 821 2048 857 eo
2084 804 2183 874 qui
2221 818 2368 870 eam,
2396 817 2528 874 qua:
2560 815 2709 874 umor
2731 806 3000 868 putatur,
3039 800 3409 863 desponsasse

1882 890 1941 928 se
1968 870 2241 944 abnégat,
2267 870 2748 943 quid—agendum.

1888 961 2263 1018 Dilectissimo
2287 960 2449 1015 fratri
2477 965 2537 1014 et
2562 959 2742 1013 amico
2769 956 3134 1014 Eboracensis
3158 960 3413 1018 Ecclesia

1814 1048 2231 1123 archiepiscopo
2241 1051 2477 1113 THOMB,
2490 1048 2667 1102 frater
2685 1048 3415 1120 Lassamcusmerpetuam

1091 1192 1125 1229 a
1163 1189 1276 1228 non
1307 1176 1495 1243 potest
1521 1173 1735 1241 quanta
1815 1140 2218 1243 εδιξίΞΠΞ-οξξξη
2243 1137 2610 1243 οηξίῗῐὶίδυε.

1892 1230 2246 1295 30011108
2280 1227 2507 1300 quidem
2538 1228 2633 1298 qui
2673 1226 3042 1297 corporaliter
3079 1232 3325 1292 tantum,
3358 1232 3418 1281 et

1821 1322 2051 1389 propter
2080 1324 2306 1372 terrena
2332 1317 2484 1371 lucra
2514 1332 2575 1370 se
2603 1321 2816 1380 amant,
2843 1316 3140 1370 intervalla
3167 1317 3417 1371 locorum

1825 1421 1935 1477 quo
1965 1406 2269 1477 prolixiora
2298 1412 2433 1459 sunt
2474 1421 2540 1459 eo
2584 1421 2619 1459 a
2665 1410 2861 1459 mutuo
2890 1416 3081 1460 amore
3110 1404 3422 1477 impensius

1824 1499 2126 1566 separant;
2166 1511 2262 1549 eos
2298 1510 2427 1549 vero
2461 1510 2600 1565 quos
2650 1492 2867 1548 sincera
2915 1493 3248 1549 Christiana
3287 1494 3424 1548 reli-

1821 1583 2007 1653 gionis
2072 1581 2325 1639 Charitas
2370 1582 2579 1653 jungit,
2633 1582 2939 1654 corporalis
2992 1582 3268 1649 absentia,
3323 1599 3423 1638 seu

1824 1672 2087 1744 qualibet
2104 1672 2297 1727 localis
2326 1672 2686 1743 intercapedo
2714 1670 2945 1725 minime
2974 1671 3267 1743 disjungit.
3297 1672 3426 1728 Stu-

1825 1762 2059 1817 deamus
2081 1779 2215 1833 ergo
2238 1762 2487 1816 fraterno
2515 1761 2751 1815 invicem
2778 1777 2972 1816 amore
3002 1763 3289 1833 proﬁcere,
3322 1777 3424 1834 pro

1826 1851 2060 1906 invicem
2091 1867 2272 1918 orare,
2301 1849 2533 1905 alterius
2573 1849 2966 1905 necessitatem
3011 1851 3299 1924 propriam
3326 1850 3426 1905 de-

1827 1946 2055 2012 putare;
2085 1946 2363 2011 quatenus
2380 1939 2441 1994 in
2468 1946 2770 2010 conspectu
2800 1939 2901 1993 Dei
2930 1944 3102 2011 atquo
3129 1938 3425 1994 hominum

1829 2028 2119 2084 evidenter
2137 2034 2410 2100 appareat
2445 2027 2590 2099 quod
2620 2027 2861 2082 carnalis
2888 2027 3060 2093 zelus,
3091 2045 3201 2099 quo
3225 2027 3429 2083 anima
3488 2059 3505 2065 -

1829 2122 2093 2184 uruntur,
2123 2117 2407 2172 vindicare
2435 2117 2496 2171 in
2522 2115 2682 2171 nobis
2703 2116 2843 2171 nihil
2871 2117 3190 2188 praevaleat.

1903 2207 1988 2263 De
2017 2207 2105 2261 bis
2134 2212 2324 2262 autem
2356 2205 2452 2278 qui
2484 2222 2687 2260 uxores
2718 2206 3087 2277 desponsatas
3115 2222 3287 2261 causa
3306 2205 3432 2261 for-

1832 2295 2127 2351 nicationis
2138 2296 2457 2367 relinquere
2465 2295 2738 2366 ,aliasque
2756 2294 2862 2350 sibi
2882 2297 3008 2367 conj
3016 2312 3226 2367 ungere
3237 2294 3432 2350 volunt

1830 2385 1963 2457 (hoc
1976 2386 2128 2440 enim
2141 2391 2327 2440 vestra
2339 2384 2640 2457 prudentia
2660 2400 2695 2438 a
2716 2400 2804 2438 me
2815 2384 3431 2455 requisivit),Dominus

1831 2474 1995 2529 Jesus
2044 2473 2304 2529 Christus
2361 2473 2495 2545 quid
2542 2473 2898 2528 sentiendum
2929 2473 3004 2528 sit
3044 2474 3104 2528 in
3135 2473 3436 2545 Evangelio

1832 2562 2143 2617 secundum
2186 2564 2435 2617 Marcum
2475 2561 2829 2633 apertissime
2879 2561 3058 2617 dicit:
3111 2562 3435 2633 Quicunque

1834 2653 2111 2706 dimiserit
2132 2668 2359 2706 uxorem
2369 2667 2552 2713 suam,
2568 2657 2618 2705 et
2636 2653 2814 2705 aliam
2833 2652 3438 2717 duxerit,adulterium

1838 2742 2131 2795 committit
2143 2755 2309 2809 super
2319 2756 2439 2794 eam
2455 2759 2471 2794 :
2488 2742 2597 2794 etsi
2607 2741 3036 2794 umordimiserit
3046 2743 3238 2794 virum
3247 2755 3436 2806 suum,

1840 2832 1886 2883 et
1924 2829 2110 2883 alium
2139 2830 2384 2890 duxerit.
2406 2828 2710 2882 machatur
2744 2828 2935 2896 (Marc.
2967 2844 3020 2894 κ,
3054 2825 3138 2895 11,
3172 2826 3268 2899 l2).
3294 2826 3441 2883 Item

1842 2916 2151 2972 secundum
2164 2916 2372 2971 Lucam
2395 2936 2406 2971 :
2436 2917 2629 2972 Omnis
2640 2919 2740 2986 qui
2750 2918 2987 2971 dimittit
3006 2932 3237 2972 umorem
3252 2933 3438 2986 suam,

1776 3033 1823 3099 c
1842 3013 1890 3061 et
1909 3093 1921 3099 _
1946 3008 2099 3099 ducit
2143 3011 2405 3099 atteram,
2463 3006 2769 3099 machamr
2816 3007 2964 3074 (Luc.
2987 3020 3127 3099 ἔνι,
3157 3004 3267 3077 18).
3300 3006 3447 3063 Sunt

1848 3093 2021 3147 etiam
2046 3094 2116 3148 de
2143 3093 2248 3147 hac
2272 3109 2334 3148 re
2355 3093 2609 3166 plurima
2629 3099 2952 3149 sanctorum
2986 3094 3219 3149 Patrum
3249 3099 3447 3151 aucto-

1848 3182 2062 3248 ritates,
2084 3183 2183 3238 sed
2214 3182 2310 3238 ubi
2335 3183 2419 3237 sol
2448 3184 2615 3250 lucet,
2637 3182 2930 3238 candelam
2953 3184 3024 3239 ad
3050 3184 3448 3256 proferendum

1849 3272 2041 3327 lumen
2087 3271 2323 3344 proferri
2358 3272 2592 3327 minime
2622 3277 2862 3344 oportet.
2897 3272 2963 3329 In
2991 3273 3080 3328 his
3107 3273 3290 3329 verbis
3333 3274 3450 3331 Do-

1849 3361 2072 3416 minicis
2100 3361 2225 3416 luce
2258 3361 2464 3416 clarius
2506 3362 2705 3434 liquet,
2738 3362 2890 3434 quia,
2935 3362 3154 3417 vivente
3193 3363 3331 3431 viro,
3363 3375 3460 3432 vel

1856 3466 2053 3515 uxore,
2100 3458 2423 3506 extraneum
2460 3451 2719 3523 copulam
2770 3468 3020 3523 quarere
3070 3452 3211 3507 nulli
3256 3470 3455 3509 eorum

1856 3538 2011 3594 licet.
2044 3540 2184 3594 Eum
2220 3557 2365 3606 vero,
2399 3539 2495 3611 qui
2524 3540 2838 3603 mulierem,
2873 3558 2999 3613 qua
3029 3557 3169 3597 uxor
3199 3548 3453 3615 putatur,

1858 3628 2227 3700 desponsasse
2237 3647 2298 3684 se
2313 3629 2574 3701 abnegat,
2598 3635 2699 3685 aut
2725 3629 3077 3686 evidentibus
3093 3631 3455 3700 testimoniis,

1856 3734 1957 3773 seu
1986 3718 2327 3790 quibuslibet
2354 3719 2525 3776 claris
2566 3718 2792 3774 indiciis
2833 3720 3062 3775 mentiri
3106 3737 3237 3776 eum
3266 3728 3457 3777 osten-

1860 3807 1994 3875 dite,
2026 3807 2207 3862 autin
2244 3807 2691 3879 prasentiarum,
2724 3808 3090 3881 quoadusque
3118 3827 3210 3866 res
3254 3807 3458 3867 melius

1861 3897 2150 3965 clarescat,
2172 3914 2401 3952 causam
2429 3898 2553 3968 ejus
2572 3897 2834 3952 omittite.
3472 3898 3479 3901 ⁷

2431 3986 2782 4042 EPISTOLA
2810 3987 2904 4043 XI.

1983 4074 2208 4120 TEOIE
2269 4073 2729 4119 ARCHIEPISCOPI
2805 4074 3212 4123 EBORACENSIS
3266 4077 3350 4121 AD

2450 4154 2876 4200 LANFBANCUH.

1867 4234 2061 4308 Rogat
2113 4240 2178 4290 ut
2232 4235 2313 4289 ad
2357 4236 2709 4290 sacrandum
2759 4234 3090 4290 Ora-hadum
3133 4237 3465 4308 episcopum

1801 4315 1853 4375 ι)
1947 4304 2445 4379 [Vingorniensem
2500 4312 2553 4361 et
2601 4311 3127 4361 Dorcaceslrensem
3158 4304 3465 4379 episcopos

1940 4375 2272 4453 Eboracum
2315 4385 2548 4453 mittal_,_
2574 4383 2848 4448 spondens
2887 4381 3123 4433 nullum
3157 4375 3470 4453 propterea

1932 4448 2034 4518 jus
2059 4447 2120 4503 in
2153 4451 2284 4503 illos
2299 4465 2360 4503 se
2388 4447 2835 4504 vindicaturum.

1945 4537 2206 4592 Piissimo
2245 4542 2304 4592 et
2337 4536 2691 4593 sanctissimo
2719 4536 3157 4594 Cantuariorum
3189 4539 3471 4614 archiepi-

1876 4643 2063 4699 scopo,
2136 4626 2312 4682 totius
2371 4643 2595 4700 quoque
2651 4627 2954 4685 Britannia
2989 4645 3211 4684 summo
3261 4630 3477 4702 pastori

1877 4717 2225 4784 Lumsco,
2252 4716 2486 4772 Tactus
2534 4716 2716 4772 fidelis
2753 4734 2906 4785 suus,
2955 4723 3013 4773 et
3040 4718 3150 4774 nisi
3198 4736 3477 4792 prasum-

1878 4812 2142 4879 ptuosum
2171 4805 2456 4861 sanctitati
2486 4822 2601 4861 sua
2639 4806 2912 4876 videatur,
2955 4807 3339 4879 Eboracensis,
3370 4809 3477 4866 Ec-

1879 4894 2061 4952 clesia
2108 4895 2577 4968 archiepiscopus,
2619 4896 2742 4952 cali
2771 4903 2962 4970 portas
2992 4897 3145 4953 Petri
3188 4900 3319 4968 jure
3347 4899 3474 4971 [al.,

1879 4984 2039 5056 vice],
2064 4985 2235 5055 justis
2258 4992 2317 5042 et
2343 4986 2569 5057 injustis
2591 4987 2745 5058 juste
2773 4987 2994 5060 aperire
3022 4992 3081 5043 et
3106 4988 3386 5046 claudere.

1956 5074 2095 5130 Ecce
2117 5074 2308 5142 (Pater
2325 5075 2696 5146 sanctissime)
2728 5076 2876 5133 ﬁlius
2905 5082 3039 5133 tuus
3064 5076 3135 5132 ad
3163 5083 3221 5132 te
3248 5077 3475 5145 clamat,

1887 5163 1987 5220 sed
2015 5164 2195 5236 magis
2223 5164 2357 5228 tilia,
2403 5164 2764 5221 Eboracensis
2794 5165 3049 5221 videlicet
3096 5165 3357 5231 Ecclesia,
3405 5164 3481 5222 ad

1889 5269 2034 5319 eam,
2083 5254 2177 5308 cui
2211 5252 2577 5325 dispositione
2618 5238 2806 5309 divina
2835 5253 3117 5326 prasides,
3153 5253 3477 5325 Ecclesiam,

1889 5347 2161 5414 tanquam
2181 5343 2251 5398 ad
2265 5350 2585 5399 maternum
2602 5360 2896 5399 recurrens
2905 5342 3093 5397 sinum
3111 5342 3199 5415 pie
3210 5343 3478 5415 postulat,

1888 5436 1957 5490 ut
1981 5448 2049 5488 ex
2076 5432 2423 5489 abundantia
2448 5440 2832 5490 maternarum
2851 5430 3178 5488 deliciarum
3191 5439 3489 5506 reparetur

1889 5521 2087 5597 inopia
2105 5538 2340 5582 suarum
2363 5538 2425 5579 se
2453 5521 2861 5593 deserentium;
2891 5520 3007 5579 imo
3034 5522 3221 5599 longe,
3251 5528 3311 5581 et
3336 5523 3489 5586 inter
