  <div class='ocr_page' id='page_1' title='image "/cluster/home/n/w/nwhite01/storage/ocr_20150623/150/hvd.32044054760087/265.png"; bbox 0 0 3852 6178; ppageno 0'>
   <div class='ocr_carea' id='block_1_1' title="bbox 446 223 551 298">
    <p class='ocr_par' dir='ltr' id='par_1_1' title="bbox 446 223 551 298">
     <span class='ocr_line' id='line_1_1' title="bbox 446 223 551 298; baseline 0.076 -8"><span class='ocrx_word' id='word_1_1' title='bbox 446 223 551 298; x_wconf 68' lang='lat'>54.9</span> 
     </span>
    </p>
   </div>
   <div class='ocr_carea' id='block_1_2' title="bbox 445 336 2111 418">
    <p class='ocr_par' dir='ltr' id='par_1_2' title="bbox 445 336 2111 418">
     <span class='ocr_line' id='line_1_2' title="bbox 445 336 2111 418; baseline -0.009 -14"><span class='ocrx_word' id='word_1_2' title='bbox 445 348 713 408; x_wconf 89' lang='lat' dir='ltr'>barbaras</span> <span class='ocrx_word' id='word_1_3' title='bbox 742 348 998 404; x_wconf 75' lang='lat' dir='ltr'>nationes</span> <span class='ocrx_word' id='word_1_4' title='bbox 1018 345 1329 418; x_wconf 88' lang='lat' dir='ltr'>positarum</span> <span class='ocrx_word' id='word_1_5' title='bbox 1351 342 1550 397; x_wconf 88' lang='lat' dir='ltr'>virium</span> <span class='ocrx_word' id='word_1_6' title='bbox 1583 342 1706 412; x_wconf 86' lang='lat' dir='ltr'>[al.,</span> <span class='ocrx_word' id='word_1_7' title='bbox 1743 336 2010 406; x_wconf 84' lang='lat' dir='ltr'>matrum]</span> <span class='ocrx_word' id='word_1_8' title='bbox 2059 341 2111 399; x_wconf 80' lang='grc' dir='ltr'>Α</span> 
     </span>
    </p>
   </div>
   <div class='ocr_carea' id='block_1_3' title="bbox 446 425 2038 511">
    <p class='ocr_par' dir='ltr' id='par_1_3' title="bbox 446 425 2038 511">
     <span class='ocr_line' id='line_1_3' title="bbox 446 425 2038 511; baseline -0.008 -17"><span class='ocrx_word' id='word_1_9' title='bbox 446 439 734 511; x_wconf 86' lang='lat' dir='ltr'>Siquidem</span> <span class='ocrx_word' id='word_1_10' title='bbox 758 437 908 491; x_wconf 83' lang='lat' dir='ltr'>venit</span> <span class='ocrx_word' id='word_1_11' title='bbox 936 436 1006 490; x_wconf 88' lang='lat' dir='ltr'>ad</span> <span class='ocrx_word' id='word_1_12' title='bbox 1026 451 1127 488; x_wconf 91' lang='lat' dir='ltr'>nos</span> <span class='ocrx_word' id='word_1_13' title='bbox 1155 433 1390 488; x_wconf 79' lang='lat' dir='ltr'>clericus</span> <span class='ocrx_word' id='word_1_14' title='bbox 1413 431 1659 504; x_wconf 87' lang='lat' dir='ltr'>quidam,</span> <span class='ocrx_word' id='word_1_15' title='bbox 1688 446 1853 501; x_wconf 88' lang='lat' dir='ltr'>quem</span> <span class='ocrx_word' id='word_1_16' title='bbox 1885 425 2038 482; x_wconf 85' lang='lat' dir='ltr'>misit</span> 
     </span>
    </p>
   </div>
   <div class='ocr_carea' id='block_1_4' title="bbox 441 517 2036 592">
    <p class='ocr_par' dir='ltr' id='par_1_4' title="bbox 441 517 2036 592">
     <span class='ocr_line' id='line_1_4' title="bbox 441 517 2036 592; baseline -0.01 -7"><span class='ocrx_word' id='word_1_17' title='bbox 441 529 650 586; x_wconf 83' lang='lat' dir='ltr'>Paulus</span> <span class='ocrx_word' id='word_1_18' title='bbox 692 543 878 582; x_wconf 91' lang='lat' dir='ltr'>comes</span> <span class='ocrx_word' id='word_1_19' title='bbox 918 541 1045 579; x_wconf 91' lang='lat' dir='ltr'>cum</span> <span class='ocrx_word' id='word_1_20' title='bbox 1076 523 1280 578; x_wconf 79' lang='lat' dir='ltr'>litteris</span> <span class='ocrx_word' id='word_1_21' title='bbox 1328 521 1589 592; x_wconf 87' lang='lat' dir='ltr'>sigillatis</span> <span class='ocrx_word' id='word_1_22' title='bbox 1618 521 1686 574; x_wconf 90' lang='lat' dir='ltr'>de</span> <span class='ocrx_word' id='word_1_23' title='bbox 1716 517 2036 573; x_wconf 87' lang='lat' dir='ltr'>Orchadum</span> 
     </span>
    </p>
   </div>
   <div class='ocr_carea' id='block_1_5' title="bbox 441 610 2038 688">
    <p class='ocr_par' dir='ltr' id='par_1_5' title="bbox 441 610 2038 688">
     <span class='ocr_line' id='line_1_5' title="bbox 441 610 2038 688; baseline -0.008 -17"><span class='ocrx_word' id='word_1_24' title='bbox 441 616 718 688; x_wconf 88' lang='lat' dir='ltr'>partibus,</span> <span class='ocrx_word' id='word_1_25' title='bbox 750 614 1072 685; x_wconf 74' lang='lat' dir='ltr'>significans</span> <span class='ocrx_word' id='word_1_26' title='bbox 1097 613 1156 667; x_wconf 90' lang='lat' dir='ltr'>in</span> <span class='ocrx_word' id='word_1_27' title='bbox 1185 612 1266 666; x_wconf 92' lang='lat' dir='ltr'>eis</span> <span class='ocrx_word' id='word_1_28' title='bbox 1295 610 1678 682; x_wconf 84' lang='lat' dir='ltr'>episcOpatum</span> <span class='ocrx_word' id='word_1_29' title='bbox 1723 625 1836 662; x_wconf 69' lang='lat' dir='ltr'>suae</span> <span class='ocrx_word' id='word_1_30' title='bbox 1874 614 2038 660; x_wconf 61' lang='lat' dir='ltr'>terra;</span> 
     </span>
    </p>
   </div>
   <div class='ocr_carea' id='block_1_6' title="bbox 440 700 2039 766">
    <p class='ocr_par' dir='ltr' id='par_1_6' title="bbox 440 700 2039 766">
     <span class='ocr_line' id='line_1_6' title="bbox 440 700 2039 766; baseline -0.009 -4"><span class='ocrx_word' id='word_1_31' title='bbox 440 705 624 762; x_wconf 79' lang='lat' dir='ltr'>eidem</span> <span class='ocrx_word' id='word_1_32' title='bbox 673 704 875 759; x_wconf 85' lang='lat' dir='ltr'>clerico</span> <span class='ocrx_word' id='word_1_33' title='bbox 914 719 975 758; x_wconf 92' lang='lat' dir='ltr'>se</span> <span class='ocrx_word' id='word_1_34' title='bbox 1001 702 1368 766; x_wconf 85' lang='lat' dir='ltr'>concessisse;</span> <span class='ocrx_word' id='word_1_35' title='bbox 1401 707 1462 754; x_wconf 88' lang='lat' dir='ltr'>at</span> <span class='ocrx_word' id='word_1_36' title='bbox 1489 700 1585 752; x_wconf 90' lang='lat' dir='ltr'>ille</span> <span class='ocrx_word' id='word_1_37' title='bbox 1620 704 2039 752; x_wconf 87' lang='lat' dir='ltr'>antecessorum</span> 
     </span>
    </p>
   </div>
   <div class='ocr_carea' id='block_1_7' title="bbox 439 787 2040 861">
    <p class='ocr_par' dir='ltr' id='par_1_7' title="bbox 439 787 2040 861">
     <span class='ocr_line' id='line_1_7' title="bbox 439 787 2040 861; baseline -0.007 -12"><span class='ocrx_word' id='word_1_38' title='bbox 439 809 668 849; x_wconf 89' lang='lat' dir='ltr'>suorum</span> <span class='ocrx_word' id='word_1_39' title='bbox 698 793 896 848; x_wconf 88' lang='lat' dir='ltr'>ordine</span> <span class='ocrx_word' id='word_1_40' title='bbox 918 791 1195 846; x_wconf 83' lang='lat' dir='ltr'>custodito</span> <span class='ocrx_word' id='word_1_41' title='bbox 1217 789 1463 861; x_wconf 86' lang='lat' dir='ltr'>postulat</span> <span class='ocrx_word' id='word_1_42' title='bbox 1481 805 1514 841; x_wconf 89' lang='lat' dir='ltr'>a</span> <span class='ocrx_word' id='word_1_43' title='bbox 1539 787 1698 842; x_wconf 88' lang='lat' dir='ltr'>nobis</span> <span class='ocrx_word' id='word_1_44' title='bbox 1718 787 2040 856; x_wconf 87' lang='lat' dir='ltr'>episcopum</span> 
     </span>
    </p>
   </div>
   <div class='ocr_carea' id='block_1_8' title="bbox 439 873 2036 951">
    <p class='ocr_par' dir='ltr' id='par_1_8' title="bbox 439 873 2036 951">
     <span class='ocr_line' id='line_1_8' title="bbox 439 873 2036 951; baseline -0.007 -14"><span class='ocrx_word' id='word_1_45' title='bbox 439 898 499 937; x_wconf 87' lang='lat' dir='ltr'>se</span> <span class='ocrx_word' id='word_1_46' title='bbox 524 880 874 937; x_wconf 89' lang='lat' dir='ltr'>consecrari:</span> <span class='ocrx_word' id='word_1_47' title='bbox 917 879 1006 934; x_wconf 86' lang='lat' dir='ltr'>cui</span> <span class='ocrx_word' id='word_1_48' title='bbox 1038 879 1186 951; x_wconf 92' lang='lat' dir='ltr'>quod</span> <span class='ocrx_word' id='word_1_49' title='bbox 1218 879 1370 949; x_wconf 89' lang='lat' dir='ltr'>juste</span> <span class='ocrx_word' id='word_1_50' title='bbox 1421 877 1581 948; x_wconf 87' lang='lat' dir='ltr'>petit,</span> <span class='ocrx_word' id='word_1_51' title='bbox 1624 875 1833 945; x_wconf 88' lang='lat' dir='ltr'>injuste</span> <span class='ocrx_word' id='word_1_52' title='bbox 1862 873 2036 928; x_wconf 90' lang='lat' dir='ltr'>dene-</span> 
     </span>
    </p>
   </div>
   <div class='ocr_carea' id='block_1_9' title="bbox 439 986 1066 1043">
    <p class='ocr_par' dir='ltr' id='par_1_9' title="bbox 439 986 1066 1043">
     <span class='ocr_line' id='line_1_9' title="bbox 439 986 1066 1043; baseline -0.01 -15"><span class='ocrx_word' id='word_1_53' title='bbox 439 987 576 1043; x_wconf 83' lang='lat' dir='ltr'>gare</span> <span class='ocrx_word' id='word_1_54' title='bbox 606 988 719 1027; x_wconf 91' lang='lat' dir='ltr'>non</span> <span class='ocrx_word' id='word_1_55' title='bbox 749 986 1066 1043; x_wconf 79' lang='lat' dir='ltr'>possumus.</span> 
     </span>
    </p>
   </div>
   <div class='ocr_carea' id='block_1_10' title="bbox 507 1052 2040 1132">
    <p class='ocr_par' dir='ltr' id='par_1_10' title="bbox 507 1052 2040 1132">
     <span class='ocr_line' id='line_1_10' title="bbox 507 1052 2040 1132; baseline -0.006 -17"><span class='ocrx_word' id='word_1_56' title='bbox 507 1061 779 1115; x_wconf 88' lang='lat' dir='ltr'>Precatur</span> <span class='ocrx_word' id='word_1_57' title='bbox 810 1057 913 1132; x_wconf 87' lang='grc' dir='ltr'>[αι.</span> <span class='ocrx_word' id='word_1_58' title='bbox 931 1103 943 1121; x_wconf 84' lang='lat'>,</span> <span class='ocrx_word' id='word_1_59' title='bbox 968 1054 1294 1130; x_wconf 83' lang='lat' dir='ltr'>precamur]</span> <span class='ocrx_word' id='word_1_60' title='bbox 1320 1072 1472 1126; x_wconf 88' lang='lat' dir='ltr'>ergo,</span> <span class='ocrx_word' id='word_1_61' title='bbox 1498 1061 1562 1110; x_wconf 90' lang='lat' dir='ltr'>ut</span> <span class='ocrx_word' id='word_1_62' title='bbox 1581 1053 1742 1108; x_wconf 91' lang='lat' dir='ltr'>nobis</span> <span class='ocrx_word' id='word_1_63' title='bbox 1764 1053 1904 1108; x_wconf 90' lang='lat' dir='ltr'>duos</span> <span class='ocrx_word' id='word_1_64' title='bbox 1926 1052 2040 1122; x_wconf 89' lang='lat' dir='ltr'>epi-</span> 
     </span>
    </p>
   </div>
   <div class='ocr_carea' id='block_1_11' title="bbox 438 1142 2040 1221">
    <p class='ocr_par' dir='ltr' id='par_1_11' title="bbox 438 1142 2040 1221">
     <span class='ocr_line' id='line_1_11' title="bbox 438 1142 2040 1221; baseline -0.007 -16"><span class='ocrx_word' id='word_1_65' title='bbox 438 1167 635 1221; x_wconf 89' lang='lat' dir='ltr'>scopos</span> <span class='ocrx_word' id='word_1_66' title='bbox 669 1149 879 1220; x_wconf 78' lang='lat' dir='ltr'>dirigat</span> <span class='ocrx_word' id='word_1_67' title='bbox 909 1147 1222 1219; x_wconf 89' lang='lat' dir='ltr'>paternitas</span> <span class='ocrx_word' id='word_1_68' title='bbox 1251 1152 1455 1208; x_wconf 90' lang='lat' dir='ltr'>vestra,</span> <span class='ocrx_word' id='word_1_69' title='bbox 1490 1161 1728 1216; x_wconf 91' lang='lat' dir='ltr'>quorum</span> <span class='ocrx_word' id='word_1_70' title='bbox 1760 1142 1886 1196; x_wconf 89' lang='lat' dir='ltr'>fulti</span> <span class='ocrx_word' id='word_1_71' title='bbox 1919 1157 2040 1208; x_wconf 87' lang='lat' dir='ltr'>ora-</span> 
     </span>
    </p>
   </div>
   <div class='ocr_carea' id='block_1_12' title="bbox 436 1235 2040 1303">
    <p class='ocr_par' dir='ltr' id='par_1_12' title="bbox 436 1235 2040 1303">
     <span class='ocr_line' id='line_1_12' title="bbox 436 1235 2040 1303; baseline -0.005 -11"><span class='ocrx_word' id='word_1_72' title='bbox 436 1239 682 1294; x_wconf 88' lang='lat' dir='ltr'>tionibus</span> <span class='ocrx_word' id='word_1_73' title='bbox 711 1245 767 1293; x_wconf 92' lang='lat' dir='ltr'>et</span> <span class='ocrx_word' id='word_1_74' title='bbox 809 1237 1035 1303; x_wconf 82' lang='lat' dir='ltr'>auxilio,</span> <span class='ocrx_word' id='word_1_75' title='bbox 1074 1242 1242 1290; x_wconf 75' lang='lat' dir='ltr'>tantae</span> <span class='ocrx_word' id='word_1_76' title='bbox 1298 1235 1379 1289; x_wconf 85' lang='lat' dir='ltr'>rei</span> <span class='ocrx_word' id='word_1_77' title='bbox 1423 1239 1840 1288; x_wconf 74' lang='lat' dir='ltr'>sacramentum</span> <span class='ocrx_word' id='word_1_78' title='bbox 1891 1247 2040 1285; x_wconf 87' lang='lat' dir='ltr'>com-</span> 
     </span>
    </p>
   </div>
   <div class='ocr_carea' id='block_1_13' title="bbox 436 1323 2040 1401">
    <p class='ocr_par' dir='ltr' id='par_1_13' title="bbox 436 1323 2040 1401">
     <span class='ocr_line' id='line_1_13' title="bbox 436 1323 2040 1401; baseline -0.005 -19"><span class='ocrx_word' id='word_1_79' title='bbox 436 1329 692 1401; x_wconf 91' lang='lat' dir='ltr'>pleamus</span> <span class='ocrx_word' id='word_1_80' title='bbox 737 1326 1019 1382; x_wconf 88' lang='lat' dir='ltr'>canonice.</span> <span class='ocrx_word' id='word_1_81' title='bbox 1056 1326 1158 1380; x_wconf 86' lang='lat' dir='ltr'>Illa</span> <span class='ocrx_word' id='word_1_82' title='bbox 1187 1331 1376 1378; x_wconf 84' lang='lat' dir='ltr'>autem</span> <span class='ocrx_word' id='word_1_83' title='bbox 1407 1323 1601 1394; x_wconf 84' lang='lat' dir='ltr'>procul</span> <span class='ocrx_word' id='word_1_84' title='bbox 1642 1328 1901 1376; x_wconf 89' lang='lat' dir='ltr'>arceatur</span> <span class='ocrx_word' id='word_1_85' title='bbox 1948 1336 2040 1375; x_wconf 88' lang='lat' dir='ltr'>su-</span> 
     </span>
    </p>
   </div>
   <div class='ocr_carea' id='block_1_14' title="bbox 440 1411 2040 1488">
    <p class='ocr_par' dir='ltr' id='par_1_14' title="bbox 440 1411 2040 1488">
     <span class='ocr_line' id='line_1_14' title="bbox 440 1411 2040 1488; baseline -0.005 -18"><span class='ocrx_word' id='word_1_86' title='bbox 440 1416 632 1488; x_wconf 88' lang='lat' dir='ltr'>spicio,</span> <span class='ocrx_word' id='word_1_87' title='bbox 673 1433 841 1488; x_wconf 88' lang='lat' dir='ltr'>quam</span> <span class='ocrx_word' id='word_1_88' title='bbox 869 1414 1190 1485; x_wconf 87' lang='lat' dir='ltr'>nuperrime</span> <span class='ocrx_word' id='word_1_89' title='bbox 1215 1411 1376 1466; x_wconf 90' lang='lat' dir='ltr'>nobis</span> <span class='ocrx_word' id='word_1_90' title='bbox 1406 1417 1600 1466; x_wconf 89' lang='lat' dir='ltr'>noster</span> <span class='ocrx_word' id='word_1_91' title='bbox 1627 1411 1801 1464; x_wconf 86' lang='lat' dir='ltr'>frater</span> <span class='ocrx_word' id='word_1_92' title='bbox 1834 1415 1889 1462; x_wconf 83' lang='lat' dir='ltr'>et</span> <span class='ocrx_word' id='word_1_93' title='bbox 1918 1424 2040 1462; x_wconf 87' lang='lat' dir='ltr'>coe-</span> 
     </span>
    </p>
   </div>
   <div class='ocr_carea' id='block_1_15' title="bbox 439 1498 2036 1577">
    <p class='ocr_par' dir='ltr' id='par_1_15' title="bbox 439 1498 2036 1577">
     <span class='ocr_line' id='line_1_15' title="bbox 439 1498 2036 1577; baseline -0.004 -17"><span class='ocrx_word' id='word_1_94' title='bbox 439 1507 700 1577; x_wconf 89' lang='lat' dir='ltr'>piscopus</span> <span class='ocrx_word' id='word_1_95' title='bbox 730 1503 1028 1558; x_wconf 87' lang='lat' dir='ltr'>subintulit</span> <span class='ocrx_word' id='word_1_96' title='bbox 1051 1501 1361 1571; x_wconf 83' lang='lat' dir='ltr'>Remigius,</span> <span class='ocrx_word' id='word_1_97' title='bbox 1407 1518 1495 1554; x_wconf 92' lang='lat' dir='ltr'>me</span> <span class='ocrx_word' id='word_1_98' title='bbox 1537 1500 1746 1554; x_wconf 87' lang='lat' dir='ltr'>scilicet</span> <span class='ocrx_word' id='word_1_99' title='bbox 1783 1498 2036 1570; x_wconf 87' lang='lat' dir='ltr'>inposte-</span> 
     </span>
    </p>
   </div>
   <div class='ocr_carea' id='block_1_16' title="bbox 1391 208 2684 280">
    <p class='ocr_par' dir='ltr' id='par_1_16' title="bbox 1391 208 2684 280">
     <span class='ocr_line' id='line_1_16' title="bbox 1391 208 2684 280; baseline -0.006 -10"><span class='ocrx_word' id='word_1_100' title='bbox 1391 217 1453 270; x_wconf 89' lang='grc' dir='ltr'>Β.</span> <span class='ocrx_word' id='word_1_101' title='bbox 1497 211 1909 269; x_wconf 81' lang='lat' dir='ltr'>LANFRANCI</span> <span class='ocrx_word' id='word_1_102' title='bbox 1953 208 2311 280; x_wconf 75' lang='grc' dir='ltr'>ΟᾼΝΤΗΛΒ.</span> <span class='ocrx_word' id='word_1_103' title='bbox 2353 209 2684 266; x_wconf 83' lang='lat' dir='ltr'>ARCHIEP.</span> 
     </span>
    </p>
   </div>
   <div class='ocr_carea' id='block_1_17' title="bbox 3566 225 3651 292">
    <p class='ocr_par' dir='ltr' id='par_1_17' title="bbox 3566 225 3651 292">
     <span class='ocr_line' id='line_1_17' title="bbox 3566 225 3651 292; baseline 0.024 -2"><span class='ocrx_word' id='word_1_104' title='bbox 3566 225 3651 292; x_wconf 65' lang='grc' dir='ltr'>ἰνἳο</span> 
     </span>
    </p>
   </div>
   <div class='ocr_carea' id='block_1_18' title="bbox 2674 335 3195 395">
    <p class='ocr_par' dir='ltr' id='par_1_18' title="bbox 2674 335 3195 395">
     <span class='ocr_line' id='line_1_18' title="bbox 2674 335 3195 395; baseline 0.006 -6"><span class='ocrx_word' id='word_1_105' title='bbox 2674 335 3022 391; x_wconf 86' lang='lat' dir='ltr'>EPISTOLA</span> <span class='ocrx_word' id='word_1_106' title='bbox 3043 338 3195 395; x_wconf 85' lang='lat' dir='ltr'>XIII.</span> 
     </span>
    </p>
   </div>
   <div class='ocr_carea' id='block_1_19' title="bbox 2121 423 3650 483">
    <p class='ocr_par' dir='ltr' id='par_1_19' title="bbox 2121 423 3650 483">
     <span class='ocr_line' id='line_1_19' title="bbox 2121 423 3650 483; baseline 0.008 -16"><span class='ocrx_word' id='word_1_107' title='bbox 2121 427 2202 474; x_wconf 69' lang='lat' dir='ltr'>AD</span> <span class='ocrx_word' id='word_1_108' title='bbox 2246 424 2524 470; x_wconf 78' lang='lat' dir='ltr'>JOANNEM</span> <span class='ocrx_word' id='word_1_109' title='bbox 2571 423 3114 470; x_wconf 79' lang='lat' dir='ltr'>NORTllMANNOHUM</span> <span class='ocrx_word' id='word_1_110' title='bbox 3164 429 3650 483; x_wconf 74' lang='lat' dir='ltr'>ARCHIEPISCOPUM.</span> 
     </span>
    </p>
   </div>
   <div class='ocr_carea' id='block_1_20' title="bbox 2126 487 3655 556">
    <p class='ocr_par' dir='ltr' id='par_1_20' title="bbox 2126 487 3655 556">
     <span class='ocr_line' id='line_1_20' title="bbox 2126 487 3655 556; baseline 0.007 -13"><span class='ocrx_word' id='word_1_111' title='bbox 2126 493 2216 548; x_wconf 61' lang='lat' dir='ltr'>Ea:</span> <span class='ocrx_word' id='word_1_112' title='bbox 2243 505 2532 543; x_wconf 74' lang='lat' dir='ltr'>occasione</span> <span class='ocrx_word' id='word_1_113' title='bbox 2563 490 2892 539; x_wconf 68' lang='lat' dir='ltr'>litterarum</span> <span class='ocrx_word' id='word_1_114' title='bbox 2925 487 3045 556; x_wconf 82' lang='lat' dir='ltr'>ejus</span> <span class='ocrx_word' id='word_1_115' title='bbox 3085 491 3152 541; x_wconf 88' lang='lat' dir='ltr'>de</span> <span class='ocrx_word' id='word_1_116' title='bbox 3184 498 3455 550; x_wconf 71' lang='lat' dir='ltr'>nonnullas</span> <span class='ocrx_word' id='word_1_117' title='bbox 3482 502 3655 555; x_wconf 62' lang='lat' dir='ltr'>ribbus</span> 
     </span>
    </p>
   </div>
   <div class='ocr_carea' id='block_1_21' title="bbox 2193 557 3660 625">
    <p class='ocr_par' dir='ltr' id='par_1_21' title="bbox 2193 557 3660 625">
     <span class='ocr_line' id='line_1_21' title="bbox 2193 557 3660 625; baseline 0.008 -13"><span class='ocrx_word' id='word_1_118' title='bbox 2193 561 2436 625; x_wconf 77' lang='lat' dir='ltr'>disserit,</span> <span class='ocrx_word' id='word_1_119' title='bbox 2472 559 2548 611; x_wconf 87' lang='lat' dir='ltr'>ad</span> <span class='ocrx_word' id='word_1_120' title='bbox 2569 557 2981 612; x_wconf 75' lang='lat' dir='ltr'>dedicationem</span> <span class='ocrx_word' id='word_1_121' title='bbox 3015 566 3368 618; x_wconf 56' lang='lat' dir='ltr'>ecclesiarum</span> <span class='ocrx_word' id='word_1_122' title='bbox 3390 575 3436 620; x_wconf 84' lang='lat' dir='ltr'>et</span> <span class='ocrx_word' id='word_1_123' title='bbox 3460 570 3660 624; x_wconf 84' lang='lat' dir='ltr'>subdia-</span> 
     </span>
    </p>
   </div>
   <div class='ocr_carea' id='block_1_22' title="bbox 2191 629 3350 698">
    <p class='ocr_par' dir='ltr' id='par_1_22' title="bbox 2191 629 3350 698">
     <span class='ocr_line' id='line_1_22' title="bbox 2191 629 3350 698; baseline 0.003 -12"><span class='ocrx_word' id='word_1_124' title='bbox 2191 647 2468 686; x_wconf 85' lang='lat' dir='ltr'>conorum</span> <span class='ocrx_word' id='word_1_125' title='bbox 2499 629 2923 683; x_wconf 76' lang='lat' dir='ltr'>oruinationem</span> <span class='ocrx_word' id='word_1_126' title='bbox 2958 642 3169 698; x_wconf 64' lang='lat' dir='ltr'>specta;</span> <span class='ocrx_word' id='word_1_127' title='bbox 3193 638 3350 690; x_wconf 81' lang='lat' dir='ltr'>tibus.</span> 
     </span>
    </p>
   </div>
   <div class='ocr_carea' id='block_1_23' title="bbox 2193 718 3662 791">
    <p class='ocr_par' dir='ltr' id='par_1_23' title="bbox 2193 718 3662 791">
     <span class='ocr_line' id='line_1_23' title="bbox 2193 718 3662 791; baseline 0.005 -13"><span class='ocrx_word' id='word_1_128' title='bbox 2193 721 2433 778; x_wconf 92' lang='lat' dir='ltr'>Domino</span> <span class='ocrx_word' id='word_1_129' title='bbox 2491 718 2692 772; x_wconf 88' lang='lat' dir='ltr'>merito</span> <span class='ocrx_word' id='word_1_130' title='bbox 2737 719 3054 774; x_wconf 82' lang='lat' dir='ltr'>sanctitatis</span> <span class='ocrx_word' id='word_1_131' title='bbox 3103 721 3384 791; x_wconf 74' lang='lat' dir='ltr'>insigniter</span> <span class='ocrx_word' id='word_1_132' title='bbox 3420 728 3662 785; x_wconf 72' lang='lat' dir='ltr'>offerendo</span> 
     </span>
    </p>
   </div>
   <div class='ocr_carea' id='block_1_24' title="bbox 2124 809 3662 884">
    <p class='ocr_par' dir='ltr' id='par_1_24' title="bbox 2124 809 3662 884">
     <span class='ocr_line' id='line_1_24' title="bbox 2124 809 3662 884; baseline 0.005 -18"><span class='ocrx_word' id='word_1_133' title='bbox 2124 813 2332 867; x_wconf 79' lang='lat' dir='ltr'>JOANNI</span> <span class='ocrx_word' id='word_1_134' title='bbox 2362 809 2884 864; x_wconf 87' lang='lat' dir='ltr'>Northmannorum</span> <span class='ocrx_word' id='word_1_135' title='bbox 2902 809 3662 884; x_wconf 69' lang='lat' dir='ltr'>archiepiscopo,LANrRsxcus</span> 
     </span>
    </p>
   </div>
   <div class='ocr_carea' id='block_1_25' title="bbox 2117 897 3665 973">
    <p class='ocr_par' dir='ltr' id='par_1_25' title="bbox 2117 897 3665 973">
     <span class='ocr_line' id='line_1_25' title="bbox 2117 897 3665 973; baseline 0.003 -16"><span class='ocrx_word' id='word_1_136' title='bbox 2117 900 2382 972; x_wconf 88' lang='lat' dir='ltr'>indignus</span> <span class='ocrx_word' id='word_1_137' title='bbox 2411 897 2594 954; x_wconf 89' lang='lat' dir='ltr'>vocari</span> <span class='ocrx_word' id='word_1_138' title='bbox 2624 897 2934 969; x_wconf 88' lang='lat' dir='ltr'>episcopus,</span> <span class='ocrx_word' id='word_1_139' title='bbox 2961 897 3101 955; x_wconf 89' lang='lat' dir='ltr'>bene</span> <span class='ocrx_word' id='word_1_140' title='bbox 3121 902 3310 973; x_wconf 76' lang='lat' dir='ltr'>cceptis</span> <span class='ocrx_word' id='word_1_141' title='bbox 3335 903 3545 960; x_wconf 84' lang='lat' dir='ltr'>meliora</span> <span class='ocrx_word' id='word_1_142' title='bbox 3559 922 3665 961; x_wconf 77' lang='lat' dir='ltr'>con~</span> 
     </span>
    </p>
   </div>
   <div class='ocr_carea' id='block_1_26' title="bbox 2126 997 2367 1046">
    <p class='ocr_par' dir='ltr' id='par_1_26' title="bbox 2126 997 2367 1046">
     <span class='ocr_line' id='line_1_26' title="bbox 2126 997 2367 1046; baseline -0.017 0"><span class='ocrx_word' id='word_1_143' title='bbox 2126 997 2367 1046; x_wconf 88' lang='lat' dir='ltr'>nectere.</span> 
     </span>
    </p>
   </div>
   <div class='ocr_carea' id='block_1_27' title="bbox 2196 1075 3666 1152">
    <p class='ocr_par' dir='ltr' id='par_1_27' title="bbox 2196 1075 3666 1152">
     <span class='ocr_line' id='line_1_27' title="bbox 2196 1075 3666 1152; baseline 0.005 -21"><span class='ocrx_word' id='word_1_144' title='bbox 2196 1076 2419 1132; x_wconf 85' lang='lat' dir='ltr'>Gratias</span> <span class='ocrx_word' id='word_1_145' title='bbox 2441 1092 2548 1146; x_wconf 88' lang='lat' dir='ltr'>ago</span> <span class='ocrx_word' id='word_1_146' title='bbox 2578 1075 2822 1130; x_wconf 68' lang='lat' dir='ltr'>colendae</span> <span class='ocrx_word' id='word_1_147' title='bbox 2853 1075 3186 1147; x_wconf 78' lang='lat' dir='ltr'>benignitati</span> <span class='ocrx_word' id='word_1_148' title='bbox 3206 1085 3414 1140; x_wconf 59' lang='lat' dir='ltr'>vestra.</span> <span class='ocrx_word' id='word_1_149' title='bbox 3436 1082 3553 1152; x_wconf 90' lang='lat' dir='ltr'>quia</span> <span class='ocrx_word' id='word_1_150' title='bbox 3571 1100 3666 1138; x_wconf 86' lang='lat' dir='ltr'>non</span> 
     </span>
    </p>
   </div>
   <div class='ocr_carea' id='block_1_28' title="bbox 2122 1167 3666 1238">
    <p class='ocr_par' dir='ltr' id='par_1_28' title="bbox 2122 1167 3666 1238">
     <span class='ocr_line' id='line_1_28' title="bbox 2122 1167 3666 1238; baseline 0.002 -16"><span class='ocrx_word' id='word_1_151' title='bbox 2122 1167 2305 1223; x_wconf 91' lang='lat' dir='ltr'>solum</span> <span class='ocrx_word' id='word_1_152' title='bbox 2337 1181 2583 1238; x_wconf 81' lang='lat' dir='ltr'>praesens</span> <span class='ocrx_word' id='word_1_153' title='bbox 2611 1171 2947 1236; x_wconf 69' lang='lat' dir='ltr'>praesentem</span> <span class='ocrx_word' id='word_1_154' title='bbox 3005 1183 3094 1220; x_wconf 90' lang='lat' dir='ltr'>me</span> <span class='ocrx_word' id='word_1_155' title='bbox 3142 1167 3468 1224; x_wconf 83' lang='lat' dir='ltr'>indeﬁcienti</span> <span class='ocrx_word' id='word_1_156' title='bbox 3504 1187 3666 1228; x_wconf 87' lang='lat' dir='ltr'>amore</span> 
     </span>
    </p>
   </div>
   <div class='ocr_carea' id='block_1_29' title="bbox 2120 1255 3668 1331">
    <p class='ocr_par' dir='ltr' id='par_1_29' title="bbox 2120 1255 3668 1331">
     <span class='ocr_line' id='line_1_29' title="bbox 2120 1255 3668 1331; baseline 0.003 -21"><span class='ocrx_word' id='word_1_157' title='bbox 2120 1257 2375 1328; x_wconf 86' lang='lat' dir='ltr'>(prOpter</span> <span class='ocrx_word' id='word_1_158' title='bbox 2403 1256 2602 1323; x_wconf 88' lang='lat' dir='ltr'>Deum)</span> <span class='ocrx_word' id='word_1_159' title='bbox 2635 1255 2930 1322; x_wconf 80' lang='lat' dir='ltr'>dilexistis,</span> <span class='ocrx_word' id='word_1_160' title='bbox 2973 1272 3165 1310; x_wconf 89' lang='lat' dir='ltr'>verum</span> <span class='ocrx_word' id='word_1_161' title='bbox 3193 1259 3356 1312; x_wconf 86' lang='lat' dir='ltr'>etiam</span> <span class='ocrx_word' id='word_1_162' title='bbox 3381 1259 3562 1314; x_wconf 87' lang='lat' dir='ltr'>absens</span> <span class='ocrx_word' id='word_1_163' title='bbox 3588 1278 3668 1331; x_wconf 86' lang='lat' dir='ltr'>pro</span> 
     </span>
    </p>
   </div>
   <div class='ocr_carea' id='block_1_30' title="bbox 2121 1347 3670 1418">
    <p class='ocr_par' dir='ltr' id='par_1_30' title="bbox 2121 1347 3670 1418">
     <span class='ocr_line' id='line_1_30' title="bbox 2121 1347 3670 1418; baseline 0.004 -18"><span class='ocrx_word' id='word_1_164' title='bbox 2121 1347 2351 1402; x_wconf 82' lang='lat' dir='ltr'>absente</span> <span class='ocrx_word' id='word_1_165' title='bbox 2388 1351 2682 1418; x_wconf 85' lang='lat' dir='ltr'>paternam</span> <span class='ocrx_word' id='word_1_166' title='bbox 2714 1363 2808 1400; x_wconf 92' lang='lat' dir='ltr'>vos</span> <span class='ocrx_word' id='word_1_167' title='bbox 2837 1362 3031 1400; x_wconf 88' lang='lat' dir='ltr'>curam</span> <span class='ocrx_word' id='word_1_168' title='bbox 3062 1365 3258 1418; x_wconf 85' lang='lat' dir='ltr'>gerere</span> <span class='ocrx_word' id='word_1_169' title='bbox 3285 1348 3482 1405; x_wconf 86' lang='lat' dir='ltr'>salubri</span> <span class='ocrx_word' id='word_1_170' title='bbox 3510 1352 3670 1406; x_wconf 88' lang='lat' dir='ltr'>admo-</span> 
     </span>
    </p>
   </div>
   <div class='ocr_carea' id='block_1_31' title="bbox 2130 1436 3670 1506">
    <p class='ocr_par' dir='ltr' id='par_1_31' title="bbox 2130 1436 3670 1506">
     <span class='ocr_line' id='line_1_31' title="bbox 2130 1436 3670 1506; baseline 0.003 -16"><span class='ocrx_word' id='word_1_171' title='bbox 2130 1436 2345 1490; x_wconf 90' lang='lat' dir='ltr'>nitione</span> <span class='ocrx_word' id='word_1_172' title='bbox 2397 1436 2685 1490; x_wconf 87' lang='lat' dir='ltr'>evidenter</span> <span class='ocrx_word' id='word_1_173' title='bbox 2731 1436 3074 1490; x_wconf 90' lang='lat' dir='ltr'>ostendistis.</span> <span class='ocrx_word' id='word_1_174' title='bbox 3129 1436 3287 1491; x_wconf 89' lang='lat' dir='ltr'>Absit</span> <span class='ocrx_word' id='word_1_175' title='bbox 3324 1445 3501 1493; x_wconf 88' lang='lat' dir='ltr'>autem</span> <span class='ocrx_word' id='word_1_176' title='bbox 3525 1456 3556 1494; x_wconf 88' lang='lat' dir='ltr'>a</span> <span class='ocrx_word' id='word_1_177' title='bbox 3581 1457 3670 1506; x_wconf 90' lang='lat' dir='ltr'>me,</span> 
     </span>
    </p>
   </div>
   <div class='ocr_carea' id='block_1_32' title="bbox 2120 1524 3676 1596">
    <p class='ocr_par' dir='ltr' id='par_1_32' title="bbox 2120 1524 3676 1596">
     <span class='ocr_line' id='line_1_32' title="bbox 2120 1524 3676 1596; baseline 0.003 -18"><span class='ocrx_word' id='word_1_178' title='bbox 2120 1525 2397 1596; x_wconf 84' lang='lat' dir='ltr'>longeque</span> <span class='ocrx_word' id='word_1_179' title='bbox 2435 1542 2468 1579; x_wconf 91' lang='lat' dir='ltr'>a</span> <span class='ocrx_word' id='word_1_180' title='bbox 2496 1524 2749 1579; x_wconf 89' lang='lat' dir='ltr'>sensibus</span> <span class='ocrx_word' id='word_1_181' title='bbox 2781 1525 2920 1579; x_wconf 85' lang='lat' dir='ltr'>meis</span> <span class='ocrx_word' id='word_1_182' title='bbox 2951 1525 3099 1580; x_wconf 90' lang='lat' dir='ltr'>hunc</span> <span class='ocrx_word' id='word_1_183' title='bbox 3117 1543 3362 1581; x_wconf 88' lang='lat' dir='ltr'>errorem</span> <span class='ocrx_word' id='word_1_184' title='bbox 3394 1534 3589 1583; x_wconf 83' lang='lat' dir='ltr'>avertat</span> <span class='ocrx_word' id='word_1_185' title='bbox 3612 1527 3676 1582; x_wconf 85' lang='lat' dir='ltr'>di-</span> 
     </span>
    </p>
   </div>
   <div class='ocr_carea' id='block_1_33' title="bbox 438 1587 2031 1688">
    <p class='ocr_par' dir='ltr' id='par_1_33' title="bbox 438 1587 2031 1666">
     <span class='ocr_line' id='line_1_33' title="bbox 438 1587 2031 1666; baseline -0.004 -17"><span class='ocrx_word' id='word_1_186' title='bbox 438 1611 565 1649; x_wconf 88' lang='lat' dir='ltr'>rum</span> <span class='ocrx_word' id='word_1_187' title='bbox 596 1600 924 1664; x_wconf 89' lang='lat' dir='ltr'>questurum</span> <span class='ocrx_word' id='word_1_188' title='bbox 948 1591 1075 1666; x_wconf 83' lang='lat' dir='ltr'>[al.,</span> <span class='ocrx_word' id='word_1_189' title='bbox 1103 1587 1498 1662; x_wconf 69' lang='lat' dir='ltr'>quaesiturum]</span> <span class='ocrx_word' id='word_1_190' title='bbox 1538 1587 2031 1656; x_wconf 82' lang='lat' dir='ltr'>Dorcacestrensis,</span> 
     </span>
    </p>
   </div>
   <div class='ocr_carea' id='block_1_34' title="bbox 2127 1587 3671 1688">
    <p class='ocr_par' dir='ltr' id='par_1_34' title="bbox 2127 1614 3671 1688">
     <span class='ocr_line' id='line_1_34' title="bbox 2127 1614 3671 1688; baseline 0.003 -21"><span class='ocrx_word' id='word_1_191' title='bbox 2127 1615 2250 1668; x_wconf 90' lang='lat' dir='ltr'>vina</span> <span class='ocrx_word' id='word_1_192' title='bbox 2281 1614 2596 1680; x_wconf 78' lang='lat' dir='ltr'>clementia,</span> <span class='ocrx_word' id='word_1_193' title='bbox 2641 1620 2702 1669; x_wconf 90' lang='lat' dir='ltr'>ut</span> <span class='ocrx_word' id='word_1_194' title='bbox 2733 1615 3033 1669; x_wconf 88' lang='lat' dir='ltr'>molestum</span> <span class='ocrx_word' id='word_1_195' title='bbox 3070 1615 3210 1670; x_wconf 90' lang='lat' dir='ltr'>mihi</span> <span class='ocrx_word' id='word_1_196' title='bbox 3239 1617 3330 1683; x_wconf 86' lang='lat' dir='ltr'>sit,</span> <span class='ocrx_word' id='word_1_197' title='bbox 3363 1617 3409 1670; x_wconf 91' lang='lat' dir='ltr'>si</span> <span class='ocrx_word' id='word_1_198' title='bbox 3444 1617 3558 1688; x_wconf 91' lang='lat' dir='ltr'>quis</span> <span class='ocrx_word' id='word_1_199' title='bbox 3579 1633 3671 1671; x_wconf 82' lang='lat' dir='ltr'>res-</span> 
     </span>
    </p>
   </div>
   <div class='ocr_carea' id='block_1_35' title="bbox 437 1665 2102 1754">
    <p class='ocr_par' dir='ltr' id='par_1_35' title="bbox 437 1665 2102 1754">
     <span class='ocr_line' id='line_1_35' title="bbox 437 1665 2102 1754; baseline -0.001 -20"><span class='ocrx_word' id='word_1_200' title='bbox 437 1681 524 1736; x_wconf 88' lang='lat' dir='ltr'>vel</span> <span class='ocrx_word' id='word_1_201' title='bbox 553 1681 982 1754; x_wconf 87' lang='lat' dir='ltr'>Vingorniensis</span> <span class='ocrx_word' id='word_1_202' title='bbox 1027 1679 1271 1752; x_wconf 88' lang='lat' dir='ltr'>episcopi</span> <span class='ocrx_word' id='word_1_203' title='bbox 1301 1680 1405 1732; x_wconf 86' lang='lat' dir='ltr'>hac</span> <span class='ocrx_word' id='word_1_204' title='bbox 1447 1679 1516 1733; x_wconf 89' lang='lat' dir='ltr'>de</span> <span class='ocrx_word' id='word_1_205' title='bbox 1544 1695 1712 1733; x_wconf 89' lang='lat' dir='ltr'>causa</span> <span class='ocrx_word' id='word_1_206' title='bbox 1741 1665 2102 1749; x_wconf 82' lang='lat' dir='ltr'>subjectio-B</span> 
     </span>
    </p>
   </div>
   <div class='ocr_carea' id='block_1_36' title="bbox 436 1767 2040 1838">
    <p class='ocr_par' dir='ltr' id='par_1_36' title="bbox 436 1767 2040 1838">
     <span class='ocr_line' id='line_1_36' title="bbox 436 1767 2040 1838; baseline -0.002 -14"><span class='ocrx_word' id='word_1_207' title='bbox 436 1770 734 1824; x_wconf 92' lang='lat' dir='ltr'>nem.Dico</span> <span class='ocrx_word' id='word_1_208' title='bbox 765 1769 914 1823; x_wconf 88' lang='lat' dir='ltr'>enim</span> <span class='ocrx_word' id='word_1_209' title='bbox 943 1785 1132 1822; x_wconf 89' lang='lat' dir='ltr'>coram</span> <span class='ocrx_word' id='word_1_210' title='bbox 1158 1770 1272 1822; x_wconf 90' lang='lat' dir='ltr'>Deo</span> <span class='ocrx_word' id='word_1_211' title='bbox 1297 1785 1385 1822; x_wconf 92' lang='lat' dir='ltr'>me</span> <span class='ocrx_word' id='word_1_212' title='bbox 1415 1784 1703 1838; x_wconf 88' lang='lat' dir='ltr'>nunquam</span> <span class='ocrx_word' id='word_1_213' title='bbox 1733 1767 1835 1820; x_wconf 92' lang='lat' dir='ltr'>hoc</span> <span class='ocrx_word' id='word_1_214' title='bbox 1865 1767 2040 1820; x_wconf 85' lang='lat' dir='ltr'>factu-</span> 
     </span>
    </p>
   </div>
   <div class='ocr_carea' id='block_1_37' title="bbox 432 1857 2037 1931">
    <p class='ocr_par' dir='ltr' id='par_1_37' title="bbox 432 1857 2037 1931">
     <span class='ocr_line' id='line_1_37' title="bbox 432 1857 2037 1931; baseline -0.002 -18"><span class='ocrx_word' id='word_1_215' title='bbox 432 1875 581 1913; x_wconf 89' lang='lat' dir='ltr'>rum.</span> <span class='ocrx_word' id='word_1_216' title='bbox 615 1859 670 1913; x_wconf 93' lang='lat' dir='ltr'>Si</span> <span class='ocrx_word' id='word_1_217' title='bbox 701 1859 882 1931; x_wconf 85' lang='lat' dir='ltr'>placet</span> <span class='ocrx_word' id='word_1_218' title='bbox 901 1858 1077 1930; x_wconf 85' lang='lat' dir='ltr'>igitur</span> <span class='ocrx_word' id='word_1_219' title='bbox 1107 1857 1394 1911; x_wconf 86' lang='lat' dir='ltr'>sanctitati</span> <span class='ocrx_word' id='word_1_220' title='bbox 1421 1865 1636 1921; x_wconf 73' lang='lat' dir='ltr'>vestrae,</span> <span class='ocrx_word' id='word_1_221' title='bbox 1665 1862 1730 1910; x_wconf 92' lang='lat' dir='ltr'>ut</span> <span class='ocrx_word' id='word_1_222' title='bbox 1752 1857 1916 1926; x_wconf 78' lang='lat' dir='ltr'>juxta</span> <span class='ocrx_word' id='word_1_223' title='bbox 1946 1872 2037 1926; x_wconf 84' lang='lat' dir='ltr'>pe-</span> 
     </span>
    </p>
   </div>
   <div class='ocr_carea' id='block_1_38' title="bbox 437 1944 2034 2019">
    <p class='ocr_par' dir='ltr' id='par_1_38' title="bbox 437 1944 2034 2019">
     <span class='ocr_line' id='line_1_38' title="bbox 437 1944 2034 2019; baseline -0.003 -17"><span class='ocrx_word' id='word_1_224' title='bbox 437 1948 695 2002; x_wconf 88' lang='lat' dir='ltr'>titionem</span> <span class='ocrx_word' id='word_1_225' title='bbox 729 1955 981 2002; x_wconf 89' lang='lat' dir='ltr'>nostram</span> <span class='ocrx_word' id='word_1_226' title='bbox 1059 1945 1190 2019; x_wconf 81' lang='lat' dir='ltr'>[al.,</span> <span class='ocrx_word' id='word_1_227' title='bbox 1231 1944 1500 2018; x_wconf 84' lang='lat' dir='ltr'>vestram]</span> <span class='ocrx_word' id='word_1_228' title='bbox 1536 1945 1695 2000; x_wconf 92' lang='lat' dir='ltr'>nobis</span> <span class='ocrx_word' id='word_1_229' title='bbox 1741 1946 1921 1999; x_wconf 86' lang='lat' dir='ltr'>facere</span> <span class='ocrx_word' id='word_1_230' title='bbox 1949 1944 2034 2000; x_wconf 88' lang='lat' dir='ltr'>di-</span> 
     </span>
    </p>
   </div>
   <div class='ocr_carea' id='block_1_39' title="bbox 435 2035 2037 2110">
    <p class='ocr_par' dir='ltr' id='par_1_39' title="bbox 435 2035 2037 2110">
     <span class='ocr_line' id='line_1_39' title="bbox 435 2035 2037 2110; baseline 0.001 -20"><span class='ocrx_word' id='word_1_231' title='bbox 435 2037 709 2110; x_wconf 89' lang='lat' dir='ltr'>gnemini,</span> <span class='ocrx_word' id='word_1_232' title='bbox 758 2038 942 2091; x_wconf 90' lang='lat' dir='ltr'>locum</span> <span class='ocrx_word' id='word_1_233' title='bbox 990 2035 1322 2100; x_wconf 86' lang='lat' dir='ltr'>Eboracum,</span> <span class='ocrx_word' id='word_1_234' title='bbox 1356 2042 1578 2106; x_wconf 89' lang='lat' dir='ltr'>tempus</span> <span class='ocrx_word' id='word_1_235' title='bbox 1608 2035 1803 2106; x_wconf 86' lang='lat' dir='ltr'>quinto</span> <span class='ocrx_word' id='word_1_236' title='bbox 1846 2035 2037 2092; x_wconf 85' lang='lat' dir='ltr'>Nonas</span> 
     </span>
    </p>
   </div>
   <div class='ocr_carea' id='block_1_40' title="bbox 436 2124 2037 2182">
    <p class='ocr_par' dir='ltr' id='par_1_40' title="bbox 436 2124 2037 2182">
     <span class='ocr_line' id='line_1_40' title="bbox 436 2124 2037 2182; baseline -0.001 -1"><span class='ocrx_word' id='word_1_237' title='bbox 436 2127 670 2182; x_wconf 89' lang='lat' dir='ltr'>Martias</span> <span class='ocrx_word' id='word_1_238' title='bbox 700 2125 858 2180; x_wconf 91' lang='lat' dir='ltr'>nobis</span> <span class='ocrx_word' id='word_1_239' title='bbox 888 2125 1316 2180; x_wconf 88' lang='lat' dir='ltr'>immutabiliter</span> <span class='ocrx_word' id='word_1_240' title='bbox 1343 2125 1759 2180; x_wconf 89' lang='lat' dir='ltr'>constituimus.</span> <span class='ocrx_word' id='word_1_241' title='bbox 1795 2131 1850 2179; x_wconf 91' lang='lat' dir='ltr'>et</span> <span class='ocrx_word' id='word_1_242' title='bbox 1884 2124 2037 2180; x_wconf 87' lang='lat' dir='ltr'>vobis</span> 
     </span>
    </p>
   </div>
   <div class='ocr_carea' id='block_1_41' title="bbox 437 2213 2037 2288">
    <p class='ocr_par' dir='ltr' id='par_1_41' title="bbox 437 2213 2037 2288">
     <span class='ocr_line' id='line_1_41' title="bbox 437 2213 2037 2288; baseline -0.001 -19"><span class='ocrx_word' id='word_1_243' title='bbox 437 2215 839 2288; x_wconf 85' lang='lat' dir='ltr'>signiﬁcamus.</span> <span class='ocrx_word' id='word_1_244' title='bbox 876 2214 1020 2286; x_wconf 87' lang='lat' dir='ltr'>Ergo</span> <span class='ocrx_word' id='word_1_245' title='bbox 1048 2213 1213 2278; x_wconf 88' lang='lat' dir='ltr'>vivas,</span> <span class='ocrx_word' id='word_1_246' title='bbox 1247 2221 1304 2268; x_wconf 91' lang='lat' dir='ltr'>et</span> <span class='ocrx_word' id='word_1_247' title='bbox 1335 2215 1536 2279; x_wconf 87' lang='lat' dir='ltr'>valeas,</span> <span class='ocrx_word' id='word_1_248' title='bbox 1570 2219 1627 2268; x_wconf 92' lang='lat' dir='ltr'>et</span> <span class='ocrx_word' id='word_1_249' title='bbox 1655 2213 2037 2285; x_wconf 88' lang='lat' dir='ltr'>spiritualibus</span> 
     </span>
    </p>
   </div>
   <div class='ocr_carea' id='block_1_42' title="bbox 439 2304 1537 2377">
    <p class='ocr_par' dir='ltr' id='par_1_42' title="bbox 439 2304 1537 2377">
     <span class='ocr_line' id='line_1_42' title="bbox 439 2304 1537 2377; baseline -0.001 -18"><span class='ocrx_word' id='word_1_250' title='bbox 439 2305 801 2368; x_wconf 88' lang='lat' dir='ltr'>incrementis</span> <span class='ocrx_word' id='word_1_251' title='bbox 828 2321 1232 2377; x_wconf 84' lang='lat' dir='ltr'>usquequaque</span> <span class='ocrx_word' id='word_1_252' title='bbox 1261 2304 1537 2375; x_wconf 82' lang='lat' dir='ltr'>proficias.</span> 
     </span>
    </p>
   </div>
   <div class='ocr_carea' id='block_1_43' title="bbox 991 2402 1481 2458">
    <p class='ocr_par' dir='ltr' id='par_1_43' title="bbox 991 2402 1481 2458">
     <span class='ocr_line' id='line_1_43' title="bbox 991 2402 1481 2458; baseline -0.004 -1"><span class='ocrx_word' id='word_1_253' title='bbox 991 2402 1340 2458; x_wconf 81' lang='lat' dir='ltr'>EPISTOLA</span> <span class='ocrx_word' id='word_1_254' title='bbox 1358 2404 1481 2458; x_wconf 85' lang='grc' dir='ltr'>ΧΙΙ.</span> 
     </span>
    </p>
   </div>
   <div class='ocr_carea' id='block_1_44' title="bbox 438 2508 2038 2572">
    <p class='ocr_par' dir='ltr' id='par_1_44' title="bbox 438 2508 2038 2572">
     <span class='ocr_line' id='line_1_44' title="bbox 438 2508 2038 2572; baseline -0.002 -16"><span class='ocrx_word' id='word_1_255' title='bbox 438 2509 780 2572; x_wconf 57' lang='lat' dir='ltr'><strong>LANFBANCI</strong></span> <span class='ocrx_word' id='word_1_256' title='bbox 870 2510 948 2554; x_wconf 75' lang='lat' dir='ltr'><strong>AD</strong></span> <span class='ocrx_word' id='word_1_257' title='bbox 1029 2509 1354 2554; x_wconf 59' lang='grc' dir='ltr'>γυιἘΑαυκ</span> <span class='ocrx_word' id='word_1_258' title='bbox 1433 2508 1903 2562; x_wconf 70' lang='lat' dir='ltr'>WIGOBNIENSEM</span> <span class='ocrx_word' id='word_1_259' title='bbox 1961 2509 2038 2554; x_wconf 82' lang='lat' dir='ltr'>ET</span> 
     </span>
    </p>
   </div>
   <div class='ocr_carea' id='block_1_45' title="bbox 730 2589 1752 2635">
    <p class='ocr_par' dir='ltr' id='par_1_45' title="bbox 730 2589 1752 2635">
     <span class='ocr_line' id='line_1_45' title="bbox 730 2589 1752 2635; baseline -0.001 0"><span class='ocrx_word' id='word_1_260' title='bbox 730 2590 970 2635; x_wconf 75' lang='lat' dir='ltr'>PETRUM</span> <span class='ocrx_word' id='word_1_261' title='bbox 1002 2589 1392 2633; x_wconf 78' lang='lat' dir='ltr'>CESTRENSEM</span> <span class='ocrx_word' id='word_1_262' title='bbox 1426 2589 1752 2634; x_wconf 82' lang='lat' dir='ltr'>EPISCOPOS.</span> 
     </span>
    </p>
   </div>
   <div class='ocr_carea' id='block_1_46' title="bbox 451 2667 2038 2740">
    <p class='ocr_par' dir='ltr' id='par_1_46' title="bbox 451 2667 2038 2740">
     <span class='ocr_line' id='line_1_46' title="bbox 451 2667 2038 2740; baseline -0.005 -13"><span class='ocrx_word' id='word_1_263' title='bbox 451 2671 613 2727; x_wconf 87' lang='lat' dir='ltr'>Utad</span> <span class='ocrx_word' id='word_1_264' title='bbox 627 2671 979 2724; x_wconf 80' lang='lat' dir='ltr'>sacrandum</span> <span class='ocrx_word' id='word_1_265' title='bbox 1009 2668 1338 2723; x_wconf 82' lang='lat' dir='ltr'>Orchudum</span> <span class='ocrx_word' id='word_1_266' title='bbox 1362 2667 2038 2740; x_wconf 71' lang='lat' dir='ltr'>episcopumEboracum</span> 
     </span>
    </p>
   </div>
   <div class='ocr_carea' id='block_1_47' title="bbox 509 2741 2040 2811">
    <p class='ocr_par' dir='ltr' id='par_1_47' title="bbox 509 2741 2040 2811">
     <span class='ocr_line' id='line_1_47' title="bbox 509 2741 2040 2811; baseline -0.001 -15"><span class='ocrx_word' id='word_1_267' title='bbox 509 2744 588 2796; x_wconf 85' lang='lat' dir='ltr'>ad</span> <span class='ocrx_word' id='word_1_268' title='bbox 613 2741 892 2796; x_wconf 81' lang='lat' dir='ltr'>Thomam</span> <span class='ocrx_word' id='word_1_269' title='bbox 926 2741 1426 2811; x_wconf 69' lang='lat' dir='ltr'>archiepiswpum</span> <span class='ocrx_word' id='word_1_270' title='bbox 1463 2743 1925 2810; x_wconf 75' lang='lat' dir='ltr'>proﬁciscantur,</span> <span class='ocrx_word' id='word_1_271' title='bbox 1953 2747 2040 2811; x_wconf 73' lang='lat' dir='ltr'>at-</span> 
     </span>
    </p>
   </div>
   <div class='ocr_carea' id='block_1_48' title="bbox 506 2810 2036 2884">
    <p class='ocr_par' dir='ltr' id='par_1_48' title="bbox 506 2810 2036 2884">
     <span class='ocr_line' id='line_1_48' title="bbox 506 2810 2036 2884; baseline -0.001 -19"><span class='ocrx_word' id='word_1_272' title='bbox 506 2830 614 2884; x_wconf 84' lang='lat' dir='ltr'>que</span> <span class='ocrx_word' id='word_1_273' title='bbox 633 2820 692 2866; x_wconf 86' lang='lat' dir='ltr'>ut</span> <span class='ocrx_word' id='word_1_274' title='bbox 721 2814 1058 2877; x_wconf 79' lang='lat' dir='ltr'>securisint,</span> <span class='ocrx_word' id='word_1_275' title='bbox 1091 2816 1212 2884; x_wconf 70' lang='lat' dir='ltr'>ejus</span> <span class='ocrx_word' id='word_1_276' title='bbox 1251 2810 1475 2864; x_wconf 78' lang='lat' dir='ltr'>tilieras</span> <span class='ocrx_word' id='word_1_277' title='bbox 1510 2814 1686 2865; x_wconf 77' lang='lat' dir='ltr'>mittit</span> <span class='ocrx_word' id='word_1_278' title='bbox 1719 2813 1923 2882; x_wconf 79' lang='lat' dir='ltr'>quibus</span> <span class='ocrx_word' id='word_1_279' title='bbox 1964 2810 2036 2881; x_wconf 90' lang='lat' dir='ltr'>ﬁ-</span> 
     </span>
    </p>
   </div>
   <div class='ocr_carea' id='block_1_49' title="bbox 508 2883 2036 2952">
    <p class='ocr_par' dir='ltr' id='par_1_49' title="bbox 508 2883 2036 2952">
     <span class='ocr_line' id='line_1_49' title="bbox 508 2883 2036 2952; baseline -0.003 -12"><span class='ocrx_word' id='word_1_280' title='bbox 508 2883 635 2940; x_wconf 77' lang='lat' dir='ltr'>dem</span> <span class='ocrx_word' id='word_1_281' title='bbox 665 2885 831 2951; x_wconf 83' lang='lat' dir='ltr'>facit,</span> <span class='ocrx_word' id='word_1_282' title='bbox 862 2885 1096 2937; x_wconf 84' lang='lat' dir='ltr'>nullum</span> <span class='ocrx_word' id='word_1_283' title='bbox 1116 2883 1206 2936; x_wconf 74' lang='lat' dir='ltr'>illi</span> <span class='ocrx_word' id='word_1_284' title='bbox 1239 2884 1325 2937; x_wconf 83' lang='lat' dir='ltr'>vel</span> <span class='ocrx_word' id='word_1_285' title='bbox 1354 2884 1762 2937; x_wconf 71' lang='lat' dir='ltr'>successoribus</span> <span class='ocrx_word' id='word_1_286' title='bbox 1793 2885 1854 2936; x_wconf 85' lang='lat' dir='ltr'>in</span> <span class='ocrx_word' id='word_1_287' title='bbox 1889 2884 2036 2952; x_wconf 80' lang='lat' dir='ltr'>ipso-</span> 
     </span>
    </p>
   </div>
   <div class='ocr_carea' id='block_1_50' title="bbox 505 2953 1509 3026">
    <p class='ocr_par' dir='ltr' id='par_1_50' title="bbox 505 2953 1509 3026">
     <span class='ocr_line' id='line_1_50' title="bbox 505 2953 1509 3026; baseline -0.003 -15"><span class='ocrx_word' id='word_1_288' title='bbox 505 2972 638 3010; x_wconf 81' lang='lat' dir='ltr'>rum</span> <span class='ocrx_word' id='word_1_289' title='bbox 658 2955 941 3011; x_wconf 75' lang='lat' dir='ltr'>Ecclesias</span> <span class='ocrx_word' id='word_1_290' title='bbox 956 2953 1058 3022; x_wconf 83' lang='lat' dir='ltr'>jus</span> <span class='ocrx_word' id='word_1_291' title='bbox 1076 2955 1509 3026; x_wconf 77' lang='lat' dir='ltr'>acquirendum.</span> 
     </span>
    </p>
   </div>
   <div class='ocr_carea' id='block_1_51' title="bbox 2120 1703 3680 1777">
    <p class='ocr_par' dir='ltr' id='par_1_51' title="bbox 2120 1703 3680 1777">
     <span class='ocr_line' id='line_1_51' title="bbox 2120 1703 3680 1777; baseline 0.002 -20"><span class='ocrx_word' id='word_1_292' title='bbox 2120 1711 2282 1774; x_wconf 91' lang='lat' dir='ltr'>pectu</span> <span class='ocrx_word' id='word_1_293' title='bbox 2309 1703 2507 1758; x_wconf 90' lang='lat' dir='ltr'>salutis</span> <span class='ocrx_word' id='word_1_294' title='bbox 2547 1719 2702 1768; x_wconf 84' lang='lat' dir='ltr'>meae,</span> <span class='ocrx_word' id='word_1_295' title='bbox 2735 1703 2862 1757; x_wconf 70' lang='lat' dir='ltr'>vitae</span> <span class='ocrx_word' id='word_1_296' title='bbox 2882 1711 3104 1758; x_wconf 65' lang='lat' dir='ltr'>aeternae</span> <span class='ocrx_word' id='word_1_297' title='bbox 3130 1706 3594 1777; x_wconf 85' lang='lat' dir='ltr'>contemplatione,</span> <span class='ocrx_word' id='word_1_298' title='bbox 3624 1706 3680 1760; x_wconf 85' lang='lat' dir='ltr'>de</span> 
     </span>
    </p>
   </div>
   <div class='ocr_carea' id='block_1_52' title="bbox 2120 1792 3682 1866">
    <p class='ocr_par' dir='ltr' id='par_1_52' title="bbox 2120 1792 3682 1866">
     <span class='ocr_line' id='line_1_52' title="bbox 2120 1792 3682 1866; baseline 0 -19"><span class='ocrx_word' id='word_1_299' title='bbox 2120 1793 2313 1847; x_wconf 89' lang='lat' dir='ltr'>anima</span> <span class='ocrx_word' id='word_1_300' title='bbox 2337 1809 2460 1847; x_wconf 89' lang='lat' dir='ltr'>mea</span> <span class='ocrx_word' id='word_1_301' title='bbox 2484 1792 2918 1846; x_wconf 84' lang='lat' dir='ltr'>sollicitudinem</span> <span class='ocrx_word' id='word_1_302' title='bbox 2947 1800 3130 1862; x_wconf 88' lang='lat' dir='ltr'>gerat,</span> <span class='ocrx_word' id='word_1_303' title='bbox 3143 1795 3191 1848; x_wconf 89' lang='lat' dir='ltr'>si</span> <span class='ocrx_word' id='word_1_304' title='bbox 3224 1812 3310 1861; x_wconf 88' lang='lat' dir='ltr'>ea,</span> <span class='ocrx_word' id='word_1_305' title='bbox 3344 1813 3460 1866; x_wconf 68' lang='lat' dir='ltr'>quae</span> <span class='ocrx_word' id='word_1_306' title='bbox 3482 1795 3544 1849; x_wconf 91' lang='lat' dir='ltr'>de</span> <span class='ocrx_word' id='word_1_307' title='bbox 3569 1795 3682 1848; x_wconf 82' lang='lat' dir='ltr'>acti-</span> 
     </span>
    </p>
   </div>
   <div class='ocr_carea' id='block_1_53' title="bbox 2121 1881 3680 1952">
    <p class='ocr_par' dir='ltr' id='par_1_53' title="bbox 2121 1881 3680 1952">
     <span class='ocr_line' id='line_1_53' title="bbox 2121 1881 3680 1952; baseline 0 -16"><span class='ocrx_word' id='word_1_308' title='bbox 2121 1881 2224 1936; x_wconf 91' lang='lat' dir='ltr'>bus</span> <span class='ocrx_word' id='word_1_309' title='bbox 2247 1881 2384 1936; x_wconf 88' lang='lat' dir='ltr'>meis</span> <span class='ocrx_word' id='word_1_310' title='bbox 2410 1881 2516 1936; x_wconf 90' lang='lat' dir='ltr'>sibi</span> <span class='ocrx_word' id='word_1_311' title='bbox 2545 1881 2858 1952; x_wconf 87' lang='lat' dir='ltr'>displicent,</span> <span class='ocrx_word' id='word_1_312' title='bbox 2884 1881 3092 1952; x_wconf 85' lang='lat' dir='ltr'>pietate</span> <span class='ocrx_word' id='word_1_313' title='bbox 3124 1890 3308 1938; x_wconf 88' lang='lat' dir='ltr'>motus</span> <span class='ocrx_word' id='word_1_314' title='bbox 3331 1884 3562 1938; x_wconf 88' lang='lat' dir='ltr'>indicare</span> <span class='ocrx_word' id='word_1_315' title='bbox 3583 1900 3680 1938; x_wconf 88' lang='lat' dir='ltr'>non</span> 
     </span>
    </p>
   </div>
   <div class='ocr_carea' id='block_1_54' title="bbox 2121 1959 3683 2044">
    <p class='ocr_par' dir='ltr' id='par_1_54' title="bbox 2121 1959 3683 2044">
     <span class='ocr_line' id='line_1_54' title="bbox 2121 1959 3683 2044; baseline 0 -18"><span class='ocrx_word' id='word_1_316' title='bbox 2121 1959 2360 2038; x_wconf 73' lang='lat' dir='ltr'>differat,</span> <span class='ocrx_word' id='word_1_317' title='bbox 2389 1972 2435 2025; x_wconf 89' lang='lat' dir='ltr'>si</span> <span class='ocrx_word' id='word_1_318' title='bbox 2455 1971 2622 2025; x_wconf 84' lang='lat' dir='ltr'>aliter</span> <span class='ocrx_word' id='word_1_319' title='bbox 2645 1987 2736 2024; x_wconf 91' lang='lat' dir='ltr'>me</span> <span class='ocrx_word' id='word_1_320' title='bbox 2757 1971 3038 2041; x_wconf 86' lang='lat' dir='ltr'>corrigere</span> <span class='ocrx_word' id='word_1_321' title='bbox 3058 1988 3170 2026; x_wconf 92' lang='lat' dir='ltr'>non</span> <span class='ocrx_word' id='word_1_322' title='bbox 3184 1979 3368 2043; x_wconf 89' lang='lat' dir='ltr'>potest</span> <span class='ocrx_word' id='word_1_323' title='bbox 3392 1973 3560 2026; x_wconf 89' lang='lat' dir='ltr'>verbis</span> <span class='ocrx_word' id='word_1_324' title='bbox 3570 1989 3683 2044; x_wconf 85' lang='lat' dir='ltr'>quo-</span> 
     </span>
    </p>
   </div>
   <div class='ocr_carea' id='block_1_55' title="bbox 2120 2060 3683 2133">
    <p class='ocr_par' dir='ltr' id='par_1_55' title="bbox 2120 2060 3683 2133">
     <span class='ocr_line' id='line_1_55' title="bbox 2120 2060 3683 2133; baseline -0.001 -17"><span class='ocrx_word' id='word_1_325' title='bbox 2120 2079 2228 2133; x_wconf 88' lang='lat' dir='ltr'>que</span> <span class='ocrx_word' id='word_1_326' title='bbox 2257 2061 2557 2132; x_wconf 86' lang='lat' dir='ltr'>objurgare</span> <span class='ocrx_word' id='word_1_327' title='bbox 2586 2065 3057 2132; x_wconf 63' lang='lat' dir='ltr'>praesentem,aut</span> <span class='ocrx_word' id='word_1_328' title='bbox 3085 2061 3288 2115; x_wconf 87' lang='lat' dir='ltr'>litteris</span> <span class='ocrx_word' id='word_1_329' title='bbox 3308 2063 3579 2132; x_wconf 87' lang='lat' dir='ltr'>increpare</span> <span class='ocrx_word' id='word_1_330' title='bbox 3599 2060 3683 2114; x_wconf 88' lang='lat' dir='ltr'>ab-</span> 
     </span>
    </p>
   </div>
   <div class='ocr_carea' id='block_1_56' title="bbox 2120 2149 3683 2221">
    <p class='ocr_par' dir='ltr' id='par_1_56' title="bbox 2120 2149 3683 2221">
     <span class='ocr_line' id='line_1_56' title="bbox 2120 2149 3683 2221; baseline -0.001 -17"><span class='ocrx_word' id='word_1_331' title='bbox 2120 2159 2335 2204; x_wconf 90' lang='lat' dir='ltr'>sentem</span> <span class='ocrx_word' id='word_1_332' title='bbox 2360 2167 2471 2204; x_wconf 92' lang='lat' dir='ltr'>non</span> <span class='ocrx_word' id='word_1_333' title='bbox 2488 2150 2755 2220; x_wconf 83' lang='lat' dir='ltr'>negligat,</span> <span class='ocrx_word' id='word_1_334' title='bbox 2784 2149 2882 2203; x_wconf 91' lang='lat' dir='ltr'>sed</span> <span class='ocrx_word' id='word_1_335' title='bbox 2901 2149 3119 2204; x_wconf 91' lang='lat' dir='ltr'>amicus</span> <span class='ocrx_word' id='word_1_336' title='bbox 3134 2151 3323 2221; x_wconf 89' lang='lat' dir='ltr'>potius</span> <span class='ocrx_word' id='word_1_337' title='bbox 3353 2168 3387 2204; x_wconf 88' lang='lat' dir='ltr'>a</span> <span class='ocrx_word' id='word_1_338' title='bbox 3414 2167 3500 2204; x_wconf 87' lang='lat' dir='ltr'>me</span> <span class='ocrx_word' id='word_1_339' title='bbox 3521 2151 3683 2220; x_wconf 85' lang='lat' dir='ltr'>justus</span> 
     </span>
    </p>
   </div>
   <div class='ocr_carea' id='block_1_57' title="bbox 2120 2239 3684 2311">
    <p class='ocr_par' dir='ltr' id='par_1_57' title="bbox 2120 2239 3684 2311">
     <span class='ocr_line' id='line_1_57' title="bbox 2120 2239 3684 2311; baseline -0.001 -17"><span class='ocrx_word' id='word_1_340' title='bbox 2120 2240 2534 2295; x_wconf 84' lang='lat' dir='ltr'>existimabitur</span> <span class='ocrx_word' id='word_1_341' title='bbox 2543 2239 2638 2310; x_wconf 90' lang='lat' dir='ltr'>qui</span> <span class='ocrx_word' id='word_1_342' title='bbox 2650 2239 2708 2292; x_wconf 89' lang='lat' dir='ltr'>in</span> <span class='ocrx_word' id='word_1_343' title='bbox 2729 2239 3112 2294; x_wconf 87' lang='lat' dir='ltr'>misericordia</span> <span class='ocrx_word' id='word_1_344' title='bbox 3122 2240 3358 2311; x_wconf 88' lang='lat' dir='ltr'>corripit</span> <span class='ocrx_word' id='word_1_345' title='bbox 3368 2257 3454 2294; x_wconf 91' lang='lat' dir='ltr'>me</span> <span class='ocrx_word' id='word_1_346' title='bbox 3466 2246 3518 2294; x_wconf 91' lang='lat' dir='ltr'>et</span> <span class='ocrx_word' id='word_1_347' title='bbox 3528 2239 3684 2293; x_wconf 89' lang='lat' dir='ltr'>incre-</span> 
     </span>
    </p>
   </div>
   <div class='ocr_carea' id='block_1_58' title="bbox 2120 2329 3686 2401">
    <p class='ocr_par' dir='ltr' id='par_1_58' title="bbox 2120 2329 3686 2401">
     <span class='ocr_line' id='line_1_58' title="bbox 2120 2329 3686 2401; baseline -0.001 -18"><span class='ocrx_word' id='word_1_348' title='bbox 2120 2336 2235 2401; x_wconf 90' lang='lat' dir='ltr'>pat;</span> <span class='ocrx_word' id='word_1_349' title='bbox 2258 2330 2433 2384; x_wconf 83' lang='lat' dir='ltr'>hostis</span> <span class='ocrx_word' id='word_1_350' title='bbox 2447 2336 2635 2384; x_wconf 91' lang='lat' dir='ltr'>autem</span> <span class='ocrx_word' id='word_1_351' title='bbox 2649 2329 3028 2400; x_wconf 89' lang='lat' dir='ltr'>peccator.qui</span> <span class='ocrx_word' id='word_1_352' title='bbox 3047 2330 3170 2383; x_wconf 91' lang='lat' dir='ltr'>oleo</span> <span class='ocrx_word' id='word_1_353' title='bbox 3185 2346 3365 2400; x_wconf 62' lang='lat' dir='ltr'>prava;</span> <span class='ocrx_word' id='word_1_354' title='bbox 3379 2329 3686 2383; x_wconf 86' lang='lat' dir='ltr'>adulationis</span> 
     </span>
    </p>
   </div>
   <div class='ocr_carea' id='block_1_59' title="bbox 2120 2418 3684 2490">
    <p class='ocr_par' dir='ltr' id='par_1_59' title="bbox 2120 2418 3684 2490">
     <span class='ocr_line' id='line_1_59' title="bbox 2120 2418 3684 2490; baseline -0.002 -17"><span class='ocrx_word' id='word_1_355' title='bbox 2120 2426 2289 2490; x_wconf 79' lang='lat' dir='ltr'>caput</span> <span class='ocrx_word' id='word_1_356' title='bbox 2309 2435 2495 2473; x_wconf 90' lang='lat' dir='ltr'>meum</span> <span class='ocrx_word' id='word_1_357' title='bbox 2521 2426 2620 2472; x_wconf 89' lang='lat' dir='ltr'>aut</span> <span class='ocrx_word' id='word_1_358' title='bbox 2641 2419 2975 2489; x_wconf 86' lang='lat' dir='ltr'>impinguat,</span> <span class='ocrx_word' id='word_1_359' title='bbox 2991 2424 3090 2474; x_wconf 89' lang='lat' dir='ltr'>aut</span> <span class='ocrx_word' id='word_1_360' title='bbox 3105 2419 3458 2489; x_wconf 84' lang='lat' dir='ltr'>impinguare</span> <span class='ocrx_word' id='word_1_361' title='bbox 3471 2418 3684 2471; x_wconf 86' lang='lat' dir='ltr'>laborat.</span> 
     </span>
    </p>
   </div>
   <div class='ocr_carea' id='block_1_60' title="bbox 2192 2506 3687 2579">
    <p class='ocr_par' dir='ltr' id='par_1_60' title="bbox 2192 2506 3687 2579">
     <span class='ocr_line' id='line_1_60' title="bbox 2192 2506 3687 2579; baseline -0.002 -17"><span class='ocrx_word' id='word_1_362' title='bbox 2192 2508 2474 2579; x_wconf 90' lang='lat' dir='ltr'>Quidquid</span> <span class='ocrx_word' id='word_1_363' title='bbox 2507 2525 2635 2562; x_wconf 87' lang='lat' dir='ltr'>vero</span> <span class='ocrx_word' id='word_1_364' title='bbox 2667 2509 2934 2562; x_wconf 86' lang='lat' dir='ltr'>sanctitas</span> <span class='ocrx_word' id='word_1_365' title='bbox 2965 2513 3151 2562; x_wconf 88' lang='lat' dir='ltr'>vestra</span> <span class='ocrx_word' id='word_1_366' title='bbox 3180 2509 3252 2562; x_wconf 88' lang='lat' dir='ltr'>de</span> <span class='ocrx_word' id='word_1_367' title='bbox 3295 2508 3438 2562; x_wconf 89' lang='lat' dir='ltr'>stola</span> <span class='ocrx_word' id='word_1_368' title='bbox 3471 2506 3687 2577; x_wconf 85' lang='lat' dir='ltr'>scripsit,</span> 
     </span>
    </p>
   </div>
   <div class='ocr_carea' id='block_1_61' title="bbox 2120 2593 3688 2668">
    <p class='ocr_par' dir='ltr' id='par_1_61' title="bbox 2120 2593 3688 2668">
     <span class='ocr_line' id='line_1_61' title="bbox 2120 2593 3688 2668; baseline -0.003 -17"><span class='ocrx_word' id='word_1_369' title='bbox 2120 2598 2361 2652; x_wconf 89' lang='lat' dir='ltr'>multum</span> <span class='ocrx_word' id='word_1_370' title='bbox 2396 2597 2535 2650; x_wconf 91' lang='lat' dir='ltr'>mihi</span> <span class='ocrx_word' id='word_1_371' title='bbox 2566 2597 2794 2667; x_wconf 81' lang='lat' dir='ltr'>placuit,</span> <span class='ocrx_word' id='word_1_372' title='bbox 2827 2613 2929 2650; x_wconf 91' lang='lat' dir='ltr'>nec</span> <span class='ocrx_word' id='word_1_373' title='bbox 2971 2613 3226 2668; x_wconf 81' lang='lat' dir='ltr'>unquam</span> <span class='ocrx_word' id='word_1_374' title='bbox 3265 2595 3575 2666; x_wconf 84' lang='lat' dir='ltr'>displicuit;</span> <span class='ocrx_word' id='word_1_375' title='bbox 3605 2593 3688 2648; x_wconf 86' lang='lat' dir='ltr'>sed</span> 
     </span>
    </p>
   </div>
   <div class='ocr_carea' id='block_1_62' title="bbox 2121 2684 3692 2758">
    <p class='ocr_par' dir='ltr' id='par_1_62' title="bbox 2121 2684 3692 2758">
     <span class='ocr_line' id='line_1_62' title="bbox 2121 2684 3692 2758; baseline -0.003 -18"><span class='ocrx_word' id='word_1_376' title='bbox 2121 2687 2269 2756; x_wconf 89' lang='lat' dir='ltr'>quod</span> <span class='ocrx_word' id='word_1_377' title='bbox 2290 2686 2594 2757; x_wconf 82' lang='lat' dir='ltr'>subjunxit,</span> <span class='ocrx_word' id='word_1_378' title='bbox 2624 2688 2757 2758; x_wconf 87' lang='lat' dir='ltr'>quia</span> <span class='ocrx_word' id='word_1_379' title='bbox 2779 2687 2847 2740; x_wconf 90' lang='lat' dir='ltr'>ad</span> <span class='ocrx_word' id='word_1_380' title='bbox 2877 2687 3249 2740; x_wconf 87' lang='lat' dir='ltr'>dedicandam</span> <span class='ocrx_word' id='word_1_381' title='bbox 3281 2685 3560 2740; x_wconf 87' lang='lat' dir='ltr'>ecclesiam</span> <span class='ocrx_word' id='word_1_382' title='bbox 3590 2684 3692 2754; x_wconf 86' lang='lat' dir='ltr'>epi-</span> 
     </span>
    </p>
   </div>
   <div class='ocr_carea' id='block_1_63' title="bbox 2120 2772 3692 2847">
    <p class='ocr_par' dir='ltr' id='par_1_63' title="bbox 2120 2772 3692 2847">
     <span class='ocr_line' id='line_1_63' title="bbox 2120 2772 3692 2847; baseline -0.003 -19"><span class='ocrx_word' id='word_1_383' title='bbox 2120 2790 2322 2846; x_wconf 91' lang='lat' dir='ltr'>scopus</span> <span class='ocrx_word' id='word_1_384' title='bbox 2347 2792 2708 2847; x_wconf 91' lang='lat' dir='ltr'>processurus</span> <span class='ocrx_word' id='word_1_385' title='bbox 2737 2775 2908 2829; x_wconf 92' lang='lat' dir='ltr'>sacris</span> <span class='ocrx_word' id='word_1_386' title='bbox 2948 2775 3215 2841; x_wconf 88' lang='lat' dir='ltr'>vestibus,</span> <span class='ocrx_word' id='word_1_387' title='bbox 3259 2792 3323 2829; x_wconf 77' lang='lat' dir='ltr'>ex</span> <span class='ocrx_word' id='word_1_388' title='bbox 3367 2772 3692 2828; x_wconf 89' lang='lat' dir='ltr'>institutione</span> 
     </span>
    </p>
   </div>
   <div class='ocr_carea' id='block_1_64' title="bbox 2121 2861 3692 2936">
    <p class='ocr_par' dir='ltr' id='par_1_64' title="bbox 2121 2861 3692 2936">
     <span class='ocr_line' id='line_1_64' title="bbox 2121 2861 3692 2936; baseline -0.001 -20"><span class='ocrx_word' id='word_1_389' title='bbox 2121 2864 2451 2936; x_wconf 86' lang='lat' dir='ltr'>episcopalis</span> <span class='ocrx_word' id='word_1_390' title='bbox 2501 2865 2715 2919; x_wconf 90' lang='lat' dir='ltr'>ordinis</span> <span class='ocrx_word' id='word_1_391' title='bbox 2743 2862 2943 2918; x_wconf 87' lang='lat' dir='ltr'>debeat</span> <span class='ocrx_word' id='word_1_392' title='bbox 2987 2881 3108 2918; x_wconf 90' lang='lat' dir='ltr'>esse</span> <span class='ocrx_word' id='word_1_393' title='bbox 3151 2863 3406 2927; x_wconf 89' lang='lat' dir='ltr'>indutus,</span> <span class='ocrx_word' id='word_1_394' title='bbox 3447 2869 3603 2932; x_wconf 85' lang='lat' dir='ltr'>atque</span> <span class='ocrx_word' id='word_1_395' title='bbox 3645 2861 3692 2914; x_wconf 88' lang='lat' dir='ltr'>in</span> 
     </span>
    </p>
   </div>
   <div class='ocr_carea' id='block_1_65' title="bbox 2052 2953 3698 3054">
    <p class='ocr_par' dir='ltr' id='par_1_65' title="bbox 2052 2953 3698 3054">
     <span class='ocr_line' id='line_1_65' title="bbox 2052 2953 3698 3054; baseline -0.003 -47"><span class='ocrx_word' id='word_1_396' title='bbox 2052 2994 2096 3054; x_wconf 68' lang='grc' dir='ltr'>Ο</span> <span class='ocrx_word' id='word_1_397' title='bbox 2119 2955 2461 3025; x_wconf 85' lang='lat' dir='ltr'>expositione</span> <span class='ocrx_word' id='word_1_398' title='bbox 2490 2955 2740 3027; x_wconf 88' lang='lat' dir='ltr'>ipsarum</span> <span class='ocrx_word' id='word_1_399' title='bbox 2767 2970 3052 3008; x_wconf 88' lang='lat' dir='ltr'>sacrarum</span> <span class='ocrx_word' id='word_1_400' title='bbox 3082 2954 3327 3008; x_wconf 86' lang='lat' dir='ltr'>vestium</span> <span class='ocrx_word' id='word_1_401' title='bbox 3359 2953 3592 3007; x_wconf 86' lang='lat' dir='ltr'>casulam</span> <span class='ocrx_word' id='word_1_402' title='bbox 3617 2966 3698 3020; x_wconf 91' lang='lat' dir='ltr'>po-</span> 
     </span>
    </p>
   </div>
   <div class='ocr_carea' id='block_1_66' title="bbox 505 3042 3696 3118">
    <p class='ocr_par' dir='ltr' id='par_1_66' title="bbox 505 3042 3696 3118">
     <span class='ocr_line' id='line_1_66' title="bbox 505 3042 3696 3118; baseline -0.002 -18"><span class='ocrx_word' id='word_1_403' title='bbox 505 3046 878 3118; x_wconf 51' lang='lat' dir='ltr'>LsNFachus</span> <span class='ocrx_word' id='word_1_404' title='bbox 932 3043 1034 3098; x_wconf 86' lang='lat' dir='ltr'>Dei</span> <span class='ocrx_word' id='word_1_405' title='bbox 1088 3043 1276 3113; x_wconf 87' lang='lat' dir='ltr'>gratia</span> <span class='ocrx_word' id='word_1_406' title='bbox 1329 3049 1536 3099; x_wconf 62' lang='lat' dir='ltr'>sanctae</span> <span class='ocrx_word' id='word_1_407' title='bbox 1591 3042 2252 3110; x_wconf 52' lang='lat' dir='ltr'>Dorobernensisvsuit,</span> <span class='ocrx_word' id='word_1_408' title='bbox 2285 3045 2440 3098; x_wconf 90' lang='lat' dir='ltr'>valde</span> <span class='ocrx_word' id='word_1_409' title='bbox 2470 3044 2682 3116; x_wconf 87' lang='lat' dir='ltr'>stupui,</span> <span class='ocrx_word' id='word_1_410' title='bbox 2732 3043 2861 3114; x_wconf 87' lang='lat' dir='ltr'>quia</span> <span class='ocrx_word' id='word_1_411' title='bbox 2895 3043 3004 3098; x_wconf 83' lang='lat' dir='ltr'>tale</span> <span class='ocrx_word' id='word_1_412' title='bbox 3045 3043 3264 3114; x_wconf 89' lang='lat' dir='ltr'>aliquid</span> <span class='ocrx_word' id='word_1_413' title='bbox 3296 3059 3386 3097; x_wconf 90' lang='lat' dir='ltr'>me</span> <span class='ocrx_word' id='word_1_414' title='bbox 3433 3056 3696 3112; x_wconf 85' lang='lat' dir='ltr'>nunquam</span> 
     </span>
    </p>
   </div>
   <div class='ocr_carea' id='block_1_67' title="bbox 431 3133 2034 3205">
    <p class='ocr_par' dir='ltr' id='par_1_67' title="bbox 431 3133 2034 3205">
     <span class='ocr_line' id='line_1_67' title="bbox 431 3133 2034 3205; baseline -0.003 -15"><span class='ocrx_word' id='word_1_415' title='bbox 431 3133 696 3204; x_wconf 71' lang='lat' dir='ltr'>Ecclesiae</span> <span class='ocrx_word' id='word_1_416' title='bbox 743 3133 1216 3205; x_wconf 78' lang='lat' dir='ltr'>archiepiscopus,</span> <span class='ocrx_word' id='word_1_417' title='bbox 1285 3133 1699 3189; x_wconf 87' lang='lat' dir='ltr'>venerabilibus</span> <span class='ocrx_word' id='word_1_418' title='bbox 1766 3133 2034 3187; x_wconf 83' lang='lat' dir='ltr'>fratribus</span> 
     </span>
    </p>
   </div>
   <div class='ocr_carea' id='block_1_68' title="bbox 430 3220 2031 3296">
    <p class='ocr_par' dir='ltr' id='par_1_68' title="bbox 430 3220 2031 3296">
     <span class='ocr_line' id='line_1_68' title="bbox 430 3220 2031 3296; baseline -0.002 -17"><span class='ocrx_word' id='word_1_419' title='bbox 430 3224 704 3296; x_wconf 56' lang='lat' dir='ltr'>Vutrano</span> <span class='ocrx_word' id='word_1_420' title='bbox 741 3221 870 3296; x_wconf 80' lang='lat' dir='ltr'>[al.,</span> <span class='ocrx_word' id='word_1_421' title='bbox 909 3220 1303 3295; x_wconf 67' lang='lat' dir='ltr'>Wutrsnno]</span> <span class='ocrx_word' id='word_1_422' title='bbox 1343 3221 1728 3292; x_wconf 86' lang='lat' dir='ltr'>Wigorniensi</span> <span class='ocrx_word' id='word_1_423' title='bbox 1760 3229 1816 3276; x_wconf 90' lang='lat' dir='ltr'>et</span> <span class='ocrx_word' id='word_1_424' title='bbox 1842 3225 2031 3278; x_wconf 70' lang='lat' dir='ltr'>Ps&#39;mo</span> 
     </span>
    </p>
   </div>
   <div class='ocr_carea' id='block_1_69' title="bbox 433 3311 1310 3382">
    <p class='ocr_par' dir='ltr' id='par_1_69' title="bbox 433 3311 1310 3382">
     <span class='ocr_line' id='line_1_69' title="bbox 433 3311 1310 3382; baseline -0.003 -15"><span class='ocrx_word' id='word_1_425' title='bbox 433 3312 716 3382; x_wconf 67' lang='lat' dir='ltr'>castrensi</span> <span class='ocrx_word' id='word_1_426' title='bbox 736 3311 1030 3382; x_wconf 81' lang='lat' dir='ltr'>episcopis,</span> <span class='ocrx_word' id='word_1_427' title='bbox 1055 3312 1310 3366; x_wconf 84' lang='lat' dir='ltr'>salutem.</span> 
     </span>
    </p>
   </div>
   <div class='ocr_carea' id='block_1_70' title="bbox 502 3399 2034 3468">
    <p class='ocr_par' dir='ltr' id='par_1_70' title="bbox 502 3399 2034 3468">
     <span class='ocr_line' id='line_1_70' title="bbox 502 3399 2034 3468; baseline -0.002 -10"><span class='ocrx_word' id='word_1_428' title='bbox 502 3405 688 3468; x_wconf 55' lang='lat'>30!</span> <span class='ocrx_word' id='word_1_429' title='bbox 725 3400 1036 3456; x_wconf 89' lang='lat' dir='ltr'>Insinuavit</span> <span class='ocrx_word' id='word_1_430' title='bbox 1079 3399 1238 3455; x_wconf 90' lang='lat' dir='ltr'>nobis</span> <span class='ocrx_word' id='word_1_431' title='bbox 1268 3399 1599 3455; x_wconf 84' lang='lat' dir='ltr'>venerabilis</span> <span class='ocrx_word' id='word_1_432' title='bbox 1631 3401 1808 3455; x_wconf 85' lang='lat' dir='ltr'>frater</span> <span class='ocrx_word' id='word_1_433' title='bbox 1840 3406 2034 3456; x_wconf 82' lang='lat' dir='ltr'>noster</span> 
     </span>
    </p>
   </div>
   <div class='ocr_carea' id='block_1_71' title="bbox 428 3489 2030 3562">
    <p class='ocr_par' dir='ltr' id='par_1_71' title="bbox 428 3489 2030 3562">
     <span class='ocr_line' id='line_1_71' title="bbox 428 3489 2030 3562; baseline -0.002 -14"><span class='ocrx_word' id='word_1_434' title='bbox 428 3489 674 3558; x_wconf 81' lang='lat' dir='ltr'>Thomas</span> <span class='ocrx_word' id='word_1_435' title='bbox 725 3489 1093 3546; x_wconf 83' lang='lat' dir='ltr'>Eboracensis</span> <span class='ocrx_word' id='word_1_436' title='bbox 1139 3490 1592 3562; x_wconf 87' lang='lat' dir='ltr'>archiepiscopus</span> <span class='ocrx_word' id='word_1_437' title='bbox 1621 3490 1913 3544; x_wconf 83' lang='lat' dir='ltr'>advenisse</span> <span class='ocrx_word' id='word_1_438' title='bbox 1961 3492 2030 3544; x_wconf 92' lang='lat' dir='ltr'>de</span> 
     </span>
    </p>
   </div>
   <div class='ocr_carea' id='block_1_72' title="bbox 433 3569 2029 3651">
    <p class='ocr_par' dir='ltr' id='par_1_72' title="bbox 433 3569 2029 3651">
     <span class='ocr_line' id='line_1_72' title="bbox 433 3569 2029 3651; baseline 0 -17"><span class='ocrx_word' id='word_1_439' title='bbox 433 3569 758 3648; x_wconf 84' lang='lat' dir='ltr'>Orchadum</span> <span class='ocrx_word' id='word_1_440' title='bbox 802 3579 1000 3634; x_wconf 90' lang='lat' dir='ltr'>insulis</span> <span class='ocrx_word' id='word_1_441' title='bbox 1025 3579 1096 3633; x_wconf 90' lang='lat' dir='ltr'>ad</span> <span class='ocrx_word' id='word_1_442' title='bbox 1125 3596 1184 3634; x_wconf 88' lang='lat' dir='ltr'>se</span> <span class='ocrx_word' id='word_1_443' title='bbox 1215 3579 1515 3650; x_wconf 79' lang='lat' dir='ltr'>quamdam</span> <span class='ocrx_word' id='word_1_444' title='bbox 1545 3579 1828 3644; x_wconf 88' lang='lat' dir='ltr'>clericum,</span> <span class='ocrx_word' id='word_1_445' title='bbox 1862 3597 2029 3651; x_wconf 91' lang='lat' dir='ltr'>quem</span> 
     </span>
    </p>
   </div>
   <div class='ocr_carea' id='block_1_73' title="bbox 429 3668 2031 3741">
    <p class='ocr_par' dir='ltr' id='par_1_73' title="bbox 429 3668 2031 3741">
     <span class='ocr_line' id='line_1_73' title="bbox 429 3668 2031 3741; baseline 0.001 -19"><span class='ocrx_word' id='word_1_446' title='bbox 429 3669 501 3724; x_wconf 88' lang='lat' dir='ltr'>in</span> <span class='ocrx_word' id='word_1_447' title='bbox 513 3669 836 3741; x_wconf 84' lang='lat' dir='ltr'>episcopatu</span> <span class='ocrx_word' id='word_1_448' title='bbox 865 3668 1043 3739; x_wconf 83' lang='lat' dir='ltr'>ipsius</span> <span class='ocrx_word' id='word_1_449' title='bbox 1061 3668 1614 3740; x_wconf 65' lang='lat' dir='ltr'>terrae,przecipiente</span> <span class='ocrx_word' id='word_1_450' title='bbox 1631 3675 1688 3723; x_wconf 90' lang='lat' dir='ltr'>et</span> <span class='ocrx_word' id='word_1_451' title='bbox 1711 3669 2031 3724; x_wconf 88' lang='lat' dir='ltr'>insinuante</span> 
     </span>
    </p>
   </div>
   <div class='ocr_carea' id='block_1_74' title="bbox 432 3758 2030 3830">
    <p class='ocr_par' dir='ltr' id='par_1_74' title="bbox 432 3758 2030 3830">
     <span class='ocr_line' id='line_1_74' title="bbox 432 3758 2030 3830; baseline 0.001 -17"><span class='ocrx_word' id='word_1_452' title='bbox 432 3758 606 3814; x_wconf 87' lang='lat' dir='ltr'>Paulo</span> <span class='ocrx_word' id='word_1_453' title='bbox 660 3759 884 3823; x_wconf 84' lang='lat' dir='ltr'>comite,</span> <span class='ocrx_word' id='word_1_454' title='bbox 933 3764 1175 3814; x_wconf 79' lang='lat' dir='ltr'>testatur</span> <span class='ocrx_word' id='word_1_455' title='bbox 1220 3775 1342 3814; x_wconf 89' lang='lat' dir='ltr'>esse</span> <span class='ocrx_word' id='word_1_456' title='bbox 1375 3759 1635 3813; x_wconf 88' lang='lat' dir='ltr'>electum.</span> <span class='ocrx_word' id='word_1_457' title='bbox 1671 3760 1740 3814; x_wconf 83' lang='lat' dir='ltr'>Et</span> <span class='ocrx_word' id='word_1_458' title='bbox 1768 3760 1920 3830; x_wconf 89' lang='lat' dir='ltr'>quia,</span> <span class='ocrx_word' id='word_1_459' title='bbox 1963 3777 2030 3814; x_wconf 84' lang='lat' dir='ltr'>ex</span> 
     </span>
    </p>
   </div>
   <div class='ocr_carea' id='block_1_75' title="bbox 430 3848 2028 3920">
    <p class='ocr_par' dir='ltr' id='par_1_75' title="bbox 430 3848 2028 3920">
     <span class='ocr_line' id='line_1_75' title="bbox 430 3848 2028 3920; baseline -0.003 -13"><span class='ocrx_word' id='word_1_460' title='bbox 430 3848 664 3920; x_wconf 73' lang='lat' dir='ltr'>antiquo</span> <span class='ocrx_word' id='word_1_461' title='bbox 695 3865 870 3914; x_wconf 85' lang='lat' dir='ltr'>more,</span> <span class='ocrx_word' id='word_1_462' title='bbox 911 3848 1012 3904; x_wconf 70' lang='lat' dir='ltr'>sui,</span> <span class='ocrx_word' id='word_1_463' title='bbox 1037 3849 1185 3918; x_wconf 81' lang='lat' dir='ltr'>juris</span> <span class='ocrx_word' id='word_1_464' title='bbox 1214 3854 1301 3904; x_wconf 91' lang='lat' dir='ltr'>est</span> <span class='ocrx_word' id='word_1_465' title='bbox 1327 3849 1682 3920; x_wconf 72' lang='lat' dir='ltr'>prmtatarum</span> <span class='ocrx_word' id='word_1_466' title='bbox 1715 3849 2028 3904; x_wconf 90' lang='lat' dir='ltr'>insularum</span> 
     </span>
    </p>
   </div>
   <div class='ocr_carea' id='block_1_76' title="bbox 428 3938 2026 4010">
    <p class='ocr_par' dir='ltr' id='par_1_76' title="bbox 428 3938 2026 4010">
     <span class='ocr_line' id='line_1_76' title="bbox 428 3938 2026 4010; baseline 0.001 -17"><span class='ocrx_word' id='word_1_467' title='bbox 428 3939 694 4010; x_wconf 68' lang='lat' dir='ltr'>presules</span> <span class='ocrx_word' id='word_1_468' title='bbox 724 3954 1072 4000; x_wconf 82' lang='lat' dir='ltr'>consecrare,</span> <span class='ocrx_word' id='word_1_469' title='bbox 1105 3938 1269 4009; x_wconf 89' lang='lat' dir='ltr'>petiit</span> <span class='ocrx_word' id='word_1_470' title='bbox 1296 3955 1332 3992; x_wconf 90' lang='lat' dir='ltr'>a</span> <span class='ocrx_word' id='word_1_471' title='bbox 1355 3956 1443 3993; x_wconf 87' lang='lat' dir='ltr'>me</span> <span class='ocrx_word' id='word_1_472' title='bbox 1475 3947 1538 3994; x_wconf 91' lang='lat' dir='ltr'>ut</span> <span class='ocrx_word' id='word_1_473' title='bbox 1569 3940 1786 3993; x_wconf 87' lang='lat' dir='ltr'>mittam</span> <span class='ocrx_word' id='word_1_474' title='bbox 1822 3939 1928 3994; x_wconf 91' lang='lat' dir='ltr'>sibi</span> <span class='ocrx_word' id='word_1_475' title='bbox 1956 3940 2026 3994; x_wconf 91' lang='lat' dir='ltr'>de</span> 
     </span>
    </p>
   </div>
   <div class='ocr_carea' id='block_1_77' title="bbox 427 4027 2025 4099">
    <p class='ocr_par' dir='ltr' id='par_1_77' title="bbox 427 4027 2025 4099">
     <span class='ocr_line' id='line_1_77' title="bbox 427 4027 2025 4099; baseline 0.001 -17"><span class='ocrx_word' id='word_1_476' title='bbox 427 4027 636 4082; x_wconf 90' lang='lat' dir='ltr'>nostris</span> <span class='ocrx_word' id='word_1_477' title='bbox 647 4027 1018 4098; x_wconf 73' lang='lat' dir='ltr'>suifraganeis</span> <span class='ocrx_word' id='word_1_478' title='bbox 1029 4027 1293 4099; x_wconf 87' lang='lat' dir='ltr'>duos,qui</span> <span class='ocrx_word' id='word_1_479' title='bbox 1319 4035 1488 4082; x_wconf 60' lang='lat' dir='ltr'>tanta;</span> <span class='ocrx_word' id='word_1_480' title='bbox 1510 4029 1589 4082; x_wconf 91' lang='lat' dir='ltr'>rei</span> <span class='ocrx_word' id='word_1_481' title='bbox 1611 4036 2025 4084; x_wconf 88' lang='lat' dir='ltr'>sacramentum</span> 
     </span>
    </p>
   </div>
   <div class='ocr_carea' id='block_1_78' title="bbox 427 4117 2028 4190">
    <p class='ocr_par' dir='ltr' id='par_1_78' title="bbox 427 4117 2028 4190">
     <span class='ocr_line' id='line_1_78' title="bbox 427 4117 2028 4190; baseline 0 -18"><span class='ocrx_word' id='word_1_482' title='bbox 427 4134 552 4172; x_wconf 90' lang='lat' dir='ltr'>cum</span> <span class='ocrx_word' id='word_1_483' title='bbox 584 4133 650 4176; x_wconf 87' lang='lat' dir='ltr'>eo</span> <span class='ocrx_word' id='word_1_484' title='bbox 682 4118 906 4174; x_wconf 84' lang='lat' dir='ltr'>valeant</span> <span class='ocrx_word' id='word_1_485' title='bbox 932 4117 1234 4172; x_wconf 84' lang='lat' dir='ltr'>celebrare.</span> <span class='ocrx_word' id='word_1_486' title='bbox 1253 4117 1534 4188; x_wconf 84' lang='lat' dir='ltr'>Rogantes</span> <span class='ocrx_word' id='word_1_487' title='bbox 1563 4121 1753 4189; x_wconf 86' lang='lat' dir='ltr'>itaque</span> <span class='ocrx_word' id='word_1_488' title='bbox 1779 4119 2028 4190; x_wconf 85' lang='lat' dir='ltr'>praecipi-</span> 
     </span>
    </p>
   </div>
   <div class='ocr_carea' id='block_1_79' title="bbox 2115 3129 3700 3203">
    <p class='ocr_par' dir='ltr' id='par_1_79' title="bbox 2115 3129 3700 3203">
     <span class='ocr_line' id='line_1_79' title="bbox 2115 3129 3700 3203; baseline -0.004 -17"><span class='ocrx_word' id='word_1_489' title='bbox 2115 3133 2338 3198; x_wconf 90' lang='lat' dir='ltr'>vidisse,</span> <span class='ocrx_word' id='word_1_490' title='bbox 2373 3133 2695 3188; x_wconf 89' lang='lat' dir='ltr'>meminisse</span> <span class='ocrx_word' id='word_1_491' title='bbox 2717 3150 2826 3188; x_wconf 90' lang='lat' dir='ltr'>non</span> <span class='ocrx_word' id='word_1_492' title='bbox 2857 3133 3012 3203; x_wconf 91' lang='lat' dir='ltr'>potui</span> <span class='ocrx_word' id='word_1_493' title='bbox 3037 3151 3050 3198; x_wconf 91' lang='lat'>;</span> <span class='ocrx_word' id='word_1_494' title='bbox 3081 3133 3338 3187; x_wconf 85' lang='lat' dir='ltr'>diversos</span> <span class='ocrx_word' id='word_1_495' title='bbox 3371 3131 3514 3185; x_wconf 91' lang='lat' dir='ltr'>enim</span> <span class='ocrx_word' id='word_1_496' title='bbox 3544 3129 3700 3182; x_wconf 78' lang='lat' dir='ltr'>diver-</span> 
     </span>
    </p>
   </div>
   <div class='ocr_carea' id='block_1_80' title="bbox 2114 3219 3700 3295">
    <p class='ocr_par' dir='ltr' id='par_1_80' title="bbox 2114 3219 3700 3295">
     <span class='ocr_line' id='line_1_80' title="bbox 2114 3219 3700 3295; baseline -0.004 -19"><span class='ocrx_word' id='word_1_497' title='bbox 2114 3239 2304 3277; x_wconf 89' lang='lat' dir='ltr'>sarum</span> <span class='ocrx_word' id='word_1_498' title='bbox 2363 3223 2774 3295; x_wconf 89' lang='lat' dir='ltr'>provinciarum</span> <span class='ocrx_word' id='word_1_499' title='bbox 2823 3223 3091 3293; x_wconf 63' lang='lat' dir='ltr'>praesules</span> <span class='ocrx_word' id='word_1_500' title='bbox 3145 3221 3420 3276; x_wconf 85' lang='lat' dir='ltr'>ecclesias</span> <span class='ocrx_word' id='word_1_501' title='bbox 3465 3219 3700 3273; x_wconf 87' lang='lat' dir='ltr'>dedicare</span> 
     </span>
    </p>
   </div>
   <div class='ocr_carea' id='block_1_81' title="bbox 2115 3310 3698 3385">
    <p class='ocr_par' dir='ltr' id='par_1_81' title="bbox 2115 3310 3698 3385">
     <span class='ocr_line' id='line_1_81' title="bbox 2115 3310 3698 3385; baseline -0.004 -18"><span class='ocrx_word' id='word_1_502' title='bbox 2115 3330 2260 3383; x_wconf 86' lang='lat' dir='ltr'>saepe</span> <span class='ocrx_word' id='word_1_503' title='bbox 2288 3313 2566 3385; x_wconf 83' lang='lat' dir='ltr'>conspexi,</span> <span class='ocrx_word' id='word_1_504' title='bbox 2601 3311 2991 3383; x_wconf 87' lang='lat' dir='ltr'>omnibusque,</span> <span class='ocrx_word' id='word_1_505' title='bbox 3027 3329 3151 3382; x_wconf 73' lang='lat' dir='ltr'>quae</span> <span class='ocrx_word' id='word_1_506' title='bbox 3182 3312 3254 3365; x_wconf 90' lang='lat' dir='ltr'>ab</span> <span class='ocrx_word' id='word_1_507' title='bbox 3287 3312 3369 3365; x_wconf 84' lang='lat' dir='ltr'>eis</span> <span class='ocrx_word' id='word_1_508' title='bbox 3399 3310 3541 3363; x_wconf 89' lang='lat' dir='ltr'>facta</span> <span class='ocrx_word' id='word_1_509' title='bbox 3561 3311 3698 3370; x_wconf 87' lang='lat' dir='ltr'>sunt,</span> 
     </span>
    </p>
   </div>
   <div class='ocr_carea' id='block_1_82' title="bbox 2115 3395 3701 3474">
    <p class='ocr_par' dir='ltr' id='par_1_82' title="bbox 2115 3395 3701 3474">
     <span class='ocr_line' id='line_1_82' title="bbox 2115 3395 3701 3474; baseline -0.005 -18"><span class='ocrx_word' id='word_1_510' title='bbox 2115 3409 2382 3473; x_wconf 87' lang='lat' dir='ltr'>quantam</span> <span class='ocrx_word' id='word_1_511' title='bbox 2416 3403 2567 3474; x_wconf 91' lang='lat' dir='ltr'>potui</span> <span class='ocrx_word' id='word_1_512' title='bbox 2599 3418 2792 3457; x_wconf 91' lang='lat' dir='ltr'>curam</span> <span class='ocrx_word' id='word_1_513' title='bbox 2821 3401 3192 3471; x_wconf 90' lang='lat' dir='ltr'>adhibui,qui</span> <span class='ocrx_word' id='word_1_514' title='bbox 3224 3401 3331 3455; x_wconf 82' lang='lat' dir='ltr'>etsi</span> <span class='ocrx_word' id='word_1_515' title='bbox 3361 3401 3421 3454; x_wconf 91' lang='lat' dir='ltr'>in</span> <span class='ocrx_word' id='word_1_516' title='bbox 3441 3395 3701 3453; x_wconf 86' lang='lat' dir='ltr'>nonnullis</span> 
     </span>
    </p>
   </div>
   <div class='ocr_carea' id='block_1_83' title="bbox 2115 3489 3702 3564">
    <p class='ocr_par' dir='ltr' id='par_1_83' title="bbox 2115 3489 3702 3564">
     <span class='ocr_line' id='line_1_83' title="bbox 2115 3489 3702 3564; baseline -0.004 -20"><span class='ocrx_word' id='word_1_517' title='bbox 2115 3492 2407 3546; x_wconf 90' lang='lat' dir='ltr'>dissimilia</span> <span class='ocrx_word' id='word_1_518' title='bbox 2436 3493 2671 3564; x_wconf 86' lang='lat' dir='ltr'>egerint,</span> <span class='ocrx_word' id='word_1_519' title='bbox 2700 3508 2895 3546; x_wconf 90' lang='lat' dir='ltr'>omnes</span> <span class='ocrx_word' id='word_1_520' title='bbox 2913 3498 3103 3544; x_wconf 88' lang='lat' dir='ltr'>tamen</span> <span class='ocrx_word' id='word_1_521' title='bbox 3120 3491 3325 3562; x_wconf 87' lang='lat' dir='ltr'>cappis</span> <span class='ocrx_word' id='word_1_522' title='bbox 3343 3489 3523 3543; x_wconf 91' lang='lat' dir='ltr'>induti</span> <span class='ocrx_word' id='word_1_523' title='bbox 3545 3502 3702 3557; x_wconf 84' lang='lat' dir='ltr'>usque</span> 
     </span>
    </p>
   </div>
   <div class='ocr_carea' id='block_1_84' title="bbox 2113 3575 3703 3636">
    <p class='ocr_par' dir='ltr' id='par_1_84' title="bbox 2113 3575 3703 3636">
     <span class='ocr_line' id='line_1_84' title="bbox 2113 3575 3703 3636; baseline -0.005 -2"><span class='ocrx_word' id='word_1_524' title='bbox 2113 3581 2184 3635; x_wconf 92' lang='lat' dir='ltr'>ad</span> <span class='ocrx_word' id='word_1_525' title='bbox 2211 3581 2642 3636; x_wconf 89' lang='lat' dir='ltr'>celebrationem</span> <span class='ocrx_word' id='word_1_526' title='bbox 2676 3581 2858 3636; x_wconf 77' lang='lat' dir='ltr'>missae</span> <span class='ocrx_word' id='word_1_527' title='bbox 2888 3581 3074 3634; x_wconf 87' lang='lat' dir='ltr'>debita</span> <span class='ocrx_word' id='word_1_528' title='bbox 3101 3580 3344 3634; x_wconf 87' lang='lat' dir='ltr'>servitia</span> <span class='ocrx_word' id='word_1_529' title='bbox 3382 3579 3500 3633; x_wconf 89' lang='lat' dir='ltr'>sine</span> <span class='ocrx_word' id='word_1_530' title='bbox 3531 3575 3703 3630; x_wconf 88' lang='lat' dir='ltr'>casula</span> 
     </span>
    </p>
   </div>
   <div class='ocr_carea' id='block_1_85' title="bbox 2113 3664 3705 3742">
    <p class='ocr_par' dir='ltr' id='par_1_85' title="bbox 2113 3664 3705 3742">
     <span class='ocr_line' id='line_1_85' title="bbox 2113 3664 3705 3742; baseline -0.006 -16"><span class='ocrx_word' id='word_1_531' title='bbox 2113 3673 2508 3742; x_wconf 79' lang='lat' dir='ltr'>eXpleverunt;</span> <span class='ocrx_word' id='word_1_532' title='bbox 2564 3672 2804 3742; x_wconf 90' lang='lat' dir='ltr'>denique</span> <span class='ocrx_word' id='word_1_533' title='bbox 2861 3677 3087 3725; x_wconf 91' lang='lat' dir='ltr'>sanctus</span> <span class='ocrx_word' id='word_1_534' title='bbox 3132 3670 3254 3724; x_wconf 88' lang='lat' dir='ltr'>Leo</span> <span class='ocrx_word' id='word_1_535' title='bbox 3283 3671 3548 3724; x_wconf 66' lang='lat' dir='ltr'>Romanae</span> <span class='ocrx_word' id='word_1_536' title='bbox 3576 3664 3705 3719; x_wconf 88' lang='lat' dir='ltr'>sedis</span> 
     </span>
    </p>
   </div>
   <div class='ocr_carea' id='block_1_86' title="bbox 2112 3760 3700 3828">
    <p class='ocr_par' dir='ltr' id='par_1_86' title="bbox 2112 3760 3700 3828">
     <span class='ocr_line' id='line_1_86' title="bbox 2112 3760 3700 3828; baseline -0.006 -12"><span class='ocrx_word' id='word_1_537' title='bbox 2112 3777 2368 3816; x_wconf 89' lang='lat' dir='ltr'>summus</span> <span class='ocrx_word' id='word_1_538' title='bbox 2439 3761 2674 3816; x_wconf 87' lang='lat' dir='ltr'>antistes</span> <span class='ocrx_word' id='word_1_539' title='bbox 2752 3760 3234 3825; x_wconf 86' lang='lat' dir='ltr'>Romericensem,</span> <span class='ocrx_word' id='word_1_540' title='bbox 3285 3775 3378 3812; x_wconf 91' lang='lat' dir='ltr'>me</span> <span class='ocrx_word' id='word_1_541' title='bbox 3429 3760 3700 3828; x_wconf 62' lang='lat' dir='ltr'>praesente,</span> 
     </span>
    </p>
   </div>
   <div class='ocr_carea' id='block_1_87' title="bbox 2111 3846 3707 3920">
    <p class='ocr_par' dir='ltr' id='par_1_87' title="bbox 2111 3846 3707 3920">
     <span class='ocr_line' id='line_1_87' title="bbox 2111 3846 3707 3920; baseline -0.006 -14"><span class='ocrx_word' id='word_1_542' title='bbox 2111 3851 2402 3906; x_wconf 87' lang='lat' dir='ltr'>ecclesiam</span> <span class='ocrx_word' id='word_1_543' title='bbox 2437 3850 2730 3914; x_wconf 89' lang='lat' dir='ltr'>dedicavit,</span> <span class='ocrx_word' id='word_1_544' title='bbox 2781 3856 3119 3920; x_wconf 84' lang='lat' dir='ltr'>cunctaque,</span> <span class='ocrx_word' id='word_1_545' title='bbox 3146 3867 3280 3920; x_wconf 78' lang='lat' dir='ltr'>quae</span> <span class='ocrx_word' id='word_1_546' title='bbox 3331 3855 3466 3902; x_wconf 91' lang='lat' dir='ltr'>ante</span> <span class='ocrx_word' id='word_1_547' title='bbox 3497 3846 3707 3899; x_wconf 87' lang='lat' dir='ltr'>missam</span> 
     </span>
    </p>
   </div>
   <div class='ocr_carea' id='block_1_88' title="bbox 2109 3933 3701 4012">
    <p class='ocr_par' dir='ltr' id='par_1_88' title="bbox 2109 3933 3701 4012">
     <span class='ocr_line' id='line_1_88' title="bbox 2109 3933 3701 4012; baseline -0.008 -17"><span class='ocrx_word' id='word_1_548' title='bbox 2109 3940 2231 3995; x_wconf 85' lang='lat' dir='ltr'>fieri</span> <span class='ocrx_word' id='word_1_549' title='bbox 2261 3940 2398 3995; x_wconf 87' lang='lat' dir='ltr'>ordo</span> <span class='ocrx_word' id='word_1_550' title='bbox 2427 3941 2849 4012; x_wconf 86' lang='lat' dir='ltr'>depoposcerat,</span> <span class='ocrx_word' id='word_1_551' title='bbox 2898 3939 3018 3993; x_wconf 91' lang='lat' dir='ltr'>sine</span> <span class='ocrx_word' id='word_1_552' title='bbox 3049 3940 3250 3993; x_wconf 86' lang='lat' dir='ltr'>casula</span> <span class='ocrx_word' id='word_1_553' title='bbox 3287 3933 3701 3992; x_wconf 83' lang='lat' dir='ltr'>consummavit.</span> 
     </span>
    </p>
   </div>
   <div class='ocr_carea' id='block_1_89' title="bbox 2179 4025 3709 4101">
    <p class='ocr_par' dir='ltr' id='par_1_89' title="bbox 2179 4025 3709 4101">
     <span class='ocr_line' id='line_1_89' title="bbox 2179 4025 3709 4101; baseline -0.007 -17"><span class='ocrx_word' id='word_1_554' title='bbox 2179 4030 2354 4084; x_wconf 91' lang='lat' dir='ltr'>Porro</span> <span class='ocrx_word' id='word_1_555' title='bbox 2385 4030 2534 4101; x_wconf 90' lang='lat' dir='ltr'>quod</span> <span class='ocrx_word' id='word_1_556' title='bbox 2560 4029 2619 4083; x_wconf 90' lang='lat' dir='ltr'>in</span> <span class='ocrx_word' id='word_1_557' title='bbox 2647 4029 2846 4083; x_wconf 88' lang='lat' dir='ltr'>dandis</span> <span class='ocrx_word' id='word_1_558' title='bbox 2892 4027 3186 4082; x_wconf 89' lang='lat' dir='ltr'>ordinibus</span> <span class='ocrx_word' id='word_1_559' title='bbox 3239 4027 3347 4082; x_wconf 90' lang='lat' dir='ltr'>soli</span> <span class='ocrx_word' id='word_1_560' title='bbox 3387 4025 3709 4080; x_wconf 88' lang='lat' dir='ltr'>subdiacono</span> 
     </span>
    </p>
   </div>
   <div class='ocr_carea' id='block_1_90' title="bbox 2111 4111 3705 4190">
    <p class='ocr_par' dir='ltr' id='par_1_90' title="bbox 2111 4111 3705 4190">
     <span class='ocr_line' id='line_1_90' title="bbox 2111 4111 3705 4190; baseline -0.006 -18"><span class='ocrx_word' id='word_1_561' title='bbox 2111 4119 2233 4172; x_wconf 86' lang='lat' dir='ltr'>dari</span> <span class='ocrx_word' id='word_1_562' title='bbox 2285 4118 2639 4190; x_wconf 90' lang='lat' dir='ltr'>manipulum</span> <span class='ocrx_word' id='word_1_563' title='bbox 2683 4117 3068 4189; x_wconf 84' lang='lat' dir='ltr'>perhibuistis.</span> <span class='ocrx_word' id='word_1_564' title='bbox 3100 4116 3204 4171; x_wconf 90' lang='lat' dir='ltr'>ubi</span> <span class='ocrx_word' id='word_1_565' title='bbox 3234 4119 3347 4171; x_wconf 89' lang='lat' dir='ltr'>hoc</span> <span class='ocrx_word' id='word_1_566' title='bbox 3377 4111 3705 4184; x_wconf 80' lang='lat' dir='ltr'>acceperitis,</span> 
     </span>
    </p>
   </div>
   <div class='ocr_carea' id='block_1_91' title="bbox 426 4201 3709 4280">
    <p class='ocr_par' dir='ltr' id='par_1_91' title="bbox 426 4201 3709 4280">
     <span class='ocr_line' id='line_1_91' title="bbox 426 4201 3709 4280; baseline -0.003 -18"><span class='ocrx_word' id='word_1_567' title='bbox 426 4223 572 4274; x_wconf 89' lang='lat' dir='ltr'>mus,</span> <span class='ocrx_word' id='word_1_568' title='bbox 591 4207 978 4279; x_wconf 69' lang='lat' dir='ltr'>praecipientes</span> <span class='ocrx_word' id='word_1_569' title='bbox 1002 4224 1286 4278; x_wconf 86' lang='lat' dir='ltr'>rogamus,</span> <span class='ocrx_word' id='word_1_570' title='bbox 1317 4215 1596 4279; x_wconf 88' lang='lat' dir='ltr'>quatenus</span> <span class='ocrx_word' id='word_1_571' title='bbox 1619 4208 1772 4262; x_wconf 91' lang='lat' dir='ltr'>omni</span> <span class='ocrx_word' id='word_1_572' title='bbox 1795 4225 2028 4263; x_wconf 87' lang='lat' dir='ltr'>excusa-</span> <span class='ocrx_word' id='word_1_573' title='bbox 2111 4225 2247 4280; x_wconf 90' lang='lat' dir='ltr'>rogo</span> <span class='ocrx_word' id='word_1_574' title='bbox 2261 4226 2350 4263; x_wconf 91' lang='lat' dir='ltr'>me</span> <span class='ocrx_word' id='word_1_575' title='bbox 2362 4209 2560 4263; x_wconf 90' lang='lat' dir='ltr'>vestris</span> <span class='ocrx_word' id='word_1_576' title='bbox 2582 4207 3119 4274; x_wconf 88' lang='lat' dir='ltr'>litterisinstruatis;</span> <span class='ocrx_word' id='word_1_577' title='bbox 3145 4223 3182 4261; x_wconf 87' lang='lat' dir='ltr'>a</span> <span class='ocrx_word' id='word_1_578' title='bbox 3206 4205 3552 4278; x_wconf 89' lang='lat' dir='ltr'>quibusdam</span> <span class='ocrx_word' id='word_1_579' title='bbox 3573 4201 3709 4256; x_wconf 88' lang='lat' dir='ltr'>enim</span> 
     </span>
    </p>
   </div>
   <div class='ocr_carea' id='block_1_92' title="bbox 423 4291 3710 4370">
    <p class='ocr_par' dir='ltr' id='par_1_92' title="bbox 423 4291 3710 4370">
     <span class='ocr_line' id='line_1_92' title="bbox 423 4291 3710 4370; baseline -0.002 -19"><span class='ocrx_word' id='word_1_580' title='bbox 423 4296 579 4352; x_wconf 88' lang='lat' dir='ltr'>tione</span> <span class='ocrx_word' id='word_1_581' title='bbox 624 4297 907 4363; x_wconf 87' lang='lat' dir='ltr'>submota,</span> <span class='ocrx_word' id='word_1_582' title='bbox 945 4297 1080 4351; x_wconf 88' lang='lat' dir='ltr'>illuc</span> <span class='ocrx_word' id='word_1_583' title='bbox 1109 4297 1270 4362; x_wconf 90' lang='lat' dir='ltr'>eatis,</span> <span class='ocrx_word' id='word_1_584' title='bbox 1312 4303 1370 4352; x_wconf 88' lang='lat' dir='ltr'>et</span> <span class='ocrx_word' id='word_1_585' title='bbox 1408 4315 1475 4352; x_wconf 83' lang='lat' dir='ltr'>ex</span> <span class='ocrx_word' id='word_1_586' title='bbox 1522 4308 1714 4352; x_wconf 91' lang='lat' dir='ltr'>nostro</span> <span class='ocrx_word' id='word_1_587' title='bbox 1744 4304 2082 4370; x_wconf 69' lang='lat' dir='ltr'>prmcepto_</span> <span class='ocrx_word' id='word_1_588' title='bbox 2111 4298 2168 4352; x_wconf 91' lang='lat' dir='ltr'>id</span> <span class='ocrx_word' id='word_1_589' title='bbox 2189 4298 2312 4354; x_wconf 83' lang='lat' dir='ltr'>fieri</span> <span class='ocrx_word' id='word_1_590' title='bbox 2328 4299 2515 4367; x_wconf 90' lang='lat' dir='ltr'>audio,</span> <span class='ocrx_word' id='word_1_591' title='bbox 2530 4298 2624 4354; x_wconf 88' lang='lat' dir='ltr'>sed</span> <span class='ocrx_word' id='word_1_592' title='bbox 2649 4297 2910 4353; x_wconf 90' lang='lat' dir='ltr'>utrumid</span> <span class='ocrx_word' id='word_1_593' title='bbox 2933 4296 3057 4352; x_wconf 82' lang='lat' dir='ltr'>ﬁeri</span> <span class='ocrx_word' id='word_1_594' title='bbox 3086 4299 3271 4352; x_wconf 88' lang='lat' dir='ltr'>sacris</span> <span class='ocrx_word' id='word_1_595' title='bbox 3291 4291 3710 4351; x_wconf 88' lang='lat' dir='ltr'>auctoritatibus</span> 
     </span>
    </p>
   </div>
   <div class='ocr_carea' id='block_1_93' title="bbox 423 4363 3714 4460">
    <p class='ocr_par' dir='ltr' id='par_1_93' title="bbox 423 4363 3714 4460">
     <span class='ocr_line' id='line_1_93' title="bbox 423 4363 3714 4460; baseline -0.002 -20"><span class='ocrx_word' id='word_1_596' title='bbox 423 4386 731 4440; x_wconf 89' lang='lat' dir='ltr'>secundum</span> <span class='ocrx_word' id='word_1_597' title='bbox 769 4387 919 4458; x_wconf 88' lang='lat' dir='ltr'>quod</span> <span class='ocrx_word' id='word_1_598' title='bbox 955 4387 1174 4458; x_wconf 85' lang='lat' dir='ltr'>justum</span> <span class='ocrx_word' id='word_1_599' title='bbox 1204 4392 1305 4453; x_wconf 90' lang='lat' dir='ltr'>est,</span> <span class='ocrx_word' id='word_1_600' title='bbox 1340 4387 1396 4441; x_wconf 90' lang='lat' dir='ltr'>in</span> <span class='ocrx_word' id='word_1_601' title='bbox 1435 4393 1606 4443; x_wconf 60' lang='lat' dir='ltr'>tanta</span> <span class='ocrx_word' id='word_1_602' title='bbox 1637 4387 1719 4442; x_wconf 91' lang='lat' dir='ltr'>rei</span> <span class='ocrx_word' id='word_1_603' title='bbox 1759 4363 2484 4460; x_wconf 66' lang='lat' dir='ltr'>mysterionraacipiatur,</span> <span class='ocrx_word' id='word_1_604' title='bbox 2540 4387 2863 4443; x_wconf 87' lang='lat' dir='ltr'>meminisse</span> <span class='ocrx_word' id='word_1_605' title='bbox 2894 4403 3005 4442; x_wconf 91' lang='lat' dir='ltr'>non</span> <span class='ocrx_word' id='word_1_606' title='bbox 3032 4386 3216 4441; x_wconf 88' lang='lat' dir='ltr'>valeo.</span> <span class='ocrx_word' id='word_1_607' title='bbox 3262 4386 3529 4456; x_wconf 87' lang='lat' dir='ltr'>Plerique</span> <span class='ocrx_word' id='word_1_608' title='bbox 3565 4385 3714 4437; x_wconf 87' lang='lat' dir='ltr'>autu-</span> 
     </span>
    </p>
   </div>
   <div class='ocr_carea' id='block_1_94' title="bbox 425 4475 3714 4549">
    <p class='ocr_par' dir='ltr' id='par_1_94' title="bbox 425 4475 3714 4549">
     <span class='ocr_line' id='line_1_94' title="bbox 425 4475 3714 4549; baseline -0.002 -20"><span class='ocrx_word' id='word_1_609' title='bbox 425 4475 772 4546; x_wconf 88' lang='lat' dir='ltr'>compleatis.</span> <span class='ocrx_word' id='word_1_610' title='bbox 819 4475 945 4530; x_wconf 88' lang='lat' dir='ltr'>Non</span> <span class='ocrx_word' id='word_1_611' title='bbox 993 4475 1141 4530; x_wconf 90' lang='lat' dir='ltr'>enim</span> <span class='ocrx_word' id='word_1_612' title='bbox 1173 4476 1334 4532; x_wconf 89' lang='lat' dir='ltr'>decet</span> <span class='ocrx_word' id='word_1_613' title='bbox 1371 4483 1434 4532; x_wconf 91' lang='lat' dir='ltr'>ut</span> <span class='ocrx_word' id='word_1_614' title='bbox 1486 4479 1582 4548; x_wconf 88' lang='lat' dir='ltr'>qui</span> <span class='ocrx_word' id='word_1_615' title='bbox 1612 4477 1917 4532; x_wconf 87' lang='lat' dir='ltr'>sacrandus</span> <span class='ocrx_word' id='word_1_616' title='bbox 1965 4477 2024 4532; x_wconf 91' lang='lat' dir='ltr'>in</span> <span class='ocrx_word' id='word_1_617' title='bbox 2108 4484 2268 4532; x_wconf 88' lang='lat' dir='ltr'>mant</span> <span class='ocrx_word' id='word_1_618' title='bbox 2309 4478 2660 4549; x_wconf 88' lang='lat' dir='ltr'>manipulum</span> <span class='ocrx_word' id='word_1_619' title='bbox 2689 4495 2808 4532; x_wconf 89' lang='lat' dir='ltr'>esse</span> <span class='ocrx_word' id='word_1_620' title='bbox 2845 4493 3140 4532; x_wconf 88' lang='lat' dir='ltr'>commune</span> <span class='ocrx_word' id='word_1_621' title='bbox 3172 4481 3584 4531; x_wconf 89' lang='lat' dir='ltr'>ornamentum</span> <span class='ocrx_word' id='word_1_622' title='bbox 3610 4486 3714 4524; x_wconf 90' lang='lat' dir='ltr'>om-</span> 
     </span>
    </p>
   </div>
   <div class='ocr_carea' id='block_1_95' title="bbox 423 4563 2022 4642">
    <p class='ocr_par' dir='ltr' id='par_1_95' title="bbox 423 4563 2022 4642">
     <span class='ocr_line' id='line_1_95' title="bbox 423 4563 2022 4642; baseline 0.001 -24"><span class='ocrx_word' id='word_1_623' title='bbox 423 4563 570 4642; x_wconf 79' lang='lat' dir='ltr'>hanc</span> <span class='ocrx_word' id='word_1_624' title='bbox 597 4570 816 4632; x_wconf 82' lang='lat' dir='ltr'>terram</span> <span class='ocrx_word' id='word_1_625' title='bbox 839 4565 1010 4631; x_wconf 85' lang='lat' dir='ltr'>venit,</span> <span class='ocrx_word' id='word_1_626' title='bbox 1041 4571 1099 4619; x_wconf 90' lang='lat' dir='ltr'>et</span> <span class='ocrx_word' id='word_1_627' title='bbox 1123 4582 1249 4622; x_wconf 89' lang='lat' dir='ltr'>cum</span> <span class='ocrx_word' id='word_1_628' title='bbox 1280 4566 1433 4634; x_wconf 84' lang='lat' dir='ltr'>omni</span> <span class='ocrx_word' id='word_1_629' title='bbox 1466 4566 1786 4628; x_wconf 88' lang='lat' dir='ltr'>humilitate</span> <span class='ocrx_word' id='word_1_630' title='bbox 1814 4567 2022 4622; x_wconf 87' lang='lat' dir='ltr'>sacrari</span> 
     </span>
    </p>
   </div>
   <div class='ocr_carea' id='block_1_96' title="bbox 422 4653 2023 4728">
    <p class='ocr_par' dir='ltr' id='par_1_96' title="bbox 422 4653 2023 4728">
     <span class='ocr_line' id='line_1_96' title="bbox 422 4653 2023 4728; baseline 0.002 -21"><span class='ocrx_word' id='word_1_631' title='bbox 422 4669 483 4716; x_wconf 87' lang='lat' dir='ltr'>se</span> <span class='ocrx_word' id='word_1_632' title='bbox 529 4654 795 4726; x_wconf 89' lang='lat' dir='ltr'>postulat.</span> <span class='ocrx_word' id='word_1_633' title='bbox 827 4653 1018 4726; x_wconf 90' lang='lat' dir='ltr'>inopia</span> <span class='ocrx_word' id='word_1_634' title='bbox 1044 4655 1366 4726; x_wconf 85' lang='lat' dir='ltr'>adjutorum</span> <span class='ocrx_word' id='word_1_635' title='bbox 1414 4674 1450 4711; x_wconf 79' lang='lat' dir='ltr'>a</span> <span class='ocrx_word' id='word_1_636' title='bbox 1497 4662 1655 4712; x_wconf 82' lang='lat' dir='ltr'>tanto</span> <span class='ocrx_word' id='word_1_637' title='bbox 1693 4673 1867 4728; x_wconf 84' lang='lat' dir='ltr'>regno</span> <span class='ocrx_word' id='word_1_638' title='bbox 1907 4673 2023 4712; x_wconf 90' lang='lat' dir='ltr'>non</span> 
     </span>
    </p>
   </div>
   <div class='ocr_carea' id='block_1_97' title="bbox 425 4733 2024 4819">
    <p class='ocr_par' dir='ltr' id='par_1_97' title="bbox 425 4733 2024 4819">
     <span class='ocr_line' id='line_1_97' title="bbox 425 4733 2024 4819; baseline 0.003 -22"><span class='ocrx_word' id='word_1_639' title='bbox 425 4733 678 4819; x_wconf 81' lang='lat' dir='ltr'>sacratus</span> <span class='ocrx_word' id='word_1_640' title='bbox 709 4742 990 4799; x_wconf 86' lang='lat' dir='ltr'>abscedat.</span> <span class='ocrx_word' id='word_1_641' title='bbox 1022 4745 1348 4800; x_wconf 89' lang='lat' dir='ltr'>Terminum</span> <span class='ocrx_word' id='word_1_642' title='bbox 1385 4746 1550 4815; x_wconf 85' lang='lat' dir='ltr'>hujus</span> <span class='ocrx_word' id='word_1_643' title='bbox 1589 4745 2024 4803; x_wconf 88' lang='lat' dir='ltr'>consecrationis</span> 
     </span>
    </p>
   </div>
   <div class='ocr_carea' id='block_1_98' title="bbox 423 4832 2026 4909">
    <p class='ocr_par' dir='ltr' id='par_1_98' title="bbox 423 4832 2026 4909">
     <span class='ocr_line' id='line_1_98' title="bbox 423 4832 2026 4909; baseline 0.002 -23"><span class='ocrx_word' id='word_1_644' title='bbox 423 4832 569 4909; x_wconf 81' lang='lat' dir='ltr'>lator</span> <span class='ocrx_word' id='word_1_645' title='bbox 597 4832 751 4900; x_wconf 84' lang='lat' dir='ltr'>vobis</span> <span class='ocrx_word' id='word_1_646' title='bbox 779 4833 1139 4905; x_wconf 62' lang='lat' dir='ltr'>prasentium</span> <span class='ocrx_word' id='word_1_647' title='bbox 1172 4833 1461 4890; x_wconf 87' lang='lat' dir='ltr'>indicabit.</span> <span class='ocrx_word' id='word_1_648' title='bbox 1505 4835 1574 4890; x_wconf 87' lang='lat' dir='ltr'>Et</span> <span class='ocrx_word' id='word_1_649' title='bbox 1606 4852 1678 4890; x_wconf 91' lang='lat' dir='ltr'>ne</span> <span class='ocrx_word' id='word_1_650' title='bbox 1704 4836 1849 4892; x_wconf 81' lang='lat' dir='ltr'>forte</span> <span class='ocrx_word' id='word_1_651' title='bbox 1876 4836 2026 4890; x_wconf 81' lang='lat' dir='ltr'>solli-</span> 
     </span>
    </p>
   </div>
   <div class='ocr_carea' id='block_1_99' title="bbox 429 4922 2021 4997">
    <p class='ocr_par' dir='ltr' id='par_1_99' title="bbox 429 4922 2021 4997">
     <span class='ocr_line' id='line_1_99' title="bbox 429 4922 2021 4997; baseline 0.003 -20"><span class='ocrx_word' id='word_1_652' title='bbox 429 4922 526 4978; x_wconf 89' lang='lat' dir='ltr'>citi</span> <span class='ocrx_word' id='word_1_653' title='bbox 555 4923 698 4992; x_wconf 82' lang='lat' dir='ltr'>sitis,</span> <span class='ocrx_word' id='word_1_654' title='bbox 750 4928 1015 4994; x_wconf 85' lang='lat' dir='ltr'>putantes</span> <span class='ocrx_word' id='word_1_655' title='bbox 1063 4924 1211 4996; x_wconf 90' lang='lat' dir='ltr'>quod</span> <span class='ocrx_word' id='word_1_656' title='bbox 1241 4925 1326 4979; x_wconf 91' lang='lat' dir='ltr'>vel</span> <span class='ocrx_word' id='word_1_657' title='bbox 1378 4925 1518 4997; x_wconf 87' lang='lat' dir='ltr'>ipse,</span> <span class='ocrx_word' id='word_1_658' title='bbox 1554 4926 1640 4981; x_wconf 89' lang='lat' dir='ltr'>vel</span> <span class='ocrx_word' id='word_1_659' title='bbox 1677 4942 2021 4986; x_wconf 85' lang='lat' dir='ltr'>successores</span> 
     </span>
    </p>
   </div>
   <div class='ocr_carea' id='block_1_100' title="bbox 426 5009 2022 5088">
    <p class='ocr_par' dir='ltr' id='par_1_100' title="bbox 426 5009 2022 5088">
     <span class='ocr_line' id='line_1_100' title="bbox 426 5009 2022 5088; baseline 0.002 -20"><span class='ocrx_word' id='word_1_660' title='bbox 426 5009 550 5084; x_wconf 84' lang='lat' dir='ltr'>ejus</span> <span class='ocrx_word' id='word_1_661' title='bbox 571 5012 677 5084; x_wconf 87' lang='lat' dir='ltr'>hac</span> <span class='ocrx_word' id='word_1_662' title='bbox 709 5013 998 5068; x_wconf 90' lang='lat' dir='ltr'>occasione</span> <span class='ocrx_word' id='word_1_663' title='bbox 1027 5030 1198 5086; x_wconf 87' lang='lat' dir='ltr'>super</span> <span class='ocrx_word' id='word_1_664' title='bbox 1223 5015 1497 5070; x_wconf 78' lang='lat' dir='ltr'>Ecclesiae</span> <span class='ocrx_word' id='word_1_665' title='bbox 1525 5022 1740 5071; x_wconf 90' lang='lat' dir='ltr'>vestras</span> <span class='ocrx_word' id='word_1_666' title='bbox 1761 5017 1854 5086; x_wconf 88' lang='lat' dir='ltr'>jus</span> <span class='ocrx_word' id='word_1_667' title='bbox 1885 5033 2022 5088; x_wconf 65' lang='lat' dir='ltr'>prte-</span> 
     </span>
    </p>
   </div>
   <div class='ocr_carea' id='block_1_101' title="bbox 425 5103 2020 5177">
    <p class='ocr_par' dir='ltr' id='par_1_101' title="bbox 425 5103 2020 5177">
     <span class='ocr_line' id='line_1_101' title="bbox 425 5103 2020 5177; baseline 0.001 -19"><span class='ocrx_word' id='word_1_668' title='bbox 425 5103 654 5173; x_wconf 83' lang='lat' dir='ltr'>lationis</span> <span class='ocrx_word' id='word_1_669' title='bbox 684 5103 1019 5176; x_wconf 87' lang='lat' dir='ltr'>quandoque</span> <span class='ocrx_word' id='word_1_670' title='bbox 1048 5109 1322 5159; x_wconf 87' lang='lat' dir='ltr'>conentur</span> <span class='ocrx_word' id='word_1_671' title='bbox 1342 5105 1610 5176; x_wconf 89' lang='lat' dir='ltr'>arripere,</span> <span class='ocrx_word' id='word_1_672' title='bbox 1634 5105 2020 5177; x_wconf 89' lang='lat' dir='ltr'>litteras.quas</span> 
     </span>
    </p>
   </div>
   <div class='ocr_carea' id='block_1_102' title="bbox 420 5193 2019 5265">
    <p class='ocr_par' dir='ltr' id='par_1_102' title="bbox 420 5193 2019 5265">
     <span class='ocr_line' id='line_1_102' title="bbox 420 5193 2019 5265; baseline 0.001 -17"><span class='ocrx_word' id='word_1_673' title='bbox 420 5193 542 5265; x_wconf 90' lang='lat' dir='ltr'>ipse</span> <span class='ocrx_word' id='word_1_674' title='bbox 566 5193 704 5247; x_wconf 89' lang='lat' dir='ltr'>mihi</span> <span class='ocrx_word' id='word_1_675' title='bbox 741 5193 1073 5262; x_wconf 90' lang='lat' dir='ltr'>transmisit,</span> <span class='ocrx_word' id='word_1_676' title='bbox 1110 5194 1453 5249; x_wconf 82' lang='lat' dir='ltr'>fraternitati</span> <span class='ocrx_word' id='word_1_677' title='bbox 1491 5201 1710 5257; x_wconf 61' lang='lat' dir='ltr'>vestra).</span> <span class='ocrx_word' id='word_1_678' title='bbox 1740 5196 2019 5250; x_wconf 87' lang='lat' dir='ltr'>sollicitu-</span> 
     </span>
    </p>
   </div>
   <div class='ocr_carea' id='block_1_103' title="bbox 424 5277 2020 5358">
    <p class='ocr_par' dir='ltr' id='par_1_103' title="bbox 424 5277 2020 5358">
     <span class='ocr_line' id='line_1_103' title="bbox 424 5277 2020 5358; baseline 0.002 -20"><span class='ocrx_word' id='word_1_679' title='bbox 424 5277 614 5340; x_wconf 88' lang='lat' dir='ltr'>dinem</span> <span class='ocrx_word' id='word_1_680' title='bbox 648 5283 718 5338; x_wconf 90' lang='lat' dir='ltr'>de</span> <span class='ocrx_word' id='word_1_681' title='bbox 746 5283 935 5338; x_wconf 87' lang='lat' dir='ltr'>futuro</span> <span class='ocrx_word' id='word_1_682' title='bbox 963 5301 1186 5355; x_wconf 85' lang='lat' dir='ltr'>gerens.</span> <span class='ocrx_word' id='word_1_683' title='bbox 1227 5285 1415 5340; x_wconf 90' lang='lat' dir='ltr'>curavi</span> <span class='ocrx_word' id='word_1_684' title='bbox 1446 5285 1849 5347; x_wconf 84' lang='lat' dir='ltr'>transmittere,</span> <span class='ocrx_word' id='word_1_685' title='bbox 1881 5302 2020 5358; x_wconf 75' lang='lat' dir='ltr'>quas</span> 
     </span>
    </p>
   </div>
   <div class='ocr_carea' id='block_1_104' title="bbox 425 5372 2020 5445">
    <p class='ocr_par' dir='ltr' id='par_1_104' title="bbox 425 5372 2020 5445">
     <span class='ocr_line' id='line_1_104' title="bbox 425 5372 2020 5445; baseline 0.002 -17"><span class='ocrx_word' id='word_1_686' title='bbox 425 5379 486 5428; x_wconf 86' lang='lat' dir='ltr'>et</span> <span class='ocrx_word' id='word_1_687' title='bbox 511 5374 632 5441; x_wconf 84' lang='lat' dir='ltr'>has,</span> <span class='ocrx_word' id='word_1_688' title='bbox 665 5389 804 5445; x_wconf 88' lang='lat' dir='ltr'>quas</span> <span class='ocrx_word' id='word_1_689' title='bbox 833 5372 991 5442; x_wconf 81' lang='lat' dir='ltr'>vobis</span> <span class='ocrx_word' id='word_1_690' title='bbox 1022 5373 1368 5440; x_wconf 85' lang='lat' dir='ltr'>transmitto,</span> <span class='ocrx_word' id='word_1_691' title='bbox 1398 5374 1458 5428; x_wconf 92' lang='lat' dir='ltr'>in</span> <span class='ocrx_word' id='word_1_692' title='bbox 1485 5375 1724 5431; x_wconf 87' lang='lat' dir='ltr'>archivis</span> <span class='ocrx_word' id='word_1_693' title='bbox 1751 5377 2020 5432; x_wconf 90' lang='lat' dir='ltr'>Ecclesia-</span> 
     </span>
    </p>
   </div>
   <div class='ocr_carea' id='block_1_105' title="bbox 425 5462 2026 5534">
    <p class='ocr_par' dir='ltr' id='par_1_105' title="bbox 425 5462 2026 5534">
     <span class='ocr_line' id='line_1_105' title="bbox 425 5462 2026 5534; baseline 0.002 -16"><span class='ocrx_word' id='word_1_694' title='bbox 425 5479 553 5534; x_wconf 80' lang='lat' dir='ltr'>rum</span> <span class='ocrx_word' id='word_1_695' title='bbox 590 5469 904 5534; x_wconf 72' lang='lat' dir='ltr'>vestrarum</span> <span class='ocrx_word' id='word_1_696' title='bbox 933 5462 1008 5532; x_wconf 81' lang='lat' dir='ltr'>ob</span> <span class='ocrx_word' id='word_1_697' title='bbox 1019 5464 1354 5534; x_wconf 76' lang='lat' dir='ltr'>memoriam</span> <span class='ocrx_word' id='word_1_698' title='bbox 1378 5462 1699 5525; x_wconf 85' lang='lat' dir='ltr'>futurorum</span> <span class='ocrx_word' id='word_1_699' title='bbox 1728 5473 2026 5522; x_wconf 61' lang='lat' dir='ltr'>servatum.</span> 
     </span>
    </p>
   </div>
   <div class='ocr_carea' id='block_1_106' title="bbox 425 5550 805 5632">
    <p class='ocr_par' dir='ltr' id='par_1_106' title="bbox 425 5550 805 5632">
     <span class='ocr_line' id='line_1_106' title="bbox 425 5550 805 5632; baseline 0.016 -14"><span class='ocrx_word' id='word_1_700' title='bbox 425 5550 805 5632; x_wconf 43' lang='lat' dir='ltr'>ingressis</span> 
     </span>
    </p>
   </div>
   <div class='ocr_carea' id='block_1_107' title="bbox 2104 4559 3714 4635">
    <p class='ocr_par' dir='ltr' id='par_1_107' title="bbox 2104 4559 3714 4635">
     <span class='ocr_line' id='line_1_107' title="bbox 2104 4559 3714 4635; baseline -0.005 -14"><span class='ocrx_word' id='word_1_701' title='bbox 2104 4567 2283 4635; x_wconf 88' lang='lat' dir='ltr'>nium,</span> <span class='ocrx_word' id='word_1_702' title='bbox 2303 4568 2448 4623; x_wconf 89' lang='lat' dir='ltr'>sicut</span> <span class='ocrx_word' id='word_1_703' title='bbox 2466 4574 2523 4622; x_wconf 91' lang='lat' dir='ltr'>et</span> <span class='ocrx_word' id='word_1_704' title='bbox 2541 4567 2726 4622; x_wconf 86' lang='lat' dir='ltr'>albam</span> <span class='ocrx_word' id='word_1_705' title='bbox 2743 4573 2800 4622; x_wconf 87' lang='lat' dir='ltr'>et</span> <span class='ocrx_word' id='word_1_706' title='bbox 2815 4567 3102 4634; x_wconf 89' lang='lat' dir='ltr'>amictum;</span> <span class='ocrx_word' id='word_1_707' title='bbox 3128 4582 3270 4620; x_wconf 88' lang='lat' dir='ltr'>nam</span> <span class='ocrx_word' id='word_1_708' title='bbox 3289 4571 3348 4620; x_wconf 90' lang='lat' dir='ltr'>et</span> <span class='ocrx_word' id='word_1_709' title='bbox 3371 4566 3426 4618; x_wconf 91' lang='lat' dir='ltr'>in</span> <span class='ocrx_word' id='word_1_710' title='bbox 3459 4559 3714 4619; x_wconf 75' lang='lat' dir='ltr'>ccenobiis</span> 
     </span>
    </p>
   </div>
   <div class='ocr_carea' id='block_1_108' title="bbox 2107 4655 3713 4717">
    <p class='ocr_par' dir='ltr' id='par_1_108' title="bbox 2107 4655 3713 4717">
     <span class='ocr_line' id='line_1_108' title="bbox 2107 4655 3713 4717; baseline -0.006 -5"><span class='ocrx_word' id='word_1_711' title='bbox 2107 4657 2514 4712; x_wconf 89' lang='lat' dir='ltr'>monachorum</span> <span class='ocrx_word' id='word_1_712' title='bbox 2565 4657 2734 4711; x_wconf 86' lang='lat' dir='ltr'>etiam</span> <span class='ocrx_word' id='word_1_713' title='bbox 2779 4656 2906 4710; x_wconf 87' lang='lat' dir='ltr'>laici</span> <span class='ocrx_word' id='word_1_714' title='bbox 2939 4673 3065 4710; x_wconf 83' lang='lat' dir='ltr'>cum</span> <span class='ocrx_word' id='word_1_715' title='bbox 3097 4655 3250 4710; x_wconf 90' lang='lat' dir='ltr'>albis</span> <span class='ocrx_word' id='word_1_716' title='bbox 3293 4655 3631 4717; x_wconf 87' lang='lat' dir='ltr'>induuntur,</span> <span class='ocrx_word' id='word_1_717' title='bbox 3662 4655 3713 4702; x_wconf 86' lang='lat' dir='ltr'>et</span> 
     </span>
    </p>
   </div>
   <div class='ocr_carea' id='block_1_109' title="bbox 2106 4740 3711 4818">
    <p class='ocr_par' dir='ltr' id='par_1_109' title="bbox 2106 4740 3711 4818">
     <span class='ocr_line' id='line_1_109' title="bbox 2106 4740 3711 4818; baseline -0.005 -16"><span class='ocrx_word' id='word_1_718' title='bbox 2106 4747 2339 4818; x_wconf 89' lang='lat' dir='ltr'>antiqua</span> <span class='ocrx_word' id='word_1_719' title='bbox 2358 4748 2587 4802; x_wconf 91' lang='lat' dir='ltr'>Patrum</span> <span class='ocrx_word' id='word_1_720' title='bbox 2612 4746 2965 4800; x_wconf 88' lang='lat' dir='ltr'>institutione</span> <span class='ocrx_word' id='word_1_721' title='bbox 2977 4745 3161 4799; x_wconf 90' lang='lat' dir='ltr'>solent</span> <span class='ocrx_word' id='word_1_722' title='bbox 3172 4745 3331 4799; x_wconf 88' lang='lat' dir='ltr'>ferre</span> <span class='ocrx_word' id='word_1_723' title='bbox 3344 4740 3711 4814; x_wconf 89' lang='lat' dir='ltr'>manipulum;</span> 
     </span>
    </p>
   </div>
   <div class='ocr_carea' id='block_1_110' title="bbox 2105 4834 3714 4908">
    <p class='ocr_par' dir='ltr' id='par_1_110' title="bbox 2105 4834 3714 4908">
     <span class='ocr_line' id='line_1_110' title="bbox 2105 4834 3714 4908; baseline -0.006 -18"><span class='ocrx_word' id='word_1_724' title='bbox 2105 4837 2163 4891; x_wconf 91' lang='lat' dir='ltr'>in</span> <span class='ocrx_word' id='word_1_725' title='bbox 2217 4837 2425 4892; x_wconf 89' lang='lat' dir='ltr'>nostris</span> <span class='ocrx_word' id='word_1_726' title='bbox 2479 4836 2811 4908; x_wconf 89' lang='lat' dir='ltr'>episc0palis</span> <span class='ocrx_word' id='word_1_727' title='bbox 2866 4835 3081 4890; x_wconf 91' lang='lat' dir='ltr'>ordinis</span> <span class='ocrx_word' id='word_1_728' title='bbox 3120 4834 3446 4898; x_wconf 89' lang='lat' dir='ltr'>codicibus,</span> <span class='ocrx_word' id='word_1_729' title='bbox 3491 4848 3628 4903; x_wconf 90' lang='lat' dir='ltr'>quos</span> <span class='ocrx_word' id='word_1_730' title='bbox 3655 4845 3714 4882; x_wconf 80' lang='lat' dir='ltr'>ex</span> 
     </span>
    </p>
   </div>
   <div class='ocr_carea' id='block_1_111' title="bbox 2103 4917 3717 4996">
    <p class='ocr_par' dir='ltr' id='par_1_111' title="bbox 2103 4917 3717 4996">
     <span class='ocr_line' id='line_1_111' title="bbox 2103 4917 3717 4996; baseline -0.005 -16"><span class='ocrx_word' id='word_1_731' title='bbox 2103 4925 2338 4980; x_wconf 86' lang='lat' dir='ltr'>diversis</span> <span class='ocrx_word' id='word_1_732' title='bbox 2384 4925 2706 4996; x_wconf 88' lang='lat' dir='ltr'>regionibus</span> <span class='ocrx_word' id='word_1_733' title='bbox 2753 4925 2960 4980; x_wconf 91' lang='lat' dir='ltr'>multos</span> <span class='ocrx_word' id='word_1_734' title='bbox 3015 4923 3320 4988; x_wconf 87' lang='lat' dir='ltr'>habemus,</span> <span class='ocrx_word' id='word_1_735' title='bbox 3357 4929 3418 4977; x_wconf 92' lang='lat' dir='ltr'>et</span> <span class='ocrx_word' id='word_1_736' title='bbox 3465 4922 3534 4976; x_wconf 89' lang='lat' dir='ltr'>de</span> <span class='ocrx_word' id='word_1_737' title='bbox 3582 4917 3717 4973; x_wconf 87' lang='lat' dir='ltr'>ordi-</span> 
     </span>
    </p>
   </div>
   <div class='ocr_carea' id='block_1_112' title="bbox 2101 5008 3719 5084">
    <p class='ocr_par' dir='ltr' id='par_1_112' title="bbox 2101 5008 3719 5084">
     <span class='ocr_line' id='line_1_112' title="bbox 2101 5008 3719 5084; baseline -0.007 -13"><span class='ocrx_word' id='word_1_738' title='bbox 2101 5016 2288 5070; x_wconf 89' lang='lat' dir='ltr'>nando</span> <span class='ocrx_word' id='word_1_739' title='bbox 2317 5015 2676 5080; x_wconf 89' lang='lat' dir='ltr'>subdiacono,</span> <span class='ocrx_word' id='word_1_740' title='bbox 2709 5014 2858 5068; x_wconf 89' lang='lat' dir='ltr'>inter</span> <span class='ocrx_word' id='word_1_741' title='bbox 2883 5019 3082 5068; x_wconf 62' lang='lat' dir='ltr'>caetera</span> <span class='ocrx_word' id='word_1_742' title='bbox 3113 5012 3197 5066; x_wconf 91' lang='lat' dir='ltr'>sic</span> <span class='ocrx_word' id='word_1_743' title='bbox 3240 5014 3528 5084; x_wconf 90' lang='lat' dir='ltr'>scriptum</span> <span class='ocrx_word' id='word_1_744' title='bbox 3561 5008 3719 5063; x_wconf 86' lang='lat' dir='ltr'>habe-</span> 
     </span>
    </p>
   </div>
   <div class='ocr_carea' id='block_1_113' title="bbox 2102 5101 3718 5174">
    <p class='ocr_par' dir='ltr' id='par_1_113' title="bbox 2102 5101 3718 5174">
     <span class='ocr_line' id='line_1_113' title="bbox 2102 5101 3718 5174; baseline -0.008 -14"><span class='ocrx_word' id='word_1_745' title='bbox 2102 5111 2196 5160; x_wconf 89' lang='lat' dir='ltr'>tur</span> <span class='ocrx_word' id='word_1_746' title='bbox 2222 5121 2236 5157; x_wconf 90' lang='lat'><strong>:</strong></span> <span class='ocrx_word' id='word_1_747' title='bbox 2275 5125 2300 5156; x_wconf 84' lang='lat'><strong>«</strong></span> <span class='ocrx_word' id='word_1_748' title='bbox 2336 5105 2536 5158; x_wconf 85' lang='lat' dir='ltr'>Postea</span> <span class='ocrx_word' id='word_1_749' title='bbox 2564 5121 2693 5158; x_wconf 90' lang='lat' dir='ltr'>vero</span> <span class='ocrx_word' id='word_1_750' title='bbox 2728 5103 2965 5174; x_wconf 88' lang='lat' dir='ltr'>accipiat</span> <span class='ocrx_word' id='word_1_751' title='bbox 2989 5101 3058 5155; x_wconf 88' lang='lat' dir='ltr'>ab</span> <span class='ocrx_word' id='word_1_752' title='bbox 3088 5101 3512 5156; x_wconf 86' lang='lat' dir='ltr'>archidiacono</span> <span class='ocrx_word' id='word_1_753' title='bbox 3535 5111 3718 5152; x_wconf 87' lang='lat' dir='ltr'>urceo-</span> 
     </span>
    </p>
   </div>
   <div class='ocr_carea' id='block_1_114' title="bbox 2100 5185 3722 5265">
    <p class='ocr_par' dir='ltr' id='par_1_114' title="bbox 2100 5185 3722 5265">
     <span class='ocr_line' id='line_1_114' title="bbox 2100 5185 3722 5265; baseline -0.006 -17"><span class='ocrx_word' id='word_1_754' title='bbox 2100 5195 2217 5250; x_wconf 91' lang='lat' dir='ltr'>lum</span> <span class='ocrx_word' id='word_1_755' title='bbox 2267 5211 2394 5249; x_wconf 90' lang='lat' dir='ltr'>cum</span> <span class='ocrx_word' id='word_1_756' title='bbox 2439 5193 2805 5265; x_wconf 87' lang='lat' dir='ltr'>aquamanili,</span> <span class='ocrx_word' id='word_1_757' title='bbox 2837 5210 2901 5246; x_wconf 90' lang='lat' dir='ltr'>ac</span> <span class='ocrx_word' id='word_1_758' title='bbox 2933 5192 3394 5261; x_wconf 86' lang='lat' dir='ltr'>manutergium.</span> <span class='ocrx_word' id='word_1_759' title='bbox 3433 5211 3458 5243; x_wconf 74' lang='grc' dir='ltr'>ι)</span> <span class='ocrx_word' id='word_1_760' title='bbox 3495 5191 3556 5245; x_wconf 92' lang='lat' dir='ltr'>In</span> <span class='ocrx_word' id='word_1_761' title='bbox 3605 5185 3722 5258; x_wconf 86' lang='lat' dir='ltr'>qui-</span> 
     </span>
    </p>
   </div>
   <div class='ocr_carea' id='block_1_115' title="bbox 2102 5281 3714 5354">
    <p class='ocr_par' dir='ltr' id='par_1_115' title="bbox 2102 5281 3714 5354">
     <span class='ocr_line' id='line_1_115' title="bbox 2102 5281 3714 5354; baseline -0.004 -16"><span class='ocrx_word' id='word_1_762' title='bbox 2102 5284 2337 5340; x_wconf 90' lang='lat' dir='ltr'>busdam</span> <span class='ocrx_word' id='word_1_763' title='bbox 2367 5285 2446 5338; x_wconf 90' lang='lat' dir='ltr'>sic</span> <span class='ocrx_word' id='word_1_764' title='bbox 2473 5303 2520 5340; x_wconf 71' lang='grc' dir='ltr'>ε(</span> <span class='ocrx_word' id='word_1_765' title='bbox 2547 5301 2673 5338; x_wconf 89' lang='lat' dir='ltr'>cum</span> <span class='ocrx_word' id='word_1_766' title='bbox 2703 5282 3062 5354; x_wconf 86' lang='lat' dir='ltr'>aquamanile</span> <span class='ocrx_word' id='word_1_767' title='bbox 3092 5301 3116 5332; x_wconf 87' lang='lat'>»</span> <span class='ocrx_word' id='word_1_768' title='bbox 3143 5281 3212 5334; x_wconf 91' lang='lat' dir='ltr'>In</span> <span class='ocrx_word' id='word_1_769' title='bbox 3240 5281 3378 5335; x_wconf 87' lang='lat' dir='ltr'>aliis</span> <span class='ocrx_word' id='word_1_770' title='bbox 3411 5282 3496 5334; x_wconf 89' lang='lat' dir='ltr'>ita</span> <span class='ocrx_word' id='word_1_771' title='bbox 3523 5293 3568 5328; x_wconf 77' lang='grc' dir='ltr'>ει</span> <span class='ocrx_word' id='word_1_772' title='bbox 3595 5291 3714 5329; x_wconf 88' lang='lat' dir='ltr'>cum</span> 
     </span>
    </p>
   </div>
   <div class='ocr_carea' id='block_1_116' title="bbox 2101 5370 3719 5446">
    <p class='ocr_par' dir='ltr' id='par_1_116' title="bbox 2101 5370 3719 5446">
     <span class='ocr_line' id='line_1_116' title="bbox 2101 5370 3719 5446; baseline -0.008 -16"><span class='ocrx_word' id='word_1_773' title='bbox 2101 5375 2476 5446; x_wconf 63' lang='lat' dir='ltr'>aquamanili.</span> <span class='ocrx_word' id='word_1_774' title='bbox 2506 5393 2533 5427; x_wconf 82' lang='grc'>»</span> <span class='ocrx_word' id='word_1_775' title='bbox 2566 5373 2830 5429; x_wconf 89' lang='lat' dir='ltr'>Urceolus</span> <span class='ocrx_word' id='word_1_776' title='bbox 2861 5372 2994 5444; x_wconf 90' lang='lat' dir='ltr'>quid</span> <span class='ocrx_word' id='word_1_777' title='bbox 3039 5371 3112 5425; x_wconf 87' lang='lat' dir='ltr'>sit</span> <span class='ocrx_word' id='word_1_778' title='bbox 3153 5370 3389 5442; x_wconf 88' lang='lat' dir='ltr'>liquido</span> <span class='ocrx_word' id='word_1_779' title='bbox 3434 5374 3608 5442; x_wconf 84' lang='lat' dir='ltr'>patet,</span> <span class='ocrx_word' id='word_1_780' title='bbox 3639 5370 3719 5419; x_wconf 85' lang='lat' dir='ltr'>est</span> 
     </span>
    </p>
   </div>
   <div class='ocr_carea' id='block_1_117' title="bbox 2097 5461 3720 5538">
    <p class='ocr_par' dir='ltr' id='par_1_117' title="bbox 2097 5461 3720 5538">
     <span class='ocr_line' id='line_1_117' title="bbox 2097 5461 3720 5538; baseline -0.006 -18"><span class='ocrx_word' id='word_1_781' title='bbox 2097 5465 2248 5520; x_wconf 92' lang='lat' dir='ltr'>enim</span> <span class='ocrx_word' id='word_1_782' title='bbox 2296 5483 2392 5522; x_wconf 89' lang='lat' dir='ltr'>vas</span> <span class='ocrx_word' id='word_1_783' title='bbox 2415 5464 2690 5538; x_wconf 87' lang='lat' dir='ltr'>superius,</span> <span class='ocrx_word' id='word_1_784' title='bbox 2743 5463 2893 5519; x_wconf 90' lang='lat' dir='ltr'>unde</span> <span class='ocrx_word' id='word_1_785' title='bbox 2940 5461 3194 5517; x_wconf 89' lang='lat' dir='ltr'>lavandis</span> <span class='ocrx_word' id='word_1_786' title='bbox 3249 5461 3528 5515; x_wconf 87' lang='lat' dir='ltr'>manibus</span> <span class='ocrx_word' id='word_1_787' title='bbox 3573 5469 3720 5528; x_wconf 85' lang='lat' dir='ltr'>aqua</span> 
     </span>
    </p>
   </div>
   <div class='ocr_carea' id='block_1_118' title="bbox 2096 5544 3718 5627">
    <p class='ocr_par' dir='ltr' id='par_1_118' title="bbox 2096 5544 3718 5627">
     <span class='ocr_line' id='line_1_118' title="bbox 2096 5544 3718 5627; baseline -0.007 -17"><span class='ocrx_word' id='word_1_788' title='bbox 2096 5555 2430 5612; x_wconf 80' lang='lat' dir='ltr'>infunditur.</span> <span class='ocrx_word' id='word_1_789' title='bbox 2480 5552 2871 5627; x_wconf 85' lang='lat' dir='ltr'>Aquamanile,</span> <span class='ocrx_word' id='word_1_790' title='bbox 2922 5551 3037 5607; x_wconf 91' lang='lat' dir='ltr'>sive</span> <span class='ocrx_word' id='word_1_791' title='bbox 3080 5550 3500 5622; x_wconf 70' lang='lat' dir='ltr'>aquaemanile,</span> <span class='ocrx_word' id='word_1_792' title='bbox 3541 5544 3718 5605; x_wconf 83' lang='lat' dir='ltr'>Italici</span> 
     </span>
    </p>
   </div>
  </div>
