3852 6178
200 217 271 277 5'21

1572 218 1959 278 EPISTOLIE.

3294 215 3411 278 522

198 357 324 398 unam
345 343 549 412 partem
574 337 786 406 dicunt,
817 343 1159 412 vocaturque
1186 341 1380 414 lingua
1407 360 1602 400 eorum
1630 349 1789 406 vasA
1807 349 1895 399 est
1916 342 2091 407 vobis,
2124 340 2258 413 quia
2278 340 2378 395 lilii
2404 340 2575 396 vestri
2599 346 2782 410 erant,
2813 341 2862 397 si
2884 340 2986 397 ﬁlii
3015 357 3139 399 esse
3158 313 3411 411 vellent;

199 430 393 495 inferius,
429 428 488 484 in
514 428 665 501 quod
710 428 971 483 manibus
1017 429 1204 485 infusa
1248 448 1400 503 aqua
1426 433 1727 489 delabitur.

198 519 316 583 Quod
340 519 382 573 si
406 518 639 573 fortasse
666 519 748 573 sic
784 523 975 584 308
1004 519 1464 591 distinguendum
1496 524 1730 594 putatis,

197 608 426 663 urceolum
454 624 582 662 cum
613 625 780 680 aqua.
801 614 858 663 et
876 614 1070 679 postea
1100 611 1327 677 munile,
1361 628 1426 666 ac
1450 619 1735 668 manutern

194 698 328 767 gium,
348 702 618 767 quatenus
648 696 853 751 manile
868 714 990 752 esse
1006 700 1358 770 manipulum
1379 700 1728 773 intelligatis.

197 787 281 841 Cur
297 786 428 840 inter
453 786 738 841 urceolum
764 803 828 842 ac
844 789 1262 858 manutergium
1289 796 1533 860 ponatur
1547 793 1735 847 mani-

195 876 338 947 putus,
356 881 410 929 et
424 892 524 929 cur
551 882 752 930 caetera
778 883 1113 931 ornamenta
1127 878 1198 932 ab
1211 879 1486 950 episropis
1503 880 1729 948 dantur,

195 963 368 1019 dariab
412 964 801 1019 archidiacono
852 965 1176 1037 manipulus
1206 967 1492 1037 jubeatur,
1537 969 1595 1024 in
1622 987 1735 1042 qua,

198 1053 422 1124 scriptura
450 1053 564 1107 sive
584 1054 837 1108 saeculari
863 1054 979 1109 sive
1000 1055 1189 1110 divina
1218 1056 1297 1111 sic
1324 1064 1578 1113 vocatum
1612 1076 1736 1114 ma-

196 1143 399 1214 nipulum
427 1143 688 1214 reperitis
717 1140 843 1217 [al.,
872 1144 1256 1216 reperieritis],
1290 1163 1456 1218 posco
1480 1154 1734 1203 sanctam

196 1231 539 1302 paternitatem
566 1237 809 1286 vestram
840 1239 905 1287 ut
943 1232 1194 1289 iudicare
1235 1235 1371 1289 mihi
1396 1237 1736 1309 competenti

193 1321 435 1392 diligentia
457 1321 752 1379 studentis.

246 1407 300 1463 In
325 1409 765 1481 Carthaginiensi
794 1411 1027 1468 consilio
1053 1418 1254 1483 quarto
1274 1416 1550 1486 omnelin
1561 1433 1624 1470 us
1655 1415 1735 1470 rei

192 1497 474 1569 ambiguum
494 1499 927 1566 excluditur,ubi
942 1501 1023 1555 sic
1040 1502 1248 1573 legitur
1271 1522 1283 1557 :
1307 1524 1329 1553 ι
1351 1504 1739 1560 Subdiaconus

193 1602 292 1641 cum
315 1588 617 1654 ordinatur,
635 1588 770 1659 quia
799 1606 1000 1644 manus
1019 1589 1436 1662 impositionem
1456 1610 1570 1648 non
1594 1593 1739 1648 acci-

193 1675 269 1747 pit,
287 1682 534 1748 patenam
578 1677 647 1732 de
674 1694 846 1732 manu
874 1678 1121 1751 episcopi
1159 1680 1395 1752 accipiat
1429 1699 1656 1737 vacuam
1684 1668 1802 1737 etB

194 1764 377 1820 calicem
420 1782 658 1820 vacuum
684 1785 698 1834 ;
730 1767 799 1821 de
835 1784 1008 1822 manu
1037 1784 1165 1823 vero
1196 1769 1577 1826 archidiaconi
1605 1772 1745 1826 acci-

195 1852 286 1924 piat
314 1855 592 1909 urceolum
622 1872 749 1910 cum
779 1872 944 1928 aqua,
977 1862 1035 1912 et
1062 1859 1419 1930 aquamanile
1449 1876 1515 1915 ac
1541 1878 1744 1917 manu-

195 1942 410 2013 tergium.
434 1964 461 1998 ι
486 1943 630 1999 Item
653 1944 917 2000 lsodorus
941 1946 1001 2000 in
1033 1947 1270 2018 epistola
1296 1949 1365 2003 de
1395 1951 1569 2005 sacris
1599 1952 1746 2006 ordi-

196 2031 356 2086 nibus:
390 2052 415 2084 α
439 2032 1173 2106 Adsubdiaconum,inquit,
1194 2039 1442 2109 pertinet
1453 2040 1680 2095 calicem
1692 2047 1750 2096 et

195 2125 412 2191 patenum
442 2122 513 2176 ad
542 2123 723 2177 altare
754 2124 963 2178 Christi
1000 2125 1237 2193 deferre,
1268 2132 1325 2181 et
1347 2128 1529 2185 levitis
1555 2130 1747 2184 trade-

197 2225 257 2273 re,
282 2211 457 2282 eisque
490 2211 849 2279 ministrare;
883 2214 1169 2268 urceolum
1210 2232 1452 2288 quoque,
1487 2224 1545 2273 et
1573 2235 1749 2290 aqua-

194 2300 363 2353 mauile
386 2317 451 2354 ac
469 2301 888 2371 manutergium
913 2308 1138 2370 tenere;
1168 2304 1446 2377 episcopo.
1465 2306 1750 2377 presbyte-

196 2387 256 2440 ris
277 2393 327 2441 et
340 2388 515 2443 levitis
539 2407 639 2460 pro
660 2389 1053 2445 lavandisante
1065 2392 1242 2447 altare
1270 2394 1528 2449 manibus
1543 2411 1748 2466 aquam

193 2475 419 2547 puebere.
444 2498 470 2531 3
506 2477 875 2550 Omnipotens
898 2479 1171 2535 Dominus
1201 2482 1371 2536 vitam
1400 2484 1750 2538 vestrumin-

195 2570 267 2617 ωε
305 2567 649 2638 exteriusque
700 2572 970 2635 tueatur;
1008 2577 1324 2642 augeatque
1359 2571 1415 2625 in
1440 2572 1613 2635 vobis,
1657 2590 1752 2628 nu-

192 2657 416 2725 ctamque
459 2662 755 2710 conservet
799 2655 1155 2712 dilectionem
1204 2676 1316 2731 qua
1352 2677 1441 2714 me
1468 2662 1751 2731 quondam

194 2740 391 2812 diligere
417 2744 989 2816 solebatis,quatenus
1009 2746 1079 2800 de
1110 2765 1217 2814 me,
1251 2755 1523 2819 quantum
1556 2751 1625 2805 ad
1657 2768 1752 2805 vos

194 2827 280 2885 hoc
300 2834 438 2903 quod
470 2833 716 2904 pertinet
746 2834 867 2904 [al.,
893 2835 1118 2905 quidem
1151 2838 1435 2909 pertinet],
1472 2856 1594 2910 quae
1631 2857 1753 2895 cre-

196 2916 348 2973 denda
375 2928 511 2976 sunt
552 2921 814 2989 credatis,
862 2925 1166 2995 proculque
1204 2926 1274 2980 ab
1298 2928 1527 2983 auribus
1559 2930 1755 2985 vestris

195 3005 385 3079 linguas
410 3011 830 3066 detrahentium
860 3014 1129 3084 pastorali
1169 3032 1395 3088 semper
1420 3018 1755 3073 auctoritate

190 3098 462 3167 repellatis.

698 3189 1052 3247 EPISTOLA
1075 3192 1220 3248 XIV.

266 3324 333 3367 AD
366 3327 622 3370 Joannes
658 3308 1647 3379 ειοπιοωοεδεεκἈκοιιιερῐεαοιιυλι.

193 3434 390 3512 Indigna
417 3454 457 3493 a
502 3442 616 3493 suis
658 3441 913 3495 habitum
950 3447 1282 3512 quibusdam
1319 3452 1654 3512 consolatur,
1696 3450 1759 3504 de

246 3511 482 3585 uindicta
531 3527 818 3579 suggerens
863 3511 1050 3582 quales
1095 3533 1364 3585 capessere
1408 3522 1609 3583 debeat,
1640 3511 1762 3575 sibi

247 3595 378 3655 cura:
402 3584 676 3655 futurum
704 3589 767 3637 ut
792 3586 868 3638 ad
895 3600 1074 3655 regem
1105 3584 1206 3642 hac
1233 3591 1297 3643 de
1324 3607 1381 3644 re
1411 3593 1497 3645 det
1548 3595 1760 3647 litteras

246 3654 420 3718 quales
448 3654 621 3707 debet.

247 3755 479 3815 Domino
520 3765 722 3815 sanctae
766 3762 1236 3836 Rothomagensis
1284 3768 1543 3825 Ecclesiae
1584 3771 1764 3826 archi-

190 3844 421 3919 episcopo
446 3849 674 3916 Josmu,
702 3850 876 3906 frater
902 3854 1266 3912 Laxramcus
1293 3858 1558 3929 indignus
1593 3860 1764 3915 antis-

192 3936 279 3997 tes,
304 3936 469 3992 ﬁdele
504 3939 791 3994 servitium
820 3957 947 3996 cum
966 3944 1331 4002 orationibus.

248 4021 388 4079 Visis
426 4026 637 4081 litteris
682 4029 902 4098 vestris,
949 4032 1152 4103 quibus
1180 4036 1537 4091 temerariam
1565 4053 1765 4110 super-

188 4106 407 4184 bamque
436 4117 820 4173 temeritatem
865 4120 1310 4179 miserrimorum
1340 4106 1652 4182 hominum-
1671 4128 1767 4184 ad-

187 4213 357 4257 versus
387 4203 701 4260 Dominum
730 4214 789 4262 et
813 4210 1133 4279 pontiﬁcale
1149 4212 1433 4285 fastigium
1463 4233 1769 4290 praesump-

189 4291 291 4343 tam
315 4291 668 4364 signiﬁcasse
686 4297 1003 4365 studuistis,
1029 4306 1087 4355 et
1112 4302 1267 4357 dolui
1292 4304 1437 4359 sicut
1453 4305 1642 4360 dolere
1669 4307 1769 4361 de-

1812 437 2087 504 quantum
2123 447 2254 485 vero
2283 430 2353 485 ad
2377 448 2492 496 vos,
2524 432 2885 501 gaudendum
2916 433 3103 503 potius
3133 437 3190 487 et
3220 432 3407 488 exsul-

1811 518 2526 590 tandum,exspectantibus
2539 519 2692 573 vobis
2709 519 3116 575 beatitudinem
3137 520 3407 592 apostolis

1814 609 2231 679 repromissum,
2267 607 2396 678 quia
2421 624 2515 661 vos
2544 609 2803 675 oderunt,
2823 614 2879 662 et
2906 609 3405 680 exprobraverunt,

1814 704 1871 752 et
1891 698 2174 769 ejecerunt
2197 703 2463 767 tanquam
2493 698 2699 751 malum
2726 703 2953 768 prOpter
2989 697 3191 752 Filium
3222 697 3408 751 homi-

1815 787 1922 852 nis,
1970 802 2137 858 quem
2188 802 2281 839 vos
2336 785 2540 839 amatis
2586 792 2644 840 et
2684 786 2991 850 honoratis,
3044 792 3101 840 et
3145 787 3220 841 ad
3246 787 3417 858 cujus

1815 892 2066 930 amorem
2098 881 2154 929 et
2180 874 2452 928 honorem
2482 873 2607 927 illos
2628 874 2849 928 trahere
2879 875 3165 929 volebatis.

1888 964 2130 1019 Litteras
2165 962 2394 1017 domino
2426 969 2609 1017 vestro
2661 960 2744 1034 [al
2774 1003 2788 1029 ,
2833 964 3046 1033 nostro]
3075 964 3191 1034 regi
3230 969 3409 1019 trans-

1817 1053 2041 1107 mittere
2074 1050 2328 1122 dispono.
2361 1051 2555 1122 quales
2584 1056 2805 1122 oportet
2834 1056 2890 1105 et
2911 1052 3103 1122 quales
3124 1052 3299 1107 debeo
3324 1058 3412 1120 ;et

1817 1142 2002 1196 credo.
2060 1140 2365 1194 miserante
2422 1142 2558 1205 Deo,
2593 1139 2726 1211 quia
2780 1140 2924 1194 sicut
2976 1146 3233 1212 tempora
3287 1142 3411 1212 ejus

1819 1230 2114 1285 obscurata
2137 1235 2270 1283 sunt
2298 1228 2652 1282 immanitate
2681 1234 2852 1283 tanta)
2873 1229 3157 1300 nequitiae,
3189 1228 3267 1283 sic
3298 1229 3414 1283 eni-

1818 1325 2032 1374 tescent
2060 1335 2179 1373 com
2187 1318 2430 1389 petentis
2441 1318 2741 1371 severitate
2758 1318 3207 1373 vindictae.0mni
3215 1323 3414 1389 potens

1819 1408 2091 1465 Dominus
2120 1408 2289 1462 vitam
2313 1412 2555 1461 vestram
2587 1408 2886 1473 custodiat,
2912 1413 2969 1462 et
2996 1413 3192 1462 contra
3221 1423 3416 1462 omnes

1819 1498 2049 1553 aemulos
2076 1496 2304 1550 dextera
2333 1512 2436 1550 sua
2469 1502 2799 1567 protegente
2826 1496 3109 1564 defendat,
3132 1496 3417 1568 diligenda

1822 1589 1990 1643 Pater
2017 1591 2075 1642 et
2097 1584 2251 1640 omni
2279 1584 2446 1640 laude
2475 1585 2723 1640 colende.

2372 1691 2723 1747 EPISTOLA
2750 1692 2868 1747 XV.

2447 1807 2516 1845 Al)
2548 1805 2798 1846 EUMDEM.

1826 1890 2037 1946 Laudat
2065 1892 2181 1958 ejus
2210 1891 2273 1942 in
2300 1895 2516 1957 accepta
2544 1889 2766 1957 injuria
2805 1891 3156 1958 patientiam.
3192 1890 3265 1943 De
3283 1904 3419 1942 auc-

1898 1963 2107 2014 toribus
2152 1961 2423 2028 facinoris
2469 1965 2728 2027 rogalum
2772 1976 2807 2013 a
2848 1976 2901 2013 se
2946 1976 3127 2027 regem
3150 1975 3252 2028 per
3282 1962 3424 2013 litte-

1900 2047 2013 2092 ras,
2045 2036 2106 2084 ut
2138 2033 2457 2084 ulciscatur.
2481 2030 2601 2086 Sibi
2618 2047 2828 2101 quoque
2840 2032 3073 2098 probari
3100 2047 3217 2099 quae
3238 2033 3332 2085 ille
3359 2032 3423 2084 de

1902 2105 2106 2155 visione
2126 2103 2417 2170 cujusdam
2438 2103 2715 2165 monac/li,
2730 2106 2780 2155 et
2798 2103 3046 2155 deallero
3074 2117 3109 2154 a
3140 2102 3426 2156 communi

1900 2175 2187 2241 sepultura
2211 2174 2488 2241 prohibito
2517 2174 2840 2227 mandarat.

1899 2270 2026 2324 Zelo
2076 2270 2175 2324 Dei
2223 2275 2281 2324 et
2310 2286 2502 2324 amore
2544 2270 2777 2340 justitize
2829 2271 3167 2343 praecellenti
3217 2275 3426 2326 sancta:

1830 2359 2298 2429 Rothomagensis
2316 2358 2572 2414 Ecclesiae
2598 2360 3020 2433 archiepiscopo
3045 2362 3264 2427 JOANNI,
3288 2361 3429 2415 Lss-

1830 2461 2086 2502 FRANCUS
2128 2448 2397 2518 indignus
2442 2448 2698 2503 antistes.
2723 2450 3010 2503 servitium
3042 2455 3100 2503 et
3122 2449 3425 2504 orationes.

1903 2541 2097 2600 ειυς)
2124 2537 2360 2600 Quando
2373 2537 2679 2592 Robertum
2699 2537 3263 2592 BeccensisEcclesia:
3301 2539 3423 2608 [al.,

1832 2625 2091 2695 coenobii]
2115 2627 2448 2680 monachum
2470 2643 2596 2680 cum
2610 2626 2813 2680 litteris
2825 2627 2895 2680 ad
2914 2644 3007 2680 vos
3023 2626 3431 2691 transmisi,ad—

1838 2714 1944 2767 huc
1992 2716 2175 2768 nullas
2218 2715 2571 2783 paternitatis
2616 2722 2812 2769 ves-tne
2863 2715 3126 2786 epistolas
3172 2714 3426 2785 suscepi;

1836 2808 1961 2874 post
1974 2802 2294 2857 abscessum
2311 2804 2359 2873 ej
2371 2820 2433 2857 us
2449 2804 2773 2873 capellanus
2793 2802 3052 2873 Hugonis
3072 2819 3245 2856 unam
3266 2802 3431 2856 detu-

1836 2890 1901 2945 lit
1925 2908 1938 2955 ;
1978 2892 2214 2945 alteram
2259 2906 2388 2945 vero
2415 2891 2590 2945 laicus
2620 2876 2871 2962 quidam,
2899 2891 3016 2961 qui,
3049 2891 3431 2961 interrogatus

1777 2991 1819 3049 (ζ
1839 2996 1874 3034 a
1898 2997 1987 3034 me
2008 2980 2133 3051 quis
2178 2986 2348 3050 esset,
2376 2980 2711 3034 servientem
2744 2979 2949 3050 reginae
2978 2996 3038 3035 se
3059 2995 3182 3035 esse
3207 2995 3434 3050 respon-

1836 3069 1937 3123 dit.
1993 3070 2371 3140 Utrarumque
2404 3069 2685 3123 sententia
2734 3085 2849 3123 una
2898 3069 3037 3137 fuit;
3081 3068 3141 3123 in
3181 3068 3436 3139 utrisque

1839 3158 2128 3213 enucleate
2156 3157 2452 3212 ostenditis
2476 3158 2721 3212 ofﬁcium
2742 3157 2913 3212 vestri
2939 3157 3435 3225 ordinis,videlicet

1840 3254 2035 3302 contra
2062 3247 2292 3301 aemulos
2320 3246 2671 3319 patientiam,
2698 3254 2756 3301 et
2782 3246 3161 3301 innocentiam
3191 3251 3432 3301 vestram

1841 3336 2081 3407 [contra]
2107 3335 2495 3407 perditissima:
2512 3336 2634 3406 [a!.,
2647 3335 3176 3407 perditissimaeque]
3205 3350 3440 3405 congre-

1838 3424 2084 3494 gationis
2104 3423 2428 3479 horribilem
2459 3423 2916 3496 puniendamque
2945 3422 3324 3477 temeritatem
3349 3430 3440 3489 ;et

1839 3513 1898 3567 in
1920 3520 2158 3585 utroque
2188 3513 2520 3578 laudandus,
2551 3512 2609 3567 in
2638 3519 2880 3585 utroque
2908 3511 3236 3566 benedictus
3257 3512 3435 3566 Deus:

1841 3603 1975 3675 quia
2003 3609 2060 3657 et
2089 3619 2181 3656 vos
2209 3603 2333 3673 ejus
2368 3603 2554 3673 gratia
2584 3602 2790 3657 fecistis
2823 3601 2973 3673 quod
3005 3606 3264 3673 respectu
3289 3599 3438 3672 epis-

1842 3691 2053 3763 copalis
2071 3690 2363 3761 dignitatis
2390 3691 2572 3745 facere
2603 3690 2910 3758 debuistis;
2958 3695 3017 3744 et
3057 3689 3141 3744 illi
3186 3693 3439 3754 econtra,

1838 3781 1994 3851 justo
2042 3779 2218 3850 ipsius
2244 3779 2457 3850 judicio
2507 3779 2701 3833 traditi
2740 3779 2800 3833 in
2848 3778 3149 3851 reprobum
3181 3794 3433 3846 sensum,

1844 3870 1947 3923 hoc
1970 3869 2223 3922 fecerunt
2246 3869 2395 3939 quod
2426 3884 2528 3923 nec
2557 3868 2806 3939 quolibet
2828 3868 3097 3939 impulsu,
3137 3868 3220 3921 vel
3247 3866 3435 3939 quali-

1845 3956 1940 4011 bet
1968 3957 2174 4027 injuria
2194 3957 2475 4028 provocati
2497 3957 2678 4011 facere
2697 3955 3028 4022 debuerant,
3063 3955 3441 4010 certissimum

1844 4045 2138 4118 pravitatis
2179 4062 2293 4100 suae
2319 4045 2406 4099 his
2435 4046 2531 4116 qui
2553 4062 2648 4099 eos
2678 4061 2788 4099 non
2820 4050 3092 4100 noverant
3127 4042 3441 4114 praebentes

1846 4134 2138 4203 indicium,
2161 4134 2407 4205 quoluce
2422 4134 2629 4188 clarius
2654 4133 2914 4188 omnibus
2953 4134 3267 4187 innotescat
3309 4147 3445 4202 qua-

1848 4222 1931 4276 les
1950 4222 2006 4276 in
2028 4228 2328 4293 conspectu
2355 4222 2454 4276 Dei
2483 4238 2578 4276 eos
2602 4239 2724 4276 esse
2745 4221 2815 4275 ab
2844 4222 2999 4276 omni
3024 4221 3229 4292 papulo
3259 4220 3446 4275 existi-

1852 4310 1997 4365 mari
2027 4317 2299 4380 oporteat.
2318 4311 2399 4365 De
2421 4310 2524 4364 hac
2552 4326 2613 4363 re
2642 4309 2858 4364 litteras
2871 4309 3099 4363 domino
3119 4316 3311 4363 nostro
3326 4308 3447 4380 regi

188 4373 285 4471 Eni,
394 4387 597 4437 tamen
616 4383 675 4439 in
704 4384 825 4457 ipso
846 4387 1038 4443 dolore
1068 4406 1180 4445 non
1194 4393 1440 4462 gaudere
1460 4411 1571 4448 non
1589 4396 1766 4465 potui.
1786 4368 1834 4426 Β
1852 4399 2033 4463 mitto,
2062 4368 2332 4471 eumque,
2363 4406 2426 4453 ut
2443 4399 2621 4463 decet,
2647 4399 2717 4453 ad
2740 4398 3039 4453 vindictam
3062 4398 3207 4452 tanti
3239 4368 3451 4453 facino-

186 4465 357 4561 Dolui,
396 4470 551 4561 quia
594 4472 653 4527 id
702 4475 889 4531 evenit
935 4478 1256 4534 celsitudini
1306 4488 1517 4545 vestrae,
1559 4484 1708 4555 quod
1738 4501 1773 4539 a
1852 4489 1950 4550 ris,
1977 4494 2138 4561 prout
2161 4465 2408 4559 possum,
2443 4505 2578 4559 rogo
2598 4494 2655 4542 et
2686 4504 2904 4554 moneo,
2929 4504 3067 4559 quas
3092 4489 3214 4559 jam
3230 4487 3447 4559 pridem

186 4558 527 4629 tapetibus
554 4577 898 4632 paganorum
937 4567 1078 4621 nulli
1107 4568 1316 4638 legitur
1352 4572 1602 4626 evenisse
1631 4573 1774 4645 epis-
1852 4558 2308 4646 transmisissein,
2338 4578 2436 4631 sed
2468 4579 2717 4648 legatum
2748 4558 2995 4648 reperire
3032 4558 3144 4631 non
3176 4558 3360 4648 potui;
3393 4586 3453 4634 et

184 4658 441 4715 0090mm
468 4667 484 4717 ;
516 4651 744 4720 gavisus
772 4669 902 4708 vero
934 4672 1060 4710 sum
1085 4657 1220 4727 quia
1260 4660 1623 4730 spurcissima
1661 4661 1771 4717 vita
1853 4666 2020 4721 homo
2050 4665 2293 4738 episcopi
2321 4666 2675 4733 Walchelini,
2710 4667 2806 4738 qui
2849 4666 2991 4721 alias
3033 4664 3185 4720 vobis
3226 4666 3450 4734 detulit,

187 4747 531 4809 eorumque
549 4741 758 4795 multas
786 4743 1045 4814 regiones
1074 4746 1250 4800 fetore
1270 4764 1383 4803 suae
1400 4748 1645 4805 infamia
1651 4750 1772 4821 jam

184 4825 435 4911 aspersit,
471 4829 761 4885 occasione
788 4830 1074 4902 publicata
1098 4840 1202 4901 est,
1232 4838 1630 4911 cognitumque
1660 4840 1775 4895 cvi-

187 4908 374 4968 denter
401 4916 603 4987 quales
645 4934 838 4975 coram
877 4922 992 4978 Deo
1030 4923 1163 4992 sint,
1197 4925 1312 4996 qui,
1345 4908 1561 4998 abjecto
1590 4929 1776 4985 divino

186 4998 549 5090 humanoque
595 5007 820 5075 timore,
870 5016 1095 5067 tantum
1151 5014 1309 5070 nefas
1360 5016 1420 5071 in
1476 5026 1776 5090 conspectu

186 5086 480 5148 hominum
528 5097 706 5153 moliti
753 5104 904 5155 sunt.
965 5100 1041 5157 Et
1085 5119 1236 5158 nunc
1285 5106 1552 5161 sanctitas
1597 5086 1779 5164 vestra

183 5193 403 5269 omnem
436 5199 731 5241 raucorum
751 5189 822 5243 de
849 5191 1015 5245 corde
1041 5192 1286 5263 abjiciat,
1320 5212 1421 5250 nec
1449 5196 1574 5268 plus
1619 5214 1778 5269 aequo

186 5272 238 5359 et
257 5268 415 5326 bono
437 5289 545 5344 pro
567 5275 670 5331 hac
689 5293 751 5331 re
771 5278 991 5347 doleat;
1015 5298 1237 5337 omnem
1255 5284 1624 5340 intentionem
1648 5268 1782 5359 qua-

185 5355 450 5416 lites-hec
466 5364 716 5436 nequitia
731 5367 806 5422 ad
832 5368 1100 5426 honorem
1130 5372 1233 5427 Dei
1255 5380 1573 5447 sauciaeque
1594 5355 1783 5432 Eccle-

188 5448 275 5502 sia
303 5450 585 5521 puniatur
602 5454 880 5512 intendat.

250 5534 324 5594 Et
352 5539 610 5613 quidem.
653 5550 930 5618 quantum
956 5549 1028 5604 ad
1065 5550 1189 5608 illos
1220 5557 1454 5624 spectat,
1483 5553 1785 5612 dolendum

441 5638 704 5707 ΡΑΤιιοῐ..
751 5647 871 5710 CL.

1856 4760 1921 4809 ut
1946 4771 2041 4809 eas
2068 4760 2414 4825 exspectaret
2440 4755 2745 4826 impetrare
2774 4772 2885 4810 non
2918 4755 3096 4827 potui.

1928 4844 2009 4898 De
2029 4843 2292 4910 Roberto,
2325 4850 2382 4897 et
2401 4844 2522 4914 ejus
2545 4843 2887 4899 somniatore
2918 4845 3042 4915 [al.,
3064 4845 3450 4916 sommatore],

1859 4937 1916 4987 et
1951 4933 2223 4987 monacho
2255 4950 2287 4986 a
2316 4934 2600 4988 communi
2629 4934 2923 5005 sepultura
2948 4933 3250 5005 prohibito,
3281 4935 3455 5006 quid-

1859 5021 1993 5093 quid
2030 5021 2338 5077 mandastis
2384 5022 2572 5091 laudo,
2605 5031 2662 5078 et
2717 5023 2990 5095 quidquid
3037 5024 3106 5078 de
3147 5024 3234 5078 his
3286 5023 3455 5077 rebus

1858 5111 2101 5176 sentitis,
2125 5127 2227 5181 ego
2269 5127 2490 5183 quoque
2527 5111 2585 5165 in
2634 5112 2895 5166 omnibus
2924 5118 2982 5166 et
3020 5128 3120 5182 per
3138 5110 3329 5165 omnia
3357 5126 3455 5162 vn-

1860 5200 2076 5254 biscum
2124 5200 2325 5254 sentio.
2372 5201 2498 5255 Non
2525 5207 2612 5255 est
2641 5201 2789 5255 enim
2821 5200 3162 5255 credendum
3185 5198 3453 5252 visionem

1864 5289 2019 5343 illam
2044 5306 2165 5343 esse
2195 5305 2229 5342 a
2259 5290 2523 5360 Deo,quzc
2537 5290 2836 5344 monachos
2852 5289 3157 5360 prohibete
3177 5293 3459 5343 monaste-

1866 5378 1970 5444 rio,
2003 5378 2173 5433 cuiud
2189 5378 2545 5433 serviendum
2575 5380 2687 5434 Deo
2708 5395 2768 5431 se
2793 5377 3152 5439 devoverunt,
3184 5384 3241 5431 et
3274 5377 3332 5432 in
3352 5394 3462 5449 quo

1867 5467 1937 5522 de
1998 5466 2319 5522 obedientia
2377 5475 2434 5522 et
2496 5466 2858 5523 conversione
2930 5482 3151 5521 morum
3227 5482 3463 5522 suorum

1869 5562 1928 5612 et
1990 5554 2296 5611 stabilitate
2359 5572 2460 5611 sua
2524 5554 2928 5628 professionem
2968 5554 3263 5622 fecerunt,
3339 5574 3468 5614 cum

3160 5654 3232 5716 17
