3978 6174
651 366 657 388 ι

1468 281 1530 336 B.
1575 250 1988 338 LANFRANCl
2026 251 2384 335 CANTU’AR.
2425 277 2762 332 ARCHIEP.

3602 261 3687 333 5‘24

1018 381 1240 480 :ji’oviele
1298 385 1346 458 et
1387 407 1611 463 reddite.
1679 389 1842 474 (13ml.
1911 390 2075 467 Lixv,
2097 404 2311 468 Afama
2345 401 2609 472 vulgavit.
2637 395 2785 454 lator
2809 391 3185 470 przaeSentium,
3215 378 3304 486 qui
3327 386 3452 452 vidit
3474 403 3526 453 et
3549 401 3696 456 inter-

492 495 606 572 42).
638 494 705 554 Et
732 491 1001 553 Dominus
1026 497 1093 550 de
1129 495 1290 549 malis
1321 495 1637 566 pastoribUs
1681 496 1931 566 loquens,
1976 511 2087 548 non

494 573 616 656 ait:
651 579 849 658 Fugite
892 604 1004 652 eos,
1040 585 1282 639 recedite
1312 585 1381 636 de
1408 583 1543 637 locis
1583 586 1784 655 quibus
1819 593 2082 654 praesunt,

492 667 590 749 sed
623 696 632 728 τ
667 673 842 746 Super
885 676 1204 728 cathedram
1251 675 1425 742 Mai/st
1471 675 1725 730 sederunt
1783 675 1983 728 S(.-rz'b;e
2038 679 2086 726 et

489 769 775 838 Pharisazi,
801 783 918 834 qum
938 767 1130 816 dicunt
1161 767 1341 831 facile,
1381 781 1498 830 qum
1531 767 1717 815 autem.
1737 765 1954 830 factu/"it
1996 778 2088 814 no—

494 859 587 910 lite
616 843 793 922 facere
809 854 1026 924 (Matth.
1065 867 1214 918 xxm,
1243 851 1295 918 2,
1329 851 1400 921 3).
1432 851 1500 904 Et
1529 851 1726 905 beatus
1753 849 2086 904 Benedictus

490 946 548 1017 in
604 945 820 1015 Regula
877 944 1277 996 monachorum
1339 953 1476 1010 (cap.
1512 939 1543 995 4
1574 943 1803 1008 Regula,
1851 927 2082 993 instrue.

489 1015 584 1105 60)
614 1052 624 1085 :
666 1053 691 1085 «
726 1031 1043 1103 Praeceptis,
1069 1031 1271 1101 inquit,
1305 1029 1540 1092 abbatis,
1577 1031 1633 1082 in
1664 1029 1921 1083 omnibus
1950 1029 2084 1082 obe-

491 1111 631 1200 dire,
670 1121 888 1176 etiamsi
917 1113 1055 1192 ipse,
1089 1120 1236 1190 quod
1269 1112 1448 1173 absit!
1486 1120 1649 1172 aliter
1677 1127 1874 1188 agat.»

491 1277 509 1287 ,
560 1207 642 1267 De
673 1203 948 1264 monacho
988 1209 1208 1279 fulgure
1238 1207 1530 1261 interfecto
1563 1207 1644 1261 vir
1683 1207 1904 1278 sapiens
1929 1224 2086 1278 aper-

489 1291 709 1375 tissima
752 1291 1030 1355 sententia
1061 1315 1284 1352 omnem
1317 1297 1701 1367 ambiguitatis
1735 1297 1944 1350 nodum
1973 1297 2085 1349 sol-

490 1381 587 1460 vit,
632 1391 858 1446 dicens:
885 1395 1076 1444 Just-us
1116 1405 1441 1456 quac-anque
1474 1391 1646 1439 morte
1676 1392 2084 1455 praioccupatus

487 1473 682 1550 fuerit,
722 1484 917 1534 anima
965 1482 1079 1546 ejus
1123 1480 1184 1530 in
1231 1478 1521 1543 refrigerio
1565 1473 1668 1528 erit
1721 1476 1868 1544 (Sap.
1904 1490 1976 1540 Iv,
2006 1474 2081 1544 7).

486 1557 740 1638 Denique
761 1567 1003 1620 Ecclesia
1033 1565 1239 1619 Christi
1273 1563 1411 1616 alios
1441 1570 1691 1617 mortuos
1725 1581 1755 1616 a
1787 1582 1899 1616 suae
1930 1581 2083 1617 com-

486 1657 773 1710 munionis
821 1655 1102 1709 consortio
1162 1670 1274 1706 non
1328 1653 1564 1723 repellit,
1600 1651 1707 1705 nisi
1737 1671 1831 1705 eos
1861 1645 2081 1707 tantum

2170 491 2295 556 fuit,
2329 489 2571 561 qualiter
2619 485 2842 561 gestum
2880 488 2971 552 sit,
3009 485 3161 540 vobis
3208 479 3457 541 veraciter
3497 504 3692 544 enarra-

2170 579 2272 634 bit.

2687 666 3036 721 EPISTOLA
3078 663 3244 719 XVII.

2280 777 2349 813 AD
2365 771 2627 814 ἸΟΑΝΝΕΜ
2654 771 3123 811 ROTHOMAGENSEM
3155 757 3596 809 ARCHIEPBCOPUM.

2171 851 2393 903 Falsmn.
2415 865 2519 901 esse
2549 848 2779 899 as'tmulz't
2809 847 2951 912 quod
2979 849 3094 912 ejus
3123 846 3267 910 facta
3295 859 3496 911 carpere
3522 846 3702 898 diceba-

2244 928 2370 973 tur:
2394 922 2678 974 Robert—um
2711 929 2895 970 autem.
2926 918 3275 970 Pultreltum.
3309 919 3400 982 qui
3425 919 3531 968 sine
3557 919 3703 983 ipsius

2244 995 2465 1044 licentia
2507 993 2842 1062 discesserat,
2866 989 3002 1062 rideo
3031 1003 3066 1039 α
3095 1004 3146 1040 se
3184 1004 3305 1062 cum
3353 988 3536 1040 honore
3563 1004 3708 1039 susce-

2235 1069 2396 1131 ptum
2426 1065 2558 1131 quia
2592 1060 3065 1114 conui’iemlatilias
3087 1063 3204 1131 ejus,
3233 1061 3432 1131 litteras
3459 1060 3703 1131 attulerat,

2240 1129 2312 1187 De
2342 1129 2443 1200 [ille
2482 1134 2548 1184 ab
2576 1132 2980 1184 arclu‘dz‘aconts
3015 1130 3245 1197 petenda
3276 1129 3405 1196 quid
3435 1129 3709 1196 respondeat

2238 1209 2283 1257 et
2316 1206 2377 1257 de
2399 1221 2495 1256 suo
2526 1220 2650 1256 cum
2680 1218 2800 1268 rege
2830 1203 3112 1268 colloquio.

2239 1291 2558 1345 Venerabili
2607 1297 2810 1344 sanctae
2847 1288 3312 1358 Rothomagensis
3368 1287 3601 1342 Ecclesiae
3635 1304 3711 1340 ar-

2167 1385 2514 1455 chiepiscopo
2545 1385 2759 1441 Joaxm,
2813 1383 3078 1452 indignus
3107 1381 3340 1435 antistes
3367 1376 3712 1444 Lsxrnsscus,

2167 1476 2454 1528 servitium
2478 1490 2602 1526 cum
2626 1471 2991 1526 orationibus.

2237 1564 2465 1618 Litteris
2496 1580 2633 1633 quas
2661 1561 2919 1615 omnibus
2950 1559 3280 1614 Christiana:
3313 1559 3443 1629 legis
3480 1556 3716 1612 amatori-

2167 1653 2267 1706 bus
2299 1653 2540 1706 amanda
2571 1651 2879 1722 paternitas
2917 1657 3102 1703 vestra
3130 1647 3565 1718 transmisit,quo
3595 1655 3715 1700 tem-

485 1745 689 1816 quibus
721 1745 1030 1799 viventibus
1079 1743 1348 1797 canonica
1400 1758 1634 1796 censura
1670 1744 2081 1799 communicare
2100 1728 2145 1788 Β
2163 1756 2297 1814 pore
2327 1749 2595 1812 porrectae
2619 1735 3237 1809 sunt,congruumdare
3257 1754 3573 1808 responsum
3601 1733 3717 1789 mihi

483 1835 840 1905 contempsit.
875 1833 1246 1903 Omnipotens
1305 1832 1576 1885 Dominus
1621 1833 1792 1886 vitam
1837 1840 2079 1887 vestram

482 1923 783 1984 custodiat,
817 1923 949 1992 quia
997 1924 1237 1976 multum
1283 1922 1438 1975 utilis
1468 1928 1568 1986 est,
1599 1920 1748 1975 inter
1775 1929 1976 1976 caetera
2009 1923 2079 1977 ad

484 2003 852 2065 confutandas
882 2012 1239 2080 garrulorum
1271 2010 1531 2080 ineptias.

1017 2109 1363 2171 EPISTOLA
1402 2117 1497 2170 XV
1505 2118 1548 2171 Ι.

586 2221 660 2261 AD
693 2221 940 2262 JOANNEM
979 2219 1452 2262 ARCHIEPISCOPUM
1479 2218 1982 2259 NORTHMANNORUM.

487 2297 724 2350 Excusat
771 2297 1110 2348 diuturnum
1149 2311 1314 2348 suum
1361 2297 1669 2352 silentium,
1722 2299 1975 2362 aptatque
2017 2301 2080 2349 ut

472 2409 486 2416 -
553 2373 753 2421 mut-ua
791 2370 938 2419 inter
969 2369 1109 2434 ipsos
1140 2373 1188 2419 et
1217 2368 1556 2419 inviolabilis
1594 2369 1664 2418 sit
1694 2368 2004 2421 coz‘zcordia.

475 2512 480 2515 ἠ
550 2454 786 2508 Domino
819 2453 1020 2507 merito
1057 2447 1375 2508 sanctitatis
1420 2461 1614 2507 vestrae
1655 2453 1952 2523 insigniter
1979 2455 2079 2508 ho-

444 2550 752 2615 norando,
810 2550 1330 2604 Northmannorum
1387 2548 1804 2618 archiepiscopo
1856 2549 2071 2610 JOANSI,

477 2643 654 2692 frater
708 2640 1094 2702 LANFRANCUS,
1150 2638 1312 2692 ﬁdele
1359 2637 1647 2691 servitium
1694 2644 2076 2706 mternamque

478 2727 718 2799 salutem
740 2744 866 2780 cum
889 2726 1255 2780 orationibus.

547 2816 707 2879 Quod
763 2816 1162 2886 paternitatem
1223 2820 1483 2880 vestram,
1528 2831 1716 2886 quam,
1760 2820 1902 2866 teste
1935 2814 2066 2880 Deo,

473 2905 653 2959 multo
678 2922 869 2959 amore
889 2906 1267 2976 diligo,multa
1289 2905 1644 2958 veneratione
1666 2904 1925 2974 suscipio,
1948 2904 2068 2956 lon-

469 3010 545 3064 ga
564 2995 834 3064 temporis
850 2994 1266 3066 intercapedine
1289 2994 1492 3047 litteris
1505 2994 1729 3047 visitare
1742 2992 2030 3062 supersedi
2053 3011 2064 3057 ;

467 3083 984 3154 rogo,multumque
1001 3099 1134 3152 rogo
1152 3099 1220 3135 ne
1241 3082 1512 3137 sinistraa
1534 3098 1623 3134 me
1644 3082 1700 3134 id
1721 3082 1925 3134 factum
1946 3098 2065 3134 esse

468 3170 780 3226 intentione
809 3170 1278 3242 interpretemini,
1313 3186 1492 3240 neque
1527 3169 1858 3222 existimeris
1890 3169 2062 3222 fuisse

2165 1849 2274 1885 non
2306 1831 2480 1896 licuit,
2514 1847 2643 1883 nam
2673 1839 2728 1882 et
2757 1827 3089 1898 impeditum
3109 1844 3196 1880 me
3227 1828 3581 1891 invenerunt;
3613 1833 3714 1889 nec,

2164 1921 2209 1974 si
2239 1921 2450 1981 liceret,
2484 1924 2673 1991 posset
2703 1935 2767 1971 ea
2792 1913 3126 1988 tempestate
3153 1916 3384 1969 nuntius
3404 1911 3624 1969 inveniri
3642 1911 3720 1982 qui

2165 2010 2335 2063 ferret
2392 2010 2551 2063 Nunc
2590 2005 2729 2061 mihi
2751 2007 2880 2060 data
2912 2003 3578 2077 opportunitate,dill"erre
3593 2002 3722 2056 ultra

2163 2116 2275 2152 non
2307 2098 2499 2152 debeo.

2235 2187 2524 2242 Retulistis
2554 2186 2704 2240 vobis
2727 2203 2760 2240 a
2789 2184 2982 2239 multis
3002 2184 3174 2239 fuisse
3214 2179 3453 2238 relatum
3483 2178 3617 2252 'quod
3636 2195 3722 2248 ego

2164 2277 2416 2348 quaedam
2448 2283 2631 2330 vestra
2660 2276 2806 2330 facta
2838 2292 3024 2346 carpo,
3057 2279 3113 2328 et
3145 2275 3384 2327 maxime
3415 2271 3556 2343 quod
3582 2264 3724 2322 insti-

2161 2372 2281 2419 tuta
2314 2372 2638 2419 sanctorum
2693 2361 2926 2418 Patrum
2985 2363 3052 2417 de
3102 2363 3378 2417 servanda
3422 2360 3725 2415 clericorum

2159 2455 2415 2508 castitate
2465 2455 2612 2507 male
2654 2471 2748 2507 vos
2786 2453 3125 2506 intellexisse
3157 2454 3454 2521 redarguo,
3488 2447 3725 2519 adjuncto

2158 2545 2306 2614 quod
2334 2543 2717 2612 ecclesiasticae
2740 2542 3044 2613 disciplinae
3069 2541 3457 2595 moderamina
3473 2555 3578 2592 non
3605 2533 3728 2588 bene

2158 2649 2251 2688 vos
2280 2647 2472 2688 tenere
2501 2635 2740 2687 afﬁrmo.
2765 2633 3086 2687 Meminisse
3117 2633 3285 2685 debet
3314 2628 3595 2685 beatitudo
3620 2642 3729 2679 ves-

2157 2729 2263 2789 tra,
2293 2729 2598 2794 przesent-cs
2627 2722 2827 2788 verbis,
2846 2723 3106 2775 absentes
3137 2721 3344 2775 litteris
3373 2737 3484 2773 non
3512 2733 3646 2786 saepe
3665 2715 3731 2767 al-

2155 2819 2436 2867 terutrum
2467 2813 2748 2866 monuisse
2788 2830 2908 2865 esse
2953 2812 3159 2864 multos
3196 2807 3515 2864 detestabili
3544 2801 3728 2860 invidia

2153 2903 2466 2972 plenos,qui
2490 2919 2712 2973 semper
2736 2901 2908 2955 velint
2928 2917 3028 2955 nos
3059 2901 3300 2954 invicem
3323 2897 3731 2965 dissidere,qua-

2150 2998 2312 3044 tenus
2341 2993 2444 3044 hac
2465 2992 2752 3045 occasione
2787 3007 2917 3043 suas
2955 2989 3240 3060 nequitias
3278 2987 3496 3041 veleant
3520 2985 3728 3038 liberius

2150 3095 2403 3133 exercere
2429 3099 2438 3132 :
2465 3097 2705 3150 quorum
2723 3078 2887 3133 ofﬁcii
2911 3079 3080 3132 refert
3095 3095 3240 3132 nova
3271 3075 3732 3148 semper,etinau-

2147 3170 2264 3222 dita
2293 3172 2523 3239 fingere,
2570 3170 2786 3234 leviter,
2840 3175 2896 3222 et
2937 3169 3207 3238 injuriose
3270 3169 3398 3237 [al.,
3449 3161 3730 3230 incuriose]

468 3277 694 3315 causam
725 3267 824 3314 aut
849 3261 1088 3315 indicem
1117 3261 1237 3330 [al.,
1256 3257 2060 3328 radicem].cujuslibetranco-
2079 3249 2120 3306 Ο
2143 3259 2360 3328 prolata
2388 3260 2636 3312 deterius
2663 3274 2958 3329 exponere,
2995 3257 3134 3310 bene
3188 3263 3252 3310 et
3300 3255 3552 3309 consulte
3581 3253 3735 3316 dicta,

466 3349 547 3402 ris
575 3349 666 3403 vel
691 3349 823 3401 odii.
857 3350 976 3402 Hoc
999 3348 1182 3418 potius
1212 3349 1316 3400 hac
1337 3348 1393 3400 in
1421 3353 1579 3417 parte
1608 3346 1886 3416 conjicite,
1913 3348 2060 3416 quod

476 3435 598 3508 [al.,
627 3435 788 3509 quid]
814 3437 893 3490 rei
923 3437 1126 3490 veritas
1149 3421 1334 3500 habet,
1369 3435 1516 3505 quod
1555 3436 1632 3504 [at
1660 3478 1674 3500 ,
1711 3435 1864 3504 quid]
1902 3453 2061 3506 expe-

461 3523 674 3576 rientia
696 3524 1096 3590 vestra,multis
1125 3523 1514 3588 referentibus,
1537 3523 1743 3592 quibus
1763 3523 2057 3577 miserabi-

463 3611 533 3664 lis
563 3612 686 3666 vitze
717 3629 857 3666 mea:
880 3619 1061 3666 status
1095 3617 1279 3665 motus
1295 3618 1380 3664 est
1407 3629 1742 3680 cognoscere
1771 3612 1917 3665 valet
1939 3631 1950 3678 ;
1976 3618 2060 3666 tot

465 3700 616 3754 enim
649 3702 934 3771 tantisque
969 3702 1136 3771 hujus
1169 3701 1364 3754 mundi
1404 3701 1841 3772 impedimentis,
1870 3704 2056 3757 nescio

465 3805 575 3859 quo
597 3791 812 3844 occulto
835 3791 933 3844 Dei
949 3791 1530 3860 judicio,incessanter
1545 3791 1826 3860 subjaceo,
1841 3797 1924 3845 tot
1940 3791 2058 3844 ani-

460 3879 538 3932 mi
568 3891 849 3945 ran‘cores,
879 3886 998 3933 tam
1027 3897 1091 3934 ex
1122 3880 1360 3950 propriis
1386 3897 1552 3950 quam
1582 3897 1647 3933 ex
1670 3881 1868 3934 alienis
1891 3897 2056 3950 nego-

455 3967 552 4022 tiis
579 3968 699 4022 sine
728 3969 1144 4024 intermissione
1181 3968 1450 4033 sustineo,
1485 3975 1569 4022 tot
1599 3969 1949 4023 calamitates
1989 3987 2053 4023 ex

456 4057 903 4111 consideratione
926 4057 1287 4128 praesentium
1318 4063 1584 4110 venturas
1612 4057 1670 4110 in
1699 4057 1888 4110 futuro
1919 4073 2052 4110 con-

451 4146 606 4216 jicio,
638 4152 702 4201 ut
728 4164 957 4217 perraro
981 4147 1229 4200 dictandi
1251 4163 1349 4200 seu
1381 4146 1658 4200 scribendi
1688 4147 1923 4199 facultas
1951 4147 2050 4199 de-

453 4240 588 4302 tur;
620 4241 736 4301 aut,
771 4236 816 4290 si
847 4236 1070 4307 quando
1104 4236 1290 4301 datur,
1337 4236 1423 4288 vel
1462 4236 1666 4289 desunt
1721 4235 1816 4305 qui
1868 4235 2050 4305 perfe-

2146 3356 2419 3417 quantum
2461 3348 2519 3401 in
2573 3348 2708 3417 ipsis
2748 3355 2849 3412 est,
2895 3347 2954 3400 in
2986 3348 3338 3399 contrariam
3372 3351 3589 3416 partem
3618 3357 3736 3395 con-

2142 3443 2376 3490 vertere.
2419 3438 2534 3506 Ego
2581 3443 2790 3502 tamen,
2842 3441 2985 3488 teste
3028 3436 3402 3501 conscientia,
3429 3432 3632 3506 nullius
3659 3447 3738 3484 eo-

2142 3541 2265 3578 rum
2315 3526 2566 3579 conscius
2620 3543 2779 3591 sum;
2822 3543 2923 3578 nec
2967 3522 3179 3594 aliquid
3237 3526 3308 3580 de
3341 3523 3608 3578 laudabili
3638 3520 3736 3572 vita

2142 3623 2325 3667 vestra
2368 3617 2449 3667 vel
2481 3615 2688 3668 dixisse
2721 3615 2803 3666 vel
2834 3614 3057 3667 dicendi
3085 3630 3390 3668 assensum
3449 3610 3736 3684 praebuisse

2140 3719 2229 3755 me
2260 3704 2510 3767 memini,
2540 3705 2687 3773 quod
2715 3703 2772 3755 in
2798 3702 3096 3773 praesentia
3119 3705 3334 3768 vestra,
3370 3703 3417 3756 si
3447 3719 3535 3755 res
3564 3701 3641 3753 ita
3660 3715 3738 3751 ex-

2139 3800 2410 3863 posceret,
2443 3810 2556 3847 non
2587 3800 2774 3863 posset
2826 3809 2952 3846 cum
2995 3792 3144 3862 pacis
3190 3799 3397 3846 vestrae
3449 3788 3736 3844 securitate

2139 3882 2406 3950 proferri;
2461 3882 2573 3936 imo
2616 3888 2797 3935 vestro
2829 3881 3358 3952 venerabiliumque
3391 3882 3622 3935 Patrum
3651 3893 3738 3930 ex-

2138 3970 2321 4038 emplo
2351 3976 2700 4040 provocatus,
2755 3985 2854 4040 per
2924 3975 3100 4022 totam
3163 3976 3389 4023 terram
3456 3966 3736 4036 Anglicam

2135 4059 2402 4125 pastorali
2431 4060 2768 4112 auctoritate
2813 4057 3074 4127 prohibui
3100 4074 3173 4111 ne
3203 4057 3521 4129 cujuslibet
3539 4052 3740 4110 ordinis

2134 4145 2426 4216 quisquam
2451 4149 2749 4201 canonicus
2772 4163 3001 4199 uxorem
3018 4146 3470 4216 accipiat,nec...
3493 4153 3674 4214 antea,
3693 4142 3736 4194 si

2131 4236 2440 4305 presbyter,
2474 4243 2574 4290 aut
2612 4237 2879 4289 diaconus
2917 4241 3022 4300 est,
3061 4235 3172 4289 nisi
3214 4236 3532 4307 praebenda
3561 4246 3741 4287 carere

451 4331 600 4390 rant,
633 4325 714 4376 vel
747 4341 997 4394 personae
1025 4331 1140 4378 tam
1179 4325 1393 4378 idoneae
1431 4340 1543 4378 non
1573 4330 1705 4378 sunt
1734 4329 1796 4377 ut
1824 4340 1926 4394 per
1956 4340 2049 4377 eas
2070 4363 2113 4420 Β
2133 4325 2281 4387 velit,
2311 4325 2516 4378 habere
2539 4325 2776 4379 ulterius
2807 4325 2989 4378 liceat.

452 4411 668 4464 litteras
698 4413 846 4466 mitti
872 4413 1140 4483 injuriam
1171 4420 1387 4483 putem.

523 4501 638 4569 Ego
660 4508 848 4555 tamen
865 4509 919 4555 et
940 4519 1006 4555 ea
1023 4519 1144 4572 quae
1168 4501 1320 4555 vobis
1348 4502 1627 4565 accidunt,
1658 4517 1786 4555 cum
1809 4501 2048 4571 promis-

449 4586 606 4640 sione
651 4590 863 4642 servitii
895 4597 953 4643 et
998 4590 1194 4644 auxilii
1239 4590 1370 4655 mei,
1417 4590 1558 4643 scire
1590 4589 1863 4653 desidero,
1899 4597 1954 4643 et
1983 4606 2050 4643 ea

447 4690 570 4744 quae
600 4677 735 4729 mihi
763 4679 1026 4732 eveniunt
1051 4678 1308 4748 cognosci
1325 4696 1359 4732 a
1382 4678 1538 4731 vobis
1566 4678 1856 4731 humiliter
1877 4683 2003 4748 peto
2027 4696 2038 4744 ;

446 4770 502 4817 et
530 4765 635 4818 hoc
655 4783 751 4820 oro
775 4773 839 4821 ut
866 4784 1096 4821 concors
1116 4768 1361 4821 Charitas
1397 4768 1679 4838 charaque
1723 4769 2037 4833 concordia,

444 4854 732 4923 quaeinter
757 4873 857 4910 nos
886 4858 1156 4910 hactenus
1187 4857 1681 4922 mansit,omnibus
1695 4857 1891 4910 diebus
1914 4856 2039 4910 vita:

440 4947 644 4997 nostrae
666 4944 930 4999 inviolata
966 4951 1327 5015 permaneat;
1351 4963 1452 4999 nec
1478 4963 1603 4998 eam
1635 4945 1896 5015 quaelibet
1938 4945 2036 4997 de-

435 5031 784 5086 trahentium
809 5034 999 5103 lingua
1030 5034 1278 5103 quolibet
1309 5036 1473 5088 modo
1503 5035 1907 5088 autinl‘irmare
1936 5039 2035 5086 aut

433 5121 764 5188 prOpulsare
797 5123 1107 5190 praevaleat.
1141 5122 1301 5185 Quod
1339 5121 1504 5175 aliter
1546 5128 1728 5175 ratum
1773 5138 1893 5174 esse
1920 5137 2033 5174 non

431 5209 657 5276 poterit,
693 5210 798 5263 nisi
843 5218 1123 5263 amatores
1153 5211 1442 5264 discordia:
1475 5218 1575 5262 aut
1603 5210 1799 5262 vestris
1831 5209 2030 5262 exhor-

429 5297 736 5352 tationibus
767 5300 837 5353 ad
870 5317 1121 5354 amorem
1155 5300 1462 5353 concordia)
1493 5305 1908 5361 convertantur,
1931 5305 2031 5351 aut

426 5388 790 5462 persistentes
823 5390 878 5441 in
914 5397 973 5455 εἲ
991 5397 1102 5453 l0
1132 5407 1235 5443 sua
1263 5387 1503 5442 stultitia
1550 5404 1583 5440 a
1629 5388 1835 5440 nostris
1866 5387 2030 5441 collo-

425 5475 574 5544 quiis
600 5479 822 5546 penitus
853 5487 1171 5532 arceantur.

497 5573 569 5616 Ue
592 5567 797 5634 juvene
826 5569 987 5637 cujus
1025 5575 1286 5622 eventum
1308 5583 1488 5638 usque
1523 5567 1592 5622 ad
1624 5583 1790 5624 aures
1813 5573 2024 5624 vestras

2203 4415 2283 4466 De
2315 4414 2576 4479 Roberto,
2613 4431 2780 4484 quem
2799 4413 3133 4467 Pultrellum
3159 4415 3434 4481 vocastis,
3470 4425 3740 4485 quemque

2129 4501 2250 4556 sine
2279 4509 2462 4556 vestra
2485 4503 2711 4555 licentia
2739 4519 2895 4555 mare
2917 4503 3189 4557 transisse
3220 4503 3742 4574 perhibuistis,cer-

2130 4591 2345 4644 tissime
2383 4591 2438 4644 id
2469 4591 2676 4656 sciatis,
2710 4591 2843 4661 quia
2866 4591 3086 4645 litteras
3114 4599 3311 4647 vestro
3346 4594 3564 4664 sigillo,
3605 4588 3748 4662 quod

2127 4679 2266 4731 mihi
2291 4679 2431 4733 bene
2464 4687 2660 4732 notum
2682 4686 2786 4744 est,
2819 4679 3069 4749 signatas
3101 4681 3317 4735 detulit
3341 4702 3354 4748 ;
3379 4683 3440 4736 in
3461 4681 3682 4753 quibus,
3703 4677 3745 4730 si

2125 4785 2265 4821 verae
2296 4768 2543 4833 fuerunt,
2560 4786 2916 4839 summopere
2934 4786 3023 4823 me
3039 4772 3290 4839 rogastis
3310 4779 3606 4842 quatenus
3622 4783 3745 4823 eum

2122 4872 2248 4908 cum
2272 4857 2479 4908 honore
2501 4857 2864 4926 susciperem,
2889 4857 3038 4928 apud
3061 4857 3338 4912 abbatem
3364 4859 3739 4918 Balduinum,

2119 4945 2175 4998 in
2209 4953 2482 5014 quantum
2523 4963 2770 5015 possum,
2817 4963 2918 5016 pro
2974 4947 3314 5001 inﬁrmitate
3357 4949 3451 5002 sui
3493 4943 3745 5017 corporis

2116 5033 2468 5102 adjuvarem;
2495 5035 2563 5088 de
2591 5036 2731 5088 meis
2755 5036 2925 5088 etiam
2946 5036 3130 5098 rebus,
3167 5036 3326 5090 sicut
3354 5038 3505 5091 mihi
3539 5050 3744 5107 oppor-

2114 5126 2315 5174 tunum
2347 5127 2514 5188 esset,
2547 5140 2707 5192 opem
2740 5122 3144 5192 impenderem.
3179 5123 3328 5186 Quae
3363 5124 3567 5178 omnia
3597 5137 3746 5177 exse-

2113 5219 2273 5263 cutus
2303 5228 2454 5277 sum;
2511 5229 2643 5264 nam
2687 5229 2786 5282 pro
2839 5228 3029 5265 amore
3077 5217 3267 5266 vestro
3315 5214 3570 5268 honeste
3619 5229 3746 5267 eum

2111 5300 2539 5369 suscepi,trihus
2567 5302 2896 5370 septimanis
2926 5315 3144 5354 mecum
3173 5301 3596 5368 habui,abbati
3625 5301 3748 5355 Bal-

2113 5389 2284 5441 duino
2310 5389 2570 5459 precibus
2600 5399 2656 5443 et
2690 5390 3156 5460 promissionibus
3185 5393 3631 5446 commendavi.
3651 5393 3750 5445 Re-

2114 5480 2345 5531 vertenti
2375 5481 2521 5532 unde
2552 5480 2735 5533 redire
2765 5486 2948 5550 posset
2968 5479 3230 5534 denarios
3259 5481 3531 5535 otticiosa
3565 5480 3749 5534 chari-

2110 5573 2226 5621 tate
2247 5566 2516 5639 impendi,
2551 5577 2607 5622 et
2636 5569 2810 5623 miror
2840 5569 3020 5635 valde,
3051 5569 3100 5624 si
3122 5567 3305 5625 falsas
3337 5569 3586 5626 litteras.
3616 5585 3748 5643 por-
