3978 6174
262 243 363 320 ses

261 401 414 491 rexit.
451 418 697 478 quonam
741 413 904 467 modo
927 417 1069 469 tanti
1111 417 1211 469 viri
1240 411 1485 486 sigillum
1509 415 1578 472 ad
1625 409 1925 491 persua-A
2009 459 2016 462 -

259 485 498 551 dentiam
530 500 830 555 falsitatem
855 513 1011 558 suam
1043 506 1247 560 habere
1269 485 1532 577 potuerit.

322 586 403 640 De
437 589 549 642 ﬁde
569 590 638 643 ab
676 592 1080 648 archidiaconis
1110 599 1286 666 petita
1333 603 1390 651 et
1437 598 1567 650 data
1610 601 1851 653 interro-

256 673 523 744 ‘gantibus
577 680 848 752 episcopis
919 683 1210 754 Bajocensi
1283 691 1338 739 et
1409 689 1846 754 Constantiensi,

251 758 356 846 liot-
385 761 610 820 tantum
644 771 924 840 respondi,
946 791 1031 825 me
1050 791 1150 827 nec
1181 775 1379 844 legisse
1395 777 1504 830 tale
1525 768 1731 848 aliquid
1756 789 1858 833 nec

254 854 496 925 vidisse,
536 875 629 911 vos
658 863 845 914 tamen
879 862 1212 931 prudentem
1243 866 1418 918 virum
1450 859 1589 933 esse,
1626 873 1681 920 et
1711 866 1856 921 stre-1

253 944 360 997 'nue
391 940 536 999 scire
564 949 694 1017 quid
712 951 910 1019 agatis,
936 951 1067 1021 quid
1087 954 1378 1018 omittatis,
1405 956 1535 1026 quid
1552 958 1850 1026 agendum,

258 1033 382 1103 quid
411 1036 789 1091 omittendum
817 1042 1116 1099 censeatis.

324 1122 408 1176 De
425 1126 671 1195 negotiis
688 1129 887 1182 veStris
906 1143 1030 1183 cum
1053 1131 1279 1184 domino
1300 1140 1490 1187 nostro
1513 1151 1661 1202 rege,
1687 1135 1856 1205 prout

259 1213 442 1267 decuit
471 1223 530 1267 et
549 1218 816 1286 oportuit,
840 1219 1056 1273 noviter
1077 1238 1198 1275 sum
1224 1219 1443 1276 locutus
1464 1242 1474 1289 ;
1503 1230 1557 1276 et
1578 1231 1733 1293 puto,
1757 1229 1858 1294 per

259 1304 700 1380 misericordiam
749 1307 868 1371 Dei,
922 1311 1054 1379 quia
1109 1312 1498 1366 mordentibus
1546 1313 1717 1379 vitam
1763 1327 1857 1366 ve-

256 1393 423 1446 stram
457 1397 624 1448 aures
656 1397 996 1452 excellentite
1038 1417 1152 1454 sua:
1196 1417 1308 1454 non
1367 1407 1452 1454 est
1493 1403 1645 1455 'ultra
1690 1403 1852 1456 facile

251 1477 610 1553 przebiturus.
646 1484 1014 1557 Omnipotens
1045 1487 1316 1542 Dominus
1371 1490 1545 1543 vitam
1606 1496 1849 1544 vestram

255 1573 318 1625 ad
346 1573 623 1627 honerem
668 1583 873 1629 sancta}
911 1577 1165 1631 Ecclesiae
1196 1593 1309 1631 suae
1349 1580 1849 1634 incontamin‘atam

253 1663 550 1716 custodiat.

752 1731 1101 1810 EPISTOLA
1138 1757 1338 1812 XVIII.

667 1899 737 1935 AD
777 1885 1434 1952 oseenxmﬁsmtsrmﬁu.

256 2006 398 2070 Quod
437 2007 785 2059 Balduinum
815 2007 1074 2061 abbatem
1112 2026 1292 2062 secum
1330 2011 1586 2072 detineat,
1634 2015 1851 2078 quomi-

320 2094 423 2129 nus
471 2079 740 2130 Richa-rdi
804 2082 1009 2146 placito
1091 2083 1271 2133 adesse
1344 2087 1534 2147 queat;
1599 2087 1852 2136 excusari

312 2150 548 2215 proinde
580 2151 764 2211 illum,
790 2156 838 2203 et
868 2167 1092 2204 causam
1113 2153 1330 2217 di/l'erri
1358 2158 1530 2219 rogat.

317 2257 682 2310 Lssrnsxcus
709 2257 973 2326 indignus
993 2259 1245 2323 antistes,
1273 2259 1530 2316 OSBERNO
1560 2259 1728 2329 digno
1754 2261 1849 2316 an-

253 2337 426 2408 tistiti,
473 2337 719 2400 salutem
749 2364 877 2400 cum
908 2347 1275 2403 orationibus.
1309 2368 1315 2371 ν

318 2425 426 2500 3]
524 2437 612 2490 Ad
636 2433 980 2492 Frachenam
1009 2438 1189 2490 villam
1213 2446 1482 2502 nostram,
1508 2455 1630 2509 quae
1659 2441 1845 2494 coeno-

254 2525 337 2578 bio
357 2527 539 2579 sancti
572 2527 814 2580 Emundi
863 2528 1117 2598 proxima
1137 2534 1238 2591 est,
1277 2528 1419 2592 veni,
1449 2529 1507 2582 in
1539 2545 1668 2599 qua,
1715 2545 1845 2599 rege

255 2615 624 2687 praecipiente,
660 2624 715 2669 et
743 2619 990 2688 corporis
1034 2617 1146 2670 mei
1199 2617 1527 2671 inﬁrmitate
1587 2625 1841 2688 urgente,

254 2705 493 2776 aliquam
528 2706 780 2776 accipere
813 2706 1145 2759 medicinam
1194 2706 1458 2778 disposui.
1494 2705 1600 2759 Pro
1631 2722 1740 2776 qua
1784 2707 1844 2760 re

253 2793 502 2849 abbatem
538 2794 881 2848 Baldu’inum
912 2795 1152 2861 detineo,
1179 2797 1267 2849 cui
1290 2813 1380 2850 rex
1403 2793 1661 2849 curanda:
1679 2797 1844 2866 hujus

253 2885 594 2954 aegritudinis
635 2885 826 2938 enram
859 2903 959 2939 suo
985 2903 1081 2938 ore
1112 2885 1370 2954 injunxit,
1404 2886 1499 2955 qui
1529 2892 1724 2938 contra
1746 2885 1842 2939 Ri-

253 2971 515 3028 cliardum
550 2973 620 3027 ad
641 2974 791 3028 hunc
817 2981 1150 3028 conventum
1165 2976 1232 3028 de
1247 2975 1577 3045 quibusdam
1602 2975 1842 3045 querelis

252 3061 514 3132 placitum
547 3066 764 3134 accepit
790 3063 932 3129 ;sed,
955 3064 1154 3118 abbate
1185 3065 1329 3135 apud
1346 3081 1438 3117 vos
1464 3070 1520 3118 et
1547 3064 1693 3134 apud
1714 3079 1839 3117 eum

251 3150 312 3204 de
356 3151 455 3205 hoc
484 3153 688 3206 itinere
719 3161 997 3216 excusato,
1030 3170 1254 3206 causam
1281 3153 1458 3223 ipsam
1476 3152 1705 3206 dilatam
1723 3121 1900 3206 esseC

252 3233 382 3310 rogo
404 3250 457 3295 et
487 3243 632 3307 volo,
659 3241 1093 3313 quoadusquein
1124 3259 1299 3296 unum
1323 3243 1569 3312 [at.,alio
1591 3241 1843 3312 tempore

251 3327 302 3381 in
335 3329 540 3404 unum]
575 3332 992 3393 conveniamus,
1013 3333 1202 3401 etpari
1226 3331 1409 3384 studio
1426 3331 1837 3403 pariteripsum

252 3421 533 3489 negotium
576 3422 696 3475 sine
727 3421 916 3492 aliquo
952 3422 1196 3492 partium
1235 3420 1423 3475 favore
1469 3423 1830 3480 deﬁniamus.

254 3506 617 3580 Omnipotens
647 3507 922 3564 Dominus
951 3529 1045 3564 vos
1074 3509 1388 3578 benedicat,
1409 3516 1464 3565 et
1492 3511 1547 3564 in
1581 3511 1841 3566 omnibus

252 3596 441 3653 vestris
465 3599 707 3668 negotiis
734 3605 1027 3670 promptus
1061 3600 1641 3670 auxiliatorassistat.

781 3706 1130 3762 EPISTOLA
1158 3706 1304 3761 XIX.

609 3825 680 3861 AD
720 3821 1042 3863 HERFASTUM
1080 3821 1468 3861 COENSCOPUM.

256 3902 310 3954 Et
338 3905 556 3957 clericos
599 3906 870 3958 Balduini
912 3906 1122 3958 abbatis
1165 3906 1234 3958 ab
1279 3909 1840 3975 eaconzmunicatione

314 3976 571 4095 :bsotrat,
608 3978 790 4044 quoad
820 3979 930 4044 ipse
978 3982 1214 4045 utraque
1250 3981 1412 4045 parte
1456 3977 1652 4031 audita
1690 3981 1840 4031 litem

351 4050 561 4098 irimat.

351 4063 561 4100 tranat.

314 4131 682 4192 LANFRANCUS
725 4131 1196 4209 arclIiepisc0pus,
1243 4138 1510 4192 confratri
1559 4144 1614 4192 et
1661 4138 1842 4210 coepi-

249 4242 402 4300 scopo
429 4219 747 4294 HERI-‘As'ro,
781 4229 1040 4282 salutem.

314 4315 639 4370 Meminisse
669 4309 834 4371 debet
862 4317 1106 4371 Charitas
1135 4313 1320 4371 vestra
1369 4317 1502 4387 quia
1542 4334 1656 4381 rex,
1703 4317 1838 4370 dum

1710 272 2104 333 EPISTO‘L/E.

2415 474 2418 476 γ
2497 404 2842 460 EPISTOLA
2863 404 2981 459 xx.

2197 480 2449 546 eneconn
2490 509 2567 546 vII
2598 508 2745 546 Imus
2774 513 2843 550 AD
2877 483 3266 549 ιλλκιπῄεχκουλί.

1941 583 2000 636 Ut
2013 584 2051 635 Α
2063 588 2206 649 rgast
2218 599 2248 634 ιι
2259 600 2308 634 m
2323 585 2565 652 t’ptSt‘UpU
2576 602 2627 634 νη
2645 601 2754 636 rom
2759 589 2969 650 primat
2980 627 2988 642 ,
3001 603 3063 637 ne
3077 587 3247 638 Bald’u
3257 575 3347 639 ι’)ῑὸ
3359 576 3546 643 abbati

2006 657 2266 706 Molestus
2297 656 2386 714 sit,
2422 669 2700 720 regemque
2726 661 2835 707 oret
2862 673 2924 708 ne
2957 659 3046 708 illi
3075 659 3246 722 faciat
3272 674 3285 716 ;
3319 655 3462 724 q'uod
3490 663 3540 712 si

2011 727 2408 791 contempserit,
2445 727 2517 776 ad
2546 728 2717 776 sedem
2736 729 3088 792 apostolicam
3109 739 3235 782 cum
3257 729 3445 783 abbate
3457 741 3540 783 ve-

2011 799 2131 847 niat
2163 799 2234 848 ad
2254 799 2619 848 contentiones
2648 799 3009 851 dirimendas.

2013 884 2322 938 Gnscomvs
2353 886 2663 956 episcopus,
2699 901 2892 939 servus
2921 897 3207 942 servorum
3237 889 3357 950 De’i,
3389 890 3539 944 LAN-

1941 987 2155 1027 FRANCO
2170 975 2600 1027 Cantuariorum
2624 975 3041 1047 archiepiscopo
3066 979 3306 1031 salutem
3329 984 3537 1050 etfapo-

1941 1062 2193 1115 stolicam
2228 1061 2693 1117 benedictionem.

2011 1151 2136 1203 Non
2167 1151 2399 1204 minima
2426 1153 2799 1206 admiratione
2845 1154 3078 1224 dignum
3115 1156 3391 1223 ducimus,
3423 1163 3530 1213 etc.

1945 1239 2132 1291 Exstat
2176 1243 2322 1293 inter
2380 1245 2631 1307 epistolas
2684 1243 2953 1309 Gregorii,
3014 1247 3338 1313 Pat-rologia:
3393 1251 3523 1300 tom.

1943 1326 2060 1381 CXL
2079 1328 2211 1382 VIII.
3013 1396 3016 1400 ,

2351 1426 2409 1484 3
2427 1429 2459 1484 ι
2479 1428 2538 1485 οι
2578 1403 2927 1475 EPISTOLA
2965 1418 3111 1476 XXI.

2154 1524 2451 1562 LANFRANCI
2478 1527 2546 1562 AD
2569 1525 2892 1564 HERFASTUM
2916 1525 3315 1578 COEPISCOPUM.
3444 1577 3452 1588 ι

1934 1597 2228 1670 Quopacto
2262 1614 2391 1662 erga
2452 1615 2574 1650 eum
2611 1615 2796 1664 gerere
2839 1617 2896 1666 se
2930 1587 3328 1670 debeat-quem,
3358 1606 3533 1658 null-is

2001 1669 2182 1719 adhuc
2211 1671 2497 1722 ordinibus
2528 1674 2838 1737 initiatum,
2861 1677 2909 1724 et
2940 1669 3240 1726 uxoratiun
3268 1669 3340 1726 ad
3359 1671 3540 1728 diaco-

2006 1745 2205 1792 natum
2229 1743 2335 1806 ipse
2351 1746 2721 1806 promoverat.

2013 1828 2399 1891 LANFRANCL'S,
2427 1831 2614 1898 gratia
2641 1831 2761 1896 Dei,
2797 1849 2910 1890 non
2939 1835 3067 1902 suis.
3104 1833 3325 1887 meritis
3375 1821 3533 1914 ω’ζῖιῖ

1941 1913 2252 1988 episc0pus,
2286 1905 2551 1973 eonfratri
2579 1926 2635 1974 et
2664 1916 2991 1993 Coepiscopo
3029 1909 3341 1991 HERFAsTo,
3376 1905 3528 1978 sitiu-

1936 1994 2070 2058 tem.

2006 2089 2254 2150 Clericus
2278 2097 2383 2151 iste
2413 2097 2629 2152 noviter
2659 2086 2729 2153 ad
2771 2095 2859 2154 me
2914 2097 3083 2167 venit,
3141 2095 3370 2157 causam
3416 2095 3530 2160 ‘suz‘s

1930 2183 2277 2239 infelicitatis
2309 2183 2611 2246 mihidixit.
2631 2185 2836 2243 dictam
2870 2181 3191 2245 testimonio
3218 2200 3531 2248 vestrarum

1931 2267 2246 2329 litterarum
2278 2293 2466 2329 veram
2500 2294 2620 2331 esse
2650 2280 2910 2345 asseruit,
2931 2269 3174 2335 testatus
3199 2285 3286 2335 est
3299 2287 3359 2336 ‘s’e
3383 2280 3530 2337 rnor-

1930 2351 2122 2417 dinate
2147 2357 2469 2419 Ordinatum
2492 2385 2504 2432 ;
2535 2366 2792 2421 videlicet
2811 2386 2935 2422 cum
2975 2369 3180 2424 nullius
3211 2362 3356 2426 esset
3377 2363 3528 2427 didr-

1928 2439 2035 2518 n'is,
2068 2470 2102 2506 a
2128 2442 2478 2508 fraternitate
2507 2464 2694 2510 vestra
2724 2457 2932 2512 factum
2955 2464 3075 2513 esse
3094 2451 3409 2515 diaconum:
3445 2451 3529 2516 iii-

1927 2548 2250 2612 terrogatus
2300 2560 2334 2595 a
2376 2535 2466 2598 me
2514 2545 2560 2599 si
2604 2561 2834 2601 uxorem
2877 2539 3129 2613 haberet,
3176 2541 3414 2604 uxorem
3466 2545 3526 2607 se

1927 2630 2150 2697 habere,
2188 2623 2290 2686 nec
2320 2650 2444 2686 eam
2495 2627 2553 2687 se
2587 2627 2726 2687 velle
2749 2627 3031 2690 dimittere
3055 2635 3363 2708 respondit.
3394 2623 3526 2695 Pro:

1925 2731 2121 2788 pterea
2153 2721 2252 2775 tali
2282 2730 2443 2792 pacto
2481 2723 2883 2778 consulendum
2915 2726 2964 2779 ei
2995 2726 3181 2780 divina
3218 2728 3392 2784 fultus
3424 2727 3526 2786 au"-

1926 2809 2182 2862 ctoritate
2220 2811 2483 2864 decerno:
2518 2812 2888 2867 Diaconatum
2913 2813 2961 2866 ei
2991 2815 3224 2880 auferte,
3259 2817 3330 2870 ad
3361 2811 3526 2873 Caete-

1925 2921 2016 2957 ros
2047 2904 2290 2958 minores
2322 2906 2546 2960 ordines
2576 2908 2836 2977 congruis
2858 2926 2986 2962 eum
3010 2903 3364 2980 temporibus
3394 2909 3528 2983 pro-

1924 3003 2161 3046 movete.
2178 2994 2518 3048 Diaconatus
2538 3013 2667 3050 vero
2689 2997 2944 3051 ordinem
2961 2992 3520 3072 nunquamrecipiat.

1925 3082 2032 3135 nisi
2062 3089 2213 3136 caste
2251 3084 2415 3149 vivat,
2456 3085 2562 3138 nisi
2601 3086 2668 3138 de
2700 3087 2914 3158 reliquo
2957 3106 3016 3160 se
3063 3083 3214 3144 caste
3244 3081 3523 3146 victurum

1929 3173 2198 3226 canonica
2227 3175 2587 3228 attestatione
2615 3177 2928 3245 promittat.
2975 3170 3036 3232 Si
3089 3173 3218 3234 vero
3267 3181 3523 3237 ccelibem

1930 3262 2096 3315 vitam
2128 3263 2326 3331 egerit,
2358 3270 2414 3316 et
2445 3269 2702 3318 acturum
2730 3283 2788 3318 se
2819 3267 2974 3320 or'nni
3005 3274 3258 3340 tempore
3292 3262 3521 3342 respon-

1924 3349 2056 3403 dere
2085 3351 2337 3416 voluerit,
2373 3368 2483 3404 non
2517 3353 2743 3424 quidem
2784 3372 2913 3408 eum
2945 3357 3014 3409 ad
3046 3352 3300 3432 ordinem
3331 3353 3522 3415 diaco-

1922 3445 2088 3494 natus
2117 3439 2323 3494 iterum
2353 3441 2699 3502 ordinabitis,
2732 3445 2829 3497 sed
2878 3444 3061 3516 ipsum
3108 3439 3353 3517 Ofﬁcium
3397 3440 3523 3520 per-

1923 3534 2139 3582 textum
2169 3530 2348 3583 sancti
2378 3531 2663 3601 Evangelii
2693 3534 2778 3587 vel
2803 3533 2860 3587 in
2891 3536 3105 3606 synodo
3136 3538 3222 3591 Vel
3259 3537 3320 3592 in
3370 3525 3520 3592 inul-

1923 3624 2112 3672 torum
2140 3620 2466 3674 clericorum
2498 3630 2771 3687 conventu
2803 3625 3069 3679 reddetis.

2433 3711 2686 3766 EPISTO
2697 3700 2998 3783 LAjXXII.

1937 3837 1948 3866 _.
2545 3815 2619 3854 AD
2651 3818 2898 3857 EUMDEM.

1922 3887 1994 3939 De
2016 3890 2343 3954 paenitentia
2362 3891 2550 3942 clerici
2569 3894 2668 3964 qui
2695 3894 2988 3968 sacerdotis
3009 3883 3263 3950 ordinent
3294 3883 3516 3954 inordi-

2444 3967 2569 4013 nate
2599 3965 2986 4030 ass-umpserat.
3050 4032 3055 4038 ν

1989 4037 2364 4102 Dilectissimo
2394 4041 2554 4103 fratri
2593 4043 2649 4103 et
2674 4052 3000 4122 coepisCopo
3027 4051 3338 4124 HERFAsro,
3372 4049 3517 4115 LX141-

1919 4127 2168 4190 FRANCUS
2200 4137 2463 4207 indignus
2494 4139 2747 4205 antistes,
2801 4142 3040 4195 salutem
3099 4137 3155 4197 et
3209 4146 3516 4202 amicitiam

1921 4241 2049 4278 cum
2076 4225 2441 4280 orationibus.

1993 4315 2072 4368 De
2111 4313 2311 4369 clerico
2354 4331 2522 4386 quem
2588 4313 2658 4371 ad
2710 4315 2809 4371 nos
2876 4317 3126 4389 misistis,
3192 4317 3515 4378 Sanctarum

245 4404 516 4460 vobiscum
549 4415 717 4469 esset,
750 4407 1012 4477 praecepit
1038 4413 1099 4460 ut
1124 4406 1476 4476 querimonia
1515 4405 1582 4460 de
1626 4405 1901 4501 clericisD
1921 4399 2339 4476 Scripturarum
2371 4405 2691 4459 testimonio
2729 4407 2834 4461 hoc
2864 4404 3155 4478 sentimus,
3183 4401 3292 4466 ihoc
3327 4406 3518 4468 teneti-

244 4490 451 4548 abbatis
482 4491 765 4555 Balduini,
799 4513 918 4565 quae
949 4497 1095 4549 inter
1154 4513 1247 4548 vos
1279 4500 1334 4548 et
1362 4495 1546 4565 ipsum
1577 4490 1896 4549 abbatem"
1921 4495 2054 4548 dum
2095 4494 2482 4549 decernimus;
2537 4495 2931 4551 Paenitentiam
2978 4493 3176 4569 prelixi
3213 4499 3512 4573 temporis,

243 4585 585 4650 versabatur,
630 4585 814 4654 sopita
842 4590 1180 4650 remaneret,
1215 4584 1579 4655 quoadusque
1600 4585 1838 4654 ipsemet
1919 4584 2284 4638 consideratis
2316 4585 2434 4654 ejus
2465 4580 2693 4667 viribus,
2727 4603 2827 4656 pro
2859 4587 3091 4641 arbitrio
3123 4589 3306 4643 vestro
3353 4591 3403 4644 ei
3435 4585 3517 4646 iii-

243 4673 413 4742 ipsam
444 4691 677 4728 causam
707 4674 945 4737 audiret,
978 4676 1062 4728 vel
1093 4690 1250 4740 ame,
1284 4674 1330 4728 si
1351 4673 1619 4743 temporis
1641 4690 1838 4743 oppor—
1912 4673 2134 4742 jungite
2168 4693 2180 4740 ;
2223 4673 2519 4727 sacerdotii
2551 4673 2822 4740 ordinem,
2858 4673 3003 4746 quod
3055 4675 3374 4734 inordinate
3422 4699 3515 4735 as-

240 4764 444 4818 tunitas
471 4765 552 4818 sic
611 4755 952 4834 suggereret,
983 4761 1168 4817 audiri
1196 4765 1536 4834 praeciperet.
1573 4763 1680 4816 Sed
1711 4763 1843 4832 quia
1923 4764 2180 4833 sumpsit,
2217 4765 2268 4817 ei
2299 4763 2530 4828 auferte,
2567 4780 2601 4817 a
2627 4765 2841 4818 czeteris
2872 4761 3157 4820 ordinibus
3187 4771 3404 4822 Cessare
3429 4769 3519 4840 ju-

242 4853 568 4924 priusquam
608 4854 663 4907 id
695 4855 873 4920 ﬁeret,
906 4870 1061 4907 mare
1093 4851 1369 4918 transivit,
1421 4854 1542 4906 volo
1600 4860 1655 4906 et
1702 4869 1838 4922 rogo

243 4951 518 5013 quatenus
549 4942 845 5014 praedictos
887 4942 1134 5003 clericos.
1171 4957 1309 5014 quos
1357 4959 1390 4996 a
1429 4941 1579 4995 vobis
1616 4959 1836 4996 excom-

239 5035 550 5089 municatos
579 5035 768 5100 didici,
798 5033 1112 5099 absolvatis,
1138 5040 1196 5087 et
1222 5034 1441 5104 quietos
1479 5031 1547 5086 ab
1570 5032 1723 5086 omni
1750 5033 1838 5086 in-

238 5124 486 5178 vectione
516 5130 686 5192 atque
739 5124 1027 5178 exactione
1083 5124 1154 5178 ad
1213 5139 1455 5192 przesens
1501 5122 1831 5187 dimittatis;

237 5223 361 5282 post
389 5229 597 5284 paucos
630 5216 837 5268 etenim
881 5214 1000 5268 dies
1038 5213 1109 5266 ad
1143 5218 1332 5283 partes
1363 5218 1575 5264 vestras
1611 5211 1832 5264 venturi

236 5319 452 5368 sumus,
485 5315 542 5358 et
561 5304 855 5373 utriusque
883 5302 1058 5373 partis
1074 5302 1410 5355 assertiones
1435 5300 1688 5370 diligenti
1701 5317 1833 5353 cura

236 5394 530 5448 audiemus
575 5403 631 5447 et
655 5400 776 5447 tam
804 5393 1015 5462 prolixe
1044 5392 1429 5462 querimoniae,
1467 5391 1524 5444 in
1560 5396 1831 5461 quantum

237 5483 392 5537 salva
419 5485 691 5538 ﬁdelitate
711 5483 864 5554 regis
902 5482 1034 5538 ﬁeri
1049 5481 1274 5553 poterit,
1317 5482 1488 5534 ﬁnem
1518 5480 1832 5551 legitimum

237 5573 591 5643 imponemus
604 5621 616 5634 .

1923 4853 2084 4917 bete;
2121 4853 2250 4924 quia
2299 4853 2356 4905 in
2388 4853 2558 4906 sacris
2591 4851 2901 4908 canonibus
2931 4853 3202 4927 scriptum
3243 4859 3359 4912 eSt:
3410 4859 3516 4926 Qui

1919 4946 2104 4996 aliena
2129 4945 2358 5003 iur-adit,
2396 4958 2507 4995 non
2545 4937 2711 4995 exibit
2735 4947 3084 5012 impunitus:
3133 4943 3201 5000 Et
3230 4947 3340 5002 Leo
3373 4945 3517 5019 papa

1920 5034 1989 5087 ad
2024 5032 2362 5086 Martianum
2393 5049 2405 5097 ;
2444 5051 2464 5081 α
2492 5025 2730 5103 Ῥιόριπὶδ
2759 5027 2959 5104 perdit,
2997 5033 3091 5106 qui
3122 5033 3369 5090 indebita
3388 5037 3515 5091 con-

1917 5121 2172 5192 cupiscit.
2211 5141 2232 5171 ι
2267 5121 2548 5192 Sylverius
2568 5122 2637 5174 ad
2668 5119 2971 5192 Virgilium
3001 5121 3506 5196 przevaricatOreiii:

1921 5232 1942 5263 α
1989 5213 2078 5265 Sic
2109 5212 2257 5264 enim
2289 5212 2448 5265 decet
2479 5203 2644 5264 fidem
2666 5207 2988 5266 sanctorum
3005 5205 3314 5266 Patrum-in
3329 5211 3514 5266 Eode-

1915 5301 1998 5355 sia
2029 5301 2237 5353 servari
2268 5301 2539 5354 catholica
2570 5307 2744 5371 utque
2783 5301 2931 5372 quod
2961 5301 3157 5355 habuit
3171 5296 3397 5354 amittat
3417 5302 3513 5372 qui

1913 5390 2267 5460 improbabili
2317 5391 2631 5443 temeritate
2680 5389 2828 5460 quod
2880 5407 2989 5443 non
3039 5385 3252 5459 accepit
3286 5387 3509 5444 hssum-

1914 5481 2108 5551 pserit.
2145 5500 2168 5531 ι
2214 5479 2372 5543 Quod
2393 5479 2437 5532 si
2479 5479 2623 5532 infra
2655 5479 2995 5548 poenitentiae
3021 5475 3265 5550 tempus,
3308 5476 3511 5535 "carnis

1916 5567 2252 5622 munditiam
2282 5559 2449 5641 digne
2497 5563 2817 5645 servaverit,
2857 5559 3301 5647 ceterarumque
3325 5561 3512 5624 bona-
