3978 6174
261 311 366 372 529

1709 295 2098 356 EPISTOLE.

3436 292 3542 352 530

247 439 493 512 expulsis
538 435 862 496 Britonibus
906 439 964 491 et
1004 435 1214 491 sedatis
1262 434 1519 491 omnibus
1566 430 1749 496 bellis,
1789 427 1849 481 in
1866 422 2164 497 Aaccepta
2203 422 2326 478 sine
2366 419 2637 512 dilatione
2674 417 2835 473 reddi
2872 415 3141 491 jubeatis,
3173 421 3235 476 et
3258 417 3537 481 ministris

248 534 406 583 tanta
432 526 848 600 tranquillitate
875 523 1113 579 vivimus
1143 528 1225 590 ut,
1251 529 1550 596 postquam
1573 536 1673 575 rex
1696 533 1852 574 mare

243 618 487 685 transiit,
518 615 880 688 tranquillius
903 612 1236 684 nosjvixisse
1265 627 1624 685 nequaquam
1652 608 1851 664 memi-

245 708 517 762 net-imus.

304 797 424 851 Res
468 795 686 853 domini
730 793 911 850 nostri
950 792 1098 863 regis
1127 793 1187 848 in
1222 807 1447 848 summa
1474 788 1851 862 prosperitate

243 901 383 953 esse,
416 889 478 940 et
502 900 636 940 eum
673 883 746 939 ad
787 897 1031 955 praesens
1056 882 1129 937 ad
1166 896 1265 936 vos
1293 880 1419 951 [al.,
1455 878 1579 950 nos]
1610 877 1851 932 transire

242 973 555 1030 certissime
601 972 811 1028 sciatis.
863 971 1027 1036 Dani,
1061 974 1145 1038 ut,
1196 986 1299 1024 rex
1345 968 1500 1023 vobis
1543 964 1847 1031 mandavit,

243 1079 438 1119 revera
454 1063 723 1130 veniunt;
755 1065 1003 1118 castrum
1023 1060 1214 1131 itaque
1237 1063 1483 1113 vestrum
1504 1055 1845 1122 hominibus,

244 1156 296 1207 et
321 1151 522 1218 armis,
557 1156 615 1206 et
658 1148 941 1206 alimentis
982 1148 1236 1220 vigilanti
1266 1163 1401 1202 cura
1429 1146 1637 1200 muniri
1662 1145 1850 1200 facite.

246 1240 620 1312 Omnipotens
656 1245 848 1296 autem
871 1238 1145 1294 Dominus
1178 1236 1250 1291 ab
1273 1236 1428 1291 omni
1450 1235 1600 1290 malo
1623 1251 1721 1289 vos
1751 1233 1853 1287 de-

245 1329 456 1385 tendat.

755 1414 1104 1473 EPISTOLA
1138 1413 1338 1469 XXVI.

847 1523 931 1566 AD
976 1520 1257 1565 EUMDEM.

243 1606 480 1660 Επυωί
510 1604 658 1674 quod
673 1605 1042 1658 monitorium
1065 1616 1178 1655 non
1199 1602 1433 1663 miserit,
1460 1598 1851 1674 respondetque

307 1677 371 1729 de
414 1671 736 1744 presbytero
777 1676 876 1744 qui
913 1676 977 1727 in
1026 1675 1271 1726 claustro
1300 1671 1700 1725 monachorum
1731 1672 1850 1744 sine

1935 515 2134 570 vestris
2164 530 2235 568 ne
2262 510 2502 567 ulterius
2545 509 2603 563 id
2631 513 2996 580 prmsumant,
3034 507 3321 565 servandae
3348 509 3540 566 chari-

1935 604 2069 659 tatis
2096 602 2282 659 studio
2310 598 2668 672 perhibeatis.

2004 694 2122 750 Nos
2150 707 2282 747 vero
2312 686 2655 762 presbyteris
2694 685 2902 741 nostris
2947 685 3044 757 qui
3092 690 3249 741 extra
3278 686 3537 742 Cantiam

1933 780 2248 851 constituti,
2283 778 2514 834 omnino
2534 774 2953 849 prmcipimusa
2968 781 3004 840 |
3019 781 3081 840 τι
3098 791 3168 829 ne
3183 775 3255 830 ad
3272 780 3539 844 vestram,

1930 871 2018 926 vel
2053 870 2296 941 alicujus
2343 865 2591 939 episcopi
2636 863 2917 935 synodum
2963 863 3205 935 amplius
3250 868 3401 931 eant,
3434 880 3539 921 nec

1932 959 2105 1027 vobis,
2136 975 2241 1014 nec
2279 955 2563 1027 aliquibus
2606 951 2879 1007 ministris
2920 951 3119 1011 vestris
3155 968 3258 1024 pro
3287 952 3540 1023 qualibet

1930 1047 2099 1119 culpa
2126 1045 2522 1118 respondeant.
2543 1043 2659 1097 Nos
2687 1040 2861 1105 enim,
2887 1055 3016 1093 cum
3045 1039 3116 1094 ad
3143 1039 3301 1094 villas
3323 1044 3539 1095 vestras

1937 1134 2057 1206 [al.,
2082 1133 2325 1204 nostras]
2358 1131 2647 1186 veniemus
2667 1128 2765 1199 [al.
2777 1168 2796 1196 ,
2817 1126 3182 1196 venerimus],
3206 1127 3402 1197 quales
3430 1125 3540 1197 ipsi

1933 1225 2021 1279 vel
2052 1225 2112 1278 in
2140 1222 2391 1278 moribus
2413 1221 2497 1274 vel
2526 1219 2585 1273 in
2611 1217 2701 1272 sui
2722 1214 2934 1271 ordinis
2962 1213 3197 1269 scientia
3223 1213 3337 1268 sint
3354 1217 3541 1285 pasto-

1932 1314 2040 1369 rali
2072 1311 2408 1368 auctoritate
2436 1307 2714 1378 vestigare
2742 1304 3035 1359 debemus.

2005 1403 2263 1457 Cbrisma
2282 1404 2506 1455 tantum
2529 1398 2650 1469 [al.,
2675 1393 2888 1463 tamen]
2914 1410 2949 1447 a
2979 1391 3136 1446 vobis
3165 1389 3462 1462 accipiant,
3485 1394 3544 1444 et

1933 1508 2001 1545 ea
2034 1507 2160 1562 quae
2189 1488 2501 1560 antiquitus
2544 1485 2808 1539 instituta
2834 1480 3053 1536 suntin
3090 1478 3412 1534 chrismatis
3448 1493 3546 1532 ac-

1932 1580 2190 1652 ceptione
2236 1577 2578 1651 persolvant.
2623 1574 2783 1630 Sicut
2818 1585 3063 1640 namque
3113 1585 3181 1623 ea
3230 1584 3353 1639 quae
3392 1566 3544 1622 anti-

1933 1669 2123 1741 quitus
2146 1684 2326 1739 usque
2350 1666 2423 1720 ad
2453 1669 2644 1719 nostra
2671 1667 2931 1732 tempora
2961 1663 3343 1712 antecessores
3363 1655 3539 1710 nostri

307 1741 679 1801 benedictione
711 1741 970 1800 nutritus
1015 1744 1210 1813 fuerit,
1251 1744 1325 1797 ad
1360 1745 1621 1796 saeculum
1665 1741 1849 1793 redire

1950 1757 2275 1823 nabuerunt,
2307 1753 2501 1809 solerti
2544 1750 2839 1822 vigilantia
2877 1747 3138 1819 cupimus
3185 1744 3402 1799 illibata
3428 1760 3545 1798 ser—

312 1835 429 1872 non
445 1834 622 1888 posse.

313 1907 683 1962 Lasrmcus
710 1905 975 1977 indignus
1014 1904 1272 1970 antistes,
1309 1902 1616 1958 venerabili
1646 1899 1854 1958 Dunel-

246 1997 419 2052 mensi
445 1996 714 2068 episcopo
741 1996 1086 2061 WALcaBao,
1121 1994 1382 2048 salutem.

307 2088 378 2142 Et
405 2087 579 2158 longe
603 2085 675 2141 ab
704 2084 844 2141 urbe
872 2084 1118 2156 positum
1149 2088 1206 2138 et
1234 2083 1428 2137 multis
1458 2082 1629 2153 hujus
1666 2079 1854 2136 seculi

249 2176 484 2247 negotiis
512 2176 832 2230 involutum
863 2189 955 2228 me
990 2177 1189 2227 vestrae
1231 2171 1435 2226 litterae
1479 2169 1847 2236 invenerunt;

247 2262 304 2318 ob
333 2280 511 2336 quam
536 2279 767 2318 causam
796 2260 1163 2334 petitionibus
1192 2260 1391 2314 vestris
1416 2275 1483 2313 ex
1510 2258 1664 2313 omni
1691 2262 1851 2328 parte

247 2353 498 2408 elfectum
530 2352 781 2424 praebere
815 2366 927 2406 non
944 2350 1137 2419 ;licuit,
1166 2365 1289 2416 nec,
1316 2347 1363 2402 si
1391 2347 1662 2413 licuisset,
1704 2362 1853 2400 com-

246 2441 625 2509 monitorium,
655 2440 808 2512 quod
837 2440 896 2495 in
924 2438 1227 2494 festivitate
1269 2437 1452 2491 sancti
1490 2435 1717 2490 Martini
1746 2436 1851 2490 ha-

246 2530 366 2585 bere
405 2529 690 2598 voluistis,
732 2529 853 2585 ﬁeri
884 2528 1199 2601 potuisset;
1247 2526 1488 2598 septima
1534 2525 1685 2580 enim
1724 2529 1853 2596 post

248 2619 494 2690 praedicti
518 2619 702 2674 sancti
728 2618 1143 2689 solemnitatem
1163 2616 1274 2683 die,
1296 2621 1479 2669 vester
1508 2614 1581 2669 ad
1602 2630 1692 2667 me
1712 2629 1854 2667 nun-

254 2708 357 2763 tius
383 2709 560 2766 venit.

314 2799 493 2853 Porro
522 2798 595 2852 de
634 2796 733 2851 illo
763 2796 1111 2868 presbytero,
1145 2793 1216 2848 de
1242 2809 1353 2865 quo
1382 2791 1693 2847 mandastis
1721 2790 1854 2862 quia

252 2888 303 2942 in
329 2888 579 2943 claustro
606 2885 1011 2941 monachorum
1041 2883 1162 2938 sine
1189 2881 1579 2937 benedictione
1603 2881 1853 2936 nutritus

255 2977 367 3043 fuit,
397 2977 615 3048 aliquid
644 2992 737 3029 me
762 2973 916 3028 vobis
942 2973 1241 3028 mandasse
1267 2971 1551 3026 recordari
1577 2987 1690 3025 non
1719 2986 1851 3041 pos-

257 3081 405 3133 sum;
446 3079 696 3119 canones
742 3068 936 3134 tamen
984 3062 1323 3132 decretaque
1373 3065 1696 3115 sanctorum
1736 3059 1853 3112 Pa-

256 3157 394 3207 trum
423 3167 521 3207 eos
564 3152 663 3223 qui
708 3155 921 3206 vestem
971 3149 1260 3220 religionis
1304 3149 1521 3220 aliquot
1556 3147 1752 3203 diebus
1791 3146 1852 3200 in

257 3245 544 3313 conspectu
572 3240 870 3295 hominum
901 3239 1179 3306 deferunt,
1207 3238 1279 3292 ad
1301 3238 1567 3293 saeculum
1596 3249 1850 3308 quocun-

258 3346 352 3401 que
376 3330 546 3385 modo
591 3334 791 3400 postea
835 3327 1018 3382 redire
1060 3343 1175 3381 non
1216 3326 1430 3381 sinunt.
1477 3326 1584 3391 Qui
1619 3325 1668 3379 si
1697 3323 1852 3378 vobis

259 3418 637 3491 obtemperare
673 3416 916 3472 voluerit
944 3416 1033 3487 If,
1064 3415 1354 3485 noluerit],
1398 3413 1719 3485 evangelica
1746 3429 1851 3468 au-

262 3506 502 3561 ctoritate
530 3504 780 3574 utimini,
806 3521 929 3576 quas
948 3504 1031 3558 ait
1057 3522 1069 3558 :
1097 3522 1125 3557 ι
1156 3502 1440 3574 Compelle
1462 3502 1677 3557 intrare
1698 3502 1848 3568 (Luc.

266 3609 359 3663 xxv,
386 3594 503 3666 23).
540 3614 569 3649 n

738 3681 1092 3738 EPISTOLA
1130 3680 1358 3737 XXVII.

400 3796 482 3840 ΔΙ)
526 3793 882 3841 STIGANDUM
926 3791 1296 3836 CISTRENSBH
1339 3788 1701 3836 EPISCOPUM.

264 3874 317 3929 Ut
341 3878 553 3930 clericis
580 3877 856 3929 villarum
897 3874 1145 3928 Εσσιεείεθ
1185 3872 1609 3927 Cantuariensis
1644 3888 1763 3942 qua
1790 3874 1853 3926 in

322 3950 490 4015 ipsius
518 3952 656 4000 sunt
674 3947 902 4007 diwcesi,
928 3949 1143 3999 exactas
1162 3958 1262 4011 per
1282 3947 1402 4012 ejus
1432 3945 1853 3997 archidiaconos

315 4021 578 4086 pecunias
628 4019 855 4071 restitui
883 4017 1096 4084 jubeat.
1131 4017 1240 4070 Nec
1281 4016 1354 4068 ad
1398 4017 1632 4083 episcopi
1678 4016 1854 4068 ullius

320 4090 591 4159 synodum
631 4089 880 4155 deinceps
908 4089 1154 4148 veniant,
1203 4102 1313 4159 nec,
1338 4086 1717 4159 respondeant,
1750 4088 1850 4138 aut

320 4157 630 4231 quidquam
669 4160 987 4226 persolvant
1016 4161 1221 4225 praeter
1254 4158 1317 4211 id
1351 4157 1495 4226 quod
1522 4158 1851 4210 institutum

320 4237 390 4284 est
414 4247 521 4299 pro
550 4231 866 4284 chrismate.

1936 1863 2085 1914 vare,
2100 1846 2182 1901 ita
2198 1844 2327 1899 aliis
2346 1842 2536 1898 debita
2556 1840 2765 1911 aliqua,
2788 1836 2939 1909 quod
2963 1834 3110 1891 absit
3127 1834 3142 1889 l
3174 1833 3539 1905 usurpatione

1937 1936 2203 1991 nolumus
2231 1934 2530 2005 denegare.

2417 2017 2767 2079 EPISTULA
2804 2012 3062 2071 XXVIII.

2539 2143 2623 2189 AD
2666 2140 2940 2187 EUMDEM.

1939 2239 1999 2294 Ut
2030 2240 2345 2299 mulierem,
2380 2238 2541 2304 cujus
2569 2248 2737 2288 causa
2764 2247 2801 2286 a
2830 2229 3144 2297 Lan/‘ranco
3170 2226 3373 2304 audiri
3395 2239 3544 2304 papa

1995 2313 2258 2380 jusserat,
2290 2297 2418 2362 cum
2442 2297 2563 2360 uiro
2597 2320 2696 2358 suo
2729 2304 2975 2371 quietam
3000 2314 3228 2380 manere
3252 2299 3427 2380 sinat,
3451 2297 3549 2351 do-

2006 2371 2103 2435 nec
2135 2395 2252 2434 una
2282 2380 2612 2434 conveniant
2636 2388 2970 2440 causamque
2990 2371 3286 2438 deﬁniant.

2004 2470 2375 2525 LANI-‘RANCUS
2415 2465 2605 2537 gratia
2632 2462 2734 2517 Dei
2777 2458 3253 2531 archiepiscopus,
3289 2455 3543 2512 dilectis-

1938 2557 2080 2613 simo
2110 2556 2274 2611 fratri
2305 2556 2601 2619 STIGANDO,
2635 2552 2897 2607 salutem.

2007 2646 2161 2701 Misit
2186 2643 2326 2699 mihi
2377 2644 2597 2698 litteras
2628 2656 2793 2712 papa,
2823 2638 2883 2692 in
2927 2636 3130 2709 quibus
3177 2634 3442 2709 praecepit
3478 2637 3545 2688 ut

1936 2751 2167 2790 causam
2196 2733 2360 2788 istius
2379 2731 2652 2795 mulieris,
2673 2745 2841 2800 quam
2862 2727 3129 2781 adversus
3150 2740 3276 2780 eam
3296 2722 3537 2789 habetis,

1935 2825 2238 2896 diligenter
2260 2821 2509 2888 audiam,
2531 2824 2590 2875 et
2612 2817 2839 2873 interim
2864 2815 3110 2884 quietam
3142 2820 3199 2868 et
3221 2811 3542 2867 absolutam

1937 2930 2059 2969 esse
2103 2912 2456 2985 praecipiam;
2503 2912 2802 2980 propterea
2848 2903 3054 2957 mando
3096 2900 3249 2955 vobis
3279 2905 3362 2965 ut,
3404 2913 3543 2970 pace

1936 3011 2140 3069 vestra,
2168 3017 2295 3056 cum
2322 2999 2441 3054 viro
2466 3013 2569 3052 suo
2599 2998 2845 3059 maneat,
2878 2991 3244 3064 quoadusque
3270 2989 3331 3044 in
3359 3003 3541 3043 unum

1875 3096 1919 3159 Ο
1937 3091 2365 3155 conveniamus;
2400 3093 2459 3142 et
2478 3088 2654 3158 ipsam
2674 3098 2904 3139 causam
2924 3096 3053 3136 cum
3070 3079 3303 3134 consilio
3323 3077 3540 3149 episco-

1935 3196 2136 3253 porum
2179 3180 2329 3233 inter
2355 3193 2457 3230 nos
2503 3173 2879 3236 conferamus,
2911 3176 2970 3227 et
3010 3169 3312 3240 adjuvante
3350 3165 3541 3221 divina

1934 3271 2121 3343 gratia
2151 3268 2362 3323 salubri
2390 3268 2502 3322 ﬁne
2530 3264 2885 3319 definiamus.
3046 3334 3052 3349 θ

2437 3353 2792 3411 EPISTOLA
2844 3349 3045 3407 XXIX.

2022 3508 2029 3515 υ
2095 3484 2178 3529 ΑΒ
2224 3479 2549 3528 ROBERTUM
2593 3473 2972 3522 CISTRENSEI
3013 3467 3376 3517 EPISCOPUI.

1934 3575 2046 3632 Suo
2074 3575 2324 3642 regisque
2365 3571 2609 3642 nomine
2634 3568 2884 3642 praecipit
2927 3567 2991 3617 ut
3034 3561 3266 3642 canobio
3297 3558 3542 3642 conven-

2008 3630 2526 3699 treieiisi‘violenter
2552 3630 2740 3693 ablata
2769 3630 2889 3691 sine
2912 3648 3074 3688 mora
3102 3633 3393 3692 restituat;
3424 3630 3539 3683 sin-

2005 3719 2258 3789 gulatim
2292 3725 2729 3768 commemorans
2756 3722 2927 3778 quam
2955 3704 3211 3772 indignis
3238 3702 3419 3756 modis
3457 3714 3543 3754 eos

2008 3788 2303 3842 afﬂixerit.

2008 3790 2366 3932 ﬁﬂf:::£08
2395 3870 2581 3943 gratia
2625 3867 2733 3924 Dei
2768 3863 3238 3936 archiepiscopus,
3278 3861 3540 3919 Bonnam

1937 3963 2207 4020 Cistrensi
2238 3962 2519 4034 episcopo,
2553 3958 2817 4013 salutem.

2007 4054 2251 4108 Litteras
2270 4056 2403 4106 ante
2421 4064 2630 4121 paucos
2650 4047 2770 4101 dies
2794 4044 2898 4099 tibi
2916 4039 3226 4105 transmisi,
3256 4042 3316 4092 et
3335 4053 3431 4091 eas
3452 4034 3541 4089 vix

1932 4148 2220 4214 susceptas
2248 4142 2435 4211 legere
2462 4134 2783 4208 despexisti,
2807 4138 2865 4188 et
2891 4148 3021 4186 cum
3044 4143 3250 4199 magna
3274 4125 3541 4214 indigna-

1931 4211 2114 4298 tione;
2137 4231 2284 4285 sicut
2313 4228 2453 4282 mihi
2481 4226 2694 4280 dictum
2726 4227 2830 4287 est,
2852 4237 3023 4291 super
3052 4215 3337 4290 quoddam
3363 4211 3538 4269 sedile

314 4318 674 4375 Lmaancus
716 4318 819 4373 Dei
862 4318 1049 4390 gratia
1086 4318 1554 4390 archiepiscopus,
1598 4316 1845 4371 dilectis-
1929 4338 2025 4377 eas
2050 4318 2368 4392 projecisti;
2403 4332 2551 4371 nunc
2580 4313 2720 4368 alias
2745 4310 2927 4375 mitto,
2955 4306 3231 4362 mandans
3261 4309 3320 4358 et
3348 4302 3540 4375 praeci-

256 4411 299 4463 si
314 4425 387 4465 no
411 4409 580 4465 fratri
609 4410 888 4464 STIGANDO
912 4408 1182 4464 Cistrensi
1213 4389 1490 4479 episc0po,
1525 4407 1787 4461 salutem.
1864 4389 2114 4505 Dpiens,
2148 4389 2214 4461 ex
2258 4411 2417 4478 parte
2463 4402 2613 4473 regis
2643 4406 2701 4456 et
2726 4403 2942 4463 nostra,
2977 4400 3256 4468 quatenus
3285 4391 3356 4446 ab
3385 4389 3540 4446 omni

326 4498 373 4505 --
444 4499 456 4505 -
498 4498 510 4505 .
579 4497 634 4505 .--
948 4503 953 4505 Α
1268 4497 1279 4505 .
1315 4495 1326 4505 .
1504 4500 1511 4505 .
1638 4495 1675 4505 ε.
1832 4494 1841 4503 .
2167 4496 2179 4505 .
2436 4493 2451 4505 ι
2661 4489 2675 4505 ι
2701 4489 2713 4500 ο
2800 4483 3160 4505 ηρμημι..-ε-
3209 4480 3416 4505 ι..ρ,.....,.
3450 4477 3503 4505 ,ιι

317 4498 517 4553 Clerici
540 4497 805 4552 villarum
836 4503 1159 4551 nostrarum
1187 4497 1284 4567 qui
1314 4495 1370 4549 in
1400 4477 1587 4549 vestra
1622 4477 2271 4570 dimceSlU-gravaminei
2306 4493 2454 4567 quod
2501 4489 2754 4547 emnobio
2798 4483 3167 4543 Conventreio
3209 4480 3420 4537 inferre
3448 4477 3539 4534 di.

255 4587 510 4657 existunt,
532 4586 720 4657 questi
751 4586 912 4640 nobis
933 4590 1067 4640 sunt
1096 4585 1246 4657 quod
1276 4584 1443 4639 vestri
1470 4583 1849 4638 archidiaconi

255 4676 480 4747 repertis
509 4674 899 4729 occasionibus
929 4674 1196 4744 pecunias
1225 4672 1295 4727 ab
1327 4674 1407 4727 eis
1441 4672 1762 4743 exquirunt,
1795 4677 1853 4726 et

259 4780 291 4817 a
313 4765 645 4835 quibusdam
665 4765 785 4834 jam
814 4768 1168 4835 acceperunt.
1190 4761 1512 4817 Meminisse
1540 4761 1706 4816 debet
1735 4760 1853 4816 fra-

257 4853 479 4907 ternitas
505 4857 697 4907 vestra
745 4852 877 4923 quia
923 4856 1121 4905 contra
1169 4866 1383 4904 morem
1430 4854 1851 4904 antecessorum

259 4947 569 4998 nostrorum
638 4945 811 5011 atque
875 4944 1191 4994 vestrorum
1252 4938 1408 4993 vobis
1471 4938 1852 4993 concessimus

262 5028 438 5101 eisque
476 5029 879 5102 imperavimus
926 5033 1204 5100 quatenus
1235 5027 1307 5081 ad
1350 5032 1566 5083 vestras
1607 5028 1851 5099 synodos

264 5118 412 5185 irent,
443 5125 501 5175 et
527 5137 596 5174 ea
625 5136 750 5192 quae
778 5118 851 5173 ad
890 5117 1224 5173 Christianae
1267 5116 1558 5187 religionis
1589 5116 1852 5171 notitiam

268 5218 512 5288 prodesse
550 5223 805 5291 possunt,
856 5217 975 5271 sine
1021 5215 1475 5287 interpellatione
1513 5214 1600 5269 vel
1645 5213 1857 5267 discus-

270 5305 408 5361 sione
434 5308 623 5379 aliqua
643 5323 676 5360 a
697 5305 852 5360 vobis
871 5305 1150 5360 audirent.
1184 5303 1244 5359 Si
1273 5320 1397 5375 quae
1428 5303 1488 5357 in
1514 5302 1650 5374 ipsis
1678 5302 1856 5373 culpae

269 5396 657 5463 invenirentur,
679 5411 955 5466 suspensa
973 5394 1202 5449 interim
1224 5393 1489 5459 vindicta,
1506 5392 1577 5447 ad
1599 5397 1855 5446 nostrum

1934 4569 2078 4643 ceris
2120 4584 2350 4641 omnino
2380 4589 2438 4638 te
2480 4579 2800 4643 subtrahas,
2836 4572 3111 4648 quidquid
3152 4571 3222 4626 de
3266 4569 3388 4641 ipso
3429 4582 3543 4622 cce-

1936 4676 2103 4732 nobio
2129 4675 2215 4729 vel
2244 4671 2410 4729 terris
2454 4669 2631 4743 ipsius
2683 4664 2919 4722 coenobii
2957 4663 3232 4717 violenter
3259 4654 3544 4713 abstulisti

1937 4767 2057 4822 sine
2080 4780 2238 4819 mora
2256 4762 2551 4827 restituas;
2582 4759 2886 4813 clamorem
2911 4752 3063 4808 enim
3083 4750 3339 4805 fecerunt
3352 4745 3424 4801 ad
3447 4759 3543 4800 me

1932 4860 2052 4909 tam
2083 4851 2256 4906 abbas
2285 4866 2455 4921 quam
2483 4845 2743 4902 monachi
2772 4844 2913 4914 ejus,
2946 4839 3095 4914 quod
3142 4833 3542 4892 dormitorium

1935 4957 2131 4998 eorum
2175 4954 2277 5010 per
2320 4937 2431 4991 vim
2471 4934 2742 5000 introisti,
2784 4948 2943 4986 arcas
2988 4943 3187 4983 eorum
3217 4922 3457 4996 fregisti,
3487 4924 3545 4976 et

1936 5048 2110 5105 equos
2133 5009 2193 5084 et
2210 5043 2405 5083 omnes
2422 5024 2797 5099 proprietates
2815 5036 2956 5093 quas
2974 5016 3259 5105 habebant
3278 5009 3543 5083 rapuisti.

1936 5103 2179 5192 Insuper
2190 5118 2387 5173 domos
2408 5131 2602 5171 eorum
2617 5109 2967 5176 destruxisti,
2987 5112 3045 5163 et
3063 5103 3330 5161 materias
3345 5113 3544 5155 earum

1937 5210 2009 5265 ad
2034 5215 2164 5265 tuas
2197 5207 2363 5261 villas
2394 5202 2671 5277 asportari
2709 5197 3047 5273 praecepisti.
3074 5194 3139 5248 in
3168 5193 3290 5264 ipso
3318 5199 3545 5277 quoque

1938 5297 2191 5354 coenobio
2213 5312 2340 5351 cum
2362 5293 2576 5348 familia
2597 5297 2699 5346 tua
2716 5300 3053 5344 consumens
3074 5282 3224 5335 bona
3242 5273 3542 5332 monacho-

1941 5404 2092 5454 rum,
2121 5390 2244 5440 octo
2275 5382 2497 5438 dierum
2524 5394 2741 5434 moram
2776 5374 2979 5431 fecisti.
3014 5371 3145 5424 Haec
3172 5381 3276 5435 nec
3303 5363 3388 5419 tul
3418 5361 3546 5454 otii-

277 5499 490 5541 examen
515 5489 897 5550 servarentur,
933 5489 990 5539 et
1028 5482 1191 5538 nobis
1216 5482 1305 5537 vel
1332 5482 1394 5536 in
1424 5480 1742 5536 miserendo
1773 5480 1862 5534 vel
1944 5476 2015 5533 cii
2056 5491 2160 5532 nec
2197 5479 2313 5529 tuae
2347 5468 2641 5543 potestatis
2686 5480 2809 5521 esse
2853 5471 3181 5550 cognoscas,
3211 5455 3327 5550 imo
3367 5449 3551 5550 magis

278 5539 346 5626 in
369 5539 699 5633 ulciscendo.
732 5539 896 5627 sicut,
926 5588 1151 5644 semper
1196 5569 1545 5627 consuetudo
1589 5568 1716 5635 fuit,
1762 5567 1865 5622 ob-
1950 5567 2237 5638 oporteret
2261 5567 2320 5616 te
2347 5539 2645 5615 animabus
2682 5569 2878 5611 eorum
2918 5544 3187 5624 pastorali
3216 5539 3553 5599 discretione

284 5660 419 5715 noxii
443 5639 1153 5733 tenerenturjhmndamus
1180 5660 1373 5731 itaque
1404 5657 1593 5731 (vobis)
1623 5661 1691 5714 ut
1722 5656 1869 5712 male
1952 5653 2266 5717 consulere,
2310 5648 2702 5717 bonorumque
2730 5656 2955 5699 morum
2993 5639 3433 5702 sanctarumun
3459 5643 3556 5684 Ic-
