3852 6178
397 263 506 320 535

1378 260 1439 310 ll.
1482 254 1893 311 LANFRANCI
1932 248 2289 309 CANTUAR.
2334 244 2671 301 ARCHIEP.

3525 248 3615 304 536

400 388 554 444 salus
583 392 670 442 est
697 385 1048 441 subditorum
1076 401 1089 449 ;
1121 394 1179 435 et
1219 378 1312 435 ubi
1352 386 1439 434 est
1468 380 1822 435 incolumitas
1851 381 1983 436 ohe-

2099 378 2220 427 tare
2250 369 2346 424 diu
2369 366 2756 440 permiseritis.
2782 366 3151 437 Omnipotens
3183 365 3429 421 Dominus
3446 374 3617 424 contra

400 477 645 543 dientize,
679 476 752 530 ibi
784 490 920 529 sana
950 477 1036 527 est
1064 472 1243 526 forma
1270 470 1556 524 doctrinae.

865 560 1214 616 EPISTOLA
1244 559 1520 614 XXXVII.

460 669 799 715 LANFRANCI
846 670 927 712 AD
971 666 1322 712 GOTBRICUH
1368 666 1672 710 DIBERNIE
1717 667 1943 714 REGEM.

403 736 710 790 Patricium
728 748 829 785 asc
860 734 1235 785 consecratum
1254 732 1561 797 episcopum
1581 732 1874 797 signiﬁcat,
1906 748 1987 786 rc-

471 820 707 879 genique
727 804 987 879 hortatur
1027 806 1091 879 ut
1128 817 1247 868 quae
1277 802 1996 879 nefarie_ctrca_aiatri'ino-

475 872 638 929 niiini
675 877 801 942 ﬁeri
854 875 1125 927 dicuntur
1163 875 1427 939 corrigat,
1474 872 1710 925 Patricii
1746 877 1994 929 consiliis

477 948 709 1000 libenter
738 950 957 999 utatur.
1610 954 1621 959 ·

473 1036 846 1090 LANFRANCUS
876 1048 988 1087 non
1027 1032 1145 1086 suis
1175 1030 1410 1090 meritis.
1439 1030 1533 1085 sed
1572 1033 1756 1101 gratia
1781 1034 1882 1088 Dei
1903 1051 1999 1089 ar-

402 1123 810 1195 chiepiscopus,
841 1121 1086 1193 glorioso
1107 1120 1388 1198 Hibernia:-
1417 1120 1535 1189 regi
1553 1121 1834 1177 Gornmco
1856 1124 2002 1178 salu-

403 1217 521 1266 tem
551 1229 677 1267 cum
709 1210 1078 1267 orationibus.

475 1300 866 1356 Venerabilem
918 1301 1150 1355 fratrem
1191 1314 1257 1351 ac
1296 1297 1685 1369 coepiscopum
1746 1304 1998 1355 nostrum

404 1389 730 1456 Patricium,
762 1406 949 1461 quem,
979 1387 1307 1442 charissime
1337 1386 1434 1451 fili,
1468 1386 1797 1441 excellentia
1817 1395 2002 1443 vestra

352 1549 360 1555 _
406 1479 478 1534 ad
508 1495 611 1533 nos
641 1478 1081 1533 consecrandum
1129 1474 1461 1541 transmisit,
1492 1475 1727 1530 honeste
1759 1478 2002 1550 suscepi-

405 1585 555 1636 mus,
586 1573 779 1634 319
816 1566 1021 1621 debitis
1076 1564 1275 1618 ofﬁciis
1320 1564 1626 1618 secundum
1676 1567 2001 1622 canonicam

406 1657 844 1722 institutionem,
885 1654 1099 1708 scilicet
1147 1652 1393 1723 Spiritus
1432 1653 1617 1723 gratia
1645 1663 2000 1725 cooperante,

2075 461 2333 517 inimicos
2353 459 2559 513 mentis
2585 463 2643 512 et
2660 456 2932 528 corporis,
2966 462 3024 511 et
3041 455 3226 511 balteo
3252 456 3368 527 [al.,
3396 456 3619 532 brachio]

2075 550 2299 605 virtutis
2323 565 2438 603 suae
2458 545 2843 601 excellentiam
2865 550 3108 599 vestram
3137 542 3405 612 defendat,
3429 550 3497 611 et,
3517 554 3624 617 post

2076 640 2299 709 longam
2336 637 2505 707 hujus
2532 635 2720 690 saeculi
2744 635 2937 700 vitam,
2962 634 3035 689 ad
3065 649 3190 689 eam
3212 648 3330 705 qua:
3353 633 3506 690 ﬁnem
3527 651 3620 691 non

2075 728 2247 783 habet
2264 726 2501 781 feliciter
2530 741 2626 780 vos
2653 724 2940 796 perducat.

2542 849 2894 906 EPISTOLA
2918 847 3218 904 XXXVIII.

2296 979 2379 1022 AD
2407 975 2849 1021 TERDELYACUM
2882 973 3187 1019 HIBERNIE
3216 972 3428 1020 BEGBI.

2082 1080 2272 1146 Regem
2294 1078 2484 1131 laudat
2507 1092 2571 1129 ea:
2614 1077 2685 1128 iis
2706 1090 2823 1144 qua:
2851 1090 2887 1126 a
2913 1075 3156 1128 Patricio
3180 1078 3501 1140 cognoverat,
3529 1092 3629 1130 mo-

2154 1156 2345 1218 netque
2376 1152 2454 1210 ut,
2486 1148 2561 1200 ad
2584 1161 2789 1214 pravas
2816 1146 3087 1218 quasdam
3126 1147 3520 1200 conszwtudincs
3559 1163 3631 1201 er-

2154 1217 2504 1287 stirpandas,
2557 1220 2926 1286 episcoporum
2981 1217 3327 1284 aliurmnque
3345 1223 3631 1271 concentum

2151 1293 2276 1358 ﬁeri
2292 1292 2508 1360 jubcat,
2531 1293 2577 1342 et
2600 1292 2711 1357 ipse
2730 1289 2970 1341 intcrsit.

2153 1387 2541 1451 LANFRANCUS,
2570 1388 2829 1455 peccator
2855 1388 2913 1436 ct
2948 1382 3212 1452 indignus
3257 1388 3452 1438 sancta:
3490 1384 3637 1439 Doro-

2083 1476 2373 1532 bernensis
2404 1475 2658 1531 Ecclesiae
2678 1473 3150 1545 archiepiscopus,
3174 1472 3462 1543 magnifico
3475 1473 3638 1528 Hiber

2085 1568 2194 1623 nise
2240 1566 2361 1637 regi
2406 1566 2791 1630 Tennmvaco,
2825 1561 3268 1617 benedictionem
3298 1578 3419 1617 cum
3445 1562 3639 1617 servitio

2084 1663 2141 1711 et
2169 1654 2537 1710 orationibus.

406 1746 787 1812 sacravimus;
846 1749 1133 1798 sacratum
1181 1742 1254 1796 ad
1311 1741 1595 1813 propriam
1633 1743 1845 1810 sedem,
1874 1727 2065 1801 cumB
2156 1744 2388 1800 Nullam
2417 1744 2568 1799 Deus
2595 1743 2868 1812 majorem
2897 1741 3066 1796 terris
3103 1740 3527 1796 misericordiam
3551 1742 3641 1797 im-

406 1834 732 1891 testimonio
780 1833 1103 1887 litterarum
1133 1841 1477 1897 nostrarum,
1500 1849 1657 1887 more
1686 1838 2005 1890 antecesso-

2086 1834 2303 1906 pendit,
2336 1849 2505 1904 quam
2524 1848 2649 1886 cum
2676 1831 2828 1902 pacis
2844 1847 2908 1884 ac
2916 1830 3149 1901 justitiae
3164 1836 3439 1885 amatores
3455 1831 3521 1885 ad
3537 1831 3642 1885 ani-

406 1941 534 1979 rum
562 1928 884 1978 nostrorum
914 1921 1257 1976 remisimus.

480 2013 589 2077 Qui
628 2011 885 2084 quamvis
920 2010 990 2065 de
1023 2009 1208 2081 gloria
1248 2014 1436 2063 vestra
1467 2010 1645 2065 multa
1671 2012 1833 2066 nobis
1863 2012 2005 2069 bona

406 2102 716 2172 multisque
734 2100 998 2155 laudibus
1022 2099 1194 2169 digna
1221 2099 1434 2160 retulit,
1468 2116 1580 2154 non
1608 2100 1707 2155 abs
1729 2119 1788 2156 re
1819 2109 2006 2158 tamen

408 2190 691 2245 credimus
721 2205 842 2243 esse
893 2188 940 2243 si
978 2188 1335 2259 praadicanda
1364 2194 1547 2243 vestra
1593 2191 1778 2245 studia
1814 2200 2007 2246 nostra

408 2279 802 2334 adhortatione
823 2278 1111 2349 pulsamus
1131 2277 1305 2344 ;sicut
1319 2277 1467 2331 enim
1491 2278 1634 2348 ignis
1652 2280 1822 2334 ﬂante
1844 2287 2005 2337 vento

409 2363 617 2424 clarius
637 2368 786 2422 lucet
807 2372 864 2421 et
892 2368 1075 2437 major
1106 2367 1364 2431 eﬂicitur,
1402 2367 1481 2420 sic
1507 2384 1639 2421 vera
1658 2369 1834 2424 virtus
1863 2372 2008 2426 veris

2089 1939 2311 1977 marum
2362 1938 2462 1975 seu
2516 1938 2811 1992 corporum
2875 1919 3257 1991 gubernacula
3298 1920 3552 1991 provehit,
3598 1926 3645 1975 et

2090 2012 2333 2066 maxime
2360 2027 2485 2066 cum
2509 2009 2671 2064 bonis
2699 2009 2924 2080 regibus
2952 2026 3128 2080 regna
3160 2010 3331 2081 hujus
3372 2010 3551 2064 mundi
3576 2026 3646 2064 re-

2090 2102 2277 2171 genda
2298 2099 2618 2156 committit.
2644 2100 2786 2154 Hinc
2797 2116 3040 2170 namque
3059 2116 3165 2172 pax
3187 2101 3384 2164 oritur,
3400 2099 3647 2154 discordia

2090 2192 2327 2263 sopitur,
2348 2195 2423 2256 et,
2439 2195 2502 2244 ut
2522 2188 2764 2243 breviter
2782 2195 2981 2243 cuncta
2993 2187 3647 2260 complectar,Christianaa

2089 2280 2375 2351 religionis
2395 2278 2747 2334 observantia
2776 2277 3077 2333 stabilitur.
3122 2278 3282 2343 Quod
3329 2278 3521 2349 populo
3564 2277 3649 2331 Hi-

2090 2371 2297 2425 bernia:
2324 2369 2590 2423 divinitus
2622 2376 2757 2423 tunc
2808 2368 3075 2422 collatum
3117 2368 3290 2423 fuisse
3320 2367 3549 2439 prudens
3573 2367 3647 2420 in-

2090 2466 2310 2532 spector
2330 2459 2614 2529 intelligit,
2632 2458 2856 2529 quando
2877 2457 3235 2529 omnipotens
3255 2458 3402 2513 Deus
3419 2456 3655 2511 excellen-

2089 2550 2183 2603 tite
2210 2556 2406 2603 vestrae
2428 2550 2522 2617 jus
2551 2548 2718 2618 regiae
2764 2548 3061 2619 potestatis
3091 2564 3264 2619 super
3292 2547 3439 2601 illam
3467 2552 3651 2600 terram

415 2458 712 2531 praeconiis
743 2457 1033 2528 pulchrius
1057 2455 1314 2510 enitescit
1344 2463 1403 2509 et
1427 2457 1485 2510 in
1518 2458 1718 2513 melius
1742 2476 2010 2530 augmen~

413 2552 586 2600 tatur.
617 2546 906 2617 Rogamus
926 2545 1121 2616 igitur,
1153 2545 1299 2599 sicut
1339 2546 1523 2616 rogari
1553 2554 1776 2617 oportet
1806 2551 2010 2620 pretio-

411 2653 536 2691 sum
555 2641 762 2691 sancte
781 2636 1047 2690 Romanae
1064 2635 1321 2689 Ecclesiae
1336 2636 1817 2708 tilium,quatenus
1838 2639 2006 2696 fidem
2092 2638 2397 2705 concessit;
2423 2643 2508 2691 tot
2529 2636 2678 2691 enim
2711 2642 2980 2708 tantaque
3006 2635 3153 2690 bona
3181 2637 3255 2690 de
3284 2634 3655 2708 magnitudinis

412 2731 647 2792 rectam,
672 2724 742 2779 ab
764 2725 886 2797 ipso
910 2725 1047 2790 Deo,
1084 2730 1142 2778 et
1169 2724 1435 2795 apostolis
1465 2727 1585 2794 ejus
1606 2728 1814 2782 sanctis
1837 2736 2008 2801 atque.
2090 2733 2291 2781 vestra:
2336 2743 2471 2797 erga
2517 2724 2692 2779 bonos
2732 2724 2828 2796 pia
2883 2724 3221 2780 humilitate.
3255 2732 3447 2779 contra
3482 2738 3656 2795 pravos

412 2814 739 2869 orthodoxis
786 2812 1049 2869 Patribus
1094 2812 1381 2878 traditam,
1430 2829 1558 2867 cum
1607 2817 1758 2871 omni
1804 2820 2009 2874 mentis
2090 2816 2346 2871 districta
2390 2815 2712 2884 severitate,
2750 2814 2899 2868 circa
2938 2829 3105 2868 omne
3156 2814 3466 2868 humanum
3501 2827 3657 2884 genus

418 2903 743 2958 sinceritate
764 2902 1089 2957 inviolatam
1116 2901 1385 2967 teneatis;
1404 2901 1533 2956 fidei
1555 2920 1801 2976 congrua
1817 2924 2006 2979 opera,
2090 2905 2492 2960 discretissima
2513 2903 2798 2975 aequitate,
2830 2903 3006 2958 frater
3034 2908 3092 2958 et
3113 2903 3473 2976 coepiscopus
3492 2907 3658 2956 noster

412 2992 472 3046 in
504 2996 779 3064 quantum
827 2992 971 3046 vires
1013 2998 1342 3063 suppetunt.
1380 2994 1716 3060 exhibeatis;
1753 2997 2066 3067 superbis"
2094 2994 2372 3050 Patricius
2403 2993 2671 3058 narravit,
2698 2998 2780 3055 ut,
2807 2992 3060 3064 quamvis
3084 3008 3182 3047 vos
3217 3007 3497 3063 nunquam
3523 2990 3657 3044 vide-
3750 2993 3757 3004 '

418 3086 726 3147 austeram,
757 3080 1065 3135 humilibus
1088 3082 1421 3152 placabilem
1444 3090 1687 3139 vestram
1718 3085 2006 3140 celsitudi-
2024 3047 2067 3107 Ο
2089 3085 2287 3148 rimus,
2316 3089 2585 3155 tanquam
2614 3082 2759 3138 visos
2784 3090 2974 3137 tamen
3004 3098 3098 3136 vos
3129 3081 3451 3152 diligamus,
3479 3085 3531 3134 et
3556 3085 3660 3134 tan-

413 3186 542 3225 nem
573 3169 902 3225 ostendatis.

487 3259 553 3314 In
572 3275 748 3330 regno
778 3263 963 3312 vestro
983 3258 1352 3330 perhibentur
1373 3261 1628 3315 homines
1658 3278 1758 3317 seu
1787 3263 1857 3317 de
1878 3280 2010 3334 pro-

414 3348 672 3419 pria,seu
701 3347 772 3401 de
798 3353 1149 3401 mortuarum
1180 3365 1417 3403 uxorum
1440 3352 1728 3420 parentela
1747 3353 2011 3423 conjuges

417 3436 641 3500 ducere,
668 3435 766 3489 alii
798 3436 1048 3505 legitime
1095 3436 1200 3490 sibi
1236 3439 1524 3508 copulatas
1552 3456 1653 3509 pro
1696 3440 1929 3495 arbitrio
1956 3447 2013 3495 et

417 3523 706 3576 voluntate
738 3522 1075 3593 relinquere,
1107 3524 1365 3577 nonnulli
1419 3541 1551 3579 suas
1596 3526 1722 3580 aliis
1767 3527 1901 3582 dare
1957 3535 2015 3584 et

420 3610 659 3665 aliorum
689 3610 919 3665 infanda
947 3613 1386 3667 commutatione
1405 3614 1671 3686 recipere.
1699 3616 1845 3682 Haec,
1880 3621 1938 3671 et
1965 3619 2013 3671 si

421 3716 544 3770 quae
570 3703 703 3754 sunt
735 3699 848 3753 alia
901 3700 1160 3765 crimina,
1197 3708 1425 3773 propter
1453 3702 1629 3757 Deum
1662 3710 1717 3758 et
1763 3706 2013 3762 animam

425 3794 670 3842 vestram
701 3788 760 3841 in
797 3794 950 3843 terra
993 3790 1288 3860 potestatis
1336 3797 1531 3846 vestrm
1572 3793 1775 3864 corrigi
1801 3794 2010 3863 iubete,
2095 3797 2254 3850 uxori
2273 3795 2760 3866 consanguinitate
2781 3796 3176 3867 prepinquam,
3208 3797 3327 3851 sive
3356 3811 3517 3868 quam
3545 3792 3670 3849 alius

420 3878 675 3947 talesque
703 3893 801 3932 vos
828 3894 956 3932 cum
999 3879 1186 3933 divino
1223 3879 1505 3950 adjutorio
1548 3883 1746 3936 vestris
1777 3883 2015 3939 subditis
2096 3885 2265 3939 simili
2295 3884 2653 3956 improbitate
2683 3885 2950 3951 deseruit,
2986 3885 3237 3940 maritali
3267 3903 3369 3941 seu
3397 3882 3668 3940 fornicaria

422 3966 697 4032 exhibete,
726 3972 792 4021 ut
811 3972 868 4021 et
887 3974 1168 4022 amatores
1189 3967 1320 4023 boni
1340 3968 1486 4024 bona
1505 3972 1747 4042 amplius
1758 3973 2014 4044 diligant,
2099 3974 2240 4043 lege,
2265 3973 2548 4044 punienda
2576 3973 2681 4028 sibi
2702 3972 3021 4027 temeritate
3055 3975 3379 4046 conjungit;
3411 3973 3552 4046 quod
3575 3969 3672 4042 epi-

421 4060 480 4109 et
523 4055 867 4126 appetitores
915 4056 1048 4109 mali
1105 4073 1306 4128 pravas
1354 4058 1601 4113 actiones
1661 4076 2016 4132 nequaquam
2099 4063 2251 4133 scopi
2297 4062 2367 4117 ab
2402 4080 2515 4117 uno
2544 4063 2803 4135 episcopo
2847 4069 3285 4131 consecrantur;
3318 4068 3504 4130 τηε)
3544 4056 3673 4132 quod

421 4160 681 4198 exercere
706 4150 1046 4216 praesumant
1076 4165 1088 4212 ;
1120 4145 1225 4199 hoc
1246 4146 1395 4200 enim
1417 4146 1705 4212 facientes,
1729 4156 1787 4203 et
1804 4150 2019 4206 diutius
2100 4150 2157 4204 in
2184 4151 2328 4205 villis
2357 4152 2439 4206 vel
2470 4151 2790 4206 civitatibus
2816 4152 3005 4223 plures
3030 4152 3409 4220 ordinantur;
3439 4149 3579 4222 quod
3602 4148 3673 4202 in-

421 4248 549 4285 cum
580 4248 770 4286 rerum
822 4234 1215 4304 temporalium
1246 4235 1513 4290 felicitate
1542 4237 1600 4290 in
1632 4243 1785 4291 terra
1812 4255 2019 4309 regna-
2099 4239 2280 4294 fantes
2333 4240 2611 4312 baptismo
2649 4241 2772 4295 sine
2821 4241 3124 4296 chrismate
3168 4246 3497 4296 consecrato
3519 4236 3677 4309 bapti-

419 4319 574 4424 bi‘tis,
598 4328 656 4424 et
684 4327 811 4422 post
833 4328 1122 4424 terrenum
1163 4339 1398 4424 regnum
1431 4326 1553 4380 sine
1585 4328 1696 4381 line
1727 4328 2016 4398 regnaturi
2034 4366 2083 4424 υ
2103 4336 2303 4384 zantur
2324 4349 2337 4398 ;
2362 4332 2512 4402 quod
2535 4331 2682 4386 sacri
2712 4330 2939 4385 ordines
2960 4348 3060 4404 per
3077 4332 3377 4404 pecuniam
3401 4329 3471 4384 ab
3493 4328 3677 4402 episco-

420 4410 491 4464 ad
522 4411 771 4465 coelestia
798 4428 974 4483 regna
1002 4413 1338 4484 migrabitis.
2034 4410 2081 4424 “’
2103 4418 2189 4489 pis
2217 4418 2443 4474 dantur.

495 4498 667 4553 Plura
696 4504 754 4553 et
783 4501 1054 4571 prolixius
1093 4502 1245 4557 vobis
1273 4503 1645 4574 scripsissem,
1675 4506 1769 4560 sed
1800 4506 2021 4561 habetis
2174 4508 2305 4561 Haec
2334 4507 2539 4574 omnia,
2559 4512 2615 4562 et
2630 4507 2677 4561 si
2714 4524 2823 4579 qua
2854 4513 2988 4563 sunt
3013 4509 3226 4564 similia
3244 4514 3442 4565 contra
3459 4520 3676 4577 evange-

421 4585 705 4647 vobiscum
737 4589 1066 4658 praedictum
1088 4592 1401 4646 antistitem
1427 4599 1674 4648 vestrum
1695 4596 2021 4651 monasticis
2105 4595 2268 4650 licam
2286 4601 2343 4650 et
2361 4597 2721 4668 apostolicam
2740 4597 3153 4665 auctoritatem,
3168 4604 3368 4653 contra
3381 4602 3678 4653 sanctorum

424 4674 874 4730 institutionibus
904 4693 939 4731 a
968 4678 1209 4748 pueritia
1240 4681 1568 4747 enutritum,
1611 4683 1847 4738 scientia
1888 4685 2024 4740 divi-
2103 4701 2378 4739 canonum
2397 4685 2853 4757 prohibitionem,
2876 4696 3068 4741 contra
3088 4688 3343 4742 omnium
3365 4684 3679 4742 orthodoxo—

425 4779 629 4818 narum
660 4764 978 4820 litterarum
1006 4767 1393 4823 strenuissime
1414 4770 1716 4837 eruditum,
1745 4770 2020 4829 bonorum
2102 4789 2227 4827 rum
2272 4773 2502 4827 Patrum
2551 4773 2648 4844 qui
2679 4791 2781 4828 nos
2811 4780 3220 4845 praecesserunt
3248 4776 3374 4831 ﬁeri
3402 4771 3681 4830 institutio-

422 4868 657 4923 operum
689 4854 1057 4917 ornamentis.
1088 4856 1147 4909 in
1178 4863 1452 4927 quantum
1499 4861 1756 4930 cognosci
1796 4879 1830 4916 a
1859 4862 2021 4917 nobis
2101 4877 2250 4927 nem,
2311 4862 2519 4929 nullus,
2552 4863 2648 4934 qui
2697 4880 2886 4918 sacras
2925 4863 3144 4918 litteras
3200 4865 3290 4919 vel
3348 4860 3682 4919 mediocriter

421 4939 623 5011 potuit,
684 4941 1080 4998 decentissime
1109 4944 1465 5013 adornatum,
1502 4965 1668 5020 quem
1714 4950 1785 5004 de
1829 4951 2022 5006 anima
2099 4949 2255 5020 legit,
2283 4950 2668 5020 ignorat.Quae
2698 4958 2910 5023 quanto
2931 4952 2989 5006 in
3009 4959 3315 5025 conspectu
3346 4952 3448 5009 Dei
3484 4953 3683 5006 sancto-

422 5033 610 5084 vestra
640 5030 846 5101 sepius
876 5031 1029 5086 vobis
1060 5034 1381 5105 loquentem
1414 5036 1461 5091 si
1480 5037 1719 5093 intentio
1735 5039 1901 5093 corde
1924 5057 2022 5095 au-

421 5117 669 5187 dieritis;
702 5120 1016 5189 audientes,
1058 5131 1121 5177 ut
1153 5125 1298 5194 patri
1346 5126 1625 5197 spirituali
1672 5128 1731 5182 in
1772 5128 1863 5183 his
1897 5146 2019 5200 qua:

419 5207 491 5262 ad
521 5207 699 5263 Deum
722 5210 1006 5281 pertinent
1035 5211 1391 5281 obedieritis;
1425 5214 1769 5283 obedientes,
1800 5234 1865 5271 ea
1897 5234 2019 5290 quae

418 5296 575 5352 vobis
599 5297 669 5352 ab
691 5315 757 5353 eo
786 5300 1007 5371 prolata
1054 5301 1282 5368 fuerint,
1329 5303 1386 5358 in
1428 5321 1559 5359 arca
1580 5306 1823 5376 pectoris
1850 5306 2021 5361 vestri

417 5385 810 5457 reposueritis:
836 5405 1149 5460 speramus,
1174 5408 1276 5463 per
1296 5392 1736 5449 misericordiam
1759 5395 2023 5467 Dei,quia

417 5490 601 5546 neque
631 5492 727 5531 vos
747 5479 1059 5549 perniciose
1078 5480 1359 5542 errabitis.
1383 5498 1567 5555 neque
1595 5484 1850 5539 subditos
1866 5483 2022 5540 vobis

418 5561 476 5615 in
495 5563 839 5636 privatarum
879 5567 1002 5637 [al.,
1038 5570 1366 5651 pravarum]
1399 5574 1684 5629 actionum
1710 5574 2022 5649 pertinacia

2092 3190 2259 3245 quam
2285 3173 2414 3227 visis
2442 3190 2507 3226 ac
2536 3171 2677 3226 bene
2707 3171 2945 3242 cognitis
2972 3170 3125 3225 vobis
3153 3170 3459 3228 salubriter
3484 3183 3659 3223 consu-

2092 3263 2207 3317 lere
2238 3267 2296 3317 et
2323 3261 2696 3316 sincerissime
2725 3260 2933 3314 servire
2962 3260 3279 3332 cupiamus.

2165 3352 2368 3407 Verum
2395 3350 2545 3405 inter
2574 3350 2753 3404 multa
2769 3366 2891 3420 qua:
2917 3349 3347 3421 placent,relata
3376 3347 3527 3404 nobis
3545 3350 3660 3400 sunt

2093 3440 2349 3511 quaedam
2397 3457 2520 3511 quae
2564 3439 2881 3509 displicent,
2933 3438 3187 3493 videlicet
3219 3439 3387 3510 quod,
3420 3438 3475 3494 in
3511 3452 3661 3508 regno

2095 3534 2295 3595 vestro,
2320 3529 2557 3600 quisque
2588 3544 2688 3600 pro
2717 3527 2951 3581 arbitrio
2978 3544 3079 3582 suo
3110 3528 3364 3598 legitime
3391 3527 3490 3583 sibi
3516 3541 3661 3598 copu-

2098 3618 2272 3672 latam
2303 3634 2552 3683 uxorem,
2579 3617 2734 3671 nulla
2753 3615 3020 3671 canonica
3063 3632 3238 3672 causa
3263 3615 3662 3680 interveniente,

2100 3706 2387 3777 relinquit,
2412 3712 2469 3760 et
2510 3707 2681 3760 aliam
2731 3704 3044 3777 quamlibet
3073 3722 3173 3760 seu
3208 3707 3318 3761 sibi
3366 3707 3448 3761 vel
3487 3704 3667 3759 relicta

2101 5055 2340 5110 rumque
2353 5040 2475 5109 ejus
2490 5041 2733 5111 amplius
2752 5046 2886 5095 sunt
2905 5042 3379 5109 horrenda,tanto
3398 5036 3683 5096 studiosius

2100 5127 2301 5182 vestris
2324 5134 2457 5182 sunt
2474 5128 2596 5183 sine
2635 5130 2823 5200 aliqua
2854 5129 3123 5185 dilatione
3138 5130 3488 5200 jussionibus
3517 5123 3684 5199 prohi-

2104 5216 2304 5283 benda,
2336 5223 2411 5284 et,
2437 5217 2543 5273 nisi
2568 5218 2851 5290 prohibita
2878 5218 3253 5290 corrigantur,
3286 5215 3685 5275 districtissima

2102 5308 2335 5362 terroris
2374 5307 2540 5362 vestri
2588 5307 2888 5362 severitate
2941 5307 3261 5379 punienda;
3299 5308 3520 5364 nullum
3547 5302 3683 5359 enim

2103 5395 2219 5451 Deo
2249 5396 2332 5450 vel
2378 5396 2563 5466 majus
2593 5395 2680 5450 vel
2717 5396 2939 5467 gratius
2968 5413 3176 5453 munus
3211 5397 3417 5453 offerre
3446 5392 3679 5468 potestiS,

2103 5501 2270 5556 quam
2298 5484 2347 5539 si
2376 5484 2567 5539 divina
2601 5490 2659 5541 et
2695 5485 2945 5544 humana
3000 5484 3206 5544 debitis
3250 5486 3473 5559 legibus
3498 5481 3685 5559 guber-

2103 5589 2240 5629 nare
2263 5573 2556 5629 studeatis.
