3852 6178
195 297 275 356 537

1585 259 1973 352 EPISTOL/E.

3315 292 3419 352 538

245 421 493 477 Memores
537 425 712 495 igitur
739 425 912 480 divini
948 423 1166 496 judicii,
1201 441 1312 496 quo
1339 423 1409 478 de
1447 423 1746 478 commisso
1762 421 1939 482 Atilio
1970 425 2024 475 et
2050 419 2229 474 amico
2263 418 2516 475 ROGERIO
2547 419 2759 488 comiti,
2788 418 3024 474 salutem
3074 424 3132 477 et
3158 415 3422 473 benedic-

193 512 314 567 vobis
327 530 489 583 regno
508 515 785 569 rationem
810 515 1086 570 reddituri
1108 515 1241 569 estis
1282 514 1414 581 Deo,
1456 513 1743 584 episcopos

190 608 233 656 et
245 602 507 671 religiosos
527 621 778 676 quosque
792 606 940 658 viros
955 604 1014 658 in
1030 621 1203 658 unum
1218 602 1513 658 convenire
1526 601 1739 672 jubete,

191 706 316 744 sacro
344 707 529 746 eorum
578 694 875 748 conventui
927 693 1282 764 praisentiam
1335 696 1579 746 vestram
1618 707 1744 744 cum

189 780 352 833 vestris
370 780 730 852 optimatibus
759 781 1038 850 exhibete,
1070 782 1173 835 bas
1213 797 1413 853 pravas
1443 785 1745 834 consuetu-

189 869 334 933 dines,
363 885 663 942 omnesque
683 872 823 925 alias
850 888 974 943 qua:
1002 888 1036 925 a
1062 871 1236 925 sacris
1283 869 1499 940 legibus
1540 869 1746 940 impro-

188 957 410 1025 bantur,a
419 976 592 1029 regno
612 966 797 1014 vestro
813 960 1186 1014 exterminare
1205 959 1448 1025 studete,
1467 963 1745 1030 quatenus

188 1046 278 1100 Rex
300 1063 482 1117 regum
513 1053 570 1102 et
597 1048 869 1103 Dominus
909 1048 1344 1114 dominantium,
1375 1064 1500 1102 cum
1545 1046 1747 1101 viderit

188 1135 365 1205 regiam
394 1138 745 1206 majestatem
773 1143 1017 1192 vestram
1038 1136 1329 1209 praeceptis
1349 1137 1466 1191 suis
1487 1136 1543 1189 in
1573 1135 1750 1190 omni-

186 1222 268 1278 bus
285 1241 394 1278 esse
419 1224 751 1295 subjectam,
783 1226 955 1281 servis
994 1243 1215 1297 quoque
1256 1242 1321 1279 ac
1351 1223 1607 1279 ﬁdelibus
1631 1224 1747 1279 suis

185 1329 264 1384 pro
285 1311 383 1386 [αι.
399 1353 415 1380 ,
446 1312 591 1387 pne]
610 1315 812 1369 timore
841 1321 898 1368 et
921 1331 1113 1369 amore
1134 1316 1258 1385 ejus
1278 1319 1628 1368 mansuetam
1643 1313 1749 1368 ini-

184 1401 313 1455 micis
337 1402 534 1457 divinae
571 1402 858 1474 religionis
887 1404 1074 1458 divino
1123 1405 1240 1458 zelo
1285 1404 1584 1469 infestam;
1627 1401 1747 1474 ipse

185 1505 369 1561 quoque
408 1508 505 1546 vos
529 1499 853 1564 vestrosque
873 1493 1012 1547 ﬁdes
1034 1493 1344 1547 clamantes
1373 1493 1440 1545 ad
1473 1509 1533 1545 se
1553 1491 1742 1562 prOpi-

181 1579 323 1632 tiatus
353 1581 636 1647 exaudiat,
670 1581 859 1636 hostes
887 1586 1142 1636 conterat
1167 1597 1472 1653 pacemque
1501 1580 1656 1634 vobis
1684 1581 1741 1634 in

183 1667 266 1722 hoc
288 1669 481 1724 saeculo
514 1669 792 1738 stabilem,
838 1675 894 1725 et
943 1671 1003 1725 in
1047 1670 1235 1725 futuro
1263 1670 1436 1724 vitam
1475 1674 1742 1723 aeternam

180 1757 430 1813 concedat.

628 1847 974 1904 EPISTOLA
997 1848 1247 1902 XXXIX.

566 1972 646 2016 AD
694 1971 997 2018 ROGERIUH
1043 1971 1335 2016 COMITEM.

183 2069 469 2123 (astrorum
500 2072 804 2124 custodiam
824 2073 969 2138 regis
994 2073 1218 2124 nomine
1258 2071 1619 2137 commendat,
1647 2086 1745 2138 pa-

236 2143 424 2210 trisque
453 2146 506 2195 ei
532 2146 846 2210 eweinptum
860 2145 1141 2210 proponit,
1183 2144 1284 2210 qui
1303 2143 1747 2208 ﬁdetiterservie-

233 2218 341 2273 rat;
371 2219 421 2265 et
449 2215 514 2266 de
541 2216 924 2267 vicecomitum
947 2215 1172 2282 placitis
1211 2229 1246 2266 α
1274 2228 1415 2280 rege,
1457 2215 1638 2280 quoad
1666 2229 1747 2267 re-

234 2283 360 2342 deat,
402 2284 678 2338 inhibitis.

238 2371 583 2426 Lssrasncns
596 2372 782 2441 gratia
793 2372 893 2426 Dei
909 2371 1749 2442 archiepiscopus,dilectissimo

176 2444 272 2513 ﬁlio
295 2466 345 2513 et
372 2461 556 2514 amico
613 2461 863 2516 RouEnIo
894 2459 1084 2515 comiti
1114 2461 1354 2515 salutem
1398 2465 1455 2513 et
1496 2458 1750 2513 benedic-

177 2549 374 2606 tionem.

233 2637 714 2693 Dominus'noster
736 2639 1044 2709 Anglorum
1079 2655 1171 2692 rex
1198 2639 1409 2692 salutat
1437 2655 1532 2692 vos
1562 2643 1618 2691 et
1647 2654 1749 2691 nos

177 2728 517 2794 omnes,sicut
535 2728 730 2782 ﬁdeles
743 2745 874 2782 suos
892 2728 949 2782 in
973 2727 1175 2799 quibus
1197 2743 1460 2798 magnam
1484 2727 1750 2781 fiduciam

176 2813 337 2882 habet,
367 2830 422 2871 et
454 2817 690 2871 mandat
726 2822 808 2883 ut,
862 2823 1136 2888 quantum
1192 2833 1511 2888 possumus,
1557 2832 1750 2870 curam

174 2903 454 2960 habeamus
476 2906 545 2961 de
581 2906 826 2960 castellis
857 2907 996 2973 suis,
1024 2923 1114 2972 ne,
1147 2905 1296 2977 quod
1321 2907 1469 2960 Deus
1495 2907 1746 2961 avertat!

174 2993 386 3048 inimicis
425 2995 547 3049 suis
575 2995 891 3050 tradantur.
925 2996 1232 3066 Propterea
1275 3010 1411 3065 rogo
1440 3011 1556 3061 vos,
1609 2994 1754 3048 sicut

1822 511 2052 566 tionem.
2939 553 2946 560 .

1894 599 2118 654 Auditis
2145 598 2214 653 de
2245 603 2302 652 te
2323 614 2446 670 qua;
2469 599 2663 653 audire
2693 599 2920 663 nollem,
2956 598 3116 653 doleo
3147 601 3422 668 quantum

1828 688 2013 742 dicere
2035 704 2148 742 non
2177 703 2426 759 possum.
2461 688 2656 758 Neque
2695 687 2845 742 enim
2893 687 3116 741 deceret
3158 691 3224 741 ut
3273 686 3423 741 ﬁlius

1827 776 2099 832 Willelmi
2113 776 2352 843 comitis,
2375 777 2536 846 cujus
2555 776 2854 847 prudentia
2867 780 2925 830 et
2942 775 3183 839 bonitas,
3215 779 3272 829 et
3291 791 3425 846 erga

1828 865 2128 921 Dominum
2187 882 2350 920 suum
2409 872 2468 918 et
2517 881 2710 918 omnes
2763 865 2970 919 amicos
3010 882 3141 920 suos
3179 863 3422 918 ﬁdelitas

1829 956 2023 1010 multis
2049 955 2217 1009 terris
2246 954 2512 1017 innotuit,
2534 952 2774 1008 inﬁdelis
2795 953 3094 1020 diceretur,
3118 957 3174 1007 et
3200 952 3270 1006 de
3299 968 3425 1024 per-

1823 1044 1976 1115 jurio
2007 1045 2090 1096 \‘rl
2119 1043 2315 1098 fraude
2347 1043 2592 1114 aliquam
2623 1041 2915 1096 infamiam
2957 1047 3278 1112 pateretur:
3308 1041 3423 1096 imo

1831 1139 1954 1199 32
1970 1141 2006 1199 1
2044 1132 2367 1187 conveniret
2393 1132 2582 1204 potius
2601 1137 2668 1186 ut
2693 1131 2843 1184 ﬁlius
2873 1131 3019 1185 tanti
3045 1130 3147 1184 viri
3172 1131 3426 1185 imitator

1829 1222 2007 1293 patris
2025 1222 2306 1285 existeret,
2334 1228 2390 1276 et
2407 1221 2589 1274 omnis
2613 1219 2883 1274 bonitatis
2910 1224 2966 1273 et
2992 1218 3280 1272 ﬁdelitatis
3301 1218 3426 1273 aliis

1831 1311 2148 1382 exemplum
2179 1311 2470 1382 praeberet.
2493 1309 2802 1380 Propterea
2830 1325 2966 1378 rogo
2989 1313 3066 1373 te,
3103 1307 3426 1362 dulcissime

1819 1399 1909 1452 'ﬁli
1932 1405 1988 1453 et
2012 1399 2340 1453 charissime
2366 1398 2567 1461 amice,
2603 1404 2880 1468 quatenus
2912 1400 3141 1468 propter
3167 1395 3344 1449 Deum
3371 1398 3430 1448 et

1829 1487 2098 1541 honorem
2136 1493 2318 1548 tuum,
2345 1487 2390 1540 si
2421 1487 2641 1558 culpam
2687 1487 2756 1539 de
2787 1486 2887 1538 tali
2913 1501 2974 1538 re
3003 1483 3196 1548 habes,
3235 1481 3432 1553 resipi-

1827 1592 1968 1643 scas;
2001 1578 2048 1630 si
2081 1592 2207 1630 vero
2235 1592 2346 1629 non
2376 1574 2570 1640 habes,
2601 1573 3074 1628 manifestissimis
3131 1573 3431 1626 documen-

1826 1664 1898 1717 tis
1928 1671 1984 1718 te
2012 1681 2122 1718 non
2153 1664 2360 1718 habere
2389 1664 2671 1718 ostendas.
2705 1661 2989 1732 Quidquid
3018 1677 3148 1714 vero
3177 1660 3270 1726 sit,
3291 1674 3428 1728 rogo

1763 1775 1811 1835 Β
1828 1760 1893 1809 ut
1912 1754 1980 1808 ad
2001 1770 2088 1807 me
2109 1753 2315 1818 venias,
2341 1769 2572 1807 securus
2592 1751 2787 1824 procul
2807 1750 2975 1804 dubio
2992 1749 3139 1820 quod
3157 1763 3338 1819 neque
3368 1747 3428 1801 in

1831 1843 2039 1911 eundo,
2057 1859 2239 1914 neque
2261 1843 2318 1898 in
2339 1842 2643 1908 redeundo,
2667 1857 2764 1912 per
2782 1839 3009 1904 nos,vel
3033 1838 3216 1909 regios
3244 1835 3430 1890 homi-

1829 1948 1928 1986 nes
1949 1931 2338 2003 impedimenti
2353 1930 2562 2003 aliquid
2580 1928 2828 2002 patieris.
2866 1927 3233 2000 Omnipotens
3243 1923 3431 1980 Domi-

1826 2037 1934 2076 nus
1963 2025 2019 2074 te
2038 2018 2352 2074 benedicat.

2363 2125 2710 2180 EPISTULA
2752 2122 2893 2179 XLI.

2424 2250 2506 2293 AD
2551 2249 2825 2295 EUNDEM.

1829 2351 1908 2406 Ab
1940 2349 2519 2407 ca'communicatione,
2545 2364 2655 2416 qua
2681 2350 2847 2400 illum
2876 2348 3267 2407 obstrinxerat,
3293 2347 3432 2402 solvi

1904 2437 2017 2474 non
2052 2436 2200 2488 posse
2250 2421 2364 2471 nisi
2393 2421 2538 2485 regis
2575 2420 3018 2472 misericordiam
3051 2419 3323 2485 imploret,
3356 2417 3432 2470 ad

1902 2508 2066 2560 quam
2101 2492 2512 2547 inmetrandam
2534 2506 2693 2543 suam
2726 2491 2818 2542 illi
2843 2504 3064 2556 operam
3089 2489 3326 2556 spondet.

1901 2579 2266 2634 Lam-mancus
2277 2578 2376 2632 Dei
2387 2578 2572 2648 gratia
2582 2577 3050 2648 archiepiscopus,
3069 2576 3433 2630 dilectissimo

1834 2669 2117 2740 quondam
2147 2667 2263 2720 ﬁlio
2293 2672 2350 2720 et
2377 2667 2576 2730 amico,
2594 2666 2843 2722 Roomuo
2871 2664 3082 2725 comiti,
3104 2664 3244 2718 bene
3273 2663 3436 2718 intel-

1833 2759 2008 2829 ligere
2035 2752 2098 2810 et
2122 2755 2402 2810 salubrem
2434 2756 2502 2809 de
2531 2754 2722 2808 anima
2746 2771 2850 2808 sua
2875 2770 3067 2808 curam
3097 2753 3322 2807 habere.

1909 2847 2081 2901 Doleo
2113 2861 2214 2916 pro
2229 2849 2306 2911 te,
2328 2849 2599 2914 quantum
2617 2842 2728 2896 dici
2751 2858 2860 2896 non
2889 2847 3092 2914 potest,
3113 2841 3265 2911 quia,
3287 2843 3434 2894 teste

1833 2936 1969 3001 Deo,
2002 2939 2058 2989 te
2088 2933 2378 2999 amabam;
2413 2939 2470 2986 et
2491 2938 2547 2986 te
2590 2947 2782 2985 amare
2827 2938 2885 2984 et
2934 2930 3037 2984 tibi
3077 2929 3287 2984 servire
3313 2934 3434 2984 toto

1836 3025 2002 3078 corde
2029 3022 2438 3086 desiderabam;
2467 3021 2564 3074 sed
2595 3020 2747 3091 quia,
2780 3019 3049 3073 instinctu
3079 3018 3348 3072 daemonis
3378 3022 3436 3072 et

174 3098 349 3192 rogare
381 3085 566 3192 debeo
596 3086 772 3192 ﬁlium
795 3085 1208 3192 οξιξπίδῗίιιξιξω.
1241 3100 1427 3192 (ὶυιθωτ
1448 3089 1590 3138 ίθείθ
1606 3085 1748 3192 Ρθον
1767 3132 1810 3192 c
1840 3113 2070 3168 consilio
2103 3127 2400 3183 pravorum
2428 3085 2755 3174 hominum,
2781 3125 2850 3162 ca
2878 3109 3104 3162 molitus
3132 3123 3191 3161 es
3214 3123 3338 3178 qua:
3375 3111 3433 3161 te

174 3177 273 3225 toto
289 3174 453 3227 corde
471 3173 643 3243 diligo
661 3178 717 3227 et
736 3173 946 3227 servire
969 3172 1244 3236 desidero,
1273 3177 1330 3226 et
1341 3173 1502 3242 cujus
1531 3177 1750 3243 patrem

173 3259 294 3315 sicut
311 3263 560 3316 animam
587 3279 767 3316 meam
789 3261 1264 3332 dilexi,quatenus
1287 3261 1354 3315 de
1378 3261 1482 3315 hac
1511 3277 1572 3315 re
1601 3267 1659 3314 et
1682 3261 1752 3314 de

177 3351 306 3405 omni
335 3351 611 3406 ﬁdelitate
640 3351 853 3405 domini
872 3351 1050 3406 nostri
1075 3351 1224 3419 regis
1248 3350 1418 3404 talem
1450 3366 1642 3404 curam
1658 3367 1753 3419 ge-

173 3440 306 3504 ratis,
337 3447 397 3495 ut
424 3457 462 3494 a
493 3441 630 3507 Deo,
666 3446 723 3494 et
749 3440 819 3494 ab
841 3457 906 3494 eo
931 3445 989 3494 et
1007 3438 1268 3494 omnibus
1313 3438 1472 3492 bonis
1518 3438 1754 3493 homini-

172 3526 257 3581 bus
286 3530 506 3584 laudem
525 3528 801 3583 habeatis.

231 3619 284 3672 In
312 3619 583 3674 memoria
616 3626 803 3673 vestra
830 3634 1053 3689 semper
1080 3622 1268 3671 tenete
1298 3616 1541 3688 qualiter
1552 3617 1758 3686 glorio-

173 3722 252 3758 sus
268 3715 426 3778 pater
454 3714 640 3762 vester
670 3707 824 3771 vixit,
857 3712 915 3760 et
943 3722 1110 3777 quam
1134 3705 1374 3759 ﬁdeliter
1402 3704 1754 3759 Dominosuo

174 3797 390 3860 servivit,
401 3804 458 3852 et
483 3813 610 3852 cum
630 3802 841 3868 quanta
869 3795 1207 3849 strenuitate
1238 3794 1418 3848 multa
1438 3793 1750 3864 acquisivit,

173 3891 217 3938 et
242 3886 509 3956 acquisita
541 3902 746 3956 magno
771 3885 982 3938 honore
1011 3883 1272 3941 retinuit.

231 3974 360 4028 Item
392 3974 684 4028 mandavit
712 3990 807 4028 rex
838 3990 910 4027 ne
938 3974 1025 4027 sui
1053 3972 1400 4026 vicecomites
1420 3971 1611 4042 aliqua
1627 3971 1757 4043 pla-

169 4061 263 4115 cita
281 4062 338 4117 in
365 4063 570 4116 vestris
597 4063 765 4116 terris
794 4067 1046 4125 teneant,
1072 4061 1441 4132 quoadusque
1462 4060 1580 4131 ipse
1602 4076 1758 4114 mare

171 4156 424 4217 transeat,
461 4158 516 4206 et
545 4153 694 4206 inter
730 4168 825 4206 vos
855 4157 912 4205 et
940 4151 1092 4222 ipsos
1121 4149 1474 4204 vicecomites
1508 4159 1616 4220 per
1668 4166 1758 4204 se-

171 4241 458 4312 metipsum
490 4257 691 4296 causas
716 4245 928 4294 vestras
954 4240 1172 4295 audiat.

232 4315 497 4385 Libenter
510 4331 708 4385 vellem
734 4329 1018 4384 vobiscum
1050 4329 1222 4400 loqui;
1247 4327 1316 4382 de
1346 4344 1456 4399 qua
1481 4345 1562 4394 re,
1600 4327 1648 4380 si
1663 4344 1758 4381 vo-

1835 3202 2020 3258 moliri
2050 3201 2281 3255 minime
2310 3197 2994 3270 oportuerat,necessitate
3020 3201 3435 3259 coactus,men-

1833 3297 1952 3346 tem
1982 3290 2214 3354 mutavi,
2249 3294 2306 3343 et
2325 3287 2682 3342 dilectionem
2729 3304 2842 3341 non
2885 3287 2943 3340 in
2990 3286 3180 3340 odium
3211 3289 3435 3339 tantum

1837 3382 2110 3450 quantum
2144 3377 2212 3431 ad
2246 3375 2377 3450 [al.,
2413 3374 2496 3449 in]
2542 3392 2836 3430 rancorem
2889 3375 3094 3429 mentis
3141 3379 3198 3428 et
3219 3374 3435 3444 justam

1838 3467 2195 3522 severitatem
2226 3465 2492 3520 converti.
2527 3464 2756 3535 Legatis
2794 3469 2986 3518 tamen
3016 3469 3073 3518 et
3115 3462 3318 3517 litteris
3345 3477 3432 3515 se-

1837 3556 1949 3609 mel
1976 3560 2034 3609 et
2055 3555 2261 3608 iterum
2290 3559 2346 3608 te
2375 3552 2604 3606 invitavi
2629 3557 2692 3607 ut
2715 3552 2786 3606 ad
2807 3569 2896 3606 me
2915 3552 3154 3617 venires,
3178 3555 3236 3604 et
3261 3548 3441 3604 consi-

1836 3645 1974 3698 lium
2005 3643 2206 3698 animaa
2257 3649 2368 3697 tuae
2417 3659 2446 3696 a
2499 3659 2588 3696 me
2633 3641 2837 3695 sicuta
2886 3646 3046 3712 patre
3075 3638 3355 3711 spirituali
3383 3642 3441 3692 et

1837 3733 2016 3788 amico
2046 3733 2261 3787 sincero
2287 3732 2588 3803 acciperes,
2646 3737 2816 3801 atque
2869 3747 2903 3784 a
2953 3731 3124 3785 stulto
3153 3726 3440 3801 proposito

1838 3821 1986 3894 quod
2006 3837 2361 3894 conceperas,
2393 3819 2626 3874 consilio
2647 3819 2879 3874 meliore
2899 3819 3229 3886 desisteres;
3259 3822 3326 3872 tu
3342 3831 3441 3870 ve-

1837 3927 1899 3965 ro
1928 3910 1984 3965 id
2009 3911 2192 3964 facere
2220 3909 2520 3967 recusasti.

1909 3998 2193 4054 Canonica
2217 3998 2391 4068 igitur
2419 3998 2754 4052 auctoritate
2775 4003 2831 4051 te
2855 4002 2913 4051 et
2932 4011 3129 4050 omnes
3152 3995 3441 4064 adjutores

1839 4092 1968 4142 tuos
1999 4086 2260 4140 maledixi
2292 4091 2349 4140 et
2376 4084 3043 4154 excommunicavi,atque
3080 4099 3114 4136 a
3153 4080 3442 4135 liminibus

1841 4181 2046 4230 sanctae
2080 4175 2336 4229 Ecclesiae
2364 4180 2421 4228 et
2448 4174 2730 4228 consortio
2771 4172 3022 4226 ﬁdelium
3070 4169 3344 4240 separavi,
3386 4173 3444 4222 et

1840 4281 1943 4337 per
1962 4270 2139 4318 totam
2163 4263 2456 4334 Anglicam
2484 4269 2692 4316 terram
2720 4262 2825 4316 hoc
2857 4261 3004 4315 idem
3037 4258 3304 4332 pastorali
3317 4273 3445 4313 auc-

1841 4354 2070 4408 toritate
2099 4352 2220 4406 ﬁeri
2239 4351 2529 4423 imperavi.
2558 4351 2642 4405 Ab
2677 4351 2783 4405 hoc
2831 4349 3048 4403 vinculo
3067 4345 3444 4403 anathematis

170 4415 241 4472 bis
271 4420 532 4514 Ῠοιαηίθδ
583 4424 693 4514 θεῖε
743 4419 1006 4514 mandf‘te
1059 4417 1198 4514 {mm
1255 4416 1327 4514 ad
1358 4432 1544 4514 finem
1563 4416 1757 4514 ,Ῐοθῗπξ
1776 4448 1824 4506 D
1845 4443 2133 4497 absolvere
2162 4447 2218 4495 te
2251 4457 2360 4494 non
2397 4439 2770 4511 possum,nisi
2796 4437 3241 4493 misericordiam
3269 4435 3447 4490 domi-

166 4510 435 4577 possimus
467 4508 782 4574 convenire,
815 4513 872 4561 et
899 4507 968 4561 de
1005 4506 1175 4561 rebus
1203 4505 1404 4559 vestris
1455 4520 1518 4559 ac
1545 4504 1760 4558 domini

165 4598 328 4652 nostri
359 4599 514 4667 regis
545 4597 885 4668 colloquium
934 4595 1162 4650 habere.
1188 4593 1310 4664 Ego
1361 4610 1493 4647 vero
1530 4598 1760 4665 paratus

164 4703 278 4740 sum
311 4687 476 4741 vobis
498 4687 684 4740 venire
713 4685 933 4740 obviam
976 4699 1311 4756 quocunque
1359 4681 1757 4754 praeceperitis.

227 4775 384 4848 Rogo
405 4782 474 4830 ut
489 4777 687 4829 harum
705 4776 1022 4829 litterarum
1043 4773 1302 4845 portitori
1326 4771 1552 4826 nomine
1573 4772 1765 4825 Berin-

161 4865 309 4934 gerio
329 4865 617 4935 justitiam
674 4863 892 4918 faciatis
945 4863 1014 4918 de
1075 4861 1186 4916 illis
1244 4859 1564 4915 hominibus
1594 4876 1764 4932 super

165 4970 295 5023 quos
325 4955 634 5008 clamorem
662 4954 797 5007 facit
822 4969 923 5024 pro
973 4968 1118 5023 equo
1149 4967 1252 5006 suo
1279 4967 1448 5022 quem
1477 4949 1626 5004 furto
1656 4949 1762 5003 sibi

164 5043 418 5100 ablatum
446 5044 591 5098 dicit.
627 5028 998 5115 Dmnipotens
1020 5042 1290 5096 Dominus
1312 5058 1408 5094 vos
1436 5039 1754 5109 benedicat,

165 5137 217 5186 et
238 5135 418 5188 vitam
449 5141 690 5189 vestram
721 5134 778 5186 in
806 5133 959 5187 omni
989 5131 1237 5185 bonitate
1265 5130 1543 5201 disponat.

723 5238 1076 5294 EPISTOLA
1100 5237 1213 5291 XL.

764 5345 849 5390 AD
890 5343 1166 5390 IUNDEM.

165 5444 222 5499 Ut
247 5461 284 5499 a
299 5447 564 5515 perjurio
592 5449 642 5498 et
668 5445 879 5514 fraude
907 5444 1496 5510 abstineat,patrisque
1518 5455 1650 5508 erga
1680 5453 1770 5492 re-

467 5551 583 5602 gem
607 5539 657 5588 et
678 5535 820 5587 alios
841 5533 1159 5600 ﬁdelitatem
1189 5533 1462 5585 imitetur.

231 5623 601 5685 Lsmsacus
612 5623 715 5679 Dei
732 5621 919 5693 gratia
929 5616 1771 5693 archiepiscopus,dilectissimo

1844 4532 1902 4586 ni
1933 4531 2045 4585 mei
2073 4530 2222 4600 regis
2254 4530 2528 4600 requiras,
2566 4528 2784 4600 sibique
2813 4533 2870 4583 et
2899 4528 3044 4596 aliis,
3087 4541 3328 4599 quorum
3353 4541 3445 4580 res

1843 4622 2051 4692 injuste
2075 4619 2358 4691 praedatus
2386 4635 2464 4684 es,
2492 4618 2770 4688 justitiam
2801 4618 2992 4672 facias.

1917 4707 2201 4763 Mandasti
2235 4706 2384 4777 quod
2407 4706 2594 4761 adhuc
2621 4706 2810 4760 venire
2858 4707 3029 4760 velles
3054 4724 3067 4772 ;
3112 4706 3217 4759 hoc
3245 4720 3348 4775 ego
3373 4703 3447 4759 li-

1845 4797 2172 4853 bentissime
2193 4796 2412 4861 vellem,
2446 4795 2555 4849 nisi
2575 4796 2822 4866 regalem
2853 4796 2994 4850 iram
3026 4811 3126 4866 pro
3141 4795 3248 4848 hac
3275 4811 3335 4848 re
3355 4809 3446 4848 me

1845 4889 2204 4944 incursurum
2235 4890 2567 4950 metuerem,
2601 4885 2700 4939 sed
2730 4885 2914 4955 legato
2957 4890 3015 4938 et
3037 4883 3241 4937 litteris
3261 4882 3444 4954 paeni-

1845 4977 2101 5032 tudinem
2156 4980 2336 5039 tuam,
2368 4979 2426 5028 et
2477 4974 2875 5040 humilitatem,
2907 4978 2965 5027 et
3011 4989 3203 5044 preces
3230 4973 3281 5027 ei
3311 4971 3446 5027 inti-

1845 5065 2034 5136 mabo,
2067 5070 2126 5118 et
2151 5069 2228 5126 te,
2255 5063 2410 5118 salva
2435 5064 2559 5134 ejus
2597 5063 2887 5126 ﬁdelitate,
2920 5068 3087 5134 prout
3116 5062 3314 5116 melius
3342 5076 3445 5131 po-

1845 5163 1988 5218 tero,
2019 5152 2312 5224 adjuvabo.
2341 5152 2572 5207 Interim
2602 5167 2738 5222 rogo
2770 5157 2828 5205 et
2857 5167 3056 5204 moneo
3080 5156 3145 5204 ut
3166 5149 3440 5218 quiescas,

1848 5261 1953 5299 nec
1975 5242 2187 5314 aliquid
2215 5242 2434 5297 coneris
2462 5241 2644 5296 facere
2679 5241 2827 5295 unde
2853 5240 3125 5309 majorem
3155 5237 3273 5305 ejus
3297 5234 3441 5287 iram

1849 5349 2122 5389 mcurras.
