3978 6174
469 281 633 345 543.

1443 285 1507 340 Β.
1548 285 1962 342 LANFRANCI
2002 285 2363 343 CANTUAR.
2405 287 2741 357 ARCHIEP,

3591 293 3680 353 544

472 406 652 464 Deum
672 409 937 480 adjuvare
964 425 1061 464 eos
1097 401 1301 465 valent.
1339 409 1542 467 Divina
1570 413 1853 482 majestas,
1895 428 2058 467 vene-
2075 415 2125 474 A
2150 412 2406 486 imponit,
2439 413 2648 468 multos
2691 377 3029 470 orthodoxos
3067 413 3356 486 principes,
3384 416 3472 487 qui
3497 418 3689 488 magnis

473 499 648 555 rande
697 499 866 553 Pater
895 499 1252 570 jocundeque
1291 503 1486 566 trater,
1543 506 1601 557 te
1648 499 1960 568 benedicat,
1994 501 2065 557 ab

473 587 734 643 omnibus
754 587 998 660 peccatis
1027 604 1256 660 prorsus
1287 589 1554 644 absolvat.

982 676 1332 732 EPISTOLA
1367 676 1556 732 XLIX.

844 774 924 819 AD
966 773 1351 818 ADELELINUM
1394 774 1706 819 ΑΒΒΛΤΕΠ.

470 853 765 908 Intercedit
781 869 882 923 pro
893 856 1176 909 monachis
1196 858 1296 923 qui
1313 857 1376 908 de
1396 858 1728 909 monasterio
1741 836 2069 909 recesserant

735 931 804 988 et,
839 929 1033 994 agnita
1056 928 1239 993 culpa,
1267 927 1447 979 redire
1476 927 1786 995 cupiebant.

542 1014 912 1070 LANFRANCUS
939 1014 1408 1087 archiepiscopus,
1458 1014 1821 1069 dilectissimo
1859 1015 1971 1070 ﬁlio
2010 1021 2067 1069 et

471 1103 651 1158 amico
671 1104 1001 1158 ADELELINO
1031 1102 1129 1176 [/Z,
1163 1103 1492 1174 ADsLsLuo]
1522 1102 1712 1158 abbati
1736 1105 1981 1159 salutem
2009 1111 2066 1158 et

467 1191 914 1246 benedictionem
925 1233 937 1246 .

542 1281 770 1335 Fratres
798 1281 893 1336 isti
935 1281 1006 1335 ad
1054 1298 1145 1336 me
1191 1286 1464 1336 venerunt
1506 1289 1830 1336 accusantes
1876 1299 1956 1348 se,
2008 1286 2066 1335 et

471 1369 721 1424 dicentes
741 1369 800 1424 in
830 1386 926 1424 vos
953 1370 1200 1440 graviter
1227 1385 1503 1442 peccasse,
1539 1374 1596 1424 et
1643 1387 1746 1424 sua
1791 1371 1960 1441 culpa
1994 1369 2065 1425 de

471 1458 813 1512 monasterio
829 1458 1145 1526 recessisse;
1170 1475 1272 1529 ego
1287 1476 1418 1514 vero
1450 1459 1747 1513 stultitiam
1771 1475 1965 1514 eorum
1986 1459 2069 1514 eis

473 1542 841 1601 audientibus
873 1548 1112 1602 multum
1163 1549 1385 1605 adauxi.
1416 1553 1475 1602 et
1501 1548 1638 1602 satis
1667 1548 1843 1614 duris,
1879 1553 2070 1615 335

473 1638 643 1704 atque
681 1635 1052 1689 amarissimis
1079 1635 1261 1690 verbis
1282 1653 1398 1702 eos,
1431 1641 1600 1706 prout
1628 1637 1832 1702 decuit,
1885 1635 2068 1690 incre-

2154 518 2284 556 eum
2313 501 2576 557 laudibus
2605 502 2948 568 extulerunt,
2982 504 3230 574 ejusdem
3261 505 3454 558 erroris
3499 508 3690 560 macula

2151 590 2402 645 involvit.
2429 591 2688 646 Gelasius
2716 609 2862 664 papa
2903 593 2962 647 in
3005 592 3240 646 decretis
3289 593 3400 647 suis
3422 593 3569 663 (dist.
3617 596 3689 660 15,

2151 695 2273 734 can.
2309 677 2397 748 13)
2427 696 2621 735 omnes
2650 681 2822 736 libros
2851 683 2972 752 ejus
3000 681 3150 736 inter
3178 681 3466 735 catholicas
3492 683 3694 754 scriptu-

2152 785 2244 823 ras
2281 775 2596 824 enumerat.
2640 770 2777 841 Ejus
2803 770 3108 825 auctoritas
3136 770 3194 824 in
3223 771 3390 824 sacris
3425 771 3694 826 canonibus

2151 857 2549 913 decentissime
2602 866 2969 923 memoratur,
3017 859 3288 930 recipitur
3339 865 3393 914 et
3443 859 3691 915 laudatur.

2153 947 2392 1002 Sanctus
2429 949 2780 1019 Augustinus
2819 949 2877 1003 in
2906 949 3048 1002 libro
3085 949 3164 1002 De
3209 948 3471 1003 Trinitate
3495 949 3604 1019 (lib.
3631 964 3693 1016 γι,
3757 941 3764 948 ’

2150 1053 2272 1108 cap.
2315 1035 2420 1107 ll),
2451 1037 2742 1092 excellenti
2777 1055 2906 1093 cum
2935 1038 3103 1092 laude
3132 1037 3358 1103 extollit,
3391 1043 3445 1092 et
3470 1038 3696 1108 quaedam

2147 1125 2216 1179 ab
2241 1142 2306 1180 eo
2335 1125 2404 1180 de
2435 1127 2622 1192 Patre,
2655 1133 2713 1182 et
2739 1125 2901 1194 Filio,
2933 1132 2992 1182 et
3029 1126 3244 1198 Spiritu
3283 1133 3466 1180 sancto
3493 1125 3696 1181 obscure

2148 1214 2301 1269 dicta
2327 1216 2675 1271 enucleatius
2691 1216 2934 1287 exponit.
2953 1219 3157 1272 Beatus
3170 1215 3531 1286 Hieronymus
3543 1231 3698 1286 quan-

2146 1305 2220 1358 tis
2249 1321 2377 1358 eum
2409 1321 2713 1376 omnesque
2742 1305 2912 1360 libros
2932 1306 3054 1376 ejus
3082 1305 3139 1360 in
3171 1304 3490 1376 quibusdam
3510 1305 3700 1375 scriptis

2151 1394 2269 1448 suis
2312 1394 2603 1465 praeconiis
2633 1394 2810 1460 effert,
2861 1395 3146 1466 epistolari
3196 1394 3459 1448 brevitate
3487 1410 3702 1464 compre-

2151 1483 2320 1537 hendi
2349 1500 2460 1537 non
2490 1489 2712 1554 potest:
2749 1500 2950 1538 vocans
2989 1500 3115 1538 eum
3145 1484 3514 1537 Romanorum
3539 1482 3702 1536 lucife-

2155 1587 2304 1637 rum,
2323 1572 2696 1626 Ecclesiarum
2717 1573 3027 1636 lucernam,
3043 1571 3286 1642 lapidem
3317 1571 3620 1642 pretiosum,
3644 1571 3703 1624 ad

2154 1677 2320 1732 quem
2353 1661 2616 1715 mortalia
2645 1661 2729 1715 vix
2746 1661 3075 1727 ascendunt,
3091 1661 3322 1732 pulchro
3351 1677 3590 1714 sermone
3616 1675 3702 1713 au-

469 1723 617 1794 PaVi°
653 1725 856 1821 θείθδ
879 1725 1212 1821 ίηίθντξδὲδίί
1249 1742 1282 1780 ⁸
1313 1743 1403 1780 me
1511 1727 1581 1781 de
1628 1732 1829 1821 θτίῖίθίξο
1857 1726 2068 1821 “ne”?
2087 1730 2133 1790 Β
2153 1723 2361 1821 reoque
2383 1749 2644 1804 universa
2671 1750 3012 1820 loquentem.
3031 1723 3230 1804 caeteri
3257 1765 3424 1803 sacrae
3453 1748 3703 1818 religionis

470 1811 795 1878 emendare,
837 1814 1252 1884 responderunt
1291 1832 1351 1869 se
1391 1815 1554 1885 velle,
1597 1821 1654 1868 et
1681 1815 1751 1869 de
1781 1815 1888 1869 hoc
1918 1815 2068 1886 quod

472 1899 724 1969 egissent
751 1901 1056 1972 plurimum
1087 1919 1147 1956 se
1175 1902 1394 1970 dolere;
1443 1908 1502 1956 et
1539 1903 1753 1974 precati
1805 1908 1939 1958 sunt
1977 1920 2068 1958 me

473 1993 753 2058 quatenus
781 2006 882 2061 pro
903 1990 984 2044 eis
1013 1991 1162 2062 apud
1182 2008 1277 2045 vos
1307 1991 1734 2059 intercederem,
1761 1997 1819 2046 et
1831 2008 1957 2046 mea
1971 2008 2068 2046 eos

471 2076 871 2133 intercessione
918 2080 1282 2147 monasterio,
1315 2080 1464 2134 unde
1492 2080 1770 2149 exierunt,
1823 2081 2069 2136 reconci-

470 2165 692 2221 liarem.

543 2256 896 2329 Quapropter
917 2257 1329 2314 fraternitatem
1351 2265 1593 2314 vestram
1615 2275 1832 2331 precor,
1855 2259 1903 2313 si
1926 2259 2066 2313 meis

470 2345 620 2416 apud
651 2361 776 2399 eam
804 2346 1061 2416 precibus
1099 2348 1256 2403 locus
1291 2349 1501 2416 existit,
1527 2355 1590 2404 ut
1618 2366 1720 2420 pro
1741 2365 1934 2402 amore
1963 2347 2064 2402 Dei

471 2439 530 2486 et
557 2439 771 2501 nostro,
805 2435 1074 2507 quidquid
1117 2437 1174 2491 in
1223 2454 1320 2491 vos
1350 2445 1408 2491 et
1435 2443 1630 2492 contra
1659 2437 1912 2492 ordinem
1934 2437 2068 2491 deli-

473 2529 737 2593 querunt,
780 2523 998 2578 sincero
1036 2526 1202 2580 corde
1252 2526 1583 2594 remittatis;
1636 2532 1692 2581 et
1739 2527 1795 2580 in
1825 2526 1942 2580 suis
1971 2542 2067 2580 eos

471 2611 611 2666 locis
646 2612 705 2666 in
735 2613 937 2684 quibus
965 2621 1096 2669 ante
1143 2616 1364 2686 culpam
1419 2623 1600 2681 erant,
1631 2616 1970 2688 suscipiatis,
2007 2621 2065 2670 et

473 2705 773 2771 paternum
805 2702 886 2756 eis
915 2702 1196 2768 affectum,
1231 2709 1297 2758 ut
1342 2705 1493 2759 Deus
1542 2704 1696 2759 vobis
1744 2704 2064 2759 misericors

474 2788 570 2858 sit,
593 2789 663 2843 de
691 2789 908 2862 reliquo
927 2791 1256 2846 ostendatis.

1038 2881 1387 2937 EPISTOLA
1422 2882 1485 2937 L.

593 2975 673 3018 AD
717 2975 1129 3035 REGINALDUH,
1162 2979 1508 3038 SENTUNUH,
1544 2981 1619 3024 ET
1646 2979 1980 3026 BENRICUI.

473 3055 742 3112 Sanctum
779 3059 1066 3112 Hilarium
1096 3062 1357 3114 adversus
1395 3063 1718 3128 Berengarii
1753 3063 2066 3114 calumnias

545 3128 810 3194 defendit,
870 3133 1091 3200 ejusque
1146 3133 1327 3195 verba,
1391 3149 1508 3200 qua;
1559 3135 1622 3185 in
1655 3148 1902 3200 pravum
1949 3148 2066 3184 seno

545 3215 691 3322 ἓιὲγηι
717 3200 982 3264 trahebat,
1033 3203 1328 3257 orthodoxe
1357 3203 1504 3256 dicta
1552 3207 1601 3256 et
1642 3203 2066 3272 interpretanda

614 3285 668 3323 ce
695 3310 708 3322 .

545 3356 913 3414 Lasrasucus
940 3361 1198 3426 antistes,
1230 3361 1612 3415 dilectissimis
1654 3360 1924 3415 fratribus
1961 3361 2066 3415 Re-

480 3457 726 3500 GINALDO
755 3445 1110 3502 Pictavorum
1140 3448 1296 3503 urbis
1315 3448 1524 3515 abbati,
1558 3454 1615 3503 et
1643 3450 1910 3505 Sss'ruuo
1939 3450 2061 3520 [al.,

475 3532 722 3603 stmo]
750 3536 1042 3602 monacho,
1075 3543 1132 3590 et
1160 3538 1406 3591 HENRICO
1433 3538 1721 3604 canonico,
1748 3539 2006 3592 salutem.
2053 3525 2056 3528 ’

544 3621 726 3676 Lectis
753 3622 956 3678 litteris
986 3641 1020 3678 a
1061 3632 1243 3680 vestra
1276 3626 1414 3679 mihi
1461 3643 1562 3697 per
1594 3627 1742 3681 hunc
1782 3627 2067 3681 hominem

471 3706 828 3764 fraternitate
863 3713 1208 3767 transmissis
1237 3714 1582 3768 voluntatem
1608 3720 1854 3769 vestram
1899 3715 2067 3768 intel-

475 3795 600 3864 lexi,
624 3798 671 3852 si
699 3798 939 3854 facultas
959 3801 1142 3867 detur,
1165 3801 1234 3856 ad
1265 3820 1356 3857 me
1382 3803 1659 3858 veniendi.
1684 3804 1747 3858 Id
1773 3803 2066 3858 commode

474 3886 596 3940 ﬁeri
622 3904 785 3959 posse
814 3905 924 3943 non
947 3889 1222 3959 arbitror;
1247 3909 1378 3946 nam
1405 3897 1462 3946 et
1491 3893 1599 3946 iter
1633 3893 1906 3964 prolixum
1941 3897 2060 3946 est:

472 3975 723 4046 pericula
749 3977 947 4042 multa,
976 3984 1147 4040 terra.
1179 3980 1470 4050 marique;
1503 3986 1558 4034 et
1597 3997 1699 4051 ego
1745 3986 1830 4035 tot
1873 3981 2070 4035 tantis-

475 4079 583 4136 que
602 4064 773 4135 hujus
802 4067 997 4120 mundi
1027 4069 1268 4138 negotiis
1284 4067 1578 4122 obvolutus
1600 4085 1749 4132 sum,
1771 4073 1838 4123 ut
1860 4069 2068 4123 talibus

471 4151 674 4206 studiis
695 4153 828 4207 dare
858 4154 996 4208 mihi
1022 4171 1250 4226 operam
1268 4157 1371 4210 hac
1399 4161 1734 4227 tempestate
1754 4173 1864 4210 non
1881 4155 2064 4210 liceat.

474 4240 532 4295 Si
561 4241 751 4296 divina
787 4248 1035 4314 potestas
1079 4245 1400 4316 expeditum
1437 4262 1527 4298 me
1557 4262 1680 4299 esse
1728 4245 2066 4317 quandoque

473 4330 729 4397 voluerit,
763 4338 822 4386 et
847 4333 1032 4387 doceri
1062 4334 1272 4404 pariter
1301 4340 1358 4388 et
1385 4334 1584 4389 docere
1605 4339 1898 4405 promptus
1928 4352 2070 4390 sem-

473 4433 576 4488 per
605 4418 738 4472 mihi
769 4421 993 4475 animus
1020 4422 1146 4475 erit.

544 4508 717 4562 Porro
735 4510 885 4579 quod
914 4511 1306 4565 schismaticus
1325 4511 1418 4565 ille
1435 4511 1864 4581 (Berengarium
1894 4510 2061 4580 dico),

473 4594 620 4650 sicut
647 4604 835 4652 vestra
884 4598 1124 4670 epistola
1142 4604 1349 4653 testata
1379 4604 1483 4663 est,
1507 4605 1836 4655 constanter
1863 4601 2068 4655 asserit

475 4684 610 4754 quia
629 4683 827 4740 beatus
857 4687 1104 4742 Hilarius
1132 4694 1330 4743 vestrm
1358 4688 1514 4742 urbis
1545 4694 1852 4760 vestraeque
1879 4689 2066 4759 gentis

475 4773 757 4844 quondam
783 4775 1075 4846 episcopus
1102 4777 1158 4831 in
1188 4782 1436 4831 tractatu
1470 4777 1626 4832 Fidei
1649 4794 1912 4848 perversa
1943 4795 2068 4832 sen-

474 4861 648 4916 serit:
684 4868 742 4917 et
765 4863 824 4918 in
862 4863 1007 4918 libro
1037 4865 1116 4919 De
1145 4865 1333 4919 divina
1359 4865 1635 4920 Trinitate
1667 4865 2062 4936 improbabiles

471 4951 781 5006 sententias
793 4953 861 5008 de
881 4953 1119 5007 Domino
1129 4953 1166 5007 J
1169 4971 1264 5008 esu
1280 4955 1506 5009 Christo
1529 4955 1766 5025 protulit
1788 4953 1910 5028 [al.,
1931 4972 2063 5026 pro-

469 5039 720 5114 tulerit];
757 5041 952 5096 mirari
996 5059 1107 5097 non
1145 5043 1310 5098 debet
1357 5043 1646 5097 beatitudo
1690 5048 1875 5096 vestra
1916 5044 1964 5097 si
1992 5044 2061 5111 is,

472 5129 570 5200 qui
601 5130 670 5184 de
707 5130 827 5202 ipso
857 5131 1040 5203 capite
1089 5137 1206 5187 tam
1240 5133 1417 5186 multa
1449 5138 1506 5186 et
1531 5139 1648 5186 tam
1679 5131 1920 5185 nefanda
1948 5148 2062 5187 cre-

470 5217 605 5273 dere
634 5224 693 5274 et
720 5219 919 5274 docere
969 5220 1274 5274 verissimis
1306 5219 1675 5274 relationibus
1717 5219 2060 5287 infamatur;

472 5307 543 5362 de
572 5308 750 5380 ipsius
776 5309 977 5380 capitis
1000 5309 1251 5364 membro
1277 5315 1391 5364 tam
1407 5308 1721 5380 perniciosa
1748 5308 1933 5363 dicere
1953 5314 2066 5364 tra-

473 5396 645 5465 ditur,
677 5398 734 5452 in
771 5397 1074 5470 reprobum
1102 5415 1333 5454 sensum
1382 5398 1569 5452 divino
1593 5396 1806 5468 judicio
1834 5399 2060 5469 permit-

473 5491 648 5542 tatur.

543 5576 758 5632 Revera
787 5576 1042 5648 quisquis
1070 5576 1286 5631 Hilario
1305 5575 1544 5646 alicujus
1569 5575 1843 5633 haereseos
1872 5582 2065 5634 notam

2151 1839 2427 1906 doctores,
2459 1839 2781 1910 quicunque
2810 1839 2880 1893 de
2927 1855 2992 1893 eo
3031 1838 3245 1909 aliquid
3273 1838 3440 1892 locuti
3480 1843 3620 1904 sunt,
3645 1836 3703 1890 ab

2150 1929 2354 1984 horum
2406 1929 2692 1983 sententia
2747 1929 2804 1984 in
2855 1928 2961 1983 hac
2999 1933 3160 2000 parte
3203 1927 3431 1982 minime
3458 1927 3704 1981 dissense-

2147 2023 2299 2072 runt.

2219 2107 2418 2161 Tutius
2434 2106 2605 2177 igitur
2624 2112 2712 2162 est
2729 2106 2931 2162 lectori
2963 2107 3022 2162 in
3047 2105 3390 2162 difficillimis
3415 2109 3706 2172 sanctorum

2148 2197 2382 2252 Patrum
2428 2197 2743 2260 sententiis,
2794 2213 2934 2267 quas
2987 2197 3198 2266 ingenii
3245 2196 3334 2252 sui
3387 2194 3704 2250 imbecillitas

2149 2302 2348 2357 capere
2386 2302 2499 2339 non
2529 2289 2731 2356 potest,
2774 2285 3120 2356 interrogato
3153 2285 3302 2357 quod
3333 2285 3520 2349 nescit,
3545 2283 3705 2337 dicere

2154 2391 2214 2428 se
2246 2373 2479 2442 nescire,
2498 2391 2666 2446 quam
2692 2375 2961 2445 pertinaci
2987 2375 3332 2446 arrogantia,
3365 2381 3422 2427 et
3447 2371 3706 2442 arroganti

2149 2463 2476 2534 pertinacia,
2508 2480 2619 2518 non
2650 2463 2770 2517 sine
2800 2480 2902 2517 sua
2943 2469 3000 2517 et
3040 2464 3280 2517 aliorum
3303 2462 3558 2534 pernicie,
3595 2459 3707 2514 ﬁdei

2150 2551 2433 2605 contraria
2458 2552 2693 2606 definire
2726 2569 2736 2601 :
2773 2553 3083 2622 praesertim
3113 2553 3162 2606 si
3203 2553 3332 2607 talis
3375 2566 3600 2623 persona
3626 2550 3706 2613 sit,

2148 2657 2271 2712 qua;
2301 2641 2384 2694 vel
2415 2641 2648 2695 scientia
2685 2641 3024 2707 litterarum,
3055 2642 3140 2694 vel
3172 2640 3449 2711 probitate
3492 2654 3704 2702 morum,

2146 2730 2232 2784 vel
2254 2731 2440 2802 potius
2469 2735 2709 2801 utraque
2738 2736 2897 2802 parte
2925 2730 3281 2785 auctoritatis
3301 2729 3513 2805 pondus
3533 2744 3636 2800 pra;
3660 2742 3710 2780 se

2147 2836 2346 2890 gerere
2376 2821 2652 2876 videatur.

2222 2908 2407 2964 Verba
2436 2910 2649 2981 praefati
2671 2910 2934 2977 doctoris,
2959 2927 3082 2982 quae
3108 2911 3378 2982 praefatus
3403 2909 3637 2964 inversor
3659 2907 3712 2961 in

2151 2999 2274 3069 ejus
2303 3000 2645 3054 calumniam
2692 3005 2930 3053 conatur
2977 3000 3276 3066 invertere,
3311 3001 3426 3053 haec
3451 2999 3507 3052 in
3535 2996 3711 3051 vestris

2151 3087 2350 3142 litteris
2370 3089 2554 3159 reperi
2595 3091 2685 3154 (De
2720 3091 2948 3153 Trinit.,
3006 3089 3099 3143 lib.
3145 3107 3198 3155 x,
3247 3095 3378 3143 ante
3427 3087 3708 3153 medium):

2155 3197 2176 3227 ι
2187 3177 2284 3230 Dei
2298 3177 2473 3231 Filius
2486 3177 2770 3232 hominem
2783 3195 2974 3232 verum
2987 3178 3300 3233 secundum
3319 3176 3713 3232 similitudinem

2149 3267 2326 3320 nostri
2356 3266 2599 3321 hominis
2649 3283 2761 3320 non
2791 3267 3055 3321 deficiens
3084 3285 3118 3321 a
3151 3285 3214 3321 se
3268 3268 3402 3333 Deo,
3452 3263 3676 3335 sumpsit
3703 3278 3713 3314 :

2148 3353 2206 3408 in
2236 3372 2346 3426 quo
2380 3354 2507 3429 [at.,
2541 3356 2600 3410 in
2630 3355 2824 3428 quem]
2858 3356 3112 3427 quamvis
3141 3361 3244 3411 aut
3271 3356 3414 3411 ictus
3448 3354 3712 3416 incideret,

2149 3451 2247 3497 aut
2274 3445 2460 3498 vultus
2507 3445 2630 3516 [at.,
2663 3445 2885 3516 vulnus]
2915 3445 3256 3500 discinderet
3286 3447 3408 3516 [at.,
3439 3441 3716 3498 descende-

2149 3531 2285 3606 ret],
2314 3535 2580 3589 afferrent
2602 3534 2827 3605 quidem
2856 3535 2973 3590 haec
3003 3535 3279 3606 impetum
3306 3533 3593 3606 passionis,
3619 3545 3716 3583 non

2147 3628 2343 3677 tamen
2359 3623 2608 3677 dolorem
2625 3623 2896 3694 passionis
2913 3624 3207 3691 inferrent,
3231 3631 3297 3678 ut
3314 3625 3488 3678 telum
3513 3617 3718 3691 aliquod

2149 3717 2249 3766 aut
2286 3729 2490 3783 aquam
2512 3713 2822 3784 perforans,
2857 3719 2956 3768 aut
2998 3713 3188 3783 ignem
3210 3727 3606 3785 compungens,
3633 3714 3720 3762 aut

2149 3818 2283 3855 aera
2312 3803 2632 3856 vulnerans.
2664 3822 2692 3854 ι
2720 3804 2790 3856 Et
2819 3803 2990 3874 paulo
3026 3808 3155 3874 post
3187 3820 3199 3855 :
3229 3823 3256 3856 ι
3290 3803 3476 3856 Virtus
3496 3795 3718 3871 corporis

2149 3891 2270 3945 sine
2301 3909 2470 3946 sensu
2490 3909 2667 3962 paanaa
2704 3893 2812 3946 vim
2839 3909 3016 3964 paenae
3045 3892 3102 3946 in
3132 3909 3193 3946 se
3214 3891 3561 3948 desaevientis
3577 3903 3720 3943 exce-

2150 3981 2251 4052 pit.
2273 4001 2302 4034 ιο
2321 3981 2450 4034 Haec
2472 3982 2590 4035 sine
2603 3981 2920 4052 praejudicio
2947 3982 3195 4036 melioris
3211 3979 3582 4053 expositionis,
3607 3992 3720 4030 con-

2150 4086 2308 4135 sona,
2340 4076 2406 4123 ut
2425 4080 2708 4140 putamus,
2741 4072 2952 4126 sanctis
2999 4070 3264 4125 Patribus
3316 4067 3716 4140 astipulatione,

2151 4159 2230 4212 sic
2259 4166 2616 4230 exponuntur
2643 4177 2678 4213 a
2705 4160 2883 4214 nobis.
2911 4161 3184 4214 Dominus
3203 4161 3370 4215 Jesus
3401 4157 3643 4213 Christus
3669 4153 3715 4205 in

2151 4249 2348 4302 eadem
2389 4265 2626 4320 persona
2657 4265 2820 4303 verus
2858 4250 3025 4303 homo
3054 4255 3112 4302 et
3139 4266 3307 4304 verus
3339 4250 3505 4314 Deus,
3540 4259 3712 4300 secun-

2149 4337 2285 4391 dum
2305 4338 2714 4392 humanitatem
2735 4338 2960 4410 quidem
2979 4338 3228 4402 esurivit,
3249 4339 3445 4403 sitivit,
3479 4337 3720 4404 fatigatus

2085 4401 2133 4459 Π
2151 4432 2255 4488 est,
2289 4427 2440 4480 flevit
2465 4445 2477 4478 :
2508 4401 2996 4498 appropihquante
3034 4427 3174 4480 hora
3203 4401 3441 4492 mortis,
3459 4401 3648 4496 pavere
3673 4425 3722 4473 et

2145 4516 2353 4570 taedere
2385 4516 2552 4586 cmpit
2575 4534 2586 4569 :
2619 4515 2768 4570 unde
2796 4522 2852 4570 et
2880 4515 3060 4569 oravit
3078 4516 3274 4570 dicens
3298 4534 3310 4570 :
3338 4521 3526 4582 326
3547 4511 3716 4568 Pater.

2147 4608 2197 4659 .ςί
2223 4608 2350 4672 ﬁeri
2380 4611 2570 4674 potest.
2609 4610 2855 4658 transeat
2881 4622 2916 4658 a
2942 4622 3025 4658 mc
3046 4607 3197 4658 calix
3218 4609 3319 4659 iste
3344 4604 3556 4673 (Matth.
3580 4611 3719 4660 xxvi.

2149 4691 2256 4758 39;.
2290 4695 2490 4764 Plagas
2522 4695 2824 4764 virgarum,
2849 4695 3258 4764 vulnerumque
3279 4692 3644 4751 discissiones,
3668 4691 3724 4739 ut

2147 4784 2314 4837 homo
2345 4784 2548 4838 similis
2577 4783 2761 4849 nobis,
2784 4784 2976 4846 sensit,
3029 4790 3087 4838 et
3134 4783 3348 4844 doluit;
3402 4787 3722 4848 czeterasque

2146 4872 2407 4926 humanm
2432 4877 2646 4926 naturae
2667 4873 3026 4926 infirmitates
3061 4872 3404 4926 assumendo
3433 4869 3721 4928 hominem,

2144 4966 2347 5032 praeter
2367 4967 2677 5031 peccatum,
2700 4959 3357 5031 assumpsit.Secundum
3391 4957 3724 5013 divinitatem

2145 5067 2292 5114 vero,
2310 5067 2422 5122 qua
2445 5051 2599 5104 Patri
2621 5055 2678 5104 et
2689 5050 2923 5121 Spiritui
2943 5055 3136 5103 sancto
3166 5065 3268 5120 per
3292 5049 3484 5102 omnia
3511 5042 3726 5115 aequalis

2148 5147 2253 5206 est,
2272 5140 2412 5194 nihil
2445 5140 2647 5194 horum
2670 5140 2969 5194 sustinuit:
3001 5156 3126 5193 cum
3153 5139 3305 5209 apud
3331 5154 3527 5192 omnes
3548 5133 3726 5188 ﬁdeles

2146 5230 2264 5284 haec
2309 5246 2531 5301 semper
2558 5230 2631 5283 sit
2654 5229 2933 5300 fueritque
2955 5228 3251 5286 sententia.
3276 5235 3336 5282 et
3356 5244 3514 5282 sacra
3534 5223 3726 5296 pagina

2145 5319 2470 5390 hujusmodi
2495 5319 2848 5373 documentis
2878 5334 3019 5389 pene
3049 5317 3123 5371 sit
3151 5317 3362 5388 ubique
3403 5316 3644 5380 referta;
3675 5316 3727 5363 et

2145 5415 2337 5464 tamen
2375 5414 2604 5480 propter
2627 5407 2905 5462 unitatem
2932 5423 3204 5478 personae,
3252 5405 3312 5459 in
3347 5421 3518 5478 quam
3562 5401 3725 5457 conﬁ-

2147 5498 2404 5553 ciendam
2461 5498 2611 5552 Deus
2667 5502 2725 5552 et
2772 5497 2940 5551 homo
2989 5501 3393 5562 convenerant,
3422 5510 3567 5564 saepe
3612 5503 3726 5561 qua!

2147 5587 2390 5643 hominis
2426 5591 2576 5654 sunt,
2625 5590 2683 5642 et
2725 5584 2980 5660 quaedam
3019 5585 3190 5640 etiam
3245 5597 3373 5654 quae
3420 5583 3591 5638 solius
3632 5577 3726 5633 Dei
