3978 6174
276 199 375 256 515

1710 207 2103 264 EPISTOL/E.

3450 211 3558 270 546

275 331 420 394 sunt,
454 328 666 386 dicitur
711 329 917 388 habere
969 335 1158 401 homo,
1190 340 1255 392 ut
1282 335 1423 392 illud
1483 337 1734 407 Apostoli
1768 353 1782 391 :
1813 337 1945 396 StA
2033 336 2274 391 Causam
2293 334 2624 402 Godvini,et
2650 332 2883 404 Lifgina:
2903 333 3174 391 adultera
3207 353 3322 393 sua:
3345 337 3559 410 Optime

276 421 420 470 enim.
451 423 842 488 cognovissent.
873 439 1170 492 nunquam
1186 426 1489 478 Dominum
1501 427 1690 492 gloria»
1701 427 1876 478 cruci-

277 509 524 572 ﬁrissent
554 511 604 569 (Ι
630 510 749 564 Cor.
784 525 846 576 It,
877 510 951 576 8).
990 512 1114 566 Non
1145 512 1295 566 enim
1331 531 1543 575 revera,
1603 519 1875 584 quantum

277 595 337 648 ad
365 595 554 666 ipsum
577 606 814 670 spectat,
837 600 1110 656 Dominus
1131 602 1326 672 gloria:
1346 609 1432 657 est
1456 602 1773 668 crucifixus,
1805 601 1872 668 si,

278 692 508 757 propter
535 697 891 762 assumptum
953 693 1258 758 hominem,
1297 693 1445 762 quod
1497 693 1742 747 hominis
1771 693 1879 748 fuit

279 776 483 830 dicitur
502 780 807 850 pertulisse
837 781 1005 836 Deus.
1036 781 1110 837 Et
1135 781 1254 853 ipse
1282 783 1556 837 Dominus
1585 783 1645 837 in
1695 784 1878 837 Evan-

278 866 420 935 gelia
453 885 465 918 :
492 869 663 922 Nemo
692 871 934 924 ascendit
963 873 1022 924 in
1071 872 1284 936 ea'lum,
1314 873 1428 925 nisi
1453 874 1554 940 qui
1608 873 1879 925 descendit

280 958 336 1008 de
364 959 515 1022 calo,
550 959 725 1011 Filius
749 960 1010 1021 hominis,
1053 963 1154 1029 qui
1205 965 1280 1014 est
1327 963 1390 1014 in
1437 963 1562 1015 cazto
1613 963 1753 1029 (Luc.
1788 974 1876 1026 In,

287 1043 469 1113 13).Et
487 1063 686 1100 rursus
708 1047 764 1100 id
785 1047 932 1118 quod
955 1049 1054 1103 Dei
1088 1055 1229 1112 erat,
1262 1049 1478 1104 homini
1508 1054 1596 1104 est
1622 1050 1878 1120 assigna-

281 1141 437 1200 tum;
465 1151 652 1206 neque
681 1136 832 1190 enim
870 1137 1038 1192 homo
1088 1137 1148 1193 in
1196 1144 1349 1193 terra
1377 1139 1604 1210 degens,
1646 1139 1704 1194 in
1741 1139 1880 1192 caelo

282 1230 409 1278 tunc
438 1241 568 1278 esse
589 1231 849 1297 poterat;
894 1226 992 1281 sed
1035 1228 1164 1299 quia
1213 1228 1550 1298 Unigenitus
1579 1228 1764 1282 Patris
1798 1228 1881 1282 ita

281 1315 333 1368 in
361 1315 646 1368 mundum
676 1316 827 1370 venit
871 1321 935 1370 ut
962 1322 1150 1371 tamen
1191 1332 1225 1371 a
1278 1324 1513 1388 paterno
1565 1318 1692 1372 sinu
1731 1333 1879 1372 nun-

280 1418 447 1474 quam
497 1403 831 1469 discederet,
881 1405 1029 1476 quod
1081 1406 1233 1461 solus
1271 1405 1581 1460 divinitatis
1609 1412 1750 1472 erat,
1797 1406 1884 1460 lo-

280 1509 455 1564 quens
484 1493 544 1546 in
578 1498 753 1559 terra,
778 1501 1066 1566 assumpto
1105 1494 1319 1550 homini
1348 1501 1576 1568 propter
1607 1496 1883 1550 unitatem

279 1598 534 1654 personae
565 1583 864 1638 tribuebat.

347 1672 468 1726 Hoc
498 1672 802 1727 locutionis
833 1673 996 1727 modo
1015 1673 1276 1743 superius
1294 1671 1504 1730 dictum
1521 1679 1607 1729 est
1621 1675 1754 1744 quia
1780 1674 1886 1727 ho—
1904 1691 1949 1750 Β

283 1760 413 1813 mini
434 1767 730 1833 assumpto
759 1778 794 1814 a
814 1761 952 1817 Filio
981 1762 1082 1817 Dei
1107 1762 1250 1818 ictus
1278 1768 1335 1818 et
1356 1763 1590 1818 vulnera
1608 1763 1882 1834 impetum

282 1849 560 1919 passionis
602 1851 894 1917 inferrent,
951 1868 1064 1906 non
1109 1857 1298 1907 tamen
1326 1853 1576 1907 dolorem
1608 1851 1884 1923 passionis

283 1939 568 1992 aﬂ'errent.
590 1939 662 1993 Et
681 1940 785 1994 hoc
813 1941 1117 2012 suppositis
1145 1941 1608 1996 similitudinibus
1637 1941 1884 1995 declara-

283 2032 388 2090 tur,
419 2034 489 2081 ut
509 2027 561 2082 si
585 2029 760 2083 telum
783 2047 986 2101 aquam
1037 2032 1304 2103 perforet.
1345 2037 1404 2085 et
1431 2036 1632 2085 caetera
1655 2046 1778 2100 quae
1807 2047 1892 2085 se-

287 2123 558 2187 quuntur,
588 2135 653 2172 ac
678 2119 726 2172 si
747 2120 958 2174 diceret
983 2139 994 2174 :
1029 2121 1208 2175 Homo
1233 2126 1558 2191 assumptus
1617 2119 1887 2191 impetum

289 2207 568 2276 passionis
588 2213 646 2261 et
674 2208 782 2262 vim
805 2209 1012 2263 doloris
1031 2211 1228 2276 sensit,
1266 2211 1416 2264 Deus
1448 2227 1742 2264 assumens
1776 2225 1890 2264 non

287 2297 495 2350 sensit:
533 2301 592 2350 ct
614 2297 718 2352 hoc
743 2299 911 2367 paulo
937 2304 1064 2369 post
1090 2299 1339 2354 declarat
1358 2300 1549 2354 dicens
1582 2317 1594 2352 :
1634 2319 1655 2351 ι
1697 2299 1890 2353 Virtus

287 2386 603 2457 corporis,»
639 2387 695 2440 id
715 2392 820 2451 est,
853 2387 1114 2443 divinitas
1142 2406 1434 2444 assumens
1473 2389 1655 2460 ipsum
1687 2405 1890 2459 corpus

291 2494 310 2523 ι
343 2475 470 2529 sine
490 2492 661 2529 sensu
688 2493 882 2546 poenae,
923 2495 948 2525 ι
983 2484 1258 2548 quantum
1293 2479 1362 2532 ad
1410 2479 1590 2550 ipsam
1620 2477 1886 2550 pertinet,

291 2583 311 2612 ι
347 2564 460 2618 vim
491 2581 670 2636 pcenze
693 2567 750 2619 in
779 2584 860 2628 se,
894 2589 919 2616 υ
946 2567 1001 2621 id
1024 2573 1128 2629 est,
1153 2569 1208 2622 in
1238 2585 1405 2623 carne
1430 2575 1720 2638 assumpta
1746 2588 1766 2616 ι
1789 2566 1890 2620 de-

286 2653 573 2708 szevientis
598 2656 834 2726 excepit.
872 2677 893 2708 ι
917 2657 1076 2720 Quod
1103 2657 1149 2710 si
1203 2657 1377 2712 virtus
1407 2657 1676 2728 corporis,
1711 2655 1892 2725 magis

287 2745 461 2798 robur
489 2745 670 2816 ipsius
700 2747 970 2817 corporis,
1004 2747 1108 2801 hoc
1136 2746 1196 2800 in
1233 2747 1352 2801 loco
1390 2746 1755 2817 intelligenda
1785 2750 1888 2810 est,

289 2833 488 2887 eadem
520 2834 802 2888 sententia
831 2835 888 2888 in
917 2835 1134 2889 caeteris
1174 2841 1382 2901 manet,
1416 2840 1482 2888 ut
1518 2835 1594 2889 sit
1643 2851 1842 2889 sensus
1876 2851 1888 2886 :

292 2945 313 2975 ε
340 2924 542 2978 Virtus
574 2923 821 2996 corporis
849 2925 970 2979 sine
1000 2942 1168 2980 sensu
1197 2941 1373 2996 pinna:
1403 2925 1460 2979 in
1473 2942 1531 2978 se
1547 2923 1898 2978 desaevientis

290 3011 549 3082 excepit;
590 3031 612 3063 ι
648 3018 921 3084 quantum
954 3012 1024 3065 ad
1075 3017 1420 3082 assumptam
1462 3011 1893 3066 humanitatem.

294 3101 356 3154 Et
377 3101 492 3155 hoc
509 3101 808 3156 locutionis
829 3117 1036 3172 genere
1054 3118 1251 3156 revera
1270 3108 1327 3156 et
1366 3102 1520 3156 salva
1565 3101 1899 3156 Christianae

293 3191 588 3260 religionis
618 3191 726 3244 fide
755 3191 864 3244 dici
897 3197 1082 3262 potest
1114 3191 1242 3261 quia
1263 3191 1540 3256 Christus,
1559 3191 1672 3246 sive
1696 3205 1899 3263 corpus

290 3281 525 3345 Christi,
549 3282 665 3334 sive
678 3297 806 3334 raro
837 3280 1049 3335 Christi
1070 3280 1128 3334 in
1162 3297 1325 3335 cruce
1356 3281 1677 3351 patiebatur
1703 3286 1761 3334 et
1786 3295 1900 3334 non

288 3370 634 3441 patiebatur,
686 3370 912 3424 dolebat
940 3376 996 3424 et
1042 3386 1156 3424 non
1185 3369 1430 3437 dolebat,
1464 3369 1808 3423 moriebatur
1844 3374 1902 3424 et

293 3476 403 3513 non
436 3457 807 3513 moriebatur.
839 3459 907 3513 Et
932 3459 991 3513 in
1021 3458 1171 3513 hunc
1202 3459 1429 3513 modum
1465 3459 1664 3523 multa,
1699 3473 1897 3512 nume-

293 3565 468 3618 roque
489 3548 765 3601 carentia.
802 3547 1073 3619 Alioquin
1104 3547 1150 3600 si
1194 3547 1462 3619 praefatus
1491 3547 1684 3602 doctor
1704 3553 1901 3601 contra

293 3637 726 3691 usitatissimam
773 3637 1027 3691 Ecclesia:
1056 3637 1246 3702 fidem,
1271 3643 1466 3690 contra
1521 3637 1900 3706 evangelicam

292 3729 713 3791 auctoritatem,
745 3732 942 3780 contra
985 3725 1236 3779 omnium
1278 3733 1601 3778 sanctorum
1667 3725 1897 3779 Patrum

292 3816 703 3881 deﬁnitionem,
728 3831 953 3870 carnem
971 3814 1180 3870 Christi
1208 3813 1591 3868 insensibilem
1618 3821 1675 3867 et
1691 3813 1899 3868 doloris

293 3912 585 3976 expertam
611 3904 850 3974 intelligi
873 3904 1158 3967 voluisset,
1191 3909 1540 3974 assumptam
1569 3919 1603 3957 a
1631 3903 1771 3957 Filio
1799 3903 1902 3958 Dei

295 3995 582 4049 hominem
616 3993 857 4047 similem
898 3995 1056 4048 nobis
1105 3993 1396 4048 hominem
1425 3992 1481 4046 in
1511 3991 1743 4062 praefata
1773 4008 1900 4045 sen-

294 4084 477 4136 tentia
508 4082 743 4136 minime
774 4083 1074 4136 retulisset.
1110 4082 1245 4146 Quae
1270 4081 1418 4135 enim
1450 4079 1758 4134 similitudo
1780 4096 1902 4134 sen-

296 4171 444 4225 sibili
477 4179 535 4226 et
564 4171 911 4225 insensibili?
940 4171 1152 4226 dolenti
1187 4176 1244 4225 et
1271 4170 1480 4225 doloris
1521 4168 1770 4241 experti?
1800 4169 1903 4223 Re-

297 4262 428 4315 tulit
457 4269 672 4326 autem,
697 4277 809 4316 non
832 4260 1006 4328 igitur
1031 4259 1271 4330 intelligi
1290 4258 1482 4314 voluit-

367 4350 637 4416 Obsecro,
671 4350 895 4420 vigilate
915 4349 1175 4404 omnibus
1199 4348 1396 4414 modis,
1430 4347 1558 4420 quia
1592 4347 1905 4402 schismati-

291 4441 341 4494 ci
371 4446 432 4494 et
472 4440 724 4494 fautores
749 4456 942 4493 eorum
966 4439 1116 4492 circa
1142 4454 1239 4491 vos
1263 4445 1319 4491 et
1337 4437 1485 4490 inter
1509 4453 1605 4490 vos
1625 4441 1778 4503 sunt;
1801 4453 1903 4507 op-

291 4530 492 4600 ponite
524 4529 606 4583 eis
629 4535 854 4583 scutum
873 4528 1094 4582 timoris
1110 4525 1696 4597 Domini,impetentes
1717 4541 1812 4577 eos
1821 4524 1904 4594 ja-

290 4619 441 4673 culis
471 4618 792 4672 divinorum
824 4615 1194 4687 eloquiorum;
1229 4612 1710 4668 adminiculamini
1742 4611 1902 4666 nobis

291 4726 582 4763 memores
610 4707 790 4763 nostri
819 4706 876 4761 in
907 4705 1257 4761 orationibus
1288 4704 1505 4760 vestris.
1533 4702 1903 4774 Omnipotens

291 4797 686 4853 Dominusdet
703 4795 859 4851 vobis
888 4795 1030 4850 bene
1059 4811 1249 4866 agere,
1286 4800 1344 4849 et
1369 4792 1608 4848 feliciter
1641 4807 1752 4862 quo
1782 4796 1903 4845 ten-

293 4890 436 4946 ditis
465 4888 779 4962 pervenire.
809 4888 1008 4942 Amen.

879 4974 1228 5032 EPISTOLA
1247 4973 1340 5030 LI.

789 5078 868 5123 AD
910 5077 1197 5121 ABBATEM
1239 5075 1300 5120 Τ.
1314 5105 1326 5120 .
1339 5101 1381 5120 ..
1395 5103 1408 5116 .

299 5165 364 5218 Ut
414 5163 955 5216 escommunicatam
982 5159 1300 5212 adulteram
1346 5156 1408 5207 de
1455 5155 1756 5207 cwmeterio
1783 5155 1912 5222 ejici

516 5234 821 5302 pracipiat,
857 5245 1135 5298 quousque
1163 5231 1400 5296 episcopo
1423 5227 1701 5293 satisﬁat.‘

371 5324 743 5378 LANFRANCUS
790 5317 1268 5388 archiepiscopus,
1323 5312 1683 5368 dilectissimo
1729 5311 1909 5366 amico

298 5429 410 5466 suo
432 5410 792 5465 abbati
809 5453 822 5466 .
854 5405 1037 5480 [Forte
1055 5405 1323 5460 Turstino
1344 5403 1418 5456 ad
1446 5419 1605 5472 quem
1635 5403 1787 5469 epist.
1818 5400 1910 5472 53]

299 5501 572 5556 salutem.
834 5501 838 5504 ’

1958 425 2086 478 novi
2111 443 2123 491 ;
2157 430 2214 479 et
2240 440 2435 478 revera
2457 422 2756 478 Londonize
2781 438 2970 476 coram
3016 439 3107 477 me
3146 441 3269 479 eam
3291 424 3559 496 vestigari

1957 513 2213 584 przecipi;
2245 513 2550 583 auditaque
2579 512 2874 582 utriusque
2934 513 3112 583 partis
3142 515 3471 579 assertione,
3502 515 3562 571 in
3662 501 3679 520 ’

1958 601 2243 655 adulteros
2263 600 2601 654 sententiam
2632 599 2894 665 diximus,
2928 605 2982 653 et
3025 601 3177 669 juste
3206 618 3301 656 eos
3323 618 3444 655 esse
3473 619 3564 656 ex-

1959 689 2398 744 communicatos
2429 688 2713 742 communi
2735 705 3010 742 consensu
3038 689 3564 746 decrevimus.Pro-

1959 784 2154 850 pterea
2183 779 2320 832 nihil
2346 779 2499 832 aliud
2537 783 2733 840 restat,
2780 777 2889 830 nisi
2932 778 3080 847 quod
3112 779 3436 834 fraternitas
3464 786 3565 834 tua

1961 867 2274 921 adulteram
2299 867 2368 920 de
2398 866 2718 921 coemeterio
2746 865 2872 936 ejici
2926 865 3238 938 prmeipiat;
3272 884 3565 940 quousque

1960 957 2047 1010 vel
2073 961 2372 1027 corruptor
2394 957 2534 1026 ejus,
2570 956 2654 1008 vel
2690 953 2894 1025 aliquis
2923 970 3026 1024 pro
3055 971 3141 1023 ea,
3173 956 3319 1026 quod
3345 958 3566 1027 justum

1961 1051 2066 1111 est,
2087 1045 2346 1117 episcopo
2377 1045 2563 1099 faciat.
2597 1043 2864 1099 Libenter
2879 1043 3118 1098 facerem
3135 1045 3283 1114 quod
3309 1045 3412 1100 tibi
3441 1047 3565 1117 pla-

1963 1151 2090 1188 cere
2123 1152 2286 1206 posse
2317 1134 2712 1204 intelligerem.
2747 1138 2804 1186 et
2853 1132 3095 1186 multum
3127 1133 3287 1188 doleo
3317 1135 3465 1205 quod
3494 1135 3565 1190 de

1964 1224 2225 1292 praesenti
2254 1221 2477 1293 negotio
2507 1222 2853 1276 voluntatem
2880 1226 3035 1276 tuam
3072 1222 3305 1294 implere
3332 1240 3443 1279 non
3464 1241 3562 1278 va.

1963 1310 2068 1365 leo.

2513 1397 2865 1454 EPISTOLA
2893 1397 3018 1456 LII.

2445 1505 2525 1549 AD
2567 1503 2852 1550 ABBATEX
2895 1504 2952 1550 G.
2964 1531 3062 1551 ...ο

1967 1609 2153 1672 320'
2187 1605 2470 1659 Orricium
2499 1605 2857 1662 commendat,
2879 1605 2996 1671 'qui
3048 1605 3198 1672 apud
3229 1605 3395 1659 illum
3420 1609 3561 1674 regis

2428 1677 2692 1729 mandato
2714 1675 3082 1729 detinebatur.

2039 1783 2404 1836 Lssrnmcus
2449 1780 2714 1852 indignus
2761 1781 3014 1848 antistes,
3047 1782 3350 1839 venerabili
3375 1783 3564 1841 abbati

1965 1873 2033 1926 G.
2046 1915 2056 1925 .
2069 1917 2078 1927 .
2091 1911 2125 1924 ..
2169 1871 2406 1925 salutem
2428 1877 2485 1924 et
2495 1869 2974 1925 benedictionem.

2047 1960 2274 2015 Gratias
2305 1967 2546 2031 quantas
2591 1976 2815 2030 possum
2851 1961 3176 2032 paternitati
3200 1967 3398 2018 vestrae
3435 1981 3562 2036 ago,

1974 2049 2121 2120 quod
2149 2055 2453 2120 prmsentes
2483 2056 2540 2103 et
2565 2049 2825 2103 absentes
2853 2047 3014 2102 nobis
3050 2055 3108 2102 et
3133 2049 3202 2104 de
3232 2051 3394 2106 nobis
3421 2051 3570 2106 bona

1971 2140 2178 2204 dicitis,
2211 2141 2448 2194 meliora
2473 2139 2698 2211 optatis,
2721 2146 3024 2210 utrumque
3052 2139 3235 2194 verbis
3268 2146 3324 2195 et
3369 2143 3572 2200 litteris

1973 2228 2339 2282 confirmatis.
2376 2229 2446 2282 Et
2477 2244 2668 2282 revera
2699 2226 2890 2281 sciatis
2917 2244 3006 2282 me
3033 2229 3285 2283 eamdem
3299 2230 3446 2286 circa
3472 2249 3570 2288 vos

1973 2319 2316 2372 voluntatem
2349 2317 2576 2382 habere,
2607 2323 2664 2372 et
2693 2315 2849 2371 vobis
2875 2323 2928 2371 et
2958 2318 3158 2372 vestris
3187 2319 3462 2375 sinceram
3483 2320 3573 2376 di-

1972 2409 2266 2463 lectionem
2287 2407 2345 2460 in
2373 2406 2631 2460 omnibus
2656 2411 2714 2460 et
2740 2422 2842 2478 per
2867 2406 3059 2460 omnia
3095 2408 3377 2466 exhibere.

2044 2497 2204 2561 Quod
2243 2497 2312 2550 de
2369 2496 2596 2550 domino
2648 2495 2865 2550 Orricio
2910 2496 3202 2569 [Orricius]
3237 2498 3569 2564 mandastis,

1971 2591 2266 2655 gratanter
2286 2583 2514 2655 accipio,
2547 2584 2645 2638 sed
2676 2590 2871 2637 contra
2891 2593 3227 2657 praceptum
3259 2589 3407 2658 regis
3435 2589 3574 2644 nihil

1976 2691 2174 2744 rogare
2205 2679 2262 2727 et
2289 2673 2368 2726 nil
2385 2673 2585 2743 jubere
2609 2689 2909 2743 przesumo;
2931 2673 3027 2727 sed
3057 2692 3192 2744 rcgo
3221 2677 3576 2749 multumque

1977 2779 2112 2833 rogo
2137 2769 2415 2834 quatenus
2462 2767 2693 2832 propter
2729 2762 2908 2816 Deum
2963 2768 3019 2816 et
3063 2771 3292 2835 propter
3324 2782 3574 2820 amorem

1977 2868 2186 2917 meum,
2216 2858 2278 2905 et
2319 2851 2455 2922 quia
2479 2850 2599 2922 ipse
2649 2850 2852 2920 dignus
2883 2855 2987 2914 est,
3019 2867 3144 2905 eum
3171 2852 3439 2924 diligatis,
3472 2854 3578 2909 ho-

1913 2945 2138 3026 Cneste
2168 2939 2438 3004 tractetis,
2490 2943 2788 3009 paternum
2829 2937 2880 2991 ei
2926 2939 3209 3006 affectum,
3268 2941 3414 2996 sicut
3439 2958 3579 3013 pru-

1980 3028 2174 3082 dentia
2207 3034 2384 3081 vestra
2423 3025 2779 3096 judicaverit,
2811 3025 3184 3097 impendatis;
3225 3045 3326 3100 pro
3355 3029 3581 3099 justitia

1980 3133 2222 3186 namque
2244 3114 2685 3186 persecutionem
2709 3113 2942 3184 patitur,
2971 3119 3046 3176 et,
3073 3132 3199 3170 cum
3228 3133 3472 3187 superna
3491 3134 3582 3173 vo-

1981 3207 2172 3261 luntas
2199 3206 2385 3270 fuerit,
2419 3204 2474 3258 in
2494 3203 2765 3274 gaudium
2800 3203 2907 3257 sibi
2937 3210 2994 3258 et
3012 3205 3267 3259 laetitiam
3297 3213 3582 3263 converte-

1983 3301 2078 3350 tur
2107 3311 2118 3345 :
2151 3295 2416 3348 misertus
2445 3299 2532 3347 est
2571 3297 2764 3346 tamen
2828 3292 2879 3346 ei
2928 3293 3218 3360 Dominus,
3253 3295 3402 3366 quod
3431 3295 3582 3352 inter

1981 3402 2078 3440 vos
2103 3401 2231 3438 eum
2260 3382 2435 3436 voluit
2455 3398 2611 3448 esse;
2645 3385 2701 3435 et
2732 3386 2994 3453 putantes
3043 3399 3264 3450 nocere,
3293 3384 3439 3440 sicut
3465 3386 3582 3442 Do-

1982 3473 2134 3528 mino
2160 3472 2387 3544 placuit,
2418 3471 2724 3542 plurimum
2753 3470 3043 3542 profuere.

2514 3577 2868 3633 EPISTOLA
2885 3579 3034 3635 LIII.

2380 3694 2458 3738 AD
2502 3693 2849 3738 TURSTINUM
2891 3694 3198 3740 ABBATEM.

2015 3774 2244 3850 Solatur
2271 3776 2537 3850 amicum,
2562 3776 2857 3850 suadetque
2887 3780 2955 3850 ut
2984 3791 3161 3843 regem
3188 3793 3287 3846 per
3304 3794 3356 3832 se
3375 3784 3423 3834 et
3448 3796 3548 3850 per

2054 3849 2259 3899 amicos
2277 3849 2484 3915 ﬂectere
2504 3847 2736 3908 studeat,
2763 3862 2858 3899 nec
2880 3849 3134 3901 tristetur
3150 3867 3198 3902 ,ςι
3226 3847 3507 3917 spreverit.

2054 3954 2413 4008 Lmrasxcus
2462 3949 2726 4022 indignus
2774 3951 3028 4019 antistes,
3071 3953 3260 4008 abbati
3287 3956 3580 4026 Tuns'rmo,

1984 4043 2244 4096 salutem.

2055 4129 2362 4185 Consilium
2393 4145 2580 4182 meum
2640 4128 2743 4182 tibi
2795 4129 3041 4185 breviter
3093 4132 3471 4188 intimandum
3496 4151 3585 4189 ro-

1981 4219 2147 4291 gasti,
2169 4225 2228 4273 et
2255 4217 2514 4288 egoillud
2544 4216 2646 4271 tibi
2682 4218 2875 4288 paucis
2903 4219 3168 4275 intimare
3195 4223 3401 4278 curavi.
3429 4223 3587 4295 Roga

1917 4325 1966 4384 ι)
1989 4309 2166 4364 Deum
2199 4314 2263 4361 ut
2289 4305 2613 4360 meminerit
2639 4307 2724 4360 tui
2752 4312 2808 4361 et
2847 4308 3182 4364 misereatur
3223 4309 3357 4379 tibi;
3397 4317 3455 4366 et
3483 4313 3587 4368 hoc

1986 4397 2281 4461 instanter,
2298 4401 2416 4457 tam
2436 4413 2536 4467 per
2555 4401 2610 4450 te
2632 4412 2798 4466 quam
2822 4414 2922 4468 per
2936 4399 3145 4454 amicos
3158 4406 3303 4468 tuos;
3327 4418 3427 4456 nos
3457 4418 3586 4457 vero

1984 4486 2090 4540 hoc
2119 4485 2338 4556 agimus
2363 4484 2420 4538 in
2447 4491 2721 4555 quantum
2753 4503 3068 4558 possumus.
3122 4490 3361 4546 Domino
3395 4496 3589 4547 nostro

1986 4575 2105 4645 regi
2120 4575 2258 4629 offer
2279 4574 2672 4628 rectitudinem
2691 4591 2790 4646 per
2799 4577 3006 4631 amicos
3015 4583 3072 4632 et
3083 4578 3274 4633 fideles
3289 4579 3588 4636 internun-

1986 4663 2192 4719 tios.Si
2213 4663 2624 4734 spreverit,noli
2643 4664 3028 4719 multuminde
3045 4683 3166 4721 esse
3191 4667 3372 4723 tristis
3401 4685 3587 4742 neque

1991 4751 2280 4806 sollicitus.
2316 4750 2586 4804 Visitabit
2614 4751 2765 4806 enim
2816 4752 2964 4807 Deus
2995 4753 3213 4825 plebem
3249 4773 3430 4825 suam,
3459 4774 3590 4813 cum

1990 4839 2254 4912 expedire
2283 4838 2611 4895 decreverit.
2633 4839 3015 4896 Misericordia
3035 4849 3221 4900 tecum
3244 4845 3339 4901 sit.

2524 4945 2872 5002 EPISTULA
2899 4947 3051 5010 LIV.

2299 5061 2381 5105 AD
2411 5061 2711 5106 DlLECTUM
2743 5064 2816 5108 ET
2844 5065 3110 5114 FIDELEM
3151 5067 3292 5114 ϐο...

1993 5153 2062 5205 In
2092 5151 2440 5205 comitatibus
2474 5153 2580 5219 ipsi
2608 5156 2913 5209 commissis
2956 5160 3182 5211 nullum
3219 5160 3328 5210 sibi
3353 5174 3462 5211 esse
3491 5160 3587 5212 do-

2066 5225 2332 5288 minium,
2361 5223 2452 5275 sed
2478 5223 2551 5276 ad
2604 5225 2814 5278 victum
2861 5230 3260 5283 monachorum
3291 5233 3468 5284 terras
3497 5246 3588 5284 ec-

2066 5296 2236 5348 clesia
2262 5310 2372 5347 suae
2400 5310 2584 5347 omnes
2608 5298 2906 5362 pertinere.

2063 5400 2422 5455 LANFRANCUS
2467 5399 2731 5470 indignus
2777 5402 3030 5466 antistes,
3085 5403 3289 5457 dilecto
3337 5411 3394 5460 et
3436 5405 3587 5463 fideli

1995 5487 2174 5544 amico
2201 5505 2304 5543 suo
2335 5488 2470 5543 G....
2495 5489 2737 5544 salutem
2768 5495 2825 5546 et
2845 5489 3313 5549 benedictionem.
