3864 6176
444 270 550 371 sti

519 409 742 494 dratias
886 405 1141 504 benignae
1158 407 1520 486 Solliciitudini
1536 419 1669 498 tuae,
1711 433 1767 502 et
1787 415 2035 508 sollicitae

441 496 774 600 benignitati
797 513 923 586 tuae,
960 517 1080 594 quas
1111 513 1411 574 amicitiam
1445 537 1478 573 a
1503 511 1809 591 primordio
1831 509 2040 573 mutua:

438 605 777 691 pegnitionis
794 603 928 664 mihi
941 610 1266 682 promisisti;
1284 603 1482 679 reipSa,
1497 625 1622 661 cum
1652 608 2040 678 Opportunitas

445 721 504 757 se
530 703 781 772 ingessit,
813 717 1035 770 semper
1066 700 1452 751 demonstrare
1493 697 1779 761 studuisti,
1817 700 1872 749 et
1894 714 2041 750 nunc

439 772 640 866 precor
671 790 1022 858 multumque
1051 783 1265 858 precor,
1300 779 1551 857 quamvis
1607 786 1717 840 non
1749 791 2042 858 tantopere

437 867 699 964 precibus
749 878 1022 956 indigeas,
1083 869 1360 958 quatenus
1419 877 1485 929 de
1518 869 1774 948 praesenti
1814 871 2041 950 negotio

437 959 661 1036 tantum
685 968 850 1021 rebus
879 967 1076 1020 vestris
1105 967 1308 1033 valeas,
1341 959 1612 1036 quantum
1649 967 1831 1020 valere
1875 961 2044 1020 fuerit

437 1031 544 1130 tibi
574 1058 814 1128 desuper
843 1045 973 1108 data
1003 1054 1256 1109 facultas.

444 1215 462 1220 η
517 1143 670 1200 Scias
693 1135 883 1198 autem
907 1141 964 1196 in
1013 1143 1121 1196 illis
1152 1141 1527 1209 comitatibus,
1575 1161 1811 1214 quorum
1843 1145 2040 1216 exqui-

444 1230 751 1306 rendorum
784 1250 918 1287 cura
946 1229 1046 1286 tibi
1081 1225 1378 1285 commissa.
1409 1240 1510 1297 est,
1557 1251 1645 1285 me
1685 1233 1823 1287 nihil
1854 1233 1910 1287 in
1942 1235 2042 1287 do-

439 1302 601 1377 inino
631 1311 858 1389 habere,
882 1323 978 1374 sed
1005 1313 1198 1375 omnes
1223 1323 1280 1374 in
1312 1321 1417 1375 illis
1449 1315 1700 1392 partibus
1734 1313 1927 1377 vestrae
1955 1317 2046 1377 Ec?

446 1413 626 1466 clesiae
654 1419 835 1466 terras
864 1412 934 1464 ad
966 1412 1134 1464 vitam
1158 1413 1558 1466 monachorum
1591 1429 1690 1482 per
1718 1413 1905 1466 omnia
1928 1431 2048 1483 per-

443 1501 643 1553 tinere.
677 1501 874 1554 Frater
901 1488 1101 1564 ves'ter,
1137 1498 1231 1569 qui
1283 1493 1383 1553 has
1425 1489 1527 1551 tibi
1585 1501 1798 1553 litteras
1834 1508 2040 1571 portat,

444 1590 627 1642 multa
656 1585 1033 1643 laudandade
1067 1585 1121 1641 te
1151 1589 1284 1640 mihi
1316 1586 1525 1648 retulit.
1581 1607 1819 1658 quorum
1862 1591 2046 1660 plura-

442 1675 574 1731 litas
606 1681 663 1730 et
689 1678 1003 1748 epistolaris
1031 1675 1273 1731 brevitas
1305 1685 1369 1730 ea
1408 1695 1557 1732 nunc
1586 1679 1900 1732 enumerari
1933 1669 2043 1732 non

441 1766 596 1843 sinit.
627 1767 733 1820 Sed
765 1767 1118 1836 omnipotens
1149 1761 1297 1819 Deus
1326 1768 1485 1836 cujus
1543 1768 1872 1821 memoriam
1906 1763 2108 1848 nihilB

441 1854 805 1925 ’subterfugit,
841 1854 984 1908 Sicut
1021 1855 1193 1914 novit.
1220 1853 1605 1925 multipliciter
1618 1855 1720 1909 tibi
1752 1855 2040 1926 rependat,

446 1950 504 1997 et
531 1944 601 1996 ab
636 1944 790 1997 omni
819 1960 987 2013 opere
1025 1940 1174 1996 malo
1219 1943 1381 2014 prius
1419 1943 1512 2016 [f.,
1548 1944 1693 2015 pius]
1724 1946 2042 2010 auxiliator,

439 2035 502 2084 te
523 2029 872 2086 incesSanter
898 2027 1180 2085 defendat.

996 2119 1354 2175 EPISTULA
1387 2107 1503 2176 LV.

924 2206 1004 2269 AD
1048 2213 1359 2272 ABBATEM.
1394 2213 1562 2273 n.....

445 2311 520 2373 De
550 2309 814 2374 inonaeho
839 2320 941 2386 pro
973 2313 1077 2386 quo
1110 2319 1330 2385 rogarat
1363 2325 1424 2371 ut
1450 2323 1510 2373 in
1541 2321 1943 2374 iizc;)i.ast¢’7'2'znlt
1968 2313 2046 2376 re-

433 2401 450 2410 “
516 2392 808 2457 cfperetur,
843 2405 959 2441 rem
1015 2391 1292 2455 integram
1342 2407 1495 2444 nunc
1520 2393 1571 2444 ei
1595 2395 1889 2458 permittit,
1918 2397 2046 2462 pro".

517 2462 751 2514 baturus
778 2463 922 2528 quod
941 2463 1256 2516 decreverit.

515 2550 876 2613 LAurnANcus
916 2559 1386 2631 archiepiscopus,
1444 2561 1632 2616 abbati
1684 2563 1732 2617 R

440 2639 560 2701 tem
573 2687 585 2700 .

517 2737 678 2800 Quod
709 2738 939 2790 fratrem
966 2724 1034 2790 de
1058 2751 1166 2808 quo
1193 2737 1330 2790 mihi
1356 2738 1580 2808 scripsit
1597 2739 1918 2794 fraternitas
1951 2747 2048 2796 tua

441 2825 506 2878 in
533 2827 936 2880 monasterium
966 2827 1368 2896 recipiendum,
1388 2843 1512 2881 cum
1546 2829 1685 2882 meis
1711 2829 1912 2884 litteris
1944 2831 2046 2884 tibi

442 2913 642 2981 direxi,
677 2905 864 2980 3kg
895 2921 1037 2968 teste
1059 2916 1399 2970 conscientia
1443 2925 1589 2980 mea,
1632 2919 1818 2973 divino
1843 2919 1896 2973 id
1929 2921 2044 2975 Zelo

446 3008 504 3056 et
532 3013 724 3057 amore
767 3005 946 3058 nost‘ri
973 3005 1186 3057 ordinis
1215 3006 1339 3070 feci,
1364 3022 1544 3076 neque
1566 3009 1716 3060 enim
1746 3009 1931 3078 gratia
1960 3010 2042 3062 vi-

1891 2565 2043 2618 salu-

435 3093 598 3145 tandi
625 3093 872 3146 scandali
895 3094 1106 3163 aliquid
1143 3096 1263 3148 volo
1286 3096 1369 3148 vel
1396 3112 1595 3165 rogare
1649 3098 1730 3150 vel
1774 3100 2038 3168 przecipe-
2061 3101 2104 3162 C

420 3188 527 3248 "re,
562 3183 712 3251 quod
737 3183 923 3252 aliquo
946 3183 1111 3236 modo
1151 3183 1209 3236 in
1242 3184 1421 3254 majus
1477 3186 1559 3239 vel
1604 3187 1851 3240 deterius
1881 3205 2041 3240 scan-

444 3270 632 3324 ‘dalum
703 3272 887 3324 valeat
948 3271 1261 3341 pervenire.
1337 3272 1594 3344 Loquere
1660 3275 1835 3344 igitur
1913 3293 2038 3330 cum

439 3360 726 3430 episcopo,
761 3360 807 3414 si
861 3360 1002 3413 forte
1047 3362 1224 3425 adest,
1261 3367 1322 3414 'et
1351 3379 1476 3416 cum
1507 3364 1712 3417 domno
1741 3365 2041 3419 Godefrido

425 3448 630 3519 priore
667 3451 817 3519 ejus;
860 3454 917 3503 et
941 3450 1212 3520 quidquid
1268 3447 1435 3521 super
1486 3452 1590 3505 hoc
1635 3455 1859 3522 negotio
1897 3455 2046 3508 inter

443 3553 539 3590 vos
568 3538 980 3599 consulueritist
1020 3540 1080 3591 et
1100 3540 1414 3592 consultum
1452 3557 1619 3610 opere
1648 3543 2038 3613 complendum

443 3627 818 3688 decreveritis,
847 3626 902 3680 in
925 3627 1183 3681 omnibus
1215 3632 1272 3680 et
1299 3630 1400 3698 per
1425 3631 1614 3684 omnia
1652 3631 1790 3684 mihi
1821 3649 2042 3703 quoque

440 3715 663 3787 placere
696 3715 979 3768 noveritis.
1021 3717 1215 3785 Neque
1247 3718 1396 3770 enim
1461 3719 1779 3788 superbiam
1827 3722 2042 3775 nutrire

440 3805 586 3872 volo,
615 3823 784 3875 quam
813 3806 1007 3875 procul
1062 3804 1129 3858 ab
1191 3807 1345 3859 omni
1404 3825 1609 3876 genere
1665 3809 1956 3862 hominum
1987 3817 2042 3863 et

440 3894 720 3965 praecipue
783 3911 818 3947 a
871 3899 1065 3946 nostro
1132 3894 1327 3948 ordine
1379 3903 1654 3950 remotam
1715 3913 1837 3951 esse
1898 3898 2042 3952 desi-

440 3983 593 4037 dero.
974 4047 982 4052 _

973 4071 1086 4126 EPI
1094 4073 1321 4126 STOLA
1349 4072 1475 4127 LVI
1485 4114 1497 4126 .

817 4178 898 4221 AD
939 4179 1299 4222 WILLELIUM
1344 4181 1379 4222 Α
1389 4181 1632 4224 BBATEM
1643 4209 1657 4225 .

442 4273 504 4327 Ut
537 4271 808 4326 Rainaldo
832 4271 1100 4343 monacho
1137 4271 1494 4324 Gloceslrense
1514 4277 1916 4327 monasterium
1939 4291 2033 4343 pe-

511 4349 636 4413 tere,
662 4341 1077 4411 ibiqueSerlone
1102 4344 1290 4396 abbate
1310 4359 1411 4411 per
1429 4347 1574 4397 anni
1604 4347 1773 4398 unius
1787 4341 2034 4413 spat-ium

504 4416 820 4465 cwn‘ersari
846 4415 1021 4465 liceat.

508 4511 868 4564 LANFRANCUS
885 4511 1335 4582 archiepiscopus
1365 4507 1692 4568 charissimo
1721 4515 1899 4569 amico
1935 4533 2036 4570 suo

440 4587 630 4676 abbati
655 4587 980 4665 Wintamto,
1012 4602 1267 4654 salutem.

436 4760 438 4764 τ
511 4688 668 4757 Rogo
690 4695 761 4753 te,
789 4695 1061 4758 quantum
1087 4705 1285 4758 rogare
1318 4707 1543 4760 possum
1587 4699 1643 4746 et
1666 4693 1858 4759 debeo,
1903 4712 2038 4765 qua-

434 4784 603 4852 tenus
647 4776 776 4830 huic
805 4777 964 4830 fratri
996 4777 1265 4830 Rainaldo
1289 4781 1559 4833 concedas
1594 4782 1874 4837 licentiam
1906 4803 2034 4838 con-

437 4866 695 4919 versandi
720 4866 867 4936 apud
899 4857 1243 4920 Glocestram
1288 4884 1414 4920 cum
1444 4869 1644 4924 abbate
1673 4871 1903 4927 Serlone
1935 4892 2035 4945 per

437 4955 681 5025 spatium
712 4955 880 5008 unius
933 4955 1095 5022 anni;
1141 4957 1365 5026 expedit
1411 4959 1556 5011 enim
1597 4961 1796 5015 anima:
1827 4979 1940 5017 sua:
1970 4970 2034 5017 ut

437 5044 543 5098 hoc
573 5044 691 5098 ﬁat.
726 5045 910 5114 Hujus
942 5030 1184 5113 namquie
1213 5033 1481 5099 indicium
1529 5048 1656 5101 hinc
1688 5053 2029 5120 permaxime

436 5133 614 5205 capio,
645 5133 792 5203 quod
814 5122 1128 5202 regularem
1151 5120 1332 5188 locum
1364 5137 1524 5206 petit,
1553 5139 1804 5207 quamvis
1835 5146 1892 5193 et
1921 5158 2034 5195 mo-

435 5223 683 5277 nasterio
713 5213 831 5288 tuo,
865 5222 921 5274 in
947 5239 1056 5293 quo
1086 5224 1330 5278 nutritus
1354 5233 1458 5292 est,
1485 5226 1540 5280 in
1581 5227 1734 5282 nullo
1752 5227 2028 5284 detrahat.

436 5304 545 5366 Sed
575 5327 674 5365 cur
696 5311 801 5364 hoc
829 5306 1008 5364 facere
1036 5312 1185 5376 velit,
1223 5315 1608 5369 rationabilem
1639 5323 1864 5372 cauSam
1878 5337 2035 5373 enar-

433 5405 541 5454 rat.
577 5403 790 5480 Iterum
823 5418 957 5472 rogo
986 5418 1055 5454 ne
1087 5402 1320 5456 moleste
1365 5404 1510 5458 feras
1556 5408 1704 5475 quod
1739 5409 1810 5460 ad
1836 5426 1926 5463 me
1948 5427 2035 5463 ve-

431 5482 538 5556 hit,
569 5478 718 5562 quod
745 5479 833 5544 me
859 5478 1103 5546 amicum
1126 5479 1295 5546 tuum
1323 5479 1427 5564 pro
1445 5481 1780 5552 necessitate
1801 5496 1902 5552 Sua
1921 5485 2032 5553 lex-

429 5578 612 5648 petiit.

1424 307 1487 360 B.
1529 273 1948 360 LANFRANCi
1990 261 2354 357 marum.
2397 299 2739 355 ARCHIEP.

2053 4419 2102 4480 D

3561 287 3589 361 ἐς

3597 289 3647 365 is

2645 422 2997 478 EPISTULA
3018 419 3187 476 LVII.

2602 521 2678 573 AD
2709 529 2902 574 0......
2930 520 3236 574 ABBATEM.

2123 624 2323 689 Arquit
2355 623 2496 690 quod
2527 621 2786 673 monacho
2803 639 2900 672 suo
2928 622 3170 686 vagandi
3200 623 3458 675 licentiam
3485 641 3657 679 conres-

2195 695 2345 751 serit,
2376 696 2599 760 rell/rea
2618 709 2668 742 se
2690 695 3032 758 cmnpulsum
3054 708 3174 743 cum
3196 692 3382 744 [umore
3404 699 3455 744 ut
3469 699 3656 763 recipiat

2195 769 2396 828 monet,
2433 768 2594 830 atque
2618 764 2724 822 illi,
2759 767 3025 828 tanquam
3055 764 3190 828 filio,
3209 765 3480 828 paternam
3510 767 3660 820 chari-

2197 839 2361 887 talem
2396 836 2692 902 impendat.

2197 933 2556 985 LANI-‘RANCUS
2607 928 3057 1000 archiepisc0pus
3316 929 3503 997 abbati,
3540 923 3663 987 salu-

2123 1027 2180 1076 t‘e
2187 1038 2237 1074 m
2248 1065 2258 1076 .

2194 1110 2448 1162 Fratrem
2506 1102 2839 1176 Gregorium
2891 1108 3228 1160 monachum
3258 1101 3406 1161 tuum
3435 1109 3668 1162 volentem

2126 1213 2289 1251 mare.
2334 1197 2575 1250 transire
2626 1194 3050 1266 prohibuimus;
3103 1202 3160 1249 et
3205 1196 3272 1248 ad
3320 1199 3670 1250 monasterium

2126 1283 2289 1340 sauni
2338 1287 2522 1339 redire
2570 1285 2941 1356 praecipimus,
2985 1291 3042 1338 et
3070 1285 3429 1355 praecipiendo
3449 1287 3673 1356 compuli-

2129 1393 2271 1430 mus.
2309 1377 2391 1429 Tu
2426 1391 2536 1428 non
2559 1374 2699 1427 bene
2728 1372 2910 1442 egisti,
2963 1374 3110 1443 quod
3142 1373 3246 1443 ipsi
3289 1375 3512 1442 vagandi
3550 1382 3674 1426 extra

2123 1465 2369 1535 patriam
2402 1463 2692 1516 licentiam
2730 1462 3140 1516 concessisti.1n
3166 1464 3268 1515 hoc
3282 1462 3411 1515 satis
3434 1463 3676 1515 evidenter

2127 1549 2361 1623 apparet
2391 1553 2571 1623 qualis
2596 1557 2790 1622 pastor
2835 1552 3058 1610 existas,
3113 1557 3169 1603 et
3213 1568 3324 1621 qua
3351 1550 3678 1604 sollicitudine

2125 1641 2442 1711 gubernare
2463 1641 2793 1695 commissas
2829 1640 2928 1693 tibi
2956 1640 3174 1694 animas
3199 1641 3356 1696 scias.

2199 1729 2539 1783 Mandamus
2571 1729 2744 1798 igitur
2761 1727 2819 1782 et
2847 1729 3226 1798 praecipimus,
3258 1737 3314 1781 et
3355 1723 3680 1799 praecipiendo

2127 1835 2392 1888 rogamus
2421 1825 2697 1889 quatenus
2750 1833 2874 1871 cum
2932 1815 3144 1871 honore
3197 1834 3322 1871 eum
3368 1818 3600 1888 recipias,
3639 1825 3681 1868 et

2129 1903 2197 1962 de
2228 1916 2428 1962 caetero
2459 1908 2604 1961 sicut
2662 1907 2777 1960 filio
2829 1915 2923 1960 tuo
2955 1913 3249 1977 paternam
3298 1907 3346 1959 ei
3394 1907 3683 1959 charitatem

2129 1995 2438 2067 impendas.
2463 1995 2758 2050 Credimus
2789 1996 2938 2049 enim
2980 2012 3083 2066 per
3130 1995 3554 2049 misericOrdiam
3583 1994 3681 2055 Dei,

2128 2087 2176 2140 si
2197 2086 2470 2139 sollicitus
2493 2086 2576 2139 tui
2603 2085 2816 2140 ordinis
2846 2093 2967 2138 esse
2998 2084 3410 2154 volueris,qu‘od
3430 2083 3685 2137 consilium

2130 2186 2186 2228 et
2211 2175 2480 2228 auxilium
2537 2181 2654 2228 tam
2702 2174 2760 2226 in
2809 2173 2991 2227 causis
3041 2171 3429 2244 spiritualibus
3465 2186 3615 2242 quam
3642 2170 3687 2224 in

2129 2264 2491 2317 saecularibus
2553 2280 2655 2334 per
2701 2279 2829 2316 eum
2886 2263 3093 2315 habere
3148 2261 3374 2315 valebis.
3407 2259 3690 2315 Laetiﬁcavit

2127 2368 2217 2406 me
2249 2354 2508 2415 multum,
2532 2352 2682 2422 quod
2701 2353 2962 2405 timorem
2993 2351 3096 2405 Dei
3127 2353 3182 2404 te
3203 2351 3426 2417 habere,
3447 2357 3500 2403 et
3515 2350 3690 2402 bonum

2125 2444 2413 2497 hominem
2439 2459 2559 2496 esse
2585 2442 2889 2512 perhibuit,
2915 2442 3011 2495 sed
3033 2445 3227 2494 tamen
3251 2440 3351 2511 pro
3373 2439 3690 2510 simplicitate

2125 2538 2226 2586 tua.
2255 2531 2636 2602 negligentem
2667 2547 2787 2585 esse
2807 2531 2987 2584 nostri
3017 2531 3233 2584 ordinis
3262 2544 3467 2600 negare
3482 2543 3583 2582 non
3608 2542 3693 2597 po-

2127 2621 2252 2676 tuit.

2628 2708 2983 2764 EPISTOLA
3015 2709 3216 2765 LVIII.

2528 2813 2609 2858 AD
2639 2792 2942 2860 REMIGI'UM
2979 2798 3301 2861 macrum

2127 2907 2326 2959 Multos
2357 2908 2419 2958 de
2463 2908 2577 2974 ipso
2618 2903 2766 2973 apud
2815 2921 2995 2970 regem.
3027 2907 3171 2958 male
3204 2907 3374 2974 loqui,
3406 2903 3591 2972 quibus
3619 2917 3700 2953 rex

2198 2977 2359 3044 ﬁdem
2392 2994 2504 3029 non.
2533 2977 2808 3030 adhibeat.
2841 2977 3111 3043 Erperlire
3156 2981 3220 3029 ut
3249 2978 3326 3029 ad
3353 2993 3404 3029 se
3442 2977 3628 3036 veniat,
3650 2978 3697 3023 ut

2197 3066 2264 3101 ea:
2292 3052 2407 3116 ejus
2437 3065 2531 3101 ore
2555 3051 2724 3115 plura
2745 3049 2961 3099 audiat.

2196 3137 2556 3191 LANFRANCL‘S
2604 3136 2704 3190 Dei
2755 3136 2939 3206 gratia
2993 3137 3470 3208 archiepiscopus,
3525 3133 3701 3186 dilecto

2124 3225 2282 3278 fratri
2309 3231 2366 3278 et
2393 3225 2572 3278 amico
2606 3226 2866 3292 Remulo,
2899 3226 3157 3279 salutem.

2196 3314 2338 3368 Cum
2372 3313 2534 3366 multi
2564 3314 2633 3366 de
2656 3318 2709 3366 te
2740 3314 2914 3366 multa
2943 3331 3208 3384 perversa
3255 3315 3463 3377 dicant,
3508 3320 3558 3364 et
3594 3325 3704 3381 per-

2127 3404 2291 3473 pauci
2323 3404 2438 3456 sint
2469 3403 2564 3473 qui
2594 3403 2774 3456 verbis
2804 3405 3223 3458 detrahentium
3249 3403 3500 3474 ingenita
3527 3401 3703 3454 libera-

2127 3492 2284 3545 litate
2307 3493 2428 3562 [al.,
2455 3491 2736 3560 libertate]
2753 3492 3311 3546 contradicant.scias
3339 3499 3526 3546 tamen
3556 3486 3706 3543 domi-

2126 3598 2261 3634 num
2284 3585 2537 3635 nostrum
2561 3598 2749 3650 regem
2801 3582 3012 3634 nullius
3060 3582 3419 3636 detrahentis
3455 3586 3634 3634 contra
3660 3584 3704 3628 te

2124 3669 2291 3723 verba
2322 3670 2588 3739 recipere,
2614 3670 2711 3722 sed
2742 3669 2928 3739 potius
2957 3677 3150 3723 contra
3184 3688 3386 3724 omnes
3433 3667 3707 3723 maledicos

2123 3758 2298 3828 regali
2322 3764 2378 3811 te
2409 3758 2744 3811 auctoritate
2783 3758 3101 3812 defendere.
3131 3758 3338 3830 Itaque
3370 3758 3586 3829 expedit
3600 3754 3703 3818 tibi,

2123 3847 2171 3901 si
2197 3864 2368 3918 prope
2399 3865 2457 3900 es
2477 3852 2536 3900 et
2561 3847 2776 3900 licitum
2807 3847 2996 3913 habes,
3011 3855 3297 3918 quatenus
3317 3849 3385 3902 ad
3408 3864 3498 3901 me
3515 3844 3704 3905 venias,

2124 3943 2178 3990 et
2205 3953 2272 3989 ea
2299 3952 2420 4006 quae
2446 3953 2546 4006 pro
2567 3937 2654 3989 sui
2683 3936 3000 4006 prolixitate
3023 3936 3267 3992 breviter
3286 3937 3457 3991 scribi
3472 3951 3578 3989 non
3599 3949 3707 4003 pos-

2121 4032 2274 4089 sunt,
2302 4041 2398 4078 ore
2423 4025 2494 4078 ad
2525 4042 2585 4088 os
2607 4025 2822 4078 audias.

2547 4119 2741 4180 επεν
2769 4113 3122 4180 EPISTOLA
3144 4116 3296 4172 LIX.

2759 4221 2838 4263 AD
2866 4220 3090 4265 HUG....

2118 4311 2443 4376 Grego-rimn
2467 4311 2673 4377 papam
2719 4311 2786 4363 ab
2835 4328 2891 4363 eo
2920 4314 3256 4379 vituperari,
3293 4317 3344 4365 et
3404 4312 3708 4366 Clementem

2193 4383 2450 4434 laudibus
2480 4384 2665 4447 e/fcrri
2697 4397 2808 4434 non
2829 4385 3043 4449 probat.
3079 4384 3198 4435 Etsi
3251 4385 3583 4450 imperatori
3609 4394 3704 4432 crc-

2192 4454 2285 4505 dat
2315 4454 2452 4518 farti
2480 4457 2570 4504 sui
2599 4469 2789 4504 crzuxas
2822 4470 2930 4506 non
2957 4456 3210 4520 defuisse,
3255 4456 3538 4508 dissuadet
3574 4469 3632 4504 ne
3659 4453 3710 4503 in

2190 4525 2450 4589 Angliam
2482 4527 2664 4575 reiciat
2694 4526 2812 4576 sine
2846 4529 2987 4590 regis
3011 4528 3258 4577 licentia.

2190 4609 2567 4677 Lsurmxocs,
2605 4609 2854 4668 HUG.....
2891 4612 3071 4682 [/‘orle.
3100 4613 3381 4684 Hruoxx.]

2189 4699 2431 4752 Litteras
2458 4687 2604 4764 tuas,
2633 4717 2770 4771 quas
2805 4701 3068 4773 mihiper
3104 4704 3444 4771 portitorem
3479 4695 3711 4755 mearum

2119 4787 2339 4852 misisti,
2374 4789 2591 4859 suscepi
2623 4795 2678 4842 et
2693 4787 2828 4859 legi,
2863 4796 2918 4843 et
2949 4778 3365 4861 displicuerunt
3399 4791 3536 4845 mihi
3583 4805 3715 4860 (IlltC‘
3761 4795 3767 4800 ’

2117 4863 2245 4930 dam
2279 4895 2400 4948 quae
2456 4877 2516 4931 in
2569 4879 2649 4932 eis
2697 4877 2904 4934 inveni.
2938 4879 3066 4933 Non
3118 4879 3299 4950 probo
3333 4883 3486 4951 quod
3531 4895 3716 4951 papam

2116 4967 2451 5036 Gregorium
2515 4969 2817 5038 vituperas,
2883 4963 3031 5040 quod
3079 4969 3537 5024 Ilildebrandum
3600 4954 3718 5021 eum

2118 5073 2296 5116 vocas,
2327 5058 2476 5127 quod
2503 5059 2719 5127 legatos
2749 5060 2871 5128 ejus
2894 5058 3209 5128 spinosulos
3252 5061 3544 5126 nominas,
3585 5055 3720 5128 quod

2117 5147 2460 5199 Clementem
2491 5153 2576 5200 tot
2607 5153 2664 5200 et
2693 5147 2861 5200 tantis
2891 5147 3179 5218 praeconiis
3220 5155 3344 5200 tam
3379 5162 3615 5218 propere
3637 5145 3716 5213 [ᾖ.

2117 5234 2481 5308 praepostere]
2531 5238 2765 5292 exaltas.
2821 5237 3102 5308 Scriptum
3135 5244 3214 5290 est
3253 5237 3412 5290 enim
3471 5252 3582 5289 non
3611 5250 3722 5287 esse

2116 5325 2459 5378 laudandum
2483 5327 2536 5380 in
2567 5327 2680 5379 vita
2708 5344 2809 5380 sua
2854 5327 3136 5382 hominem
3160 5327 3362 5398 (Eccl-2'.
3390 5342 3467 5390 x1,
3491 5324 3596 5392 30),
3631 5338 3722 5375 nec

2117 5414 2525 5468 detrahendum
2582 5412 2836 5485 proximo
2897 5434 2994 5470 δυῖ
3052 5417 3190 5478 (Jac.
3245 5434 3320 5479 IV,
3383 5415 3492 5472 11).
3536 5413 3721 5468 Adhuc

2115 5501 2464 5573 incognitum
2493 5491 2579 5558 est
2607 5501 2853 5559 humano
2873 5495 3066 5575 generi
3093 5499 3293 5577 quales
3321 5499 3478 5558 nunc
3510 5499 3639 5568 sint,
3669 5501 3721 5553 et

2115 5593 2309 5662 quales
2333 5593 2510 5648 futuri
2536 5593 2654 5648 sint
2692 5594 2752 5648 in
2799 5601 3100 5666 conspectu
3159 5593 3287 5650 Dei.
3328 5591 3516 5650 Credo
3536 5579 3721 5646 tamen
