3978 6174
1703 258 2096 349 Eti’s'f‘oma.

3433 260 3554 337 εςεό

269 394 407 503 quod
426 400 736 500 imperator
755 406 874 480 sine
895 404 1102 496 magna
1124 423 1342 479 ratione
1362 406 1582 476 tantum
1606 408 1724 472 rem
1746 404 1859 471 rion
1882 386 1929 475 Α
1948 427 2301 468 recessurum
2322 411 2619 480 jurassem,
2658 389 2905 459 viderem
2934 408 3125 458 autem
3151 403 3302 474 quod
3325 401 3404 456 ibi
3428 401 3553 456 ani-

269 504 346 573 est
377 503 678 587 aggressus
704 508 946 586 patrare,
980 531 1082 568 nec
1127 513 1245 567 sine
1275 528 1480 581 magno
1510 500 1716 562 auxilio
1764 502 1867 561 Dei

268 612 478 662 tantam
508 605 693 677 potuit
721 604 1009 658 victoriam
1040 598 1453 656 consummare.
1594 669 1596 672 ν

330 697 458 749 Non
485 695 655 749 laudo
684 699 751 748 ut
775 694 833 746 in
879 688 1167 763 Anglican)
1210 688 1420 746 terram
1451 689 1660 753 venias,
1695 685 1801 741 nisi
1835 676 1867 737 εἰ

266 802 388 855 rege
412 783 725 854 Anglorum
774 782 1059 835 licentiam
1112 779 1369 834 veniendi
1418 779 1572 850 prius
1603 775 1862 845 accipias.

267 862 523 928 Nondum
551 873 700 926 enim
733 860 919 925 insula
948 877 1141 924 nostra
1171 868 1418 945 priorem
1451 856 1732 929 refutavit,
1766 880 1868 945 nec

270 968 451 1017 utrum
473 963 612 1036 huic
634 961 860 1015 obedire
889 960 1091 1014 debeat
1110 956 1447 1012 sententiam
1471 952 1863 1027 promulgavit.

268 1052 479 1106 Auditis
519 1052 785 1121 utrinque
815 1050 1014 1114 causis,
1045 1050 1094 1103 si
1122 1049 1203 1103 ita
1229 1047 1547 1117 contigerit,
1579 1044 1867 1116 perspica-

271 1142 378 1195 cius
409 1141 549 1212 quid
578 1140 702 1193 ﬁeri
731 1146 989 1210 oporteat
1018 1137 1313 1209 provideri,
1361 1134 1577 1189 valebit.

815 1227 1164 1283 EPISTOLA
1204 1227 1314 1281 LX.

637 1336 718 1378 AD
764 1333 1128 1379 RODULPUUM
1170 1332 1479 1376 ABBATEM.

270 1418 407 1470 Posse
444 1416 784 1469 monachum
816 1418 913 1484 qui
958 1418 1044 1477 in,
1066 1430 1178 1469 uno
1221 1412 1564 1484 monasterio
1588 1408 1866 1484 stabilita-

337 1492 433 1540 tem
462 1460 999 1555 promis-erthﬁsiis
1019 1472 1081 1540 de
1110 1480 1291 1538 causis
1315 1472 1376 1536 ili
1406 1468 1565 1536 aliud
1594 1460 1867 1557 trans-nli-

332 1574 514 1627 grare.

337 1646 714 1702 Lam-"amcos
743 1647 1062 1702 Cantuariae
1091 1643 1559 1714 archiepiscopus,
1594 1640 1866 1693 RODULFO

274 1734 449 1789 abbati
483 1736 754 1793 salutem.

338 1825 653 1879 Indicatum
683 1830 768 1880 est
798 1825 932 1879 mihi
965 1842 976 1879 :
1012 1824 1080 1878 de
1111 1828 1208 1877 tuo
1234 1819 1576 1876 monasterio
1604 1814 1926 1873 recedereB

278 1913 377 1981 vis;
407 1913 474 1968 de
509 1915 789 1985 promissa
824 1906 1130 1968 stabilitate
1155 1910 1425 1965 sollicitus
1446 1926 1524 1971 es,
1555 1908 1762 1960 timens
1798 1921 1869 1957 ne

278 2004 413 2057 unde
441 2005 625 2058 Deum
660 2006 879 2075 placare
905 2003 1094 2057 studes
1135 2004 1251 2073 [αἱΗ
1292 1998 1503 2067 debes],
1536 1997 1665 2050 inde
1694 1994 1869 2048 offen-

1951 496 2101 556 main
2133 498 2317 554 meam
2348 498 2563 551 salvare
2592 498 2704 549 non
2734 510 2977 565 possem,
3008 492 3245 558 exirem;
3292 502 3396 545 nec
3422 504 3553 561 per-

1946 589 2084 662 jurii
2133 589 2346 644 crimen
2396 588 2765 640 incurrerem.
2816 583 2925 646 Qui
2973 581 3121 635 enim
3165 580 3285 634 Deo
3326 583 3556 651 propter

1949 662 2130 736 Deum
2173 678 2457 747 alligatur.
2493 690 2605 728 non
2634 673 2867 726 solvitur
2913 671 2982 725 ab
3029 672 3171 741 ipso,
3204 669 3312 723 nisi
3360 673 3558 722 contra

1952 770 2135 840 ipsum
2167 768 2433 821 solvatur.
2456 765 2628 816 Porro
2651 762 2720 814 ab
2750 761 2871 830 ipso
2899 766 3095 813 contra
3120 759 3306 828 ipsum
3320 756 3555 810 mimine

1954 857 2212 920 solvitur,
2248 855 2344 926 qui
2377 855 2607 923 propter
2635 863 2883 902 amorem
2923 849 3062 917 ejus,
3102 854 3160 900 et
3190 848 3254 900 ut
3281 845 3387 899 sibi
3414 844 3556 898 bene

1955 944 2321 1016 complaceat,
2344 946 2378 996 ξι
2403 940 2533 994 ﬁliis
2558 938 2866 1001 discordiae,
2888 934 3185 1006 superbiae,
3208 934 3550 999 difﬁdentiae,

1951 1034 2009 1090 et
2066 1038 2129 1089 iit
2167 1033 2353 1104 aptius
2391 1033 2514 1095 [al.,
2561 1028 2833 1099 apertithJ
2881 1026 3061 1078 dicam
3109 1040 3143 1077 a
3175 1025 3306 1077 ﬁliis
3347 1022 3557 1085 diaboli

1951 1124 2161 1194 migrat
2178 1122 2248 1176 ad
2274 1121 2419 1175 ﬁlios
2442 1118 2614 1189 pacis,
2639 1114 2993 1175 humilitatis,
3020 1114 3160 1183 spei,
3181 1112 3293 1166 imo
3317 1113 3387 1165 ad
3410 1111 3555 1166 ﬁlios

1950 1213 2079 1269 Dei.
2100 1212 2207 1275 Qui
2239 1211 2387 1264 enim
2421 1209 2500 1261 sic
2528 1205 2751 1265 transit,
2780 1219 2967 1257 nonne
2996 1203 3160 1273 plane
3190 1202 3333 1270 fugit
3361 1218 3395 1254 a
3422 1200 3554 1254 sede

1953 1300 2163 1355 diaboli
2181 1300 2249 1352 ad
2272 1298 2463 1351 sedem
2481 1292 2626 1348 Dei?
2655 1292 2790 1356 Quis
2812 1290 2958 1344 enim
2977 1290 3192 1360 judicet
3210 1287 3369 1342 illum
3388 1291 3421 1341 a
3439 1284 3555 1341 Deo

1951 1388 2357 1451 damnandum,
2392 1384 2488 1454 qui
2519 1388 2583 1438 ut
2612 1382 2680 1435 ad
2720 1387 2955 1451 patrem,
2987 1386 3052 1432 ut
3080 1378 3152 1432 ad
3180 1377 3469 1431 dominum
3500 1380 3558 1429 et

1953 1454 2392 1547 amicum,
2414 1470 2484 1526 ad
2512 1461 2735 1547 ipsum?
2764 1462 3067 1547 Propterea
3097 1466 3193 1537 qui
3222 1466 3302 1519 sic
3329 1464 3553 1531 transit,

1945 1541 2063 1623 ιἧωῇ
2097 1552 2165 1619 ab
2213 1543 2461 1618 Ecclesia
2502 1540 2571 1613 ad
2619 1536 2922 1612 t'c'clé'siani
2965 1536 3207 1623 transit;
3257 1572 3370 1608 non
3401 1554 3553 1608 enim

1952 1658 2143 1731 plures
2167 1659 2301 1708 sunt
2323 1650 2599 1712 Ecclesiae,
2639 1647 2737 1701 sed
2762 1662 2875 1699 una
2899 1651 2985 1699 est
3009 1650 3125 1699 toto
3156 1644 3290 1698 orbe
3326 1643 3548 1710 diffusa,

1952 1755 2009 1802 et
2030 1767 2055 1801 α
2080 1746 2177 1800 uni
2202 1734 2315 1798 Deo
2337 1740 2544 1809 ubique
2565 1737 2821 1799 servitur,
2841 1742 2899 1789 et
2917 1736 3015 1789 uni
3037 1735 3177 1804 Regi
3200 1734 3496 1787 militatur.
3522 1751 3549 1786 ι

1953 1833 2244 1975 gostremo
2283 1831 2347 1884 B.
2382 1827 2717 1910 Benedictus
2747 1827 2974 1893 (chut.,
3006 1839 3126 1895 cap.
3159 1820 3269 1886 δι),
3302 1821 3404 1875 sub
3434 1838 3554 1874 me-

1996 1923 2156 1975 iumi.
2175 1921 2271 1975 aui
2296 1908 2658 1973 stabilithteni
2681 1910 2932 1975 praecipit
2951 1902 3198 1975 tiririare,
3214 1910 3553 1964 monachum

1996 1923 2156 1989 ium),
2175 1921 2271 1992 qui
2296 1906 2658 1973 stabilithteni
2681 1910 2932 1985 praecipit
2951 1902 3198 1976 tiririare,
3214 1910 3553 1964 monachum

1952 2012 2024 2067 ab
2053 2012 2162 2067 alio
2193 2006 2536 2067 monasterio
2571 2004 2638 2057 ad
2683 2002 2837 2056 aliud
2886 2000 3285 2053 monasterium
3324 1999 3553 2052 venien-

278 2092 383 2145 ἃδε·
422 2094 503 2147 De
548 2110 658 2164 (1υο
697 2094 973 2147 rationem
1002 2093 1173 2146 talem
1206 2089 1457 2153 OStendOa
1491 2092 1549 2140 et
1574 2086 1633 2139 in
1680 2090 1869 2137 05‘3"“
1953 2107 2066 2155 tem
2089 2099 2251 2170 jubet
2275 2095 2514 2166 suscipi;
2549 2099 2626 2163 et,
2648 2093 2697 2146 si
2724 2091 2883 2146 bona;
2913 2090 3038 2144 vitae
3066 2089 3254 2156 fuerit,
3285 2094 3351 2142 ut
3378 2086 3553 2142 stabi-

279 2181 445 2236 dendo
472 2183 758 2253 meipsum
801 2182 861 2236 in
905 2182 1221 2252 exemplum
1268 2179 1348 2233 sic
1376 2178 1465 2231 do.
1502 2175 1561 2230 Si
1591 2190 1693 2247 ego
1723 2173 1871 2227 Lan-
1956 2183 2174 2243 [uatem
2203 2188 2411 2250 ﬁrmet,
2442 2182 2668 2238 suaderi
2699 2181 2963 2253 (ibidem),

276 2270 487 2325 {rancus
518 2284 695 2326 manu
717 2271 946 2343 propria
972 2287 1064 2325 me
1094 2270 1164 2325 de
1189 2269 1380 2339 aliquo
1400 2262 1739 2320 monasterio
1762 2277 1875 2315 non

1358 2375 1511 2429 Finis
1550 2372 1911 2439 epistularum
1950 2369 2093 2422 beati
2129 2366 2458 2433 Lanfranci.

504 2529 820 2613 Epistolas
847 2539 1149 2611 sequentes
1180 2504 1368 2590 edidit
1400 2525 1453 2585 Ι)
1481 2523 1660 2586 J.-A.
1699 2472 1944 2593 GILLE—S:
1977 2516 2133 2601 Ορῤ.
2294 2494 2677 2607 Laio/iunci;
2708 2498 2902 2613 Oros.
2939 2494 3116 2613 BM,
3151 2512 3306 2613 toni.

798 2629 1147 2684 EPISTOLA
1191 2626 1332 2681 LXI.

432 2736 517 2778 AD
563 2735 983 2780 MARGARETAM
1028 2734 1301 2780 REGINAM
1348 2730 1687 2775 SCOTORUM.

333 2814 723 2880 Lmrnwcns,
753 2816 1021 2886 indignus
1063 2819 1267 2868 sanctae
1297 2808 1718 2869 Cantuariensis
1763 2808 1866 2862 Ec-

269 2903 439 2958 clesiae
466 2904 729 2971 antistes,
760 2905 1017 2974 gloriosis
1056 2905 1348 2957 Scotorum
1392 2900 1602 2970 reginae
1629 2899 1865 2954 MARGA-

271 3007 414 3046 nam
440 2993 689 3047 salutem
721 3001 780 3047 et
809 2993 1270 3047 benedictionem.

333 3082 619 3152 Explicare
661 3099 773 3136 non
798 3088 985 3153 potest
1016 3080 1330 3152 epistolaris
1377 3079 1620 3134 brevitas
1654 3082 1865 3148 quanta

266 3185 356 3222 cor
381 3188 572 3225 meum
618 3172 816 3225 laetitia
857 3171 1149 3243 perfodisti
1196 3169 1457 3241 perfectis
1507 3168 1714 3222 litteris
1758 3166 1938 3240 tuisc

271 3274 397 3328 quas
424 3261 586 3325 mihi,
620 3261 735 3315 Deo
771 3260 1030 3314 amabilis
1074 3261 1287 3329 regina,
1323 3258 1555 3313 misisti..
1580 3258 1625 3312 Ο
1657 3260 1870 3327 quanta

267 3347 611 3415 iucunditate
668 3348 839 3402 verba
894 3350 1199 3419 proﬂuunt,
1246 3362 1372 3418 quae
1424 3346 1610 3401 divino
1662 3344 1863 3416 spiritu

268 3435 529 3507 inspirata
562 3438 909 3509 procedunt!
957 3438 1135 3491 Credo
1163 3437 1314 3491 enim
1344 3453 1456 3491 non
1485 3452 1517 3489 a
1545 3443 1603 3489 te
1632 3435 1729 3489 sed
1762 3451 1863 3505 pro

269 3530 318 3577 te
343 3526 485 3580 dicta
533 3544 661 3581 esse
699 3544 823 3598 quae
867 3527 1185 3598 scripseras.
1220 3528 1432 3581 Revera
1458 3542 1558 3596 per
1594 3542 1655 3578 os
1698 3530 1860 3577 tuum

271 3612 471 3669 locutus
502 3623 592 3670 est
621 3616 735 3682 ille,
771 3616 866 3686 qui
894 3617 1184 3687 discipulis
1213 3616 1329 3670 suis
1355 3616 1437 3669 ait
1473 3633 1483 3667 :
1524 3635 1545 3665 ι
1591 3614 1801 3668 Discite
1829 3630 1864 3666 a

270 3717 348 3755 me
390 3703 484 3773 qui
542 3705 698 3759 mitis
747 3722 873 3759 sum
923 3713 980 3759 et
1030 3705 1261 3759 humilis
1312 3705 1497 3759 corde.
1547 3724 1569 3756 )
1622 3704 1702 3757 De
1757 3702 1863 3754 hac

269 3788 461 3845 Christi
525 3793 823 3864 disciplina
888 3799 1162 3865 processit
1223 3794 1391 3864 quod,
1449 3793 1625 3863 regali
1688 3792 1861 3861 stirpe

267 3881 565 3951 progenita,
617 3884 886 3953 regaliter
927 3884 1181 3949 educata,
1222 3883 1395 3937 nobili
1437 3883 1558 3952 regi
1599 3881 1864 3935 nobiliter

266 3971 533 4036 uentilata,
571 3988 663 4025 me
710 3972 995 4026 hominem
1026 3978 1375 4035 extraneum,
1405 3972 1594 4040 vilem,
1638 3969 1862 4040 ignobi-

264 4056 384 4126 lem,
426 4061 675 4130 peccatis
721 4062 1058 4127 involutum,
1100 4062 1159 4116 in
1204 4068 1423 4133 patrem
1466 4061 1646 4130 eligis,
1698 4066 1863 4129 teque

265 4147 393 4201 mihi
418 4150 476 4202 in
504 4150 680 4203 ﬁliam
701 4150 1073 4222 spiritualiter
1101 4151 1414 4205 habendam
1441 4149 1707 4221 precaris.
1735 4149 1855 4204 Non

269 4250 381 4288 sum
411 4238 559 4307 quod
581 4244 768 4308 putas,
808 4239 907 4293 sed
934 4239 1039 4293 sim
1083 4240 1214 4310 quia
1258 4245 1442 4310 putas.
1495 4239 1578 4292 Ne
1625 4238 1860 4308 decepta

267 4338 566 4393 remaneas,
598 4342 701 4380 ora
725 4344 827 4398 pro
865 4345 956 4382 me
999 4335 1062 4383 ut
1103 4329 1207 4382 sim
1247 4329 1452 4399 dignus
1500 4332 1660 4397 pater
1696 4343 1859 4381 orare

265 4410 429 4468 Deum
456 4424 515 4469 et
543 4417 802 4470 exaudiri
832 4434 930 4488 pro
960 4425 1036 4472 te.
1073 4418 1407 4473 Orationum
1452 4423 1512 4471 et
1536 4416 1860 4471 benefacto-

1952 2615 2112 2669 valde
2142 2614 2199 2668 in
2231 2602 2428 2667 ofﬁciis
2466 2612 2582 2666 suis
2619 2604 2922 2664 necessarii
2960 2606 3122 2662 erant
3162 2593 3409 2662 ecclesia}
3450 2591 3557 2661 ’no"

1952 2688 2102 2761 straz.
2135 2703 2262 2756 Fiat
2304 2710 2497 2757 tamen
2525 2694 2781 2754 voluntas
2809 2688 3013 2760 vestra,
3047 2694 3180 2769 quiia
3210 2696 3267 2749 in
3297 2686 3554 2750 omnibus

1953 2800 2007 2869 et
2040 2809 2140 2869 per
2179 2792 2370 2869 omnia
2399 2776 2783 2869 desideramus
2813 2782 3039 2841 obedire
3068 2783 3239 2838 vobis.
3283 2776 3553 2855 Omnipo-

1947 2888 2074 2958 tens
2118 2863 2270 2955 Deus
2315 2864 2769 2959 vos1benedicat,
2803 2868 2860 2929 et
2904 2862 2973 2928 ab
3005 2870 3261 2928 omnibus
3309 2873 3552 2944 peccatis

1950 2972 2258 3025 clementer
2293 2962 2564 3023 absolvat.

2673 3083 2838 3137 LXII.

2239 3220 2319 3282 in
2363 3202 2845 3280 saculouconos
2887 3214 3277 3278 successes.

2018 3357 2409 3419 LANFRANCUS,
2436 3353 2702 3422 indignus
2722 3351 2976 3416 antistes,
3006 3353 3214 3404 sancta:
3234 3338 3551 3420 Bajocensis

1946 3444 2215 3499 Ecclesiae
2247 3441 2655 3497 archidiaconis
2685 3441 2944 3494 salutem.

2018 3532 2294 3588 Indicavit
2324 3530 2463 3585 mihi
2493 3530 2698 3584 litteris
2729 3529 2847 3583 suis
2871 3525 3318 3583 Constantiensis
3344 3526 3557 3597 episco-

1946 3640 2050 3693 pus
2079 3621 2381 3692 quemdam
2416 3620 2810 3690 prcsbyterum
2852 3617 2996 3671 villa;
3024 3633 3160 3679 suae,
3199 3616 3255 3669 in
3287 3615 3554 3686 parochia

1943 3717 2129 3765 vestra
2194 3710 2341 3776 sitae,
2411 3708 2673 3762 manibus
2728 3707 2846 3761 suis
2901 3706 3099 3760 fecisse
3157 3704 3548 3770 homicidium,

1944 3817 2072 3854 cum
2129 3802 2327 3853 contra
2384 3798 2726 3851 moriturum
2773 3812 2833 3850 se
2885 3794 3196 3848 defenderit
3236 3798 3293 3847 et
3333 3799 3552 3865 patrem
3604 3840 3610 3848 .

1945 3904 2133 3944 suum.
2164 3888 2398 3941 Addidit
2427 3902 2649 3957 quoque
2678 3885 2976 3939 Consilium
3020 3900 3207 3937 meum
3252 3898 3423 3953 super
3448 3882 3553 3936 hac

1944 3995 2006 4032 re
2030 3994 2126 4031 vos
2154 3977 2295 4030 velle
2326 3974 2552 4041 habere,
2579 3975 2625 4029 si
2646 3975 2737 4031 .vel
2764 3990 3076 4043 nunquam,
3106 3972 3193 4025 vel
3222 3977 3350 4042 post
3366 3986 3555 4041 -quan-

1944 4074 2066 4122 tum
2109 4065 2382 4136 temporis
2419 4064 2651 4118 missam
2702 4062 2998 4139 homicidae
3036 4061 3202 4114 liceat
3244 4059 3548 4113 celebrare.

1946 4154 2287 4219 Periculose,
2320 4154 2527 4207 fratres
2555 4152 2687 4215 mei,
2733 4168 2765 4204 a
2810 4167 2900 4225 me
2941 4151 3011 4203 de
3039 4150 3144 4202 hac
3186 4164 3248 4201 re
3277 4146 3432 4201 vobis
3460 4163 3550 4201 re-

1942 4244 2251 4316 spondetur
2277 4262 2288 4296 :
2316 4259 2443 4296 cum
2465 4257 2597 4295 reus
2619 4240 2814 4310 reique
2837 4239 2955 4292 vita
2978 4254 3013 4290 a
3036 4253 3127 4291 me
3147 4226 3373 4307 penitus
3396 4236 3552 4306 igno-

1942 4339 2117 4387 retur.
2137 4332 2318 4396 Quam
2334 4330 2381 4384 si
2399 4336 2499 4384 aut
2519 4329 2747 4401 propria
2771 4326 3134 4399 experientia,
3150 4330 3255 4380 aut
3269 4323 3551 4378 veracium

1941 4421 2217 4476 relatione
2247 4419 2529 4490 cognitam
2559 4423 2831 4483 tenerem,
2866 4416 3051 4470 multo
3080 4415 3258 4470 tutius
3287 4406 3556 4468 fraterni-

261 4517 380 4555 mm
421 4504 495 4557 sit
545 4504 698 4558 inter
741 4522 844 4560 nos
899 4522 1196 4561 commune
1225 4506 1645 4561 commercium.
1678 4492 2049 4564 ParvaDtau
2077 4516 2274 4563 vestrae
2320 4488 2392 4562 de
2441 4512 2602 4561 tanta
2647 4522 2710 4560 re
2755 4505 3094 4576 respondere
3140 4488 3406 4557 valerem.
3438 4502 3550 4557 Vos

261 4590 476 4659 quidem
516 4593 727 4659 tribuo,
760 4594 857 4648 sed
902 4596 1081 4649 multo
1114 4596 1331 4665 majora
1361 4611 1451 4648 me
1498 4598 1855 4665 recepturum

261 4694 373 4735 esse
412 4682 654 4735 conﬁdo.
698 4683 910 4751 Dehinc
957 4684 1130 4754 igitur
1176 4685 1284 4738 sim
1315 4690 1475 4755 pater
1501 4689 1655 4749 tuus,
1699 4688 1756 4737 et
1791 4688 1856 4736 tu

261 4782 377 4821 mea
407 4771 520 4824 tilia
562 4777 703 4825 esto.
740 4773 900 4827 Mitto
926 4774 1172 4843 glorioso
1209 4774 1325 4826 viro
1350 4780 1450 4827 tuo
1481 4779 1540 4826 et
1587 4772 1691 4826 tibi
1719 4772 1853 4825 cha-

258 4855 532 4914 rissimum
559 4862 793 4915 fratrem
824 4870 1100 4925 nostrum,
1125 4863 1417 4917 dominum
1442 4861 1855 4928 Goldewinum,

257 4949 557 5003 secundum
585 4950 918 5020 petitionem
957 4957 1134 5012 tuam.
1159 4951 1298 5005 alios
1329 4965 1552 5021 quoque
1580 4951 1721 5003 duos
1749 4948 1856 5002 fra-

258 5038 384 5100 tres,
441 5039 575 5109 quia
624 5041 775 5110 quod
826 5040 895 5093 de
943 5040 1167 5094 servitio
1225 5040 1323 5094 Dei
1378 5045 1435 5093 et
1484 5045 1670 5092 vestro
1734 5037 1856 5091 ﬁeri

257 5132 488 5193 oportet,
531 5129 686 5182 solus
718 5129 836 5199 ipse
879 5146 981 5199 per
1025 5146 1085 5182 se
1132 5129 1354 5201 explere
1401 5145 1516 5183 non
1562 5132 1766 5198 posset,
1802 5133 1859 5180 et

258 5226 387 5283 rogo
432 5217 785 5288 multumque
832 5234 967 5288 rogo
1017 5226 1297 5289 quatenus
1345 5218 1495 5289 quod
1525 5234 1627 5289 pro
1658 5217 1773 5271 Deo
1805 5222 1863 5270 et

258 5317 353 5369 pro
385 5306 680 5361 animabus
711 5307 910 5361 vestris
953 5309 1216 5379 coepistis,
1253 5309 1531 5362 instanter
1574 5314 1629 5360 et
1676 5307 1861 5360 efﬁca-

256 5391 392 5445 citer
421 5398 689 5464 perﬁcere
716 5397 1013 5464 studeatis,
1055 5406 1130 5462 et,
1169 5398 1217 5451 si
1255 5397 1493 5468 possetis
1517 5402 1616 5451 aut
1639 5396 1858 5450 velletis

258 5495 392 5549 opus
422 5494 666 5539 vestrum
696 5502 799 5557 per
823 5486 963 5540 alios
1003 5487 1335 5558 adimplere,
1368 5487 1546 5541 multo
1581 5485 1860 5539 desiderio

1939 4599 2137 4670 igitur,
2171 4613 2411 4669 quorum
2442 4596 2615 4650 ofﬁcii
2660 4595 2718 4649 id
2769 4594 3025 4659 interest,
3067 4593 3241 4646 vitam
3270 4593 3390 4662 ejus
3425 4608 3552 4663 per-

1940 4688 2172 4760 quirite;
2204 4686 2464 4740 videlicet
2503 4684 2785 4755 quomodo
2826 4682 3044 4745 vixerit,
3069 4681 3349 4752 quomodo
3379 4680 3547 4753 vivat,

1940 4778 1985 4831 si
2016 4776 2309 4831 humiliter
2348 4774 2639 4845 pceniteat,
2674 4773 2722 4826 si
2752 4773 2959 4837 doleat,
2991 4772 3039 4826 si
3067 4772 3276 4842 lugeat,
3311 4770 3551 4824 maxime

1938 4866 1986 4919 si
2026 4866 2342 4919 castitatem
2395 4864 2467 4917 ad
2517 4864 2689 4919 ﬁnem
2748 4862 2875 4916 vitae
2929 4876 3044 4915 suae
3085 4867 3441 4931 servaturum
3489 4876 3552 4929 se

1940 4971 2061 5009 esse
2088 4953 2401 5025 promittat.
2435 4953 2566 5006 Haec
2610 4956 2667 5006 et
2707 4950 3034 5020 hujusmodi
3078 4949 3192 5003 alia
3225 4949 3550 5021 paenitentis

1939 5043 2151 5097 indicia
2175 5060 2185 5095 :
2207 5042 2255 5096 si
2286 5042 2344 5095 in
2366 5058 2431 5095 eo
2455 5042 2576 5095 esse
2600 5038 3102 5111 depr‘ehenderitis,
3125 5044 3349 5109 peracta
3372 5037 3552 5108 paeni-

1942 5131 2122 5187 tentia
2152 5130 2433 5185 licentiam
2457 5129 2778 5184 celebrandi
2800 5129 3031 5185 missam
3054 5127 3189 5181 dare
3211 5126 3260 5180 ei
3280 5125 3545 5197 potestis;

1944 5220 2190 5292 alioquin
2219 5220 2597 5291 periculosum
2628 5218 2784 5274 vobis
2812 5224 2868 5272 et
2898 5217 2981 5271 illi
3010 5215 3386 5287 perniciosum
3412 5213 3544 5287 erit,

1944 5310 1991 5366 si
2038 5309 2267 5381 pollutis
2304 5309 2573 5363 manibus
2619 5316 2821 5378 corpus
2871 5304 3081 5360 Christi
3120 5311 3176 5357 et
3219 5301 3550 5372 sanguinem

1941 5399 2292 5454 sa‘nctiﬁcare
2340 5397 2780 5468 praesumpserit.
2840 5394 3207 5464 Omnipotens
3256 5391 3407 5445 Deus
3454 5407 3550 5467 vos

1941 5488 2256 5547 benediCat.
2296 5486 2355 5541 et
2390 5487 2460 5541 de
2486 5491 2719 5559 pastore
2760 5489 2947 5540 vestro
2985 5478 3365 5537 desideratam
3393 5478 3551 5535 vobis

260 5569 518 5628 vellemus
563 5574 668 5630 hos
714 5575 922 5630 ﬁ'atres
966 5580 1191 5631 nostros
1238 5574 1311 5630 ad
1353 5591 1457 5632 nos
1483 5574 1691 5643 redire,
1731 5574 1867 5645 quia
1947 5575 2203 5633 lmtitiam
2226 5574 2460 5632 tribuat.
