3864 6176
439 253 540 311 551

1145 376 1339 432 LXIII.

512 487 755 532 CHARTA
801 484 1119 529 CANONICIS
1163 484 1240 526 DE
1285 482 1607 528 GRAVENNA
1655 483 1972 529 CONCESSA.

512 568 914 628 LANFRANCUS,
945 563 1045 618 Dei
1085 564 1270 633 gratia
1314 563 1736 618 Cantuariensis
1764 563 2042 634 archiepi-

442 672 661 727 scopus,
684 658 985 708 WALTERO
1012 652 1424 718 archidiacono,
1455 653 1671 723 totique
1700 653 1945 724 capitulo
1973 652 2042 705 de

436 745 686 800 Lenham
716 743 976 797 salutem.

509 831 881 888 Concedimus
928 836 986 886 et
1033 830 1324 901 praesentis
1373 831 1580 884 chartae
1610 829 1814 901 pagina
1844 831 2040 884 conﬁr-

437 938 660 977 mamus
689 920 978 976 ecclesiam
1012 920 1279 974 Omnium
1312 920 1647 974 Sanctorum
1689 919 1756 972 de
1786 919 2038 972 Gravene

435 1010 717 1066 canonicis
746 1007 1100 1080 regularibus
1127 1009 1344 1064 Sanctae
1373 1007 1563 1062 Mariae
1591 1007 1660 1062 de
1686 1008 2033 1073 Suthwerca,

437 1259 1281 1290 Μ

1627 252 1833 309 DOMN
1840 253 1864 308 Ι
1902 251 2112 308 LUCIE
2151 251 2517 309 DACHERII.

2057 377 2181 439 Ain
2212 377 2646 448 eleemosynam,
2677 392 2806 432 cum
2847 375 3109 431 omnibus
3151 377 3218 432 ad
3253 381 3486 438 eamdem
3512 387 3654 442 eccle

2121 466 2262 521 siam
2293 466 2721 537 pertinentibus,
2753 465 2870 519 sive
2906 466 2963 519 in
2993 464 3175 529 terris,
3222 467 3327 523 sive
3367 471 3419 524 in
3460 473 3655 530 decimis

2122 555 2209 609 vel
2255 555 2381 608 aliis
2432 555 2773 626 quibuslibet
2815 555 3100 609 beneﬁciis
3132 574 3144 609 :
3175 557 3415 612 Testibus
3453 561 3658 631 Rogerio

2123 644 2192 697 de
2222 644 2398 698 Ponte
2427 646 2716 716 episcopo;
2748 643 3029 698 Walarica
3052 645 3118 698 (’e
3139 645 3480 715 Wroteham;
3509 651 3658 705 Alano

2123 734 2193 788 de
2220 733 2438 797 Wellis,
2461 733 2681 788 Joanne
2724 735 2793 788 de
2841 733 3178 801 Cantuaria;
3207 735 3425 803 Thoma,
3455 737 3517 790 de
3545 739 3661 792 Lon-

2119 821 2308 888 donia,
2337 822 2580 889 clericis;
2614 822 2852 876 Ricardo
2895 822 2963 876 de
2993 823 3281 890 Gravenel,
3312 823 3530 894 Hugone
3555 842 3662 897 pas-

2119 911 2352 982 soriere,
2379 913 2595 966 Joanne
2625 928 2908 968 converso.

1288 1253 3654 1284 Μ

995 1445 1600 1571 DOMNI
1662 1444 2190 1567 LUGE
2261 1440 3154 1565 DAGHEBII

1663 1675 2000 1732 MONACHI
2036 1673 2507 1731 BENEDICTINI

439 1873 554 1965 ΙΝ
615 1867 1230 1964 El’lSTOLAS
1303 1866 1401 1959 B.
1444 1861 2105 1959 LANFBAACI
2155 1862 2488 1956 NO'LZE
2562 1863 2696 1956 ΕΤ
2778 1860 3681 1958 OBSERVATIONES

509 2204 902 2267 πεπυ-ειη.
943 2199 1010 2256 Β.
1039 2197 1413 2252 Lanfrancum
1451 2195 1716 2267 epistolas
1751 2195 2101 2267 scripsisseB
2123 2211 2251 2249 cum
2289 2195 2694 2250 monasterium
2735 2196 2792 2250 in
2839 2196 3190 2251 Normannia
3226 2197 3396 2251 situm
3422 2213 3454 2250 a
3492 2195 3688 2250 ﬂuviolo

438 2297 702 2344 constans
721 2293 808 2342 est
827 2287 1164 2354 omnium,et
1183 2291 1430 2340 veterum
1447 2290 1503 2338 et
1515 2284 2038 2350 recentiorum,sen-

440 2378 638 2432 tentia.
662 2378 739 2432 Ex
761 2375 1174 2447 antiquioribus
1203 2375 1382 2428 instar
1410 2373 1661 2428 omnium
1686 2373 1794 2427 erit
1813 2373 2046 2427 Guillel-

439 2483 566 2521 mus
589 2464 1100 2522 Malmesburiensis
1126 2463 1458 2527 monachus,
1481 2462 1576 2533 qui
1595 2462 1650 2514 in
1671 2461 1846 2532 gestis
1864 2460 2047 2532 ponti-

437 2556 604 2609 ﬁcum
621 2555 930 2625 Anglorum
949 2553 1047 2607 lib.
1073 2567 1112 2618 I,
1137 2552 1233 2608 fol.
1249 2550 1344 2606 1‘2!
1361 2593 1372 2613 ,
1389 2550 1422 2606 ‘2
1439 2568 1496 2604 ιι.
1523 2549 1605 2616 10,
1623 2550 1885 2604 editionis
1903 2549 2046 2604 Lon-

439 2643 746 2710 doniensis,
770 2643 840 2696 de
861 2642 1096 2713 epistola
1117 2641 1170 2707 2,
1195 2639 1515 2695 Alexandro
1546 2655 1767 2693 summo
1794 2637 2043 2710 pontifici

439 2731 707 2803 inscripta
740 2731 817 2784 sic
845 2730 1122 2802 loquitur:
1161 2749 1187 2779 α
1225 2729 1511 2783 Sermonis
1539 2728 1928 2799 hujuscemodi
1956 2745 2045 2782 ve-

438 2821 593 2875 ritati
623 2820 865 2875 assensit
893 2819 1131 2890 epistola
1157 2817 1317 2871 initio
1346 2823 1586 2888 papatus
1616 2817 1877 2887 Angliam
1899 2817 2043 2871 dire-

437 2918 546 2977 cta,
580 2926 702 2980 quae
733 2909 881 2962 inter
909 2907 1174 2978 epistolas
1200 2905 1498 2960 Lanfranci
1526 2906 1822 2976 reperitur.
1845 2924 1871 2958 »
1897 2904 2037 2959 Item

437 2999 532 3054 tol.
561 2997 678 3062 122,
704 3000 756 3059 2,
790 3014 846 3051 n.
888 2995 958 3052 30
989 3011 1001 3046 :
1035 3014 1060 3047 «
1095 2996 1220 3066 Ipse
1252 2995 1596 3048 Lanfrancus
1625 3010 1802 3064 pauca
1829 2993 2039 3064 ingenii

435 3088 522 3143 sui
578 3087 930 3142 monimenta
978 3084 1226 3155 reliquit,
1279 3083 1586 3137 decretalcs
1641 3082 1924 3154 epistolas,
1981 3087 2040 3136 et

433 3176 774 3249 praecipuam
807 3179 1003 3228 contra
1030 3172 1455 3242 Berengarium.
1491 3192 1514 3222 ι
1549 3171 1655 3236 Qui
1686 3171 1755 3225 de
1784 3171 2036 3242 epistolis

434 3267 651 3340 praefati
673 3262 1085 3334 archipresulis
1108 3268 1285 3331 agunt
1308 3259 1595 3326 neoterici,
1619 3260 1927 3315 indicatum
1950 3267 2036 3316 est

435 3353 892 3411 annotationibus
923 3351 994 3405 ad
1025 3350 1231 3416 Vitam,
1260 3366 1388 3420 pag.
1413 3348 1501 3414 41,
1535 3349 1618 3402 lit.
1647 3365 1690 3402 ε.

979 3457 1058 3501 AD
1102 3454 1441 3498 EPISTOLAM
1486 3455 1529 3497 Ι.

2119 2284 2479 2339 interﬂuente
2510 2301 2716 2338 nomen
2745 2285 2980 2356 accipit:
3025 2285 3314 2340 Gilbertus
3343 2285 3616 2356 Crispinus
3641 2284 3692 2338 in

2125 2373 2255 2426 Vita
2301 2374 2361 2427 B.
2415 2373 2672 2427 Herluini
2728 2373 3041 2428 fundatoris
3086 2375 3340 2444 ejusdem
3382 2373 3618 2438 ccenobii,
3646 2378 3694 2425 et

2127 2463 2440 2516 Chronicon
2471 2463 2744 2516 Beccense
2772 2479 2900 2533 pag.
2933 2463 2982 2516 1.
3009 2481 3036 2516 α
3069 2465 3145 2517 At
3175 2464 3382 2528 verius,
3413 2461 3586 2533 inquit
3610 2461 3695 2514 Pa-

2126 2551 2302 2622 pirius
2332 2553 2568 2618 Masson,
2603 2552 2659 2605 in
2687 2552 3060 2622 descriptione
3112 2552 3411 2606 ﬂuminum
3443 2551 3622 2605 Gallia!
3647 2549 3695 2602 in

2125 2641 2331 2710 Ligeri,
2387 2658 2559 2710 agens
2595 2641 2662 2695 de
2708 2641 2944 2707 Elaveri,
2977 2642 3186 2695 Beccus
3230 2642 3437 2695 dicitur
3470 2649 3694 2692 veterum

2125 2729 2414 2783 Gallorum
2471 2747 2571 2783 seu
2623 2731 2908 2784 Danorum
2962 2731 3158 2801 lingua
3213 2747 3377 2801 aquae
3416 2745 3600 2784 cursus
3649 2729 3697 2780 in

2123 2817 2294 2871 alium
2328 2817 2560 2872 ﬂuvium
2588 2818 2804 2872 intrans
2828 2834 2840 2868 :
2870 2838 2895 2871 »
2921 2819 3129 2890 quippe
3149 2820 3258 2873 hoc
3285 2819 3341 2872 in
3370 2819 3488 2872 loco
3512 2814 3697 2871 ﬂuviali

2123 2906 2234 2960 duo
2263 2913 2500 2969 exstant,
2537 2924 2774 2978 quorum
2807 2908 2950 2962 alter
2977 2908 3166 2962 inﬂuit
3195 2909 3256 2962 in
3285 2909 3544 2962 alterum.
3575 2906 3703 2960 Fun-

2121 2995 2364 3050 dationis
2393 3002 2584 3050 autem
2613 2996 2845 3051 celebris
2876 2997 3108 3068 hujusce
3140 2997 3472 3052 monasterii
3500 2995 3607 3049 haec
3629 2997 3702 3047 est

2120 3081 2301 3138 brevis
2329 3085 2529 3138 forma.

2193 3191 2215 3222 ι
2248 3173 2458 3226 Notum
2489 3173 2562 3226 sit
2587 3173 2846 3228 omnibus
2876 3174 3216 3230 Christiana;
3245 3174 3531 3246 religionis
3552 3173 3706 3227 culto-

2117 3259 2291 3326 ribus,
2341 3261 2488 3332 quod
2536 3279 2639 3332 ego
2688 3262 2860 3317 abbas
2907 3264 3220 3319 Herluinus
3270 3265 3423 3319 ﬁlius
3473 3260 3707 3332 Ansgoti,

2116 3349 2432 3404 astantibus
2470 3356 2527 3405 et
2554 3351 2914 3407 laudantibus
2953 3353 3228 3408 fratribus
3273 3354 3416 3408 meis
3455 3353 3637 3408 Odone
3661 3355 3710 3403 et

2117 3438 2376 3509 Rogerio,
2403 3439 2636 3509 jubente
2679 3441 2982 3496 Gilleberto
3029 3443 3262 3509 comite,
3297 3448 3358 3497 et
3383 3443 3627 3510 Alberto,
3662 3446 3712 3492 et

504 3532 816 3622 Alexandro
831 3545 1000 3598 papa.
1020 3529 1286 3622 sanctum
1307 3527 2033 3622 pontiﬁcem-Alemand-rum
2054 3564 2097 3622 Ο
2120 3526 2417 3622 Ranulpho
2438 3530 2839 3597 consentiente,
2862 3531 3104 3586 Roberto
3128 3533 3368 3599 comite,
3402 3538 3460 3585 et
3490 3531 3710 3586 Roberto

436 3623 539 3676 hoc
584 3619 812 3675 nomine
852 3617 1180 3682 secundum,
1213 3615 1546 3670 Guillelmus
1585 3615 1947 3684 Pictaviensis
1975 3617 2033 3670 in

435 3710 612 3783 gestis
655 3707 938 3764 Guillelmi
981 3706 1156 3770 ducis,
1199 3711 1259 3759 et
1302 3705 1451 3774 regis
1497 3704 1831 3775 Anglorum,
1885 3705 2037 3760 inter

437 3799 740 3870 scriptores
800 3795 1063 3850 Historiae
1109 3793 1629 3849 Northmannorum
1676 3793 1745 3846 ab
1809 3795 2036 3849 Andrea

436 3886 755 3944 Duchesnio
777 3885 974 3949 editos,
1007 3901 1133 3955 pag.
1167 3880 1292 3949 197,
1318 3899 1539 3936 summe
1563 3882 1778 3936 extollit
1805 3883 1863 3936 in
1891 3884 2037 3940 hunc

435 3978 664 4033 modum
699 3993 714 4031 ;
748 3995 770 4026 ι
805 3976 859 4030 Is
888 3972 1089 4045 praesul
1128 3970 1434 4035 Luciensis,
1468 3987 1594 4024 cum
1626 3971 1883 4026 altiorem
1913 3989 2038 4043 gra-

434 4069 571 4122 dum
629 4065 952 4120 nullatenus
999 4065 1310 4133 appeteret,
1363 4059 1606 4114 violento
1659 4060 2032 4132 plurimorum

431 4171 726 4220 consensu,
761 4167 999 4224 quorum
1027 4150 1177 4221 apud
1215 4150 1496 4203 Romanos
1519 4155 1656 4203 tunc
1685 4149 2035 4220 praecellebat

432 4244 758 4309 auctoritas,
801 4240 1016 4311 ingenti
1044 4238 1278 4292 concilio
1316 4236 1676 4301 assentiente,
1707 4237 1765 4290 in
1794 4253 1860 4291 eo
1891 4237 2034 4291 loca-

431 4340 525 4388 tus
553 4332 819 4404 primatu,
862 4345 972 4399 quo
1001 4327 1303 4399 przesulum
1335 4325 1486 4379 orbis
1519 4330 1684 4379 terrae
1726 4337 1896 4395 caput
1922 4327 2032 4380 exi-

431 4426 608 4477 steret
633 4426 804 4490 atque
831 4417 1119 4487 magister.
1151 4414 1519 4469 Allectionem
1550 4413 1694 4467 hanc
1731 4415 2030 4474 sanctitate

431 4515 711 4566 memorat
737 4514 908 4578 atque
936 4505 1209 4559 doctrina.
1233 4505 1339 4558 Per
1367 4503 1560 4557 eadem
1589 4507 1716 4572 post
1738 4503 1810 4556 ad
1841 4509 2028 4558 ortum

431 4600 566 4655 solis
594 4604 651 4653 et
693 4611 950 4651 occasum
980 4593 1298 4664 eﬂ'ulgebat.
1331 4593 1526 4663 Neque
1556 4609 1752 4646 cursus
1790 4591 2028 4647 limitem

431 4689 515 4745 sol
544 4684 950 4742 immutabilius
1000 4689 1222 4748 natura,
1277 4698 1443 4753 quam
1495 4697 1595 4752 per
1639 4681 1886 4736 veritatis
1934 4683 2029 4737 ille

431 4779 706 4834 directum
733 4774 1004 4830 tendebat
1044 4771 1156 4826 vita
1190 4789 1201 4824 :
1234 4769 1536 4842 quodquod
1573 4768 1896 4842 ubiquaque
1930 4787 2031 4842 per

2116 3616 2554 3688 archiepiscopo,
2597 3619 2799 3673 donavi
2841 3621 3058 3676 Sancta:
3103 3622 3305 3676 Mariae
3351 3621 3575 3676 tertiam
3603 3633 3712 3689 par-

2115 3714 2231 3759 tem
2272 3712 2437 3760 terra:
2465 3707 2534 3760 de
2587 3709 2920 3774 Burnevilla,
2953 3717 3010 3764 et
3048 3711 3153 3764 hoc
3193 3711 3350 3782 quod
3394 3709 3629 3782 pertinet
3653 3704 3713 3758 ad

2117 3811 2262 3859 eam,
2291 3801 2349 3849 et
2374 3796 2639 3863 Tavileio,
2669 3803 2726 3851 et
2754 3799 2822 3852 de
2852 3799 3101 3866 Surceio,
3141 3807 3204 3855 et
3234 3802 3343 3855 hoc
3377 3799 3526 3871 quod
3555 3794 3712 3868 pelti—

2118 3890 2216 3938 net
2257 3883 2328 3937 ad
2373 3901 2487 3950 eas,
2521 3892 2579 3939 et
2631 3893 2837 3941 terram
2895 3889 2964 3942 de
3007 3889 3272 3953 Sarnaio,
3325 3896 3382 3944 et
3434 3890 3537 3942 hoc
3582 3882 3714 3956 quod

2117 3972 2364 4043 pertinet
2391 3974 2463 4027 ad
2500 3991 2644 4041 eam,
2678 3993 2802 4046 quae
2830 3977 3113 4048 Ansgotus
3139 3983 3314 4048 pater
3345 3995 3504 4032 meus
3533 3975 3588 4028 in
3617 3973 3716 4026 vita

2116 4079 2219 4116 sua
2235 4061 2456 4117 habuit:
2475 4063 2663 4118 dotem
2683 4082 2906 4136 quoque
2928 4066 3126 4120 matris
3142 4085 3311 4132 meae,
3325 4067 3562 4138 jubente
3575 4070 3718 4136 patre

2113 4167 2239 4204 meo
2260 4167 2324 4204 ex
2347 4151 2563 4222 integro
2586 4154 2722 4207 mihi
2742 4154 2952 4221 datam,
2979 4173 3172 4210 coram
3191 4158 3444 4212 testibus
3468 4154 3716 4210 Fulberto

2113 4241 2420 4305 sacerdote,
2449 4242 2650 4308 Vitale,
2686 4243 2977 4309 Rainaldo,
3005 4250 3061 4299 et
3089 4246 3224 4300 aliis
3254 4247 3484 4304 multis.
3527 4264 3553 4298 ο

2185 4329 2468 4400 Quidquid
2509 4331 2580 4384 ad
2627 4348 2716 4386 res
2759 4333 3049 4388 Beccensis
3103 4336 3450 4390 monasterii
3495 4336 3717 4405 spectat.

2112 4417 2332 4472 docebit
2359 4419 2673 4474 Chronicon
2705 4421 2764 4475 in
2806 4423 3114 4493 appendice
3158 4425 3440 4495 operibus
3485 4425 3548 4480 Β.
3593 4425 3723 4478 Lan-

2111 4506 2288 4560 franci
2302 4506 2633 4576 subjectum,
2658 4509 3010 4564 solummodo
3031 4510 3440 4567 immunitates
3462 4511 3721 4584 quasdam

2110 4611 2143 4649 a
2183 4595 2726 4666 Rothomagensibus
2753 4598 3152 4670 archiepiscop.
3193 4602 3535 4666 Guillelmo,
3568 4607 3726 4670 atque

2111 4685 2366 4754 Hugone,
2389 4701 2606 4739 necnon
2635 4692 2694 4740 et
2711 4703 2744 4740 a
2766 4688 3066 4742 Caelestino
3092 4706 3247 4762 papa
3275 4693 3457 4746 tertio
3489 4691 3725 4747 indultas

2113 4779 2171 4826 et
2193 4775 2554 4828 conﬁrmatas
2583 4775 2828 4846 adjicere
2858 4777 3040 4832 visum
3070 4785 3177 4834 est.

430 4867 706 4924 mundum
753 4863 956 4937 potuit,
1001 4861 1255 4933 iniquum
1305 4859 1612 4929 corrigens,
1653 4859 1794 4913 nulli
1838 4877 2030 4915 conce-

2122 4885 2304 4947 332
2357 4882 2562 4936 Charta
2612 4887 2968 4952 exemptionis
3009 4889 3354 4940 monasterii
3381 4891 3434 4940 et
3465 4883 3734 4954 parochias

431 4958 590 5013 dens.
627 4973 654 5008 ι
2181 4954 2452 5027 Beccensis
2481 4956 2550 5006 ab
2587 4957 2988 5025 archiepiscopo
3034 4958 3478 5027 Rothomagensi
3521 4959 3584 5012 Ι).
3626 4957 3736 5008 An-

496 5049 570 5102 De
616 5045 859 5102 Beccensi
903 5039 1332 5109 congregatione.
1387 5034 1491 5089 Cui
1537 5034 1756 5106 pridem
1794 5035 2029 5092 dederat

2180 5026 2348 5077 δειγηο
2377 5040 2648 5079 οοηοεεςκ.

428 5152 654 5202 nomen,
681 5139 850 5204 atque
880 5131 937 5184 in
965 5145 1033 5183 ea
1061 5125 1313 5199 pluribus
1343 5123 1505 5178 annis
1543 5124 1910 5180 monasticam
1939 5126 2022 5180 vi-
2185 5130 2446 5185 Virorum
2487 5133 2851 5201 prudentium
2888 5135 3242 5190 consuetudo
3277 5142 3396 5199 est,
3439 5141 3499 5190 et
3548 5147 3738 5188 eorum

426 5236 544 5283 tam
563 5226 819 5288 duxerat,
851 5239 880 5272 ιι
905 5232 1132 5272 omnem
1171 5229 1400 5286 Operam
1429 5212 1783 5283 impenderat
1805 5217 1888 5283 (ut
1914 5215 2022 5269 Mi-
2106 5219 2350 5273 maxime
2396 5220 2491 5291 qui
2521 5221 2590 5275 de
2637 5229 2788 5276 statu
2838 5230 3043 5279 sancta:
3076 5225 3348 5280 Ecclesiae
3391 5226 3612 5297 aliquid
3662 5239 3742 5277 ra-

428 5316 574 5372 lonis
605 5315 723 5385 ejus
769 5306 1059 5380 biographi
1086 5303 1269 5359 verbis
1308 5302 1458 5365 utar)
1486 5301 1680 5372 quieti,
1712 5307 1769 5356 et
1796 5303 2020 5358 silentio
2101 5307 2450 5362 tionabiliter
2477 5310 2801 5382 disponunt,
2831 5329 2901 5366 ne
2927 5329 3026 5383 per
3054 5313 3459 5383 ignorantiam
3492 5314 3580 5366 vel
3608 5311 3740 5365 obli-

431 5405 615 5461 cordis
655 5401 743 5456 sui
783 5396 1003 5453 novalia
1046 5393 1196 5449 verbi
1236 5391 1378 5447 sacri
1408 5390 1665 5445 excolens
1692 5390 1920 5446 assidua
1947 5393 2032 5447 le-
2113 5395 2333 5452 vionem
2371 5414 2407 5452 a
2447 5400 2676 5471 propria
2705 5401 2974 5456 ﬁrmitate
3003 5402 3324 5474 aliquando
3356 5403 3612 5468 decidat,
3661 5402 3744 5455 in-

428 5492 629 5559 cti'one,
663 5489 906 5560 irrigans
929 5502 997 5540 ea
1023 5483 1192 5550 dulci,
1233 5496 1403 5552 quam
1431 5495 1576 5550 saepe
1601 5478 1906 5547 obtinebat,
1941 5482 2026 5536 la-
2109 5485 2428 5557 scriptionis
2449 5489 2782 5544 auctoritate
2800 5491 3046 5544 ﬁrmare.
3071 5490 3177 5546 Sed
3209 5493 3571 5564 episcopalis
3601 5506 3744 5544 cum

430 5593 748 5652 crymarum
775 5572 1223 5647 compunctione.
1250 5587 1274 5622 »
1300 5569 1526 5634 Beccus,
1545 5582 1733 5639 porro.
1764 5583 1863 5624 seu
1891 5568 2024 5626 Bec-
2106 5574 2352 5632 ofﬁcium
2379 5581 2465 5632 est
2481 5577 2782 5650 diligenter
2799 5596 3104 5653 procurare
3123 5585 3432 5650 quatenus
3454 5584 3747 5638 monaste-
