3864 6176
157 239 230 296 553
1139 227 1216 281 ΙΝ
1256 222 1480 281 EPIST.
1522 221 1586 275 B.
1627 212 2042 273 LANFRANCI
2079 209 2294 267 NOTE
3253 209 3354 269 554

149 367 207 418 ria
226 375 481 416 servorum
510 357 610 412 Dei
638 357 698 410 in
722 371 876 427 pace,
903 358 961 408 et
989 352 1428 425 quiete-ﬁrmata
1452 360 1676 419 perma-
1695 347 1743 404 A
1760 342 1870 396 Hoc
1894 338 2436 427 ἰὰεηιλᾲρτίυςιςςίαηι
2465 331 2800 427 subinde?“
2829 334 3017 419 fO'f‘ma
3040 335 3358 427 έςεάςπιςαε

152 405 207 418 ....
226 405 481 416 mm---
512 405 610 412 ..--
911 405 957 408 _-
1452 405 1470 419 ι

152 458 296 507 neant:
326 466 390 502 ne
420 448 620 501 divinis
649 445 846 500 officiis
886 442 1214 512 mancipata:
1244 445 1461 492 mentes
1492 435 1681 504 aliqua

1827 427 1964 480 pene
1983 405 2158 462 verbis
2173 409 2240 461 ab
2256 409 2480 474 [Iugone
2505 407 2920 473 Rothomagensi
2937 405 3353 476 archiepiscopo,

1838 496 2128 512 Μιηηηροηνο
2145 480 2399 512 ΙΣτηἸΙοΙιη
2414 480 2431 512 ι’
2448 493 2598 512 nnnn
2612 480 2867 512 ma‘llon’m
2878 494 2904 512 η
2927 493 3016 512 nan
3028 480 3211 512 Inu'mn
3224 494 3353 512 nun-

153 480 296 549 "um"?
327 480 390 502 ⁸³⁵
420 480 620 501 “"""°
649 480 846 543 ν⁸⁸⁸⁹⁸Ϊ⁰
886 480 1214 543 ¹¹Ῐ⁴⁶¹⁸⁹ΨῘ⁸¹⁸⁸¹
1244 480 1461 492 ¹“”““”“’
1492 480 1681 536 ’ἷ”ῖ¹“”
1833 496 2128 536 successore
2144 480 2431 534 Guillelmi
2447 493 2598 530 anno
2612 480 2904 532 millesimo
2927 480 3358 548 centcsz'moqua-

147 555 378 596 occasxone
403 555 436 590 a
464 551 564 590 suo
594 540 880 605 propos1to
919 530 1318 602 Impediantur.
1351 527 1469 581 Hac
1509 529 1681 594 igitur
1837 553 2143 605 ἀναϐαίηιο
2172 551 2354 605 primo
2382 550 2766 605 conﬁrmatur.

1837 553 2143 620 dragesimo
2170 551 2354 622 primo
2382 550 2766 622 conﬁrmatur.

149 627 326 683 ηῐὶοῐιίε
372 623 740 680 aestimatione
793 637 896 690 ego
951 635 1172 689 quoque
1203 616 1536 677 Willelmi”:
1578 613 1680 666 Dei
1766 613 2123 690 Conﬁrmatz'o
2144 613 2382 688 ejusdem
2404 613 2558 672 tituli
2579 621 2648 672 ab
2664 619 2981 673 Alexandro
3004 635 3151 689 papa
3173 621 3354 675 tertio.

145 717 283 786 gratia
291 711 816 782 Rothomagensium
831 708 1298 778 archiepiscOpus.
1313 703 1516 757 litteris
1529 716 1682 754 man-

1831 711 2181 765 ALEXANDER
2211 707 2522 778 episcopus,
2549 723 2740 762 servus
2779 724 3066 762 servorum
3109 707 3230 773 Dei,
3270 707 3360 763 di-

148 807 245 858 dare
265 802 484 865 decrevi,
518 807 771 870 tempore
793 797 1051 851 videlicet
1079 793 1306 849 Roberti
1333 790 1553 846 comitis
1581 788 1682 842 filii

1763 799 1920 854 lectis
1949 799 2078 852 ﬁliis
2107 799 2353 852 Rooamo
2399 796 2606 861 abbati,
2653 802 2710 851 et
2758 796 3024 852 fratribus
3066 795 3368 851 Beccensis~

147 891 360 946 Willelmi
405 890 550 959 regis
592 889 920 958 Anglorum,
954 884 1102 955 qu°d
1137 880 1398 936 Βθοεθηδί
1428 878 1683 933 ΕεεῘθείω
1765 887 2092 944 monasterii
2119 887 2380 952 salutem,
2415 891 2474 940 et
2501 885 2861 956 apostolicam
2890 886 3356 943 benedictionem.

147 988 188 1035 et
206 983 382 1034 domno
413 978 676 1031 Anselmo
701 975 909 1040 abbati,
935 975 1004 1028 ob
1035 971 1404 1026 reverentiam
1431 967 1684 1038 ejusdem

1837 979 1914 1032 Ex
1939 975 2209 1046 rescripto
2232 975 2604 1046 quarumdam
2627 974 2944 1028 litterarum
2969 973 3124 1030 bona
3153 989 3361 1030 memo-

149 1069 224 1122 loci
235 1074 281 1121 et
292 1068 521 1120 fratrum
546 1064 1026 1133 religiosissimam
1045 1061 1236 1125 vitam,
1262 1059 1359 1112 sed
1381 1063 1436 1110 et
1458 1061 1686 1127 propter

1763 1067 1863 1121 riae
1877 1065 2150 1120 Willelmi
2170 1064 2453 1135 quondam
2475 1063 2944 1134 Rothomagensis
2956 1063 3361 1135 archiepiscopi

147 1160 331 1211 salutem
381 1156 583 1210 animai
626 1169 782 1212 meae,
832 1157 1363 1219 antecessorumque
1409 1161 1683 1209 meorum,

1809 1154 1928 1209 obis
1955 1153 2220 1219 innotuit,
2251 1158 2356 1206 etc.
2394 1153 2514 1206 Vide
2549 1155 2613 1206 in
2641 1153 2956 1206 Alexandro
2981 1154 3069 1208 ΙΙΙ
3087 1155 3236 1207 inter
3259 1154 3360 1207 Pa-

149 1262 314 1298 necnon
341 1249 398 1297 et
444 1258 846 1306 successorum,
878 1240 1121 1293 concedo
1166 1244 1232 1306 ut
1271 1236 1517 1290 Ecclesia
1543 1234 1684 1305 ipsa,

1771 1245 2011 1311 trologia:
2036 1244 2324 1296 volumina
2346 1243 2598 1310 proxime
2625 1242 2848 1294 edenda.

147 1337 326 1404 ejusque
354 1333 529 1403 ipsius
555 1331 664 1384 loci
701 1330 981 1400 parochia,
1015 1344 1144 1382 cum
1182 1325 1556 1381 residentibus
1588 1340 1688 1394 pa-
1937 1335 2128 1396 333
2155 1331 2426 1385 Οωιεειίηί
2449 1345 2602 1398 papae
2630 1332 2784 1382 tertii
2806 1331 3191 1397 privilegium,

149 1422 374 1475 rochianis
391 1420 525 1484 suis,
542 1424 812 1489 perpetuo
832 1418 906 1472 sit
929 1417 1104 1471 libera
1124 1417 1193 1470 ab
1215 1415 1368 1469 omni
1390 1412 1690 1485 episcopali
1844 1422 2195 1476 Camn-mus
2232 1419 2540 1490 episcopus,
2574 1434 2767 1473 servus
2803 1434 3096 1473 servorum
3124 1418 3248 1486 Dei,
3278 1417 3367 1473 di-

145 1511 400 1574 exactione,
443 1514 645 1580 praeter
688 1524 756 1561 ea
791 1523 914 1577 quae
945 1505 1014 1559 ab
1045 1503 1342 1576 episcopali
1373 1503 1555 1557 ofﬁcio
1591 1502 1692 1554 δά·
1773 1510 1929 1566 lectis
1966 1509 2096 1563 ﬁliis
2141 1509 2404 1563 GALTERO
2433 1506 2622 1561 abbati
2671 1512 2728 1561 et
2765 1507 3062 1562 conventui
3102 1507 3366 1564 Beccensi

146 1599 405 1651 ministrari
445 1613 557 1650 non
601 1602 838 1666 possunt
868 1614 880 1647 :
922 1601 988 1648 ut
1015 1599 1101 1648 est
1131 1593 1429 1646 monachos
1459 1591 1544 1644 vel
1573 1590 1692 1643 cle-
1710 1657 1752 1668 “
1775 1601 2034 1665 salutem,
2063 1603 2122 1651 et
2146 1596 2508 1668 apostolicam
2530 1595 2996 1650 benedictionem.

143 1687 253 1740 ricos
275 1687 543 1750 ordinare,
576 1685 849 1738 Ecclesias
878 1683 1256 1746 reconciliare,
1301 1657 1755 1752 paenitentiamB
1845 1657 2211 1742 sacrosancto
2254 1685 2508 1740 Romana
2547 1684 2810 1751 Ecclesia,
2853 1689 2960 1739 etc.
3005 1686 3125 1740 Vide
3165 1688 3231 1742 in
3260 1686 3366 1744 σω.

142 1774 370 1843 publicam
383 1771 1294 1841 dare,ethujusmodipoenitentes
1309 1767 1685 1822 reconciliare:
1775 1779 1967 1832 ιεειίηο
1996 1777 2097 1830 1η,

146 1870 217 1914 aut
243 1863 340 1915 illa.
371 1861 758 1932 paenitentiam
808 1861 1100 1925 occultam,
1135 1875 1256 1928 quae
1298 1858 1417 1912 sine
1460 1855 1690 1910 consilio
1845 1869 2032 1930 334
2061 1864 2458 1918 calamitatum
2507 1877 2673 1915 causa
2719 1865 2925 1930 em'stis,
2971 1862 3164 1917 Refert
3188 1868 3369 1926 sancti

144 1950 340 2020 θΡίεθορί
389 1949 512 2002 dari
568 1965 678 2001 ηοη
741 1952 940 2017 Ροίεεῐν
1001 1946 1395 2008 άθῐενηιίηᾶΐθν
1447 1943 1690 1997 Chl‘isma
1773 1949 3364 2022 Lanfrancibiographusquemadmodumilletotoanimo,

147 2044 417 2107 (ἱυοίίυενεῐ
445 2039 630 2091 Oleum
651 2037 930 2102 tribuere;
957 2042 1020 2088 ut
1047 2035 1105 2087 in
1136 2033 1289 2087 bl‘eVi
1317 2038 1517 2087 Cuncta
1542 2048 1694 2085 com-
1775 2041 1910 2095 totis
1953 2039 2158 2093 viribus
2211 2043 2446 2092 conatus
2482 2041 2587 2103 est,
2630 2043 2799 2108 atque
2846 2039 3123 2094 industria
3160 2046 3374 2111 quanta

144 2127 328 2195 Ρὶεείεΐς
359 2125 690 2179 monasterii
720 2130 777 2177 et
804 2122 1040 2187 abbatis,
1064 2127 1233 2191 PFO“t
1260 2121 1437 2184 decet:
1471 2137 1694 2174 omnem
1779 2130 1964 2200 potuit
1991 2128 2253 2192 maxima,
2287 2131 2564 2197 quatenus
2597 2127 2910 2198 episcopale
2948 2145 3090 2183 onus
3120 2129 3372 2185 humeris

146 2217 437 2284 Pasmralem
457 2230 650 2267 curam
677 2229 875 2282 gerere
915 2211 1036 2264 Sine
1071 2209 1390 2280 θοοθρίίδηθ
1425 2207 1693 2278 Pecunia?-
1777 2219 1895 2273 suis
1920 2217 2151 2271 minime
2170 2215 2572 2286 imponeretur,
2596 2215 2678 2269 ita
2697 2220 2760 2269 ut
2785 2216 2998 2271 frustra
3011 2218 3377 2274 hortarentur

1781 2306 2016 2378 praelati,
2039 2305 2314 2376 primores
2341 2304 2704 2358 Normanniaa
2733 2304 3126 2375 efﬂagitarent,
3150 2311 3378 2378 rogaret

1781 2395 1993 2465 regina,
2026 2394 2085 2448 ni
2108 2392 2369 2463 jussisset
2399 2392 2461 2445 Β.
2487 2392 2790 2447 Herluinus
2814 2395 2869 2460 (a
2886 2395 3044 2465 cujus
3073 2400 3216 2450 nutu
3242 2411 3378 2467 pen-

1782 2485 1950 2538 debat
1993 2480 2162 2552 totus)
2191 2498 2288 2535 rex
2332 2480 2684 2551 imperasset,
2726 2482 3081 2554 praecepisset
3121 2499 3378 2538 summus

1783 2571 2036 2628 Ecclesiae
2077 2571 2312 2625 antistes
2349 2569 2683 2624 Alexander.
2733 2571 2809 2624 At
2852 2587 2982 2626 vero
3029 2571 3126 2626 ubi
3181 2587 3379 2628 eorum

1783 2661 2008 2716 cessiset
2055 2659 2232 2726 votis;
2274 2664 2333 2713 et
2371 2674 2538 2729 quam
2587 2659 2847 2726 arduum,
2878 2661 3381 2732 calamitosumque
3426 2657 3428 2662 ’

138 2747 493 2817 judiciumque
519 2746 596 2799 ibi
621 2761 809 2799 coram
842 2743 1243 2814 archiepiscopi
1281 2741 1554 2796 ministris
1579 2757 1704 2811 por—
1785 2767 1991 2805 munus
2036 2748 2347 2820 episcopale
2400 2747 2600 2801 fuisset
2647 2753 2942 2818 expertus,
3000 2750 3381 2804 Alexandrum

147 2835 520 2898 labitur-Qum
541 2835 587 2887 Si
608 2833 845 2904 Pecunia
863 2833 1078 2897 θΧίθΓίῐν
1099 2829 1703 2900 υδίοιιηίιιιθᾱυάίοίυιη
1787 2845 1996 2905 exorat,
2045 2837 2363 2906 insistitque
2405 2841 2470 2890 ut
2518 2835 2588 2889 ab
2637 2836 2742 2889 hoc
2792 2852 3025 2891 munere
3081 2837 3378 2893 eximatur.

144 2930 384 2993 portatur,
419 2922 637 2976 abbatis
669 2922 793 2976 erit.
836 2923 900 2975 In
938 2920 1152 2974 caeteris
1180 2927 1367 2972 autem
1405 2917 1700 2989 parochiis,
1723 2971 1768 2997 ρ
1787 2929 2032 2982 Noverat
2058 2926 2337 2997 siquidem
2363 2941 2528 2979 verus
2557 2926 2646 2979 sui
2682 2925 2980 2995 inspector,
3014 2932 3072 2981 et
3099 2926 3385 2983 studiosus

146 3030 242 3082 qua
256 3015 316 3066 ad
331 3013 592 3068 eamdem
606 3010 888 3066 abbatiam
905 3011 1206 3081 pertinent,
1221 3014 1279 3062 et
1289 3013 1420 3062 sunt
1431 3009 1500 3061 de
1514 3013 1709 3060 nostra
1723 3009 1769 3032 ν
1790 3014 2125 3070 humilitatis
2173 3013 2427 3083 Magistri
2476 3013 2532 3067 S.
2589 3013 2797 3067 Bened.
2855 3013 3159 3085 discipulus
3214 3032 3386 3086 quam

142 3101 352 3169 dioecesi,
389 3104 500 3155 hoc
525 3103 703 3155 solum
735 3100 785 3152 ei
815 3099 1208 3162 concessimus,
1231 3105 1295 3152 ut
1324 3113 1493 3150 manu
1519 3102 1710 3167 pastos
1791 3104 2166 3175 ponderosum
2206 3105 2357 3156 esset
2380 3101 2519 3155 illud
2547 3117 2706 3167 onus,
2739 3107 2971 3157 noverat
3009 3121 3037 3156 α
3068 3120 3237 3174 quam
3268 3101 3384 3159 dif.

144 2304 187 2358 Si
209 2311 376 2359 autem
409 2305 469 2356 in
491 2303 687 2356 eadem
717 2301 982 2371 parochia
1008 2299 1137 2352 talis
1167 2315 1334 2351 causa
1355 2304 1479 2350 orta
1507 2295 1695 2360 fuerit,

143 2410 237 2462 quae
276 2394 402 2447 ferri
444 2391 656 2462 judicio
686 2389 931 2443 finienda
972 2389 1063 2451 sit,
1098 2393 1233 2440 tunc
1271 2403 1334 2439 ex
1370 2385 1574 2455 placito
1601 2382 1699 2436 ab-

143 2480 269 2546 batis,
298 2488 393 2535 aut
432 2481 581 2551 apud
627 2484 864 2532 matrem
913 2476 1215 2530 Ecclesiam
1252 2491 1420 2528 causa
1447 2473 1694 2536 finiatur,

138 2570 486 2640 judiciumque
506 2567 854 2639 portabitur;
884 2571 984 2620 aut
1008 2564 1458 2634 archiepiscopus
1489 2561 1698 2616 ferrum

136 2657 298 2725 judicii
319 2659 386 2712 ad
405 2659 592 2711 locum
617 2657 775 2710 illum
799 2672 898 2726 per
918 2655 1204 2708 ministros
1225 2670 1355 2708 suos
1375 2651 1696 2717 destinabit,

148 3207 252 3246 suos
284 3193 461 3246 laicos
502 3191 717 3261 quietos
760 3187 980 3252 habeat,
1019 3187 1143 3240 illos
1168 3186 1581 3252 tantummodo,
1615 3184 1710 3254 qui

146 3287 346 3346 terram,
382 3280 476 3334 vel
500 3280 691 3332 domos
719 3277 872 3330 nullo
902 3276 1067 3329 modo
1098 3275 1403 3345 possident.
1435 3273 1495 3328 Si
1523 3279 1714 3326 autem

150 3367 202 3420 de
241 3369 321 3422 his
368 3366 653 3430 omnibus,
714 3381 853 3435 quos
896 3363 1102 3416 liberos
1148 3379 1268 3414 esse
1320 3361 1712 3426 concessimus,

146 3456 321 3526 aliquis
358 3461 564 3511 contra
601 3452 1082 3510 Christianitatem
1113 3450 1308 3520 egerit,
1342 3455 1400 3502 et
1445 3449 1615 3502 abbas
1646 3449 1716 3503 ad

148 3544 229 3597 hoc
252 3545 646 3615 corrigendum
693 3543 890 3596 tardus
928 3539 1223 3604 exstiterit,
1269 3537 1718 3608 archiepiscopus

149 3649 252 3687 eum
272 3643 330 3688 ut
353 3634 606 3703 corrigat
632 3631 914 3686 monebit:
943 3629 1092 3700 quod
1121 3629 1168 3682 si
1198 3627 1369 3681 abbas
1391 3631 1585 3697 postea
1604 3643 1720 3680 cor-

147 3724 302 3792 rigere
343 3723 612 3785 noluerit,
645 3720 1096 3790 archiepiscopus
1125 3716 1462 3772 emendabit.
1496 3715 1605 3769 Pro
1635 3715 1720 3768 his

146 3810 296 3880 igitur
335 3830 470 3883 quae
506 3809 896 3872 concessimus,
939 3807 1109 3860 abbas
1147 3807 1317 3859 talem
1366 3806 1636 3858 honorem
1667 3809 1723 3858 et

145 3901 241 3953 tale
282 3900 577 3954 servitium
623 3897 867 3951 ecclesiae
909 3903 1112 3949 nostra;
1153 3893 1594 3964 metropolitanae
1626 3909 1720 3947 ex-

1795 3192 1996 3247 ficilem
2027 3196 2083 3245 et
2101 3191 2337 3244 arduam
2357 3205 2477 3244 rem
2497 3196 2823 3260 susceperat
2841 3206 3036 3260 regere
3060 3192 3278 3248 animas
3303 3195 3390 3262 (ut

1796 3282 1962 3336 docet
1988 3280 2137 3334 idem
2167 3277 2455 3348 magister,
2499 3294 2622 3348 cap.
2656 3277 2691 3334 2
2716 3278 2962 3348 Regulae)
2993 3285 3052 3335 et
3081 3281 3388 3336 multorum

1797 3370 2004 3424 servire
2030 3367 2305 3424 moribus.
2334 3386 2361 3419 »
2384 3367 2630 3421 Noverat
2653 3385 2681 3418 α
2701 3367 2832 3436 quia
2853 3384 2944 3422 ars
2964 3373 3051 3422 est
3075 3369 3283 3424 artium
3305 3385 3390 3426 re-

1796 3460 1986 3529 gimen
2008 3458 2346 3526 animarum,
2375 3475 2396 3506 ι
2420 3460 2564 3509 teste
2584 3455 2785 3525 Magno
2807 3455 3094 3526 Gregorio,
3115 3457 3276 3514 Curae
3297 3475 3393 3531 pa-

1801 3547 1994 3600 storal.
2029 3546 2126 3599 lib.
2164 3563 2202 3610 1,
2235 3561 2285 3602 c.
2325 3541 2373 3601 ‘l.
2410 3543 2655 3599 Noverat
2694 3543 2828 3614 quia
2861 3551 3022 3599 tanto
3049 3547 3276 3616 gravius
3305 3552 3393 3603 est

1801 3636 2019 3706 pondus
2069 3633 2422 3688 sacerdotum
2471 3631 2660 3700 (verba
2711 3638 2844 3687 sunt
2895 3633 3101 3689 Gelasii
3147 3652 3305 3707 papae
3367 3637 3394 3692 Ι

1801 3725 1870 3778 ad
1899 3725 2156 3777 Anastas.
2186 3723 2521 3791 Augustum)
2568 3727 2778 3792 quanto
2817 3722 2990 3776 etiam
3019 3740 3120 3794 pro
3145 3724 3282 3795 ipsis
3307 3741 3391 3781 re-

1801 3811 1964 3882 gibus
1993 3810 2285 3865 hominum
2320 3810 2378 3864 in
2425 3808 2611 3863 divino
2656 3810 2930 3865 reddituri
2976 3817 3110 3866 sunt
3138 3813 3394 3869 examine

1804 3901 2098 3956 rationem.
2138 3919 2160 3950 ι
2194 3899 2440 3954 Noverat
2466 3897 2601 3968 quia
2627 3897 2874 3968 seipsum
2904 3898 3101 3954 intime
3137 3907 3393 3958 noverat.

149 3988 336 4043 hibebit
363 3996 453 4053 ut,
503 3989 549 4041 si
588 3987 658 4040 ab
690 3985 1106 4056 archiepiscopo
1153 3983 1424 4048 invitatus,
1461 3982 1630 4035 fuerit
1667 3987 1724 4035 et
1805 3989 1934 4054 Sed,
1962 3987 2220 4058 inquies:
2258 4004 2285 4038 «
2316 3986 2423 4050 Qui
2453 3985 2833 4057 episcopatum
2859 3987 3158 4052 desiderat,
3187 3988 3396 4044 bonum

147 4078 442 4146 legitimam
478 4075 886 4130 excusationem
934 4090 1046 4126 non
1095 4070 1373 4136 habuerit,
1406 4071 1477 4124 ad
1521 4070 1724 4124 festum
1807 4093 1946 4147 opus
1974 4077 2324 4144 desiderat”
2351 4076 2490 4129 Tz’m.
2515 4088 2598 4140 ιιι,
2637 4077 2681 4142 ι)
2728 4095 2751 4126 ι
2779 4076 2996 4129 Bonum
3019 4092 3158 4146 opus
3180 4076 3396 4130 deside-

146 4165 501 4221 dedicationis
527 4164 776 4234 ejusdem
807 4163 1048 4217 ecclesia
1089 4161 1293 4225 veniat,
1332 4164 1589 4229 sumptus
1634 4175 1711 4212 ar-

1809 4171 1898 4218 rat
1928 4164 1998 4218 do
2029 4180 2248 4227 manus,
2285 4183 2304 4214 α
2344 4161 2391 4216 si
2428 4163 2555 4232 quis
2596 4163 2744 4216 hunc
2773 4163 2977 4217 idcirco
3004 4163 3237 4234 appetit,
3268 4163 3397 4218 inﬁt

149 4255 474 4346 chiepiscopi
494 4254 806 4318 habiturus,
831 4258 894 4305 ut
911 4250 1326 4346 archiepiscopo
1343 4247 1794 4346 missam-cele-D
1812 4255 1873 4306 D.
1911 4252 2291 4322 Chrysostom.
2324 4251 2383 4305 in
2411 4251 2561 4305 idem
2599 4268 2747 4322 cap.,
2781 4268 2894 4306 non
2921 4253 3268 4324 principatus
3297 4258 3398 4308 aut

153 4341 327 4398 brante
354 4346 594 4398 chorum
621 4347 840 4407 teneat;
870 4345 970 4393 aut
991 4339 1040 4392 si
1065 4337 1512 4407 archiepiscopus
1542 4335 1729 4404 aliqua
1749 4335 1790 4346 ”
1812 4340 2206 4397 dominationis
2225 4341 2391 4406 fastu,
2409 4356 2604 4395 verum
2624 4357 2757 4394 cura
2773 4341 3063 4412 regiminis
3083 4347 3140 4397 et
3157 4342 3397 4397 Charita-

144 4449 298 4488 causa
325 4435 568 4488 missam
592 4430 870 4486 celebrare
900 4428 1163 4490 noluerit,
1195 4432 1294 4480 aut
1325 4441 1438 4478 non
1464 4423 1727 4496 potuerit,
1811 4431 1885 4486 tis
1921 4430 2138 4494 effectu,
2173 4445 2286 4482 non
2328 4429 2602 4498 improbo,
2638 4429 2844 4483 bonum
2882 4431 3087 4503 quippe
3113 4431 3397 4487 desiderat

147 4523 280 4576 idem
310 4523 494 4576 abbas
521 4522 749 4574 missam
784 4519 1035 4573 festivam
1075 4533 1176 4587 pro
1207 4532 1272 4569 eo
1298 4513 1562 4568 celebret.
1605 4513 1733 4567 Haec
1814 4536 1972 4590 opus.
2024 4537 2046 4568 ι
2083 4518 2141 4573 Si
2189 4517 2343 4588 prius
2385 4516 2909 4586 irreprehensibilis.
2945 4537 2971 4571 (ι
3018 4520 3135 4574 Hoc
3173 4525 3259 4576 est
3302 4520 3405 4588 (ait

143 4619 321 4666 autem
349 4629 422 4665 ex
471 4610 722 4664 consulto
751 4607 1078 4662 clericorum
1123 4610 1441 4658 nostrorum
1477 4601 1727 4655 fecimus.
1811 4607 2257 4678 Theophylactus
2303 4605 2373 4658 ad
2402 4605 2518 4658 hac
2549 4605 2734 4673 verba)
2767 4607 2919 4660 omni
2947 4607 3151 4664 virtute
3179 4610 3403 4682 ωηερί..

145 4702 208 4752 At
253 4718 384 4754 vero
436 4699 608 4752 abbas
655 4715 720 4762 ex
765 4696 1016 4750 consulto
1061 4694 1462 4748 monachorum
1503 4707 1732 4744 suorum

142 4790 396 4859 querelas
428 4787 699 4858 quasdam
723 4791 782 4839 et
807 4783 1134 4847 calumnias,
1164 4798 1301 4852 quas
1321 4782 1378 4835 in
1399 4779 1734 4851 quibusdam

141 4878 200 4930 de
227 4878 489 4949 praefatis
516 4874 774 4929 Ecclesiis
811 4872 1065 4937 iaciebat,
1110 4870 1369 4924 clamavit
1411 4869 1650 4939 quietas,
1677 4874 1735 4922 et

142 4967 441 5032 concessit,
471 4971 535 5018 ut
575 4980 768 5019 omnes
801 4961 1144 5033 episcopales
1166 4958 1598 5013 consuetudines
1631 4957 1733 5011 ha-

142 5055 259 5109 beat
288 5053 772 5124 archiepiscOpus,
807 5057 863 5104 et
889 5050 948 5104 in
978 5049 1088 5102 illis
1126 5047 1390 5114 ecclesiis,
1423 5062 1562 5117 quas
1602 5052 1737 5100 tunc

143 5145 416 5216 temporis
450 5142 734 5196 Beccensis
767 5139 1008 5194 Ecclesia
1037 5138 1094 5192 in
1115 5137 1336 5191 dioecesi
1357 5142 1551 5191 nostra
1569 5135 1740 5206 possi-

1814 4711 1971 4755 cuus.
2003 4700 2068 4748 ut
2112 4708 2293 4763 neque
2340 4692 2500 4746 illum
2539 4693 2654 4759 alii,
2693 4710 2873 4765 neque
2900 4712 2960 4749 se
2987 4695 3172 4766 ipsum
3207 4715 3402 4771 repre-

1817 4783 2042 4839 hendat.
2075 4783 2240 4836 Illum
2270 4781 2421 4835 enim
2450 4782 2548 4853 qui
2579 4781 2704 4836 aliis
2731 4789 2950 4853 praeest,
2985 4785 3156 4852 veluti
3183 4788 3405 4843 stellam

1815 4889 1938 4927 esse
1965 4876 2188 4943 oportet
2214 4871 2286 4924 ad
2326 4886 2519 4924 omnes
2549 4871 2735 4941 ipsum
2774 4872 3060 4929 intuentes
3086 4874 3405 4932 illuminano

1816 4963 1951 5017 dum
1975 4966 2033 5015 et
2058 4959 2433 5030 dirigendum.
2461 4978 2486 5010 »
2511 4959 2592 5013 De
2619 4959 2706 5014 his
2730 4959 3022 5016 hactenus.

1889 5051 1929 5102 A
1955 5049 2208 5115 Principe
2223 5047 2741 5102 Northmannorum
2772 5049 3056 5104 Wz'llelmo.
3078 5049 3406 5104 Guillelmus

1821 5135 2043 5190 Nothus
2086 5135 2250 5204 vulgo
2297 5134 2497 5200 dictus,
2544 5135 2696 5206 quod
2723 5143 3048 5208 procreatus
3090 5153 3156 5191 ex
3201 5152 3406 5190 concu-

141 5234 288 5286 debit
341 5238 512 5286 extra
557 5232 885 5284 Beccensem
930 5226 1272 5298 parochiam,
1314 5231 1370 5280 et
1406 5226 1636 5294 insuper
1680 5224 1740 5277 in
1822 5224 1974 5289 bina,
2010 5240 2180 5293 quam
2208 5229 2403 5294 postea
2432 5224 2741 5295 legitimam
2770 5226 2930 5280 duxit
2955 5226 3014 5279 in
3037 5240 3265 5278 uxorem
3294 5225 3408 5279 Ro-

145 5322 246 5375 illis
291 5321 566 5376 omnibus
595 5335 734 5393 quas
771 5318 1033 5388 deinceps
1072 5316 1131 5370 in
1161 5314 1382 5370 dioecesi
1419 5319 1612 5368 nostra
1647 5328 1740 5367 ac-

139 5413 426 5481 quisitura
455 5415 584 5463 erat.

434 5599 691 5660 ΡΑτιιοι..
722 5596 841 5660 CL.

1822 5313 2016 5368 bertus
2046 5318 2223 5384 pater.
2257 5313 2608 5383 Conquestor
2639 5330 2766 5367 vero
2793 5313 2984 5378 armis,
3017 5313 3150 5382 quia
3175 5329 3414 5383 regnum

1825 5402 2038 5473 Anglice
2081 5401 2491 5473 comparaverit
2554 5401 2778 5458 Guillel.
2828 5400 3184 5458 Malmesbur.
3217 5401 3311 5458 lib.
3347 5415 3413 5459 ιιι

1826 5492 1896 5546 de
1924 5491 2078 5547 Gest.
2110 5489 2246 5559 Reg.
2278 5491 2478 5560 Anglo.
2505 5490 2566 5546 in
2595 5489 2892 5545 Guillelmo
2922 5489 2947 5544 Ι
2976 5494 3034 5545 et
3056 5490 3154 5547 alii
3181 5492 3411 5563 passim.

3101 5590 3180 5653 l8
