3902 6166
470 297 574 355 555

1640 292 1902 348 ΠΟΜῙΝΙ
1944 296 2149 349 LUC/E
2191 296 2559 351 DACHERII.

3581 302 3667 355 355

536 423 860 479 Cadomensi
897 427 1176 488 praeessem
1232 415 1502 480 coenobio,
1557 420 1660 468 etc.
1714 416 1829 471 Usu
1873 418 2041 488 siqui-

2135 421 2376 473 ricorum
2434 421 2754 475 meretrices
2807 427 3094 486 ornentur,
3151 424 3412 478 luxuriosa
3455 427 3667 480 convivia

463 513 592 566 dem
622 510 895 564 didicerat
938 520 1208 576 magnum
1249 502 1621 558 Lanfrancum
1660 503 1937 574 sapientia
1967 523 2056 559 su-

461 598 709 664 blimem,
742 596 868 651 vita;
899 608 1132 665 quaeque
1152 591 1467 662 splendore,
1499 591 1862 646 scientiarum
1889 594 2056 648 facul-

460 690 597 752 tate,
630 690 688 740 et
713 700 904 740 rerum
936 681 1289 737 saecularium
1318 679 1522 751 peritia
1546 679 1856 750 illustrem;
1890 698 2054 752 quem

459 773 666 829 idcirco
687 773 758 828 ad
783 773 956 828 totius
976 770 1172 842 patriae
1192 768 1420 839 negotia
1439 768 1882 823 administranda
1905 787 2054 825 sum-

461 879 618 918 mum
647 861 1025 918 consiliarium
1055 862 1438 929 assumpserat
1457 858 1910 913 Normannorum
1944 860 2056 914 dux

461 952 820 1015 Guillelmus,
844 955 1072 1004 auctore
1092 947 1296 1002 Milone
1326 945 1598 1017 Crispino.
1635 947 1704 1001 Et
1723 963 1858 1001 sane
1877 948 1948 1001 ad
1966 948 2053 1002 di-

455 1041 704 1110 gnitates
717 1037 1137 1102 ecclesiasticas,
1151 1036 1258 1090 nisi
1270 1035 2050 1106 religione,pietate,scientia,

455 1128 759 1200 prudentia
782 1127 929 1182 viros
952 1126 1220 1196 insignes,
1261 1130 1319 1178 et
1349 1125 1461 1178 dux
1489 1125 1962 1190 Normannorum,
1998 1133 2056 1181 et

454 1217 766 1287 Anglorum
788 1232 884 1271 rex
904 1229 1259 1286 nequaquam
1277 1211 1563 1279 evellebat,
1581 1219 1646 1266 ut
1662 1214 1864 1268 asserit
1875 1215 2053 1268 archi-

455 1304 722 1360 diaconus
733 1304 1040 1359 Lexovioru
1047 1302 1323 1357 mGuillel.
1333 1301 1642 1356 Pictavens.
1653 1341 1665 1367 ,
1675 1318 1728 1372 p.
1746 1307 1758 1355 l
1772 1301 1840 1356 95
1856 1308 1914 1356 et
1923 1301 2047 1360 208.

454 1394 644 1464 Agens
655 1393 726 1448 de
741 1392 1012 1447 electione
1027 1390 1326 1446 Lanfranci
1339 1390 1398 1444 in
1417 1390 2052 1460 archiepiscopumCan-

451 1482 796 1537 tuariensem
820 1499 831 1534 :
865 1501 887 1533 ι
916 1481 983 1536 In
1003 1480 1134 1534 sede
1160 1478 1592 1549 metropolitana
1615 1480 2050 1548 (Cantuariensi)

451 1569 833 1624 meditabatur
863 1568 1231 1635 (Guillelmus)
1274 1573 1530 1622 sanctum
1576 1568 1708 1634 vita,
1740 1568 1892 1621 fama
1919 1569 2052 1622 cha-

450 1673 599 1725 rum,
624 1657 946 1728 eloquentia
982 1655 1158 1711 divini
1194 1655 1348 1710 verbi
1389 1661 1695 1726 potentem,
1729 1659 1825 1726 qui
1855 1657 2050 1710 suffra-

2136 513 2541 578 prcharentur,
2574 525 2740 562 canes
2760 515 2815 562 et
2842 525 2990 575 aves,
3025 527 3086 563 ac
3112 511 3242 564 talia
3263 511 3460 565 ludicra
3485 530 3671 584 compa-

2135 597 2373 650 rentur?
2403 597 2519 650 Hoc
2561 598 2766 652 milites
2792 599 3054 664 clamant,
3097 599 3246 668 plebs
3273 600 3666 668 submurmurat,

2137 684 2294 737 mimi
2323 691 2571 748 cantant,
2605 691 2661 739 et
2689 687 2915 745 saltant.
2951 693 3006 740 et
3031 703 3123 740 vos
3150 688 3430 757 negligitis,
3459 705 3545 742 vos
3571 706 3673 759 par-

2137 772 2277 837 citis,
2315 790 2411 826 vos
2449 773 2860 828 dissimulatis?
2905 774 3008 829 Ubi
3049 775 3264 845 gladius
3302 776 3421 830 Levi
3463 782 3514 829 et
3548 777 3672 830 zelus

2138 861 2458 916 Simeonis?
2499 881 2524 914 »
2575 868 2678 917 etc.
2707 863 2792 916 Ad
2843 880 2939 917 cor
2983 864 3204 919 tandem
3251 864 3470 918 redeant
3503 865 3592 929 illi,
3629 870 3676 919 et

2137 949 2194 1004 S.
2228 950 2566 1020 Prosperum
2595 951 2914 1005 auscultant
2940 951 3038 1008 lib.
3067 965 3108 1005 II
3135 952 3204 1005 de
3233 951 3358 1005 Vita
3383 953 3677 1022 contempla-

2135 1038 2247 1092 tiva
2279 1039 2460 1092 obiter
2490 1045 2649 1108 gesta
2694 1045 3014 1094 sanctorum
3056 1040 3424 1111 episcoporum
3471 1040 3673 1104 Paulini,

2136 1130 2193 1178 et
2233 1125 2432 1180 Hilarii
2458 1127 2671 1181 Arelat.
2715 1127 3120 1181 describentem
3169 1146 3182 1181 :
3231 1146 3259 1180 α
3293 1128 3445 1182 Tales
3471 1144 3529 1180 ac
3557 1129 3677 1182 tanti

2134 1213 2258 1280 viri,
2289 1215 2384 1284 qui
2415 1216 2662 1272 volentes
2691 1233 2811 1270 esse
2837 1216 3044 1270 Christi
3079 1216 3331 1287 discipuli
3363 1216 3677 1269 renuntiave-

2133 1309 2268 1355 runt
2309 1303 2568 1357 omnibus
2623 1321 2745 1376 quae
2786 1304 3085 1369 habebant,
3128 1321 3240 1360 non
3269 1311 3331 1358 ut
3354 1321 3678 1374 possessores,

2132 1390 2228 1444 sed
2246 1396 2311 1444 ut
2335 1397 2744 1462 procuratores,
2763 1393 3057 1448 facultates
3073 1393 3323 1448 Ecclesiae
3344 1391 3678 1463 possidebant.

2134 1479 2202 1532 Et
2228 1479 2433 1534 idcirco
2462 1481 2700 1536 scientes
2729 1483 2869 1535 nihil
2888 1483 3036 1536 aliud
3069 1499 3190 1536 esse
3209 1499 3297 1536 res
3323 1481 3578 1546 Ecclesiae,
3595 1479 3682 1533 nisi

2129 1572 2258 1621 vota
2311 1569 2580 1636 ﬁdelium,
2634 1571 2817 1640 pretia
2859 1576 3233 1642 peccatorum.
3283 1575 3340 1624 et
3387 1567 3684 1640 patrimonia

2129 1671 2458 1726 pauperum,
2509 1674 2620 1712 non
2677 1675 2772 1712 eas
2816 1659 3172 1714 vindicarunt
3212 1659 3270 1712 in
3309 1675 3434 1713 suos
3478 1674 3598 1711 usus
3632 1662 3685 1710 ut

450 1746 648 1816 ganeis
667 1745 943 1817 episcopis
961 1761 1267 1815 congruam
1299 1745 1539 1798 formam
1560 1743 1827 1814 praebere,
1844 1751 1901 1799 et
1919 1743 2109 1802 oviliB
2129 1745 2404 1815 proprias,
2435 1747 2533 1800 sed
2573 1753 2636 1800 ut
2686 1748 3106 1802 commendatas
3153 1747 3482 1819 pauperibus
3510 1746 3683 1800 divise-

448 1834 738 1896 Dominico
754 1850 993 1905 praeesse
1009 1833 1529 1903 sciret,cunctisque
1545 1833 1808 1904 prodesse
1817 1839 2048 1904 cuperet

448 1923 636 1978 studio
652 1923 922 1994 vigilanti.
947 1923 1007 1978 Id
1015 1939 1104 1976 em
1125 1922 1195 1976 de
1210 1921 1657 1976 ordinationibus
1670 1923 2043 1978 Ecclesiarum

446 2010 865 2084 prmoogitabat,
899 2029 921 2062 ι
947 2016 1051 2065 etc.
1086 2010 1384 2065 Matthaaus
1411 2010 1591 2064 Paris.
1621 2011 1692 2064 ad
1721 2028 1812 2064 an.
1838 2011 2043 2066 Christi

449 2097 790 2156 1067.Porro
800 2113 968 2166 causa
977 2099 1304 2154 exstruendi
1323 2099 1473 2153 illius
1488 2098 1725 2153 caanobii
1747 2100 2044 2171 S.Stepha-

446 2187 509 2243 ni
528 2188 764 2243 alfertur
777 2188 836 2242 in
849 2187 1025 2258 gestis
1045 2188 1108 2242 B.
1122 2186 1422 2242 Lanfranci
1442 2202 1563 2258 cap.
1580 2186 1629 2253 3,
1655 2205 1710 2258 p.
1729 2188 1783 2255 5;
1807 2189 2041 2243 Guillel-

445 2292 574 2333 mus
594 2276 883 2332 Malmesb.
915 2276 956 2330 l.
992 2290 1072 2341 IlI,
1113 2275 1267 2330 Gest.
1298 2276 1664 2345 Angelorum,
1695 2293 1753 2347 p.
1787 2274 1949 2347 6162,
1979 2295 2036 2332 n.

449 2363 516 2422 10
536 2383 550 2434 ;
576 2364 1025 2431 Orderic.Vital.,
1043 2364 1142 2422 lib.
1160 2377 1223 2418 lu
1239 2364 1382 2418 Hist.
1403 2380 1531 2435 pag.
1553 2363 1680 2431 459;
1705 2363 2040 2420 Guillelmus

444 2453 869 2519 Gemeticensis,
893 2453 1040 2508 Hist.
1060 2453 1580 2508 Northmannorum
1597 2452 1694 2508 lib.
1715 2468 1810 2519 vn,
1829 2471 1950 2524 cap.
1968 2453 2031 2511 21

441 2546 502 2597 et
547 2541 655 2610 ‘26;
703 2542 886 2596 solum
929 2541 1034 2596 hoc
1075 2541 1196 2596 loco
1235 2541 1461 2596 Guillel.
1493 2541 1810 2599 Pictavens.
1849 2548 2038 2609 385

441 2634 645 2686 testem
675 2631 956 2686 oculatum
996 2630 1057 2685 in
1087 2631 1244 2687 Gest.
1297 2631 1521 2686 Guillel.
1566 2649 1700 2702 pag.
1737 2630 1863 2699 211,
1895 2631 2038 2685 arri-

440 2717 539 2774 det
563 2718 814 2790 proferre
846 2737 857 2772 :
895 2736 922 2772 ‹‹
954 2718 1289 2774 Cadomensi
1334 2719 1576 2774 basilicae
1625 2719 1790 2774 modo
1832 2719 2039 2790 specie-

440 2823 552 2878 que
579 2807 925 2862 admirabilis
969 2807 1086 2863 suis
1131 2807 1430 2879 impendiis
1458 2807 1530 2862 ad
1573 2808 1800 2863 titulum
1829 2809 1885 2862 S.
1920 2809 2039 2863 Steo

435 2896 609 2967 phani
633 2896 1063 2968 protomartyris
1103 2912 1137 2950 a
1175 2897 1544 2951 fundamento
1574 2902 1886 2962 exstructa},
1913 2903 2036 2951 tum

436 2984 658 3043 diversa
681 2985 919 3041 donaria
943 2985 1166 3040 advexit
1192 2985 1431 3040 materia
1454 2986 1804 3057 artificioque
1832 2986 2036 3057 pretio.

2130 1840 2283 1887 runt.
2320 1852 2346 1886 ι»
2379 1835 2459 1888 De
2491 1835 2580 1888 his
2609 1837 2737 1906 plus
2767 1837 2924 1890 satis.

2197 1925 2304 1977 Rea!
2351 1905 2665 1991 Anglorum
2712 1926 2910 1991 factus.
2953 1925 3110 1980 Victo
3157 1905 3422 1979 nimirum
3467 1938 3686 1993 caesoque

2127 2009 2390 2075 Heraldo,
2420 2013 2680 2066 universa
2707 2012 2813 2066 sibi
2841 2012 3140 2083 subjugata
3174 2013 3376 2078 insula,
3412 2028 3500 2064 rex
3527 2015 3604 2064 est
3628 2008 3686 2062 ab

2125 2099 2386 2153 omnibus
2429 2100 2826 2170 proclamatus,
2871 2117 2936 2154 ac
2981 2102 3209 2155 tandem
3259 2105 3594 2155 consecratus
3627 2096 3685 2150 ab

2109 2187 2541 2259 archiepiscopo
2578 2188 2912 2243 Eboracensi
2952 2190 3217 2254 Aldredo,
3251 2189 3383 2260 quia
3412 2186 3687 2242 Simoniace

2124 2277 2244 2326 tum
2273 2273 2595 2344 Stigandus,
2629 2276 2788 2345 cujus
2823 2276 2880 2329 id
2913 2277 3167 2330 muneris
3192 2281 3334 2336 erat,
3367 2275 3545 2328 sedem
3575 2274 3692 2326 Can-

2121 2361 2466 2416 tuariensem
2495 2362 2821 2433 occupabat,
2847 2364 3040 2433 illique
3058 2364 3130 2418 ab
3159 2364 3460 2418 Alexandri
3487 2377 3602 2433 pap.
3627 2360 3687 2424 II,

2121 2451 2318 2520 legatis
2337 2469 2542 2506 corona
2567 2460 2654 2507 est
2673 2454 2954 2524 imposita.
2979 2455 3066 2508 lta
3093 2454 3386 2508 Guillelm.
3411 2442 3689 2506 Pictavens.

2121 2558 2247 2612 pag.
2290 2540 2392 2597 196
2427 2561 2439 2609 ;
2491 2544 2796 2597 monachus
2839 2543 3167 2609 Malmesb.,
3209 2544 3280 2596 de
3327 2545 3483 2597 Gest.
3535 2539 3684 2608 Angl.

2121 2646 2248 2701 pag.
2272 2629 2341 2686 56
2364 2636 2421 2684 et
2441 2631 2537 2695 57;
2565 2633 2769 2686 Henric
2790 2633 3098 2696 Huntindo,
3116 2633 3188 2686 ad
3211 2649 3303 2687 an.
3323 2628 3489 2696 1066;
3511 2629 3692 2698 Roget.

2120 2718 2428 2783 Hoveden.,
2451 2725 2592 2789 part.
2620 2721 2804 2790 priore
2833 2720 2892 2773 in
2914 2720 3142 2774 Guillel.
3178 2720 3401 2774 seniore
3425 2738 3437 2784 ;
3479 2715 3694 2772 Gemeti-

2118 2807 2299 2861 censis
2345 2807 2448 2865 lib.
2497 2824 2568 2861 vn
2627 2809 2795 2873 Hist,
2846 2825 2893 2861 c.
2941 2807 3011 2862 34
3033 2814 3090 2862 et
3117 2826 3275 2879 seq.;
3323 2807 3566 2862 Orderic.
3594 2804 3692 2858 Vit.

2119 2896 2214 2948 lib.
2248 2911 2332 2960 III,
2385 2913 2509 2966 pag.
2544 2895 2669 2952 492.
2714 2898 2896 2961 Quam
2939 2897 3007 2950 ob
3047 2913 3303 2963 causam,
3345 2903 3402 2950 et
3442 2912 3545 2966 quo
3585 2895 3697 2962 jure

2117 2985 2331 3054 Anglia;
2379 3001 2615 3054 regnum
2659 2985 2765 3039 sibi
2809 3001 3136 3056 comparare
3185 3001 3484 3056 aggressus
3527 2981 3699 3044 fuerit,

433 3073 680 3142 sissima,
699 3091 823 3146 quae
843 3074 914 3129 ad
938 3074 1126 3129 seculi
1145 3074 1449 3129 terminum
1471 3074 1687 3129 honora
1704 3091 2036 3144 permanere
2053 3071 2094 3130 C
2118 3073 2458 3143 patefaciunt
2489 3080 2746 3127 auctores
2771 3074 3023 3144 praedicti
3047 3093 3061 3138 ;
3101 3075 3348 3128 maxime
3375 3089 3500 3127 vero
3527 3075 3704 3125 coaeta-

432 3162 676 3221 valeant.
709 3163 944 3234 Singula
973 3162 1443 3233 descriptionibus
1472 3169 1572 3216 aut
1601 3163 1920 3217 nominibus
1944 3164 2039 3217 de-

432 3249 658 3320 signare
685 3251 996 3322 spatiosum
1024 3250 1191 3318 foret,
1219 3270 1245 3303 »
1280 3257 1386 3306 etc.
1422 3252 1491 3306 Et
1517 3251 1680 3316 infra,
1711 3268 1824 3322 qua
1849 3258 2038 3306 mente

433 3338 492 3394 id
521 3340 838 3412 impleverit
865 3342 976 3396 dux
1018 3340 1373 3406 Guillelmus,
1417 3341 1663 3395 ostendit
1689 3341 1776 3394 his
1805 3341 1987 3395 verbis
2021 3361 2031 3395 :

435 3445 467 3482 α
481 3427 745 3483 Potentes
755 3429 983 3500 quidem
999 3429 1254 3484 nonnulli
1267 3429 1475 3483 sanctis
1490 3429 1679 3499 inique
1697 3429 2033 3498 largiuntur,

431 3516 768 3588 plerumque
794 3518 852 3571 in
882 3517 1082 3572 iisdem
1111 3516 1507 3572 donationibus
1534 3517 1758 3572 laudem
1790 3535 1949 3572 suam
1979 3519 2035 3572 in

433 3605 666 3669 mundo,
690 3604 896 3660 delicta
913 3621 1016 3659 sua
1037 3620 1224 3659 coram
1248 3605 1364 3659 Deo
1383 3605 1728 3675 adaugentes
1752 3625 1764 3658 :
1792 3607 2038 3677 spoliant

434 3691 714 3758 ecclesias,
741 3697 800 3747 et
825 3692 1034 3763 rapinis
1062 3692 1199 3763 ipsis
1222 3691 1360 3746 alias
1389 3693 1592 3747 ditant.
1623 3713 1645 3744 ι
1676 3693 2036 3748 Animadver-

433 3786 561 3835 tant
593 3781 712 3836 haec
739 3781 995 3835 nonnulli
1021 3781 1318 3852 principes,
1352 3781 1588 3852 praelati,
1619 3782 1850 3837 abbates
1880 3800 2034 3837 com-

434 3869 773 3926 mendatarii
798 3870 913 3924 imo
935 3875 992 3924 et
1013 3869 1453 3938 concionatores,
1480 3870 1597 3942 qui,
1619 3870 1804 3925 divina
1825 3872 2033 3942 pietate

433 3957 632 4027 afﬂati,
657 3958 978 4014 hominibus
998 3963 1063 4014 ut
1089 3966 1421 4031 appareant,
1443 3975 1614 4014 novas
1643 3959 2033 4030 religiosarurn

432 4046 642 4104 aedium
689 4053 1001 4103 structuras
1045 4048 1469 4119 aggrediuntur,
1516 4052 1752 4118 erogant
1799 4048 2037 4103 eleemo-

433 4152 624 4208 synas,
655 4136 883 4192 interim
911 4152 1061 4203 vero,
1095 4137 1208 4192 diei
1233 4137 1522 4207 noctisque
1545 4136 1747 4190 divinis
1775 4137 2034 4192 laudibus

431 4224 801 4296 posthabitis,
854 4225 1193 4280 collabentes
1249 4225 1510 4280 ecclesias
1573 4231 1632 4279 et
1693 4226 2036 4280 monasteria

2120 3177 2259 3215 neus
2287 3167 2482 3215 auctor
2510 3163 2671 3231 Hugo
2696 3163 3128 3217 Flaviniacensis
3159 3163 3356 3228 abbas,
3394 3164 3451 3215 in
3480 3158 3704 3214 Historia

2120 3266 2224 3304 sua
2249 3267 2352 3302 ms.
2392 3268 2402 3302 :
2441 3268 2466 3302 «
2499 3253 2683 3314 Anno,
2715 3251 2914 3321 inquit,
2949 3248 3112 3313 1065,
3148 3252 3449 3306 Eduardus
3483 3266 3576 3303 rex
3611 3250 3706 3301 An-

2121 3339 2342 3406 glorum
2360 3338 2527 3406 obiit;
2553 3340 2667 3409 qui,
2687 3340 2819 3410 quia
2834 3339 2954 3393 sine
2965 3340 3235 3406 ﬁliisfuit,
3250 3338 3706 3408 consanguineum

2119 3443 2281 3480 suum
2333 3427 2650 3481 Villelmum
2701 3429 3159 3482 Normannorum
3209 3429 3476 3483 comitem
3520 3430 3637 3497 post
3659 3439 3710 3475 se

2119 3531 2308 3584 regem
2339 3516 2604 3570 instituit.
2637 3517 2742 3571 Sed
2776 3518 3052 3571 Heroldus
3078 3525 3288 3572 contra
3316 3520 3707 3572 sacramentum

2119 3605 2266 3674 quod
2309 3605 2566 3660 Villelmo
2597 3605 2824 3668 fecerat,
2868 3623 3103 3676 regnum
3158 3607 3387 3661 invasit.
3428 3607 3553 3677 Ipso
3582 3617 3713 3657 anno

2116 3693 2410 3747 Villelmus
2436 3711 2532 3747 rex
2565 3711 2720 3748 mare
2749 3695 2993 3760 transiit,
3028 3700 3085 3748 et
3125 3697 3437 3750 commisso
3465 3692 3643 3766 praelio
3665 3704 3712 3742 x1

2116 3781 2198 3835 Id.
2244 3782 2500 3836 Octobris
2537 3783 2653 3836 ruit
2701 3784 2995 3850 Heroldus,
3028 3789 3084 3837 et
3127 3784 3458 3849 Villelmus,
3492 3782 3580 3837 die
3616 3781 3714 3835 Na-

2115 3869 2246 3924 talis
2275 3871 2518 3936 Domini,
2545 3873 2692 3942 apud
2721 3873 3062 3927 Londoniam
3091 3873 3152 3927 in
3179 3890 3382 3944 regem
3405 3874 3643 3928 elevatus
3664 3874 3714 3922 et

2116 3965 2415 4013 coronatus
2443 3966 2546 4016 est.
2576 3981 2598 4010 ι
2623 3961 2774 4014 Alias
2804 3961 3195 4032 superaddidit
3220 3980 3427 4018 causas
3454 3960 3714 4017 Robertus

2118 4049 2423 4102 monachus
2453 4049 2522 4102 de
2543 4050 2749 4116 Monte,
2772 4049 2830 4103 in
2865 4050 3142 4106 Chronico
3175 4069 3288 4107 ms.
3314 4069 3410 4106 an.
3443 4052 3544 4106 Ch.
3573 4045 3711 4110 1063,

2122 4135 2176 4192 1ο
2195 4155 2220 4189 α
2237 4136 2384 4200 Quia
2401 4138 2706 4192 Alvredum
2723 4145 3024 4210 cognatum
3045 4156 3218 4195 suum
3236 4138 3556 4212 (Guillelmi
3573 4134 3716 4193 ducis

2116 4224 2392 4295 videlicet)
2438 4227 2721 4282 Godvinus
2767 4234 2823 4282 et
2871 4229 2969 4282 ﬁlii
3000 4229 3086 4282 sui
3117 4229 3644 4285 dehonestaverunt
3669 4229 3718 4279 et

437 4313 701 4383 (quorum
725 4313 1064 4385 perpingues
1092 4313 1346 4369 redditus
1374 4313 1674 4384 quotannis
1699 4314 2032 4386 percipiunt)
2050 4385 2089 4390 _
2115 4320 2495 4384 peremerunt;
2515 4314 3030 4386 2°quiaRobertum
3043 4317 3718 4390 episcopum,et0donem

434 4398 627 4456 diruta
669 4407 727 4455 et
773 4402 890 4457 solo
917 4402 1212 4472 aquuata
1239 4402 1443 4456 misere
1471 4385 1888 4473 derelinquunt.
1925 4385 2098 4458 SedD
2116 4385 2613 4474 consanguineum,
2636 4410 2693 4458 et
2719 4420 2913 4459 omnes
2927 4385 3192 4473 Francos,
3226 4385 3526 4462 Codvinus
3540 4413 3596 4460 et
3611 4404 3718 4468 filii,

434 4486 547 4544 heu
571 4489 584 4542 l
616 4488 795 4544 multo
823 4490 892 4544 iis
921 4491 1140 4560 pejores
1171 4489 1538 4560 perditissimi
1560 4491 1643 4544 illi
1674 4491 2035 4561 patrimonio-

435 4590 568 4631 rum
623 4577 830 4632 Christi
885 4577 1225 4644 decoctores,
1287 4578 1382 4649 qui
1429 4579 1620 4632 omnia
1666 4579 2032 4649 prandiorum

433 4664 754 4735 gurgitibus
780 4664 1105 4732 absumunt,
1135 4667 1501 4737 obliguriunt,
1533 4668 1682 4722 ludis
1711 4668 2028 4736 absorbent,

433 4751 728 4826 libantque
747 4754 1177 4810 Veneri.Merito
1195 4755 1470 4826 ejusmodi
1491 4755 1873 4811 insectabatur
1897 4757 2032 4811 olim

433 4842 722 4914 piissimus
745 4843 1054 4914 Anglorum
1085 4861 1182 4898 rex
1212 4844 1464 4914 Edgarus
1493 4845 1910 4916 elegantissima
1938 4846 2033 4900 illa

2115 4498 2236 4545 arte
2260 4509 2364 4546 sua
2386 4491 2456 4545 ab
2474 4493 2677 4563 Anglia
2703 4495 3107 4560 exsulaverant,
3130 4515 3157 4548 ι)
3181 4503 3294 4551 etc.
3314 4499 3486 4552 Certe
3507 4493 3722 4567 quidem

2114 4579 2422 4635 Victoriam
2454 4599 2566 4636 non
2596 4583 2882 4638 Guillelmi
2910 4584 3120 4638 viribus
3147 4592 3257 4640 aut
3280 4586 3603 4649 industriae,
3635 4580 3724 4636 sed

2114 4669 2220 4722 soli
2259 4670 2374 4723 Deo
2422 4671 2802 4726 ascribendam
2832 4672 3096 4743 praedicat
3134 4673 3487 4744 Eadmerus,
3520 4672 3721 4727 Hister.

2116 4773 2388 4812 novorum
2419 4759 2511 4812 lib.
2545 4774 2583 4825 I,
2619 4777 2744 4831 pag.
2777 4766 2827 4826 5,
2861 4761 2995 4815 edit.
3028 4762 3209 4818 Lond.
3244 4762 3418 4821 16‘23.

2185 4846 2612 4913 Hermenfredus
2645 4848 2974 4903 Sedunensz’s
3003 4853 3309 4918 cpiscopus.
3345 4852 3478 4906 Sive
3504 4851 3730 4905 Armen-

435 4930 690 4985 oratione
719 4948 887 5003 quam
937 4931 1136 4986 habuit
1175 4933 1247 4986 ad
1276 4933 1478 4988 Patres
1514 4933 1713 5004 synodi
1756 4934 1901 4987 circa
1935 4949 2027 4987 an.
2111 4931 2321 4998 fredus,
2353 4933 2586 4989 diversis
2631 4942 2718 4989 est
2745 4936 3117 5006 legationibus
3145 4939 3471 4995 Alexandri
3501 4954 3658 5011 papae
3683 4933 3732 4990 ll

423 5018 644 5076 Christi
672 5018 819 5077 970:
869 5040 892 5072 ι
929 5020 1037 5086 Sic,
1072 5020 1167 5086 sic,
1222 5021 1532 5092 inquiebat,
1576 5022 1914 5092 patrimonia
1947 5037 2033 5076 re-
2109 5023 2273 5093 jussu
2347 5023 2568 5093 egregie
2630 5025 2874 5079 functus.
2948 5027 3275 5082 Florentius
3347 5024 3732 5100 Vigorniensis

431 5124 590 5179 gum,
621 5109 988 5180 eleemosynaa
1021 5125 1350 5181 pauperum,
1372 5111 1511 5177 (imo
1541 5110 1688 5180 quod
1714 5111 1894 5180 magis
1923 5114 2028 5176 est)
2114 5127 2331 5167 coaevus
2373 5113 2612 5184 scriptor
2647 5114 2718 5167 ad
2747 5131 2837 5168 an.
2879 5113 3011 5170 1062
3044 5133 3054 5168 :
3095 5137 3116 5167 ι
3153 5118 3469 5189 Contingit
3496 5129 3736 5187 namque

431 5196 583 5252 illius
605 5198 836 5268 pretiosi
855 5198 1147 5268 sanguinis
1169 5199 1410 5270 pretium
1432 5199 1795 5269 proﬂigatur?
1814 5199 1898 5253 Ad
1927 5199 2032 5253 hoc
2114 5215 2180 5252 eo
2236 5205 2507 5270 tempore,
2559 5208 2622 5255 ut
2665 5210 2722 5256 et
2767 5204 2980 5274 legatos
3031 5205 3366 5274 apostolicae
3425 5207 3580 5260 sedis
3621 5206 3737 5274 ejus

429 5286 608 5356 igitur
630 5287 1011 5342 exhauserunt
1037 5288 1333 5342 thesauros
1361 5304 1491 5341 suos
1521 5294 1708 5356 patres
1731 5288 1927 5354 nostri,
1959 5289 2029 5344 ad
2117 5286 2378 5358 (Ulstani)
2423 5290 2678 5344 electioni
2731 5291 2999 5346 interesse
3038 5293 3500 5349 Armenfredum
3533 5293 3743 5349 scilicet

429 5374 538 5430 hoc
564 5375 732 5431 ﬁscus
769 5376 957 5446 regius
999 5376 1282 5430 distractis
1329 5374 1638 5429 redditibus
1681 5377 1894 5440 multis,
1940 5378 2033 5432 de-
2115 5376 2495 5432 Sedunensem
2541 5379 2883 5451 episcopum,
2930 5388 2987 5436 et
3033 5382 3203 5435 alium
3250 5384 3358 5452 qui
3400 5401 3438 5437 a
3483 5385 3555 5439 D.
3601 5395 3742 5453 papa

428 5462 681 5518 tumuit?
727 5462 799 5517 ad
838 5463 943 5518 hoc
984 5463 1231 5517 ecclesiis
1271 5461 1478 5517 Christi
1507 5478 1691 5532 agros,
1724 5469 1782 5518 et
1810 5480 2028 5535 posses-
2108 5465 2423 5521 Alexandro
2470 5485 2570 5538 pro
2629 5469 2910 5540 responsis
2965 5470 3372 5526 ecclesiasticis
3419 5473 3496 5526 ad
3550 5484 3743 5542 regem

431 5549 618 5606 siones
663 5551 868 5622 regalis
897 5551 1285 5607 munificentia
1321 5551 1542 5619 detulit,
1574 5557 1636 5606 ut
1683 5551 1894 5608 deliciis
1923 5555 2030 5610 cle-
2109 5554 2422 5624 Anglorum
2440 5556 2762 5613 Eduardum
2775 5557 2931 5614 missi
2943 5559 3098 5629 regio
3112 5565 3412 5632 praecepto
3429 5559 3746 5632 Wigornias
