3864 6176
155 319 228 377 557

1131 314 1208 368 ΙΝ
1247 314 1467 370 EPIST.
1510 313 1574 368 Β.
1616 312 2030 369 LANFRANCI
2067 312 2308 369 NOTIE.

3256 313 3359 374 558

155 461 226 516 per
245 447 397 497 totam
431 439 548 493 fere
577 435 1077 506 Quadragesimam
1106 438 1362 510 degebat,
1388 461 1408 490 ι
1438 446 1541 494 etc.
1575 439 2063 500 Ro-Asubtilibus
2082 436 2444 500 indumentis,
2460 442 2516 492 et
2529 437 3092 509 indifferentigenere
3105 439 3357 496 ciborum

153 550 276 603 geras
316 529 592 589 Hoveden,
624 527 694 580 ad
744 543 836 579 an.
893 526 994 579 Ch.
1056 526 1192 584 1070
1242 547 1252 580 :
1305 549 1329 581 ‹‹
1382 529 1686 584 Przedictus

1812 530 2019 600 agulam
2066 526 2442 581 ludiﬁcabant.
2501 527 2814 597 Optimates
2860 529 3006 598 gulae
3063 535 3120 583 et
3171 527 3359 584 veneri

155 619 433 675 Sedunensis
460 618 748 687 episcopus
778 616 1055 685 synodum
1101 618 1300 682 tenuit,
1333 618 1391 672 in
1431 635 1540 688 qua
1571 620 1688 672 An-

155 711 334 780 gelricus
361 723 471 760 non
505 704 766 759 canonice
798 705 1266 774 degradabatur,»
1297 713 1398 760 etc.
1420 707 1518 761 His
1552 707 1689 761 asti-

1769 619 1963 681 dediti,
1989 617 2276 672 ecclesiam
2325 632 2480 670 more
2515 616 2676 670 solito
2708 633 2821 671 non
2868 617 3133 681 adibant,
3174 619 3272 672 sed
3303 620 3363 673 in

1770 706 2020 761 cubiculo
2060 711 2115 760 et
2154 705 2301 758 inter
2356 704 2580 759 uxorios
2625 705 2912 776 amplexus
2954 706 3366 760 matutinorum

153 799 324 870 pulatur
342 795 586 850 Orderic.
609 793 710 847 lib.
735 807 808 856 Iv,
835 810 962 863 pag.
990 791 1114 850 516.
1145 795 1318 849 Porro
1344 817 1364 845 ι
1402 797 1691 850 Sedunum
1773 795 2047 850 solemnia
2077 800 2134 848 et
2161 794 2459 848 missarum
2480 809 2515 847 a
2541 792 2840 848 festinante
2863 793 3189 866 presbytero
3222 795 3368 848 auri-

158 890 288 956 (cujus
313 884 564 938 meminit
589 882 704 936 Jul.
756 882 962 946 Caesar,
1008 883 1078 937 de
1124 884 1260 938 Bell.
1313 884 1434 939 Gal.
1469 885 1565 939 lib.
1605 899 1690 950 III,
1774 884 1879 939 bus
1927 889 2151 939 tantum
2205 881 2477 936 libabant.
2529 881 2744 952 Vulgus
2784 883 2841 936 in
2881 883 3064 938 medio
3120 884 3370 954 positum

157 975 320 1046 cap.1,i
342 973 681 1044 praecipuum
704 970 972 1041 oppidum
999 972 1353 1026 Sedunorum
1380 979 1487 1038 est,
1503 974 1560 1027 in
1585 989 1694 1043 quo
1774 974 1966 1044 praeda
1993 979 2116 1028 erat
2163 970 2591 1044 potentioribus,
2634 976 2700 1024 ut
2726 971 2812 1024 vel
2845 986 3040 1025 eorum
3085 973 3370 1028 exhaustis

160 1065 422 1134 episcopum
451 1060 820 1124 constituunt,
867 1059 961 1129 qui
1004 1061 1230 1131 regioni
1250 1067 1314 1115 ut
1343 1062 1600 1133 princeps
1639 1066 1697 1116 et
1778 1061 2126 1127 substantiis,
2183 1060 2270 1114 vel
2327 1060 2494 1114 etiam
2564 1059 2890 1131 corporibus
2954 1059 3011 1114 in
3069 1061 3375 1133 longinqua

162 1151 514 1206 ecclesiasticus
534 1148 737 1219 praesul
759 1153 954 1213 3:56
979 1149 1239 1220 imperat,
1274 1150 1462 1204 liberis
1485 1156 1695 1213 tamen,

1781 1151 2084 1214 distractis,
2133 1165 2358 1204 acervos
2389 1149 2784 1203 thesaurorum
2813 1155 3196 1219 congererent.
3231 1149 3376 1205 Illud

166 1258 245 1294 non
266 1239 447 1304 servis;
472 1237 612 1291 nihil
642 1237 791 1290 enim
821 1236 1040 1307 publice
1065 1239 1184 1308 agit
1210 1238 1419 1310 absque
1448 1238 1701 1293 omnium
1785 1247 1907 1295 erat
1935 1258 1968 1294 a
1999 1244 2204 1294 natura
2237 1237 2563 1304 abhorrens,
2589 1238 2736 1308 quod
2771 1237 2933 1292 multi
2979 1238 3207 1293 ancillas
3248 1256 3380 1294 suas

168 1331 319 1384 civium
341 1343 629 1382 consensu.
663 1346 691 1378 io
725 1327 853 1380 Haec
875 1327 1146 1381 Henricus
1170 1327 1524 1382 Glarenusin
1555 1328 1703 1380 idem
1786 1346 1851 1384 ex
1883 1345 1942 1382 se
1986 1327 2265 1398 gravidas,
2306 1326 2402 1381 ubi
2445 1325 2682 1380 lubidini
2728 1326 3146 1392 satisfecissent,
3180 1333 3280 1382 aut
3309 1330 3380 1384 ad

168 1416 542 1488 caputCazsaris.
559 1415 628 1470 Et
640 1415 956 1486 Raymund.
977 1416 1704 1486 Marlian.inDescriptione
1788 1417 2071 1489 publicum
2102 1415 2490 1487 prostibulum.
2518 1421 2618 1470 aut
2645 1415 2715 1468 ad
2735 1421 3028 1470 externum
3050 1417 3385 1488 obsequium

173 1513 366 1560 veterum
417 1504 612 1558 Gallia:
665 1504 912 1556 locorum
957 1521 968 1555 :
1019 1523 1040 1554 ι
1090 1505 1332 1569 Sedusii,
1374 1506 1458 1559 vel
1497 1503 1708 1559 Seduni
1789 1505 2216 1569 venditabant,»
2242 1510 2347 1558 etc.
2375 1504 2483 1558 Sed
2503 1509 2695 1558 tamen
2725 1504 3174 1576 archiepiscopus
3195 1514 3387 1564 noster

173 1591 616 1667 populi,Helvetiis
645 1597 703 1646 et
725 1609 824 1662 pro
853 1597 1010 1662 parte
1041 1593 1212 1647 Celtis
1240 1600 1703 1657 annumerantur,
1791 1595 1849 1649 in
1879 1600 1995 1648 tam
2039 1600 2197 1648 tetra;
2226 1593 2403 1648 noctis
2438 1592 2779 1647 obscuritate
2810 1593 3095 1665 densaque
3123 1597 3382 1668 caligine,

178 1685 239 1738 vel
281 1685 459 1737 saltem
505 1684 586 1736 eis
622 1688 756 1735 sunt
803 1681 1046 1746 ﬁnitimi,
1103 1682 1363 1753 ipsosque
1407 1682 1734 1753 Rhodanus,
1791 1683 1944 1738 velut
1987 1683 2390 1737 lucidissimum
2435 1682 2589 1736 sidus
2637 1682 2866 1748 effulsit,
2908 1698 3018 1752 quo
3058 1685 3386 1742 universum

179 1775 331 1827 ﬂuvius
365 1773 579 1842 irrigat.
610 1771 817 1825 Civitas
860 1777 947 1824 est
993 1752 1340 1842 episcopalis.
1373 1752 1774 1826 TarentesizeB
1794 1773 2173 1826 illustraretur
2194 1771 2564 1841 Anglicanum
2592 1787 2850 1841 regnum,
2873 1772 3204 1842 ignorantiae
3232 1775 3392 1831 vitio-

173 1863 321 1916 latine
344 1878 542 1916 nomen
570 1860 838 1914 retinens.
867 1879 889 1910 ›
914 1861 989 1912 At
1015 1876 1144 1914 vero
1176 1860 1483 1914 Marlianus
1502 1864 1714 1930 postreo

173 1952 250 2004 mis
271 1951 400 2005 hisce
443 1949 628 2004 verbis
664 1949 1061 2013 hallucinatur,
1104 1964 1232 2002 nam
1260 1948 1584 2003 Tarentesia
1617 1964 1710 2002 ar-

169 2040 556 2110 chiepiscopatus
613 2045 716 2101 est,
755 2055 876 2108 quae
926 2043 983 2091 et
1033 2038 1437 2092 Monasterium
1484 2037 1708 2103 dicitur,

170 2129 289 2198 vulgo
318 2131 588 2192 Moustier,
624 2127 714 2181 cui
744 2126 939 2181 subest
965 2126 1305 2180 Sedunensis
1335 2126 1708 2198 episc0patus.

173 2217 401 2272 Sedunum
432 2217 649 2271 Gallica
677 2215 790 2269 sive
819 2215 1136 2270 Sabaudica
1177 2216 1372 2285 lingua
1398 2216 1534 2271 Sion
1567 2231 1712 2269 nun-

175 2313 377 2377 cupatur.
731 2351 735 2353 -

221 2395 458 2448 Hubertus
488 2393 548 2448 S.
580 2395 638 2448 Η.
669 2393 734 2447 Ε.
768 2393 1097 2447 cardinalis.
1131 2393 1312 2456 Quem
1359 2393 1418 2446 S.
1453 2390 1722 2446 Lanfran-

175 2497 245 2534 cus
283 2482 498 2552 epistola
539 2482 592 2545 9,
627 2480 1033 2536 subdiaconum
1077 2482 1340 2552 appellat.
1379 2480 1723 2552 Subscripsit

174 2570 347 2624 decreto
387 2571 452 2625 de
484 2570 734 2641 primatu
789 2569 1213 2624 Cantuariensis
1259 2569 1515 2624 Ecclesiae
1555 2586 1725 2640 super

175 2656 528 2714 Eboracensem
584 2659 752 2714 facto.
807 2659 936 2712 Vita
979 2659 1040 2712 B.
1091 2658 1386 2713 Lanfranci
1427 2674 1554 2729 cap.
1638 2657 1720 2724 ll,

176 2763 271 2816 pag.
304 2748 373 2812 l3,
402 2755 458 2802 et
509 2748 683 2802 Guill.
721 2747 1085 2801 Malmesbur.
1129 2749 1198 2802 de
1255 2747 1459 2802 Pontif.
1518 2747 1722 2817 Anglo.

178 2835 246 2887 lib.
270 2850 301 2889 ι.
325 2837 620 2908 Legatione
648 2836 906 2907 fungitur
956 2837 1106 2890 idem
1138 2836 1424 2890 IIubertus
1467 2835 1726 2906 Gregorii

178 2940 272 2993 pap.
325 2940 391 2980 vu
435 2926 663 2980 nomine
721 2927 777 2978 in
839 2926 1133 2979 Britannia
1189 2925 1411 2988 minori,
1473 2925 1606 2981 libr.
1671 2941 1720 2986 v,

1795 1876 2033 1931 rumque
2063 1859 2309 1915 tenebrae
2338 1859 2765 1930 dissiparentur.

1876 1952 2160 2018 Vitamque
2189 1950 2536 2004 coenobiatcm
2565 1965 2734 2018 quam
2762 1965 2876 2018 pra
2905 1954 3162 2008 omnibus
3190 1953 3386 2023 diligo.

1795 2039 1921 2094 Non
1951 2037 2158 2092 mirum
2184 2037 2259 2092 sit
2280 2041 2395 2090 tam
2421 2036 2708 2108 impendio
2737 2040 3395 2109 magnumLanfrancum

1796 2127 2034 2182 delectet
2061 2127 2174 2181 vita
2199 2126 2530 2192 monastica,
2563 2143 2731 2197 quam
2763 2133 2821 2183 et
2844 2129 2986 2184 adeo
3014 2131 3274 2202 religiose
3303 2149 3394 2190 co-

1796 2216 2042 2282 luerunt,
2076 2215 2289 2286 totique
2310 2231 2431 2270 sese
2465 2214 2809 2272 devoverunt
2835 2217 3111 2288 primores
3137 2220 3396 2277 Ecclesia

1804 2305 2092 2361 catholicae
2116 2304 2298 2360 sancti
2327 2304 2608 2370 doctores,
2638 2321 2878 2376 magnus
2899 2307 3158 2376 Basilius,
3180 2310 3398 2382 Grego-

1802 2392 1919 2447 rius
1943 2391 2680 2464 theologus,'Hieronymus.
2702 2395 3072 2465 Augustinus,
3095 2397 3402 2469 Gregorius

1804 2483 2059 2552 Magnus,
2087 2480 2434 2552 Augustinus
2461 2482 2678 2552 Anglia
2704 2484 3016 2554 apostolus,
3039 2490 3099 2540 et
3123 2486 3236 2542 illis
3264 2488 3404 2544 infe-

1806 2571 1981 2624 riores
2029 2571 2181 2624 Beda
2220 2568 2587 2636 Venerabilis,
2620 2569 2885 2625 Rabanus
2916 2572 3167 2638 Maurus,
3202 2576 3402 2631 Ansel-

1809 2676 1952 2724 mus,
1984 2659 2323 2725 Bernardus,
2345 2661 2403 2712 et
2429 2657 2525 2712 alii
2554 2674 2696 2729 pene
2725 2658 3031 2716 innumeri.
3058 2663 3200 2717 Hinc
3220 2664 3403 2736 Chry-

1808 2755 2106 2813 sostomus,
2139 2747 2334 2802 homil.
2376 2745 2446 2802 70
2485 2747 2542 2801 in
2573 2763 2694 2819 cap.
2749 2762 2863 2803 xxii
2911 2749 3111 2805 Matth.
3151 2771 3165 2806 :
3210 2773 3232 2803 ι
3275 2753 3404 2808 Non

1807 2838 1946 2892 caelo
1987 2836 2314 2891 diverticula
2351 2835 2755 2890 monachorum
2806 2837 3028 2892 minora
3074 2839 3406 2897 aestimanda

1812 2932 1944 2980 sunt
1968 2945 1979 2992 ;
2013 2925 2198 2996 angeli
2226 2940 2449 2994 nempe,
2485 2923 2600 2978 imo
2627 2940 2755 2979 vero
2784 2925 2905 2996 ipse
2935 2943 3157 2999 quoque
3181 2930 3408 3000 angelo-

181 3013 304 3081 epist.
351 3015 414 3070 22
470 3015 727 3086 ejusdem
775 3015 1047 3084 Gregorii.
1081 3015 1283 3069 Missus
1315 3015 1486 3068 etiam
1533 3020 1620 3068 est
1655 3013 1727 3067 ad
1746 3068 1784 3086 η
1810 3031 1936 3069 rum
1957 3015 2246 3076 Dominus,
2263 3013 2334 3066 ad
2356 3029 2451 3067 eos
2470 3029 2601 3084 sepe
2619 3030 2857 3069 numero
2873 3015 3247 3072 divertuntur.
3269 3025 3406 3077 tetc.

179 3100 308 3155 Guill.
329 3105 536 3173 Angliae
564 3120 775 3174 regem,
803 3102 1091 3174 episcopos
1113 3120 1183 3157 ne
1214 3104 1450 3158 Romam
1470 3096 1786 3174 peterent“
1807 3100 1877 3154 Et
1905 3099 2096 3153 homil.
2127 3096 2195 3154 59
2220 3098 2291 3153 ad
2322 3097 2592 3169 populum
2619 3099 3030 3155 Antiochenum
3055 3115 3066 3149 :
3093 3124 3118 3150 »
3149 3103 3409 3158 Monachi

180 3191 548 3258 prohibentem;
598 3209 765 3263 quem
796 3193 1212 3246 admonendum
1253 3193 1425 3246 voluit
1474 3208 1728 3246 summus
1811 3193 1943 3242 sunt
1972 3194 2240 3258 tanquam
2276 3187 2424 3241 faces
2461 3186 2530 3241 ab
2558 3187 2772 3243 excelso
2818 3189 2937 3244 loco
2969 3190 3320 3247 venientibus
3345 3192 3406 3248 in

178 3279 372 3345 pontifex
399 3298 498 3352 per
528 3281 866 3335 Hubertum.
898 3281 994 3334 lib.
1027 3297 1121 3344 vn,
1159 3297 1246 3351 ep.
1281 3288 1293 3334 t
1331 3300 1344 3347 ;
1380 3297 1568 3351 regem
1603 3295 1729 3334 vero
1813 3283 1978 3348 portu
2008 3277 2285 3342 sedentes,
2319 3281 2375 3330 et
2406 3292 2600 3330 omnes
2629 3277 2700 3331 ad
2742 3293 2901 3333 suam
2932 3279 3220 3335 trahentes
3248 3286 3409 3337 tran-

180 3370 377 3434 pontiﬁci
396 3370 741 3442 acquievisse
764 3369 1065 3441 epistol.25
1089 3370 1341 3440 ejusdem
1363 3369 1457 3424 lib.
1475 3369 1547 3423 ad
1570 3369 1731 3423 illum
1817 3365 2171 3438 quillitatem,
2205 3381 2386 3436 neque
2441 3364 2688 3421 sinentes
2725 3367 2847 3421 fieri
2900 3369 3195 3439 naufragia
3229 3370 3302 3424 ad
3347 3386 3408 3427 se

184 3453 412 3512 destinata
439 3459 611 3513 ﬁdem
638 3458 792 3512 facit.
1814 3453 2196 3524 respicientes,
2220 3471 2284 3509 eo
2313 3459 2642 3510 contuentes
2667 3455 2726 3510 in
2762 3455 3009 3513 tenebris
3033 3474 3146 3513 non
3173 3459 3411 3529 permit-

232 3547 720 3616 Episcopi,abbates,
749 3553 854 3601 etc.
885 3547 966 3601 De
986 3547 1152 3601 hocce
1179 3551 1476 3613 conventu,
1501 3547 1731 3602 consule
1815 3547 1998 3597 tentes
2041 3543 2268 3597 versari.
2302 3563 2327 3594 ι

183 3634 450 3701 predictam
477 3636 670 3689 Vitam
700 3637 819 3690 loco
849 3636 1020 3690 citato
1051 3652 1177 3707 pag.
1211 3635 1304 3689 12.
1893 3631 1952 3686 Ut
1985 3637 2191 3686 taceam
2233 3635 2439 3690 multa.
2474 3632 2562 3687 Ita
2600 3631 2836 3689 forsitan
2866 3652 2992 3708 quae
3024 3639 3237 3709 profert
3275 3641 3410 3698 Milo

234 3723 299 3776 Ea:
328 3729 628 3794 apostolicae
643 3727 783 3779 sedis
806 3729 1152 3778 auctoritate.
1189 3725 1282 3779 Uti
1311 3725 1482 3779 refert
1503 3723 1735 3778 Eadme-
1816 3719 2108 3790 Crispinus
2135 3719 2193 3774 in
2223 3720 2353 3774 Vita
2380 3737 2502 3793 cap.
2544 3720 2633 3788 11,
2665 3740 2795 3794 pag.
2831 3741 2890 3780 ιι.
2925 3728 3239 3798 Ipsummet
3276 3732 3410 3787 Ale-

185 3825 253 3862 nus
296 3812 599 3868 Lanfranco
642 3813 892 3883 aequalis,
942 3812 1149 3866 Hister.
1212 3829 1481 3866 novorum
1524 3811 1651 3866 libr.
1686 3825 1726 3877 Ι,
1814 3808 2108 3874 xandrum,
2130 3807 2387 3864 videlicet
2415 3811 2471 3864 S.
2504 3810 2823 3878 Lanfranci,
2847 3814 3068 3871 scholas
3091 3817 3251 3873 Becci
3279 3835 3409 3875 cum

184 3913 278 3968 pag.
302 3899 330 3954 6
360 3920 372 3954 :
406 3921 428 3952 σι
467 3901 534 3955 In
567 3901 738 3970 hujus
781 3899 1101 3968 (Guillelmi)
1135 3900 1291 3970 regni
1323 3916 1470 3954 anno
1501 3897 1552 3965 5,
1584 3899 1732 3954 Lan-
1813 3897 1994 3951 adhuc
2041 3902 2276 3963 teneret,
2328 3898 2643 3954 auditorem
2681 3901 2978 3958 exstitisse.
3031 3905 3408 3978 Posteaquam

185 3983 361 4042 frausus
387 3989 758 4044 Cadomensis
785 3989 1021 4042 ccenobii
1050 3988 1241 4051 abbas,
1274 3989 1358 4042 vir
1385 3994 1649 4043 strenuus
1678 3992 1735 4041 et
1815 3985 1964 4040 enim
1979 3986 2290 4040 Lanfranco
2314 4003 2518 4056 papam
2545 3990 2918 4045 assurrexisse
2948 3992 3178 4047 honoris
3197 3996 3403 4065 gratia,

184 4072 421 4132 indivinis
460 4086 638 4149 atque
684 4078 945 4131 humanis
984 4077 1150 4132 rebus
1181 4077 1473 4132 excellenti
1501 4075 1734 4131 scientia
1817 4076 2006 4130 Romae
2046 4075 2289 4145 degenti,
2326 4077 2626 4142 enarravit,
2682 4079 2827 4132 tanti
2865 4079 3093 4136 honoris
3131 4083 3409 4140 rationem

184 4165 418 4232 pneditus,
452 4167 722 4238 Angliam
758 4185 821 4221 ex
849 4173 1124 4239 prmoepto
1155 4168 1379 4222 Domini
1407 4184 1564 4238 papae
1603 4166 1734 4220 Ale-
1817 4162 1999 4217 adfert
2022 4163 2108 4216 his
2137 4163 2319 4217 verbis
2353 4181 2364 4216 :
2401 4182 2427 4216 α
2458 4165 2601 4219 Tum
2625 4182 2728 4236 pro
2751 4183 2854 4222 sua
2878 4184 3086 4239 magna
3112 4171 3407 4241 religione,

185 4251 354 4318 mntiri,
393 4259 450 4308 et
498 4255 757 4326 praedicti
809 4256 975 4325 regis,
1010 4256 1270 4323 advenit;
1319 4261 1377 4310 et
1405 4272 1580 4326 pauco
1610 4259 1736 4326 post
1817 4258 1876 4306 et
1903 4251 2174 4306 eminenti
2204 4252 2454 4316 scientia,
2499 4259 2620 4308 tum
2651 4255 2783 4325 quia
2811 4272 2940 4312 cum
2987 4265 3134 4313 esset
3172 4260 3231 4314 in
3263 4261 3411 4316 Nor-

187 4340 385 4408 tempore
424 4344 974 4415 archiepiscopatum
1017 4345 1482 4399 Cantuariensem
1531 4341 2063 4443 regeri-Dmannia,
2099 4342 2384 4396 venientes
2416 4343 2673 4398 Ecclesiae
2714 4345 3002 4401 ministros
3046 4348 3409 4420 suscipiebat,

190 4422 238 4443 ΑΙ-
505 4432 540 4443 .-
1860 4436 1868 4443 .
2066 4429 2079 4443 ι
2345 4421 2361 4431 ⁸
2673 4431 2683 4442 ι
2890 4438 2896 4443 .
2963 4434 2999 4443 .-
3141 4436 3154 4443 -

185 4422 285 4481 dum
310 4432 569 4503 suscepit.
602 4449 626 4484 υ

237 4516 561 4590 Tantumque
581 4528 786 4576 sanctae
815 4523 1065 4576 Ecclesia:
1093 4539 1300 4576 casum.
1329 4521 1419 4577 Sic
1448 4522 1736 4588 nimirum,

183 4601 225 4657 in
246 4607 351 4662 aliis
378 4618 648 4665 constans
677 4616 847 4681 atque
872 4611 1162 4678 infractus,
1200 4611 1561 4682 premebatur
1591 4612 1746 4682 ﬂagi-

185 4694 253 4746 dis
273 4713 382 4766 qua
407 4701 464 4753 in
511 4701 696 4754 Deum
745 4708 803 4754 et
833 4701 1130 4754 Ecclesiam
1161 4701 1647 4772 perpetrabantur,
1678 4706 1744 4755 ut

187 4781 292 4837 nihil
313 4788 472 4857 plane
503 4794 657 4842 esset
684 4789 832 4860 quod
865 4791 987 4860 ejus
1018 4789 1268 4844 dolorem
1309 4790 1568 4856 allevare,
1600 4789 1742 4844 nihil

186 4874 298 4938 C{eod
323 4878 440 4946 ejus
469 4877 530 4932 in
576 4879 751 4932 Deum
805 4879 984 4933 zelum
1034 4884 1351 4950 temperare
1398 4884 1610 4950 posset.
1656 4878 1742 4932 Ad

187 4958 330 5016 Vivum
357 4967 604 5020 nefanda
631 4967 870 5021 crimina
914 4967 1072 5039 queis
1127 4974 1290 5022 erant
1337 4967 1582 5022 obvoluti
1633 4967 1740 5021 illis

186 5053 488 5121 temporibus
518 5057 868 5127 Angligenae,
887 5057 1152 5128 exprimit
1173 5058 1230 5112 S.
1263 5056 1425 5111 Beda;
1452 5055 1744 5110 continua-

187 5145 265 5199 ιον,
291 5143 380 5196 lib.
410 5159 471 5209 ιι,
504 5162 610 5215 cap
661 5145 752 5202 ιρι
792 5167 811 5196 ι
850 5147 1276 5212 Verumtamen,
1300 5146 1500 5217 inquit,
1529 5146 1748 5200 littera-

189 5239 298 5288 rum,
318 5238 371 5285 et
389 5233 683 5303 religionis
710 5235 896 5289 studia
921 5240 1084 5290 aetate
1115 5234 1449 5306 procedente
1469 5233 1746 5289 obsoleve-

191 5323 306 5378 runt,
331 5337 438 5375 non
486 5324 685 5392 paucis
711 5331 843 5378 ante
883 5324 1184 5379 adventum
1226 5325 1747 5378 Northmannorum

190 5407 331 5460 annis.
359 5411 565 5465 Clerici
613 5413 932 5467 litteratura
963 5414 1331 5468 tumultuaria
1358 5413 1625 5479 contenti,
1656 5411 1747 5466 vix

191 5505 637 5555 “iumentorum
667 5501 834 5557 verba
860 5502 1270 5557 balbutiebant:
1302 5502 1518 5574 stupori
1541 5508 1664 5556 erat
1691 5505 1748 5554 et

191 5579 418 5643 miraculo
437 5590 664 5646 caeteris
683 5591 778 5662 qui
805 5591 1232 5662 grammaticam
1252 5597 1461 5648 nosset.
1486 5589 1745 5647 Monachi

1821 4436 1878 4484 et
1905 4429 2176 4501 quosdam
2198 4421 2361 4501 papae.
2385 4431 2826 4501 consanguineos
2855 4434 3100 4490 studiose
3122 4436 3410 4493 docuerat.

1821 4521 2024 4574 Fertur
2051 4519 2221 4572 etiam
2252 4536 2395 4591 papa
2420 4519 2625 4574 dixisse
2663 4539 2674 4573 :
2714 4521 2841 4576 Non
2867 4522 2993 4577 ideo
3027 4527 3308 4580 assurrexi
3337 4527 3409 4594 ei,

1826 4608 1959 4680 quia
1985 4608 2435 4680 archiepiscopus
2464 4615 2567 4676 est,
2599 4610 2696 4664 sed
2726 4611 2859 4681 quia
2889 4612 3050 4667 Becci
3070 4615 3140 4669 ad
3165 4615 3414 4671 scholam

1825 4697 1942 4766 ejus
1958 4696 2056 4762 fui,
2075 4703 2131 4750 et
2151 4696 2222 4750 ad
2241 4696 2410 4767 pedes
2425 4698 2545 4766 ejus
2568 4714 2695 4752 cum
2711 4699 2836 4753 aliis
2865 4701 3092 4756 auditor
3111 4703 3357 4758 consedi.
3383 4722 3414 4758 ι

1825 4786 1934 4841 Sed
1961 4787 2257 4840 audiamus
2285 4791 2487 4840 testem
2514 4787 2852 4858 locupletem
2881 4790 3239 4860 Eadmerum,
3271 4793 3415 4849 Hist.

1823 4875 1919 4929 lib.
1947 4893 1984 4939 1,
2011 4892 2138 4946 pag.
2168 4877 2199 4926 6
2230 4892 2241 4927 :
2282 4895 2305 4925 ιι
2342 4875 2564 4930 Statuto
2595 4877 2684 4931 die
2725 4878 2894 4932 Pater
2936 4879 3304 4949 Lanfrancus,
3334 4883 3417 4936 ait

1822 4963 1936 5030 ille,
1959 4963 2274 5034 apostolicae
2289 4969 2471 5030 33‘!
2492 4964 2639 5019 sedis
2666 4967 2914 5036 pontifici
2936 4970 3248 5026 Alexandro
3279 4990 3417 5043 prm-

1830 5058 2113 5118 sentatur;
2146 5052 2235 5106 cui
2266 5052 2412 5123 quod
2445 5053 2756 5109 Romanam
2789 5057 3093 5113 scientibus
3124 5067 3421 5115 consuetu-

1830 5143 2018 5196 dinem
2044 5143 2186 5195 forte
2204 5142 2408 5195 mirum
2428 5143 2825 5216 videatur,ipse
2847 5163 2992 5218 papa
3014 5148 3081 5201 ad
3104 5166 3162 5202 se
3188 5149 3422 5204 intranti

1828 5248 2147 5301 assurgens,
2169 5248 2317 5297 eum,
2332 5238 2660 5300 utgressum
2676 5236 2890 5304 ﬁgeret,
2915 5235 3152 5289 dulciter
3168 5237 3422 5292 hortatus

1829 5327 1939 5387 est;
1973 5337 2038 5374 ac
2065 5320 2266 5374 deinde
2301 5321 2564 5387 subdens,
2616 5324 2906 5388 honorem,
2938 5323 3141 5393 inquit,
3176 5323 3424 5379 exhibui-

1832 5425 1957 5463 mus
1978 5424 2091 5462 non
2114 5424 2279 5478 quem
2311 5409 2816 5480 archiepiscopatui
2846 5415 2964 5474 tuo,
2985 5410 3082 5463 sed
3113 5427 3279 5481 quem
3311 5428 3426 5467 ma-

1825 5498 2002 5569 gistro
2029 5498 2208 5587 (cujus
2224 5497 2410 5551 studio
2424 5514 2618 5587 sumus
2634 5498 2691 5552 in
2714 5498 2825 5552 illis
2840 5514 2963 5568 quae
2980 5499 3187 5555 scimus
3205 5499 3435 5587 imbuti)

1827 5587 2131 5644 debuimus
2156 5605 2170 5656 ;
2197 5586 2328 5642 hinc
2349 5587 2498 5658 quod
2525 5586 2596 5642 ad
2617 5592 2673 5643 te
2697 5587 2941 5660 pertinet
2955 5587 3031 5644 ob
3059 5586 3437 5650 reverentiam
