3864 6176
503 361 607 419 559
1689 354 1918 409 DOMNI
1965 354 2168 409 LUCAS
2209 353 2570 408 DACHERll.
3623 364 3710 416 550

493 491 556 544 B.
590 487 743 543 Petri
773 490 827 538 te
856 481 1079 552 exsequi
1114 495 1212 550 par
1257 484 1361 532 est.
1397 501 1418 526 ι
1476 479 1604 531 Haec
1629 477 1958 541 Eadmerus,
1989 478 2073 531 cui
2107 478 2309 538 AVen.
2347 479 2506 532 Beda)
2535 479 2920 541 Continuator,
2957 478 3078 530 libr.
3117 496 3184 540 ιιι,
3220 496 3335 549 cap.
3369 479 3460 547 ‘29;
3490 485 3708 538 orderic.

494 577 646 631 haud
695 572 1052 641 refragantur
1084 568 1367 622 Guillelm.
1420 566 1785 620 Malmesbur.
1829 568 1897 620 de
1930 567 2083 621 Gest.
2170 566 2362 630 Vital.,
2385 566 2481 619 lib.
2517 581 2630 630 vni,
2664 583 2790 636 pag.
2830 566 2935 619 682
2973 573 3030 619 et
3057 564 3158 622 683
3212 568 3476 636 Ejusmodi
3513 573 3709 626 calami-

490 665 716 735 Anglor.
749 661 826 716 lib
879 675 962 725 ul,
986 675 1114 729 pag.
1150 655 1310 720 66,n.
1335 653 1406 710 20
1424 656 1667 708 Thomas
1695 655 2078 725 Valsingham,
2167 655 2375 709 tatibus
2408 657 2697 709 consulere
2719 658 2836 724 jam
2863 673 2892 708 e
2933 657 3068 709 vivis
3097 657 3314 710 sublato
3345 659 3402 711 Β.
3438 661 3703 716 Lanfranco

491 754 728 825 Ypodig.
760 752 981 814 Neust.,
1017 764 1108 802 an.
1149 744 1301 811 1070,
1337 751 1395 799 et
1425 745 1540 798 alii.
2164 760 2456 814 perperam
2498 752 2730 798 conatus
2773 744 2837 797 D.
2877 746 3175 798 Ansclmus
3209 753 3398 815 sponte
3434 749 3496 800 ab
3535 751 3706 819 Anglia

467 893 469 895 ,
565 843 652 899 Ad
686 857 774 895 vos
799 842 1045 893 venirem
1063 837 1336 890 vobiscum
1366 837 1429 886 in
1442 836 1676 902 palatio,
1710 839 1816 887 etc.
1851 833 2078 903 Sapien-
2161 832 2433 898 discessit,
2453 833 2715 903 nequitiae
2726 834 2998 902 temporis
3018 834 3238 898 cedens,
3262 842 3476 890 auctore
3497 836 3706 891 Roberto

487 930 767 987 tissimum
791 929 951 998 juxta
979 941 1044 978 ac
1067 923 1450 978 doctissimum
1475 921 1846 975 Lanfrancum
1879 922 2076 992 volupe
2160 921 2456 982 Montensi,
2491 921 2547 973 in
2579 921 2854 975 Chronico
2885 938 2988 974 ms.
3023 939 3153 975 ann.
3190 920 3358 979 1098:
3394 945 3412 974 ι
3447 925 3705 978 Anselmus

487 1036 682 1077 omnes
710 1013 1190 1078 auscultabantur,
1233 1017 1291 1065 et
1332 1011 1615 1081 praesules,
1649 1016 1706 1064 et
1741 1010 1989 1073 abbates,
2023 1016 2079 1063 et
2161 1025 2286 1062 vero
2325 1009 2772 1080 archiepiscopus
2812 1011 3042 1064 recessit
3073 1010 3140 1063 ab
3191 1011 3407 1080 Anglia,
3442 1013 3562 1081 quia
3589 1013 3706 1066 nihil

485 1109 782 1181 principes,
801 1111 858 1159 et
885 1107 1140 1174 potentes
1168 1099 1374 1163 saeculi,
1407 1115 1534 1152 cum
1561 1098 1763 1164 verbis,
1789 1104 1910 1152 tum
1930 1099 2076 1151 litte-
2162 1097 2296 1150 recti
2328 1115 2421 1150 rex
2452 1113 2657 1168 pravus
2681 1100 3045 1167 (Gm‘uelmus)
3074 1099 3128 1151 in
3157 1116 3327 1169 regno
3355 1117 3449 1154 suo
3471 1101 3578 1153 fieri
3605 1118 3706 1170 per-

483 1197 561 1252 ris
585 1197 745 1250 illum
771 1192 842 1248 ad
871 1208 1013 1255 sese,
1043 1206 1152 1260 quo
1177 1190 1298 1258 ejus
1327 1187 1731 1242 consuetudine
1769 1188 1923 1240 nullo
1961 1203 2074 1240 non
2159 1185 2436 1252 mittebat,
2483 1205 2509 1238 »
2558 1193 2662 1240 etc.
2705 1185 3016 1240 Chronicon
3071 1187 3361 1250 Beccense,
3411 1189 3476 1242 ad
3527 1189 3705 1242 calcem

482 1270 738 1356 tempore
761 1285 1073 1345 uterentur,
1107 1277 1330 1331 allicere
1360 1275 1728 1330 conabantur.
1757 1276 1819 1329 Id
1851 1275 1921 1329 ab
1951 1277 2072 1345 ejus
2156 1291 2388 1344 operum
2427 1276 2482 1329 S.
2511 1275 2823 1339 Lanfranci,
2856 1292 2946 1328 an.
2989 1274 3142 1331 1098.

467 1372 790 1444 biographo
810 1370 1018 1425 Milone
1045 1366 1317 1421 asseritur
1346 1381 1518 1435 supra
1544 1381 1665 1435 cap.
1693 1365 1742 1428 5,
1772 1381 1899 1434 pag.
1932 1361 1984 1424 6,
2019 1370 2075 1417 et
2701 1381 2770 1416 AD
2803 1377 3105 1418 EPISTOLAM
3137 1379 3199 1420 ιι.

482 1479 586 1532 cap
642 1460 692 1525 6,
716 1474 849 1530 pag.
883 1457 944 1524 7;
970 1457 1081 1509 imo
1112 1460 1168 1508 et
1191 1453 1506 1507 Alexander
1527 1454 1644 1522 ipse
1675 1453 1906 1522 prmfata
1933 1452 2074 1505 dilu-
2226 1454 2581 1505 Ilermannus
2619 1455 2912 1520 siquidem.
2964 1453 3342 1507 Vintoniensis
3371 1453 3654 1524 episcopus,
3679 1469 3706 1506 e

481 1551 633 1606 cidat
660 1548 864 1602 mirum
891 1546 950 1598 in
977 1544 1206 1597 modum
1233 1542 1470 1612 epistola
1491 1558 1593 1595 sua
1617 1541 1687 1595 ad
1711 1541 2070 1594 Guillelmum
2156 1540 2418 1593 Flandria
2450 1540 2741 1603 oriundus,
2772 1541 2890 1609 regi
2923 1541 3181 1596 Eduardo
3219 1543 3556 1596 sanctissimo
3581 1557 3610 1595 a
3627 1557 3704 1594 sa-

480 1640 948 1706 Conquestorem;
973 1647 1038 1685 eo
1065 1646 1308 1700 namque
1328 1630 1635 1691 admonito,
1651 1634 1715 1683 ut
1741 1629 2072 1683 Christiana;
2154 1629 2261 1682 cris
2289 1629 2396 1682 fuit
2427 1649 2437 1682 :
2473 1630 2735 1682 suffectus
2763 1640 2954 1682 autem
2986 1631 3044 1683 in
3081 1631 3262 1684 locum
3297 1630 3615 1684 Brithuoldi.
3649 1630 3707 1683 Et

477 1724 702 1798 pietatis
731 1721 926 1776 ofﬁciis
950 1735 1172 1773 omnem
1203 1733 1430 1788 operam
1466 1717 1771 1788 impendat,
1795 1716 2072 1770 Ecclesias
2153 1717 2378 1770 tandem
2398 1717 2574 1770 animi
2598 1718 2904 1788 cupiditate
2923 1724 3108 1772 motus
3127 1719 3196 1772 ab
3221 1719 3473 1773 Eduardo
3494 1718 3639 1789 petiit
3654 1723 3707 1770 ut

475 1828 782 1883 earumque
813 1822 1082 1881 personas
1111 1806 1408 1874 defendat;
1437 1805 1516 1859 sic
1544 1806 1612 1858 de
1634 1805 1798 1859 beato
1831 1806 2072 1860 Cantua-
2087 1799 2132 1858 B
2151 1806 2509 1858 Meldunense
2525 1806 2840 1860 coenobium
2858 1807 2965 1860 sibi
2991 1807 3059 1860 ad
3082 1807 3524 1861 constituendam
3544 1806 3708 1860 sedem

477 1903 692 1958 riorum
723 1898 1058 1969 archiepisc.
1094 1897 1296 1950 effatur
1325 1912 1336 1946 :
1378 1916 1398 1943 ιι
1433 1895 1516 1947 Ad
1548 1894 1664 1948 hzec
1693 1894 1865 1963 igitur
1902 1895 2070 1964 perfi-
2153 1894 2498 1959 concederet,
2540 1896 2633 1948 sed
2667 1912 2791 1949 cum
2826 1896 2880 1949 id
2911 1897 3174 1966 consequi
3214 1897 3545 1966 desperaret,
3570 1894 3708 1948 abdi-

476 1991 755 2054 cienda,et
772 1987 1008 2042 aliarum
1030 1985 1300 2038 virtutum
1324 1983 1668 2036 incrementa
1691 1983 2065 2052 percipienda,
2153 1988 2275 2036 cato
2323 1984 2665 2053 episcopatu,
2696 1985 3016 2039 monasticae
3062 1985 3181 2038 vitae
3221 2002 3344 2038 sese
3383 1983 3705 2054 mancipavit.

473 2079 665 2135 fratris
686 2075 862 2131 nostri
894 2071 1636 2129 LanfranciCantuariensis
1669 2071 2068 2141 archiepiscopi
2153 2072 2424 2141 Rogerus.
2485 2073 2685 2126 Annal.
2729 2078 2888 2143 parte
2936 2075 3141 2144 priore,
3175 2074 3246 2126 ad
3302 2090 3390 2126 an.
3443 2073 3538 2126 Ch.
3575 2069 3705 2127 1055.

474 2167 702 2222 monitis
732 2169 790 2219 et
816 2162 1079 2226 consiliis,
1111 2160 1350 2230 gloriam
1378 2165 1616 2213 vestram
1648 2159 1942 2212 hortamur
1970 2175 2062 2212 ac-
2147 2161 2460 2230 Harpsfeld.
2505 2163 2705 2214 saeculo
2762 2177 2837 2223 x1,
2897 2170 2954 2215 et
2993 2162 3277 2223 Guillelm,
3329 2160 3604 2223 Malbesb.,
3652 2159 3711 2212 de

473 2257 778 2329 quiescere.
809 2260 976 2322 qdem
1006 2248 1397 2303 charissimum
1431 2247 1766 2311 membrum,
1799 2253 1855 2300 et
1885 2264 2059 2300 unum
2146 2250 2299 2302 Gest.
2335 2250 2532 2320 pontif.
2576 2250 2670 2303 lib.
2702 2267 2718 2304 ι
2759 2250 3004 2321 episcop.
3040 2249 3612 2312 Schireburnensibus,
3643 2249 3710 2301 ita

472 2362 538 2400 ex
565 2342 762 2416 primis
781 2341 1051 2395 Romanae
1071 2337 1326 2392 Ecclesia:
1365 2336 1493 2390 filiis
1518 2337 1679 2390 lateri
1711 2342 1900 2390 nostro
1930 2337 2063 2390 assi-
2143 2337 2396 2407 depingit
2420 2339 2806 2392 llermannum
2836 2358 2845 2392 :
2875 2359 2900 2388 «
2927 2341 3177 2408 Necdum
3205 2341 3369 2410 plane
3387 2339 3624 2392 initiatus
3637 2353 3711 2390 ex-

467 2435 579 2488 due
606 2447 720 2486 non
757 2430 1084 2500 adjunctum
1116 2442 1236 2480 esse
1266 2426 1520 2479 dolemus
1554 2444 1564 2490 ;
1617 2425 1714 2478 sed
1765 2441 1828 2478 ex
1878 2424 2061 2478 fructu
2143 2427 2337 2496 pulsus
2367 2435 2472 2490 est,
2501 2444 2611 2496 quo
2649 2429 2864 2498 pudore
2893 2430 3153 2482 confusus
3184 2429 3448 2498 Angliam
3479 2426 3709 2496 indigna-

471 2538 637 2595 quem
666 2517 927 2574 Ecclesiae
954 2516 1013 2570 in
1059 2531 1232 2585 regno
1258 2519 1444 2568 vestro
1470 2513 1694 2579 tribuit,
1726 2513 2059 2567 consolatio-

463 2627 594 2667 nem
621 2611 740 2680 ejus
769 2605 1034 2662 absentiae
1055 2603 1357 2659 sumimus.
1392 2625 1418 2652 υ

535 2703 652 2755 Post
684 2701 915 2750 mortem
939 2709 1064 2747 vero
1085 2695 1201 2760 ejus
1232 2707 1326 2744 nec
1350 2707 1558 2759 pacem,
1594 2706 1690 2743 nec
1717 2692 1936 2757 aliquid
1967 2691 2058 2743 bo-

463 2805 628 2845 num.
667 2782 926 2840 Praedicit
964 2781 1049 2835 vir
1076 2785 1302 2835 sanctus
1333 2795 1455 2849 qua:
1482 2784 1706 2832 mortuo
1756 2779 2055 2832 Guillelmo

459 2871 862 2948 ConquestOre,
894 2876 953 2926 et
989 2875 1260 2940 regnante
1306 2867 1450 2922 Rufo
1481 2869 1600 2935 ejus
1631 2867 1746 2920 ﬁlio
1779 2867 2055 2937 pullulare

461 2967 668 3022 iterum
697 2977 912 3032 coepere
938 2959 1104 3025 mala,
1136 2957 1302 3012 citius
1329 2955 1567 3009 dixerim
1598 2962 1654 3009 et
1679 2955 1925 3025 grassari
1958 2973 2056 3026 per

2145 2513 2364 2569 bundus
2393 2515 2637 2586 reliquit.
2672 2517 2788 2570 Nec
2811 2517 2985 2571 multo
3014 2524 3138 2586 post
3161 2517 3495 2587 mgritudine
3538 2515 3710 2568 admo-

2143 2609 2310 2658 nente
2349 2604 2533 2667 simul,
2556 2611 2614 2658 et
2643 2606 2942 2675 quodquod
2964 2606 3256 2660 Saecularia
3289 2622 3482 2676 parum
3514 2619 3711 2675 prospe-

2143 2694 2424 2753 raverunt,
2459 2689 2697 2743 fortuna;
2721 2690 2897 2743 iratus
2929 2691 3136 2744 mundo
3167 2691 3528 2750 renuntiavit,
3546 2703 3712 2741 mona-

2137 2777 2273 2831 chus
2311 2778 2458 2847 apud
2507 2779 2562 2832 S.
2619 2779 2910 2832 Bertinum
2953 2779 3148 2833 factus.
3189 2781 3319 2843 Sed,
3354 2785 3417 2832 ut
3446 2779 3555 2833 fere
3583 2777 3640 2830 fit
3663 2776 3714 2828 in

2137 2865 2360 2930 talibus,
2383 2867 2678 2937 repentino
2707 2867 2801 2920 illo
2823 2868 3036 2937 impetu
3063 2868 3356 2938 religionis
3385 2868 3709 2938 frigescente,

2139 2955 2196 3007 in
2226 2955 2344 3008 dies
2364 2955 2421 3008 in
2449 2955 2708 3025 Angliam
2729 2956 2969 3010 reditum
3007 2956 3410 3011 meditabatur.
3435 2957 3716 3010 Afflaverat

463 3053 732 3124 Angliam
763 3048 1079 3103 universam
1123 3050 1292 3116 atque
1320 3043 1830 3105 Northmanniam;
1864 3042 2056 3096 isthaac
2082 3043 2416 3124 "secundus
2463 3060 2655 3097 rumor
2692 3061 2857 3098 aures
2896 3047 3014 3115 ejus
3054 3046 3374 3099 Alwoldum
3419 3045 3714 3114 episcopum

457 3114 721 3216 graphice
741 3153 894 3192 more
914 3153 1018 3190 suo
1038 3114 1502 3188 Bibliothecarius
1521 3132 1769 3186 Malmes.
1789 3132 2056 3202 perstrin-
2075 3114 2118 3173 Ο
2143 3131 2673 3186 Schireburnensem
2705 3114 2932 3187 obiisse.
2979 3135 3046 3187 Et
3067 3135 3187 3202 jam
3221 3133 3541 3196 Godwinus,
3569 3146 3717 3201 quem

457 3231 567 3302 git.
611 3251 636 3280 ι
669 3229 786 3282 Hoc
815 3230 1041 3280 auctore
1063 3223 1383 3283 (Guillelmo
1411 3223 1662 3286 secundo)
1694 3220 1837 3273 sacri
1869 3221 2054 3273 Eccle-

457 3319 670 3373 siarum
698 3317 938 3369 honores
967 3311 1204 3366 mortuis
1243 3308 1562 3380 pastoribus
1594 3325 1808 3362 vaenum
1844 3309 2007 3362 locati
2037 3328 2052 3362 :

457 3406 654 3462 audita
666 3418 910 3472 namque
927 3405 1106 3454 morte
1127 3397 1430 3468 cujuslibet
1450 3397 1694 3467 episcopi
1715 3397 1798 3450 vel
1816 3397 2052 3477 abbatis,

457 3493 749 3550 confestim
796 3490 1031 3544 clericus
1076 3486 1225 3556 regis
1264 3484 1687 3545 admittebatur,
1721 3485 1816 3555 qui
1866 3487 2055 3539 omnia

455 3584 685 3638 inventa
721 3579 928 3650 scripto
978 3576 1274 3646 exciperet,
1310 3590 1617 3644 omnesque
1669 3575 1727 3627 in
1764 3580 2049 3643 posterum

458 3671 710 3727 redditus
728 3670 861 3723 fisco
880 3666 1034 3735 regio
1049 3663 1300 3718 inferret.
1321 3664 1543 3716 Interea
1563 3663 2052 3733 quaerebaturquis

455 3761 690 3815 idoneus
717 3759 838 3812 loco
867 3753 1116 3809 defuncti
1144 3751 1602 3813 substitueretur,
1647 3768 1754 3805 non
1809 3769 1908 3822 pro
1940 3769 2055 3806 mo-

456 3865 584 3904 rum
603 3848 700 3902 sed
731 3862 830 3919 pro
860 3858 1218 3899 nummorum
1243 3841 1650 3911 experimento.
1692 3840 2048 3911 Dabaturque

455 3939 682 3993 tandem
716 3937 915 3999 honor,
947 3938 1009 3985 ut
1039 3931 1120 3984 ita
1147 3929 1350 3988 dicam,
1385 3929 1587 3993 nudus,
1623 3945 1828 3997 magno
1859 3935 2048 3983 tamen

456 4033 706 4100 emptus.
744 4025 874 4079 Haec
902 4039 966 4077 eo
994 4020 1314 4090 indigniora
1340 4018 1693 4076 videbantur,
1725 4018 1871 4088 quod
1903 4025 2046 4072 tem-

2139 3221 2496 3274 vehementer
2522 3221 2773 3282 timebat,
2815 3222 3174 3287 discesserat;
3206 3222 3471 3293 filiusque
3500 3223 3614 3290 ejus
3640 3235 3717 3271 vo-

2139 3308 2339 3362 luntati
2371 3309 2536 3378 regis,
2571 3316 2626 3363 et
2649 3310 2705 3362 in
2751 3311 2854 3363 hoc
2883 3315 2938 3363 et
2967 3311 3022 3363 in
3053 3310 3179 3363 aliis
3210 3314 3542 3364 accesserat.
3573 3309 3719 3362 Acoe-

2138 3397 2222 3468 pit
2235 3414 2366 3467 ergo
2392 3400 2746 3452 Hermannus
2760 3399 3299 3453 Schireburnensem
3327 3404 3512 3464 339
3531 3397 3718 3468 episco-

2139 3491 2330 3555 patum
2346 3489 2627 3555 integrum
2648 3505 2773 3541 cum
2795 3487 2973 3541 tribus
2993 3488 3150 3558 pagis
3164 3488 3434 3542 Eduardo
3455 3502 3579 3557 rege
3592 3485 3714 3538 dan-

2134 3581 2211 3641 te,
2243 3576 2643 3646 vivacitateque
2668 3577 2753 3630 sui
2784 3577 2995 3630 datoris
3023 3593 3202 3631 annos
3231 3577 3629 3632 transcendens
3654 3572 3715 3626 ad

2135 3666 2417 3719 Guillelmi
2435 3672 2688 3736 tempora
2707 3665 2946 3729 duravit,
2963 3665 3066 3718 sub
3079 3683 3189 3736 quo
3204 3666 3463 3722 tribunal
3483 3665 3551 3718 ad
3568 3677 3716 3718 suum

2135 3755 2422 3808 transtulit
2469 3754 2864 3808 Schireburnia
2894 3754 3295 3821 Salesberiam,
3335 3776 3357 3805 ι
3402 3763 3508 3808 etc.
3551 3754 3717 3807 Haeret

2133 3844 2379 3912 profecto
2403 3844 2642 3906 animus,
2660 3849 2717 3896 et
2735 3843 2828 3896 ubi
2842 3843 3037 3914 pedem
3061 3842 3239 3913 figere
3261 3844 3501 3898 debeam
3517 3843 3712 3912 ignoro.

2131 3932 2515 3986 Lanfrancone
2549 3933 2679 3986 testi
2714 3933 2956 4001 oculato,
2986 3932 3114 4001 quid
3153 3933 3548 3987 llermannum
3581 3931 3718 3984 intus

2131 4026 2185 4072 et
2216 4020 2273 4073 in
2304 4026 2429 4073 cute
2465 4020 2951 4090 (quemadmodum
2984 4020 3082 4073 illa
3110 4036 3176 4073 ex
3210 4022 3457 4092 epistola
3479 4032 3715 4089 comper-

2130 4113 2248 4160 tum
2289 4107 2544 4167 habetur;
2579 4108 2786 4177 optime
2824 4114 3072 4171 noverat,
3102 4108 3280 4162 ﬁdem
3322 4108 3716 4180 praestabimus,

454 4134 592 4192 pore
618 4115 794 4188 patris
821 4117 949 4184 post
977 4111 1262 4164 decessum
1294 4108 1536 4178 episcopi
1559 4108 1642 4160 vel
1661 4107 1901 4168 abbatis,
1932 4123 2048 4160 om-

452 4225 553 4263 nes
586 4204 840 4260 redditus
893 4201 1112 4270 integre
1141 4196 1622 4261 custodiebantur,
1655 4196 2045 4250 substituendo
2128 4211 2198 4248 an
2233 4212 2358 4248 vero
2385 4195 2887 4260 Malmesburiensi,
2921 4196 3156 4266 aliisque
3177 4198 3476 4252 nonnullis
3505 4195 3719 4265 scripto-

451 4285 2042 4369 pastoriresignandi,eligebanturquepersonaareligionis
2126 4284 2302 4348 ribus,
2338 4285 2408 4338 ad
2439 4302 2678 4355 quorum
2727 4301 2890 4339 aures
2931 4286 3246 4340 Hermanni
3288 4293 3457 4357 gesta
3487 4303 3550 4339 ex
3587 4281 3722 4352 vulgi

447 4385 649 4440 merito
677 4379 1012 4435 laudabiles.
1048 4377 1246 4430 Nullus
1274 4375 1427 4428 dives
1453 4374 1559 4428 nisi
1607 4373 2038 4439 nummularius,
2062 4373 2398 4446 Dduntaxat
2424 4391 2648 4428 rumore
2691 4391 2755 4428 ac
2796 4374 3068 4428 relatione
3102 4375 3530 4444 pervenerant?
3557 4375 3720 4428 Penes

448 4474 637 4530 nullus
655 4469 888 4524 clericus
911 4467 1020 4521 nisi
1045 4465 1379 4528 causidicus,
1402 4464 1590 4518 nullus
1618 4462 1911 4534 presbyter
1934 4463 2039 4516 nisi
2123 4462 2386 4517 lectorem
2434 4468 2552 4517 esto
2596 4463 2892 4533 judicium.
2929 4463 3034 4516 Sed
3069 4482 3200 4518 vero
3241 4469 3332 4531 (ut
3373 4465 3558 4519 dicam
3586 4458 3722 4533 quod

446 4565 529 4632 (ut
558 4558 724 4614 verbo
755 4571 954 4628 parum
983 4555 1182 4610 Latino
1213 4557 1360 4623 utar)
1391 4552 1690 4606 firmarius.
1725 4552 2040 4622 Cujuscun-
2121 4553 2300 4606 sentio
2333 4552 2555 4606 sinistro
2584 4553 2773 4606 animo
2805 4553 3098 4624 praefatum
3124 4554 3464 4626 episcopum
3491 4569 3611 4624 quae
3637 4566 3718 4604 re-

445 4667 555 4723 que
583 4645 918 4704 conditionis
947 4643 1339 4707 homunculus,
1373 4643 1757 4711 cujuscunque
1786 4640 2038 4695 criminis
2118 4641 2234 4696 lata
2269 4647 2402 4696 sunt
2429 4642 2707 4706 actitasse,
2741 4658 2853 4695 non
2885 4647 2972 4695 est
2997 4659 3197 4696 revera
3239 4661 3348 4698 cur
3377 4642 3583 4714 aliquis
3609 4654 3722 4694 sen-

441 4755 572 4794 reus
591 4736 781 4792 statim
794 4739 858 4789 ut
877 4733 1115 4787 delucro
1128 4732 1276 4801 regis
1296 4731 1650 4801 appellasset,
1669 4729 2032 4793 audiebatur;
2118 4730 2351 4784 tentiam
2374 4735 2606 4784 asserat.
2629 4732 2717 4784 An
2749 4747 2858 4784 non
2888 4731 3238 4786 coenobiticae
3269 4733 3404 4787 vitae
3433 4747 3640 4794 amore,
3670 4732 3721 4781 et

441 4837 512 4894 ab
541 4835 675 4909 ipsis
717 4832 951 4888 latronis
980 4828 1232 4884 faucibus
1279 4827 1658 4882 resolvebatur
1688 4829 1942 4899 laqueus,
1989 4828 2035 4881 si
2118 4835 2307 4873 rerum
2337 4818 2922 4874 saeculariumfastidio
2951 4820 3218 4875 secedere
3243 4822 3441 4892 potuit
3463 4821 3722 4875 Herman-

439 4936 628 5008 regale
649 4931 1000 4988 commodum
1022 4927 1548 5001 promisisset.Tunc
1564 4926 1745 4980 ﬂuxus
1765 4925 2026 4989 crinium,
2118 4910 2260 4961 "US?
2287 4909 2499 5008 Forsan.
2527 4914 2583 4962 et
2612 4908 2876 5008 Ρείηρξένίθ
2913 4927 3230 5008 οΡΡΓθδδυε-
3247 4918 3310 4964 et
3339 4912 3718 5008 eleemosyna‘

439 4997 572 5093 tunc
596 5033 758 5088 luxus
782 4997 1041 5093 vestium,
1072 5032 1205 5080 tunc
1236 5040 1370 5079 usus
1407 5023 1721 5077 calceorum
1747 5039 1870 5077 cum
1901 5039 2030 5077 acu-
2110 4997 2666 5093 mm_e“_’83“da_mm
2689 4998 2876 5093 animo
2899 4999 3004 5093 ulti
3027 4999 3335 5093 Ρντξῗεξιίθω
3360 5000 3540 5062 decet)
3559 5002 3718 5093 etque

2109 5091 2174 5138 ut
2209 5086 2436 5140 clericos
2474 5086 2543 5140 ad
2578 5086 2900 5140 canonicam
2923 5087 3141 5141 vivendi
3173 5088 3432 5143 formam
3463 5086 3719 5160 perduce-

2109 5180 2214 5239 ret,
2243 5175 2302 5228 in
2331 5173 3035 5229 abbatiamMeldunensem
3059 5176 3434 5248 episcopatus
3465 5171 3717 5231 transmi-

1183 5263 1284 5331 f'v’
1331 5263 1494 5336 5”":
1533 5263 1723 5336 ξ’ίέῗνλ
1757 5263 1826 5336 ξεί
1850 5263 2024 5336 θ’έῗίν
2105 5263 2420 5333 grationem
2451 5272 2537 5318 est
2567 5264 2887 5318 meditatus.
2911 5265 3110 5318 Nonne
3139 5271 3203 5318 et
3232 5267 3460 5336 passim
3487 5265 3719 5335 legimus

425 5318 1592 5390 nudoincedereadolescentiumspecimen
1608 5318 2016 5386 erat.Enerves,
2103 5318 2252 5423 ἔμω
2269 5359 2544 5415 auctores,
2566 5353 2794 5407 imousu
2816 5370 2962 5423 saepe
2992 5353 3160 5417 venit,
3188 5318 3481 5424 piur'igm's
3495 5318 3720 5407 ssent-ia

422 5424 678 5490 emouiti’
692 5422 844 5493 qu°d
859 5420 1212 5475 natifuemnt
1229 5417 1386 5472 invni
1401 5415 1721 5480 manebant’
1737 5433 2018 5486 expugna‘
2101 5415 2157 5495 et
2184 5441 2478 5494 sanctitate
2501 5441 2646 5494 viros
2668 5415 3033 5512 percelebres,
3049 5415 3360 5497 censorum
3383 5442 3650 5514 spongias
3669 5443 3721 5493 et

415 5531 568 5580 tores
587 5521 782 5576 alienae
802 5518 1106 5593 pudicitiae,
1139 5515 1359 5588 prodigi
1384 5532 1518 5581 sum,
1545 5520 1657 5570 etc.
1685 5535 1710 5564 1
1731 5515 2013 5568 Hactenus

2136 5530 2405 5583 alumnias
2422 5529 2518 5584 diu
2534 5530 2862 5601 pertulisse?
2882 5531 2950 5584 Et
2977 5547 3112 5584 sane
3136 5531 3524 5587 Hermannus
3542 5550 3568 5583 α
3589 5531 3717 5584 dum

409 5619 829 5690 Malmesburg.,
861 5617 932 5672 de
962 5617 1116 5671 Gest.
1160 5613 1403 5684 ,Anglor.
1449 5611 1580 5680 libr.
1630 5626 1703 5679 Iv,
1733 5627 1862 5682 cap.
1923 5613 1944 5668 1
1985 5630 1998 5677 ;

2136 5619 2232 5674 .rili
2263 5617 2460 5674 robore
2494 5619 2766 5683 (utverbz‘:
2799 5623 2997 5688 loquar
3029 5622 3087 5674 Β.
3127 5620 3377 5692 Lanfr.)
3420 5626 3594 5692 atque
3627 5619 3715 5690 ju-

407 5718 734 5783 Eadmerus,
767 5715 918 5774 Hist.
963 5713 1066 5770 lib.
1096 5727 1135 5780 ι,
1161 5728 1288 5784 pag.
1317 5709 1402 5776 14,
1435 5715 1490 5765 et
1519 5709 1615 5763 lib.
1642 5727 1714 5776 iv,
1738 5726 1864 5780 pag.
1889 5707 1993 5777 77;
2082 5713 2247 5764 venta
2273 5708 2469 5778 viguit,
2507 5707 2740 5763 scientia
2783 5708 3097 5764 litterarum
3138 5707 3481 5766 divinarum
3533 5715 3700 5780 atque

434 5133 582 5188 natis
606 5128 811 5185 aculeis
827 5126 1107 5190 inventus,
1124 5121 1355 5178 mollitie
1379 5121 1630 5192 corporis
1651 5125 1868 5174 certare
1897 5137 2024 5175 cum

429 5230 674 5295 feminis,
707 5241 964 5298 gressum
1006 5223 1284 5292 frangere,
1331 5227 1494 5292 gestu
1533 5218 1715 5274 soluto
1767 5224 1823 5273 et
1850 5218 2024 5274 latere
