3864 6176
248 218 330 275 561
1266 218 1340 271 lN
1380 217 1604 274 EPIST.
1645 220 1707 275 Β.
1750 220 1774 274 Ι

1965 220 2162 275 ὶΑΝΟΙ
2199 219 2437 277 ΝΟΤίΕ.
3387 218 3491 277 562

245 341 630 396 mundanarum
653 339 939 411 praeditus,
972 341 1042 394 ad
1073 343 1352 412 pastorale
1399 343 1643 400 ofﬁcium
1674 344 1810 400 satis
1825 349 1875 406 Α
1892 346 2137 400 ﬁdeliter
2159 345 2573 417 prudenterque
2584 347 2926 418 gubernans,
2947 345 3320 419 superbbrum
3345 344 3488 401 colla

248 429 377 483 utilis
394 443 629 499 persona
654 426 885 481 exstitit.
918 448 939 478 ι
964 430 1037 482 At
1056 430 1231 499 egoin
1252 447 1421 484 unam
1444 433 1813 504 eamdemque
1886 434 2120 502 justitiae
2148 451 2387 488 censura
2415 435 2759 505 perdomuit;
2783 436 3093 507 arguendo,
3117 434 3478 498 obsecrando,

244 516 552 572 sententiam
582 532 777 570 omnes
802 533 944 587 pene
967 517 1624 589 scriptoresantiquiores
1644 528 1700 576 et
1719 538 1809 575 re-
1891 523 2487 594 increpando,dissidia
2502 524 2827 595 paciﬁcavit,
2843 525 3184 596 tandemque
3198 524 3482 580 confectus

241 607 488 663 centiores
527 609 726 664 adduci
752 626 878 663 cum
905 608 1140 675 videam,
1176 609 1348 662 nolim
1404 625 1806 681 usquequaque
1890 611 2064 675 senio,
2091 612 2288 682 plenus
2311 611 2549 676 dierum,
2575 612 2634 666 in
2656 618 2849 667 sancta
2863 612 3226 677 confessione,
3246 616 3311 666 ut
3339 628 3483 683 pra-

241 693 368 750 illius
392 695 632 767 episcopi
670 713 895 751 causam
926 696 1227 768 suscipere,
1273 702 1443 767 atque
1465 698 1617 751 omni
1641 699 1807 770 culpa
1887 699 2121 753 missum
2137 704 2239 766 est,
2267 699 2323 752 in
2342 699 2580 754 Domino
2594 700 2889 771 requievit.
2916 702 3278 771 Ingressurus
3291 699 3482 771 itaque

237 784 503 839 vindicare.
529 785 1045 847 Verumenimvero,
1080 785 1125 839 si
1164 789 1456 840 auctorum
1515 786 1804 857 opiniones
1886 786 2031 840 viam
2053 787 2325 841 universae
2354 787 2558 852 carnis,
2587 793 2938 859 mortemque
2966 788 3204 843 vicinam
3231 804 3478 859 presen-

239 886 343 926 cum
368 872 514 926 beati
544 873 841 927 Lanfranci
885 874 1165 928 sententia
1217 874 1516 929 conciliare
1546 875 1798 942 velimus,
1884 874 2050 939 tiens,
2080 892 2249 929 onere
2289 875 2593 946 pontiﬁcali
2621 875 2893 947 deposito,
2925 876 3260 931 sanctissimi
3298 876 3479 931 Bene-

237 976 457 1014 asserere
488 976 715 1014 necesse
744 966 833 1014 est
857 961 1243 1014 Hermannum
1274 961 1360 1014 bis
1398 961 1694 1016 asceticam
1722 963 1803 1016 vi-
1885 963 2017 1017 dicti
2042 963 2811 1035 habitum,humilitatemque
2825 965 3093 1035 suscepit;
3120 964 3479 1019 monachum-

235 1053 331 1102 tam
355 1048 716 1119 appetivisse;
758 1054 815 1102 et
833 1049 940 1102 hoc
965 1049 1174 1119 liquido
1203 1053 1458 1103 constare
1485 1051 1709 1104 videtur
1737 1068 1804 1105 ex
1886 1069 1994 1122 que
2020 1054 2304 1123 professus
2348 1051 2513 1107 beato
2543 1052 2745 1107 Albino
2777 1070 2839 1107 se
2874 1052 3141 1121 tradidit;
3183 1068 3247 1106 ac
3277 1053 3358 1107 sic
3384 1068 3481 1107 ex-

231 1136 495 1207 ipsiusmet
545 1137 603 1192 S.
637 1136 1041 1208 archiepiscopi
1078 1136 1262 1191 verbis
1297 1156 1308 1190 :
1361 1155 1387 1189 α
1419 1138 1801 1193 Monachicam
1885 1146 2151 1194 oneratus
2164 1157 2466 1211 pauperem
2481 1141 2766 1195 Christum
2789 1157 3002 1213 pauper
3028 1147 3086 1195 et
3111 1141 3232 1212 ipse
3259 1146 3485 1196 secutus

232 1224 372 1278 vitam
384 1224 564 1296 petiit,
596 1242 747 1279 nunc
775 1226 980 1279 iterum
1007 1226 1112 1279 hoc
1135 1225 1285 1279 idem
1331 1225 1512 1280 facere
1541 1227 1803 1282 omnibus
1884 1234 1989 1281 est.
2020 1230 2164 1282 Ante
2187 1227 2413 1300 quidem
2433 1233 2498 1281 ut
2521 1228 2743 1283 Martha
2769 1228 3040 1283 sollicitus
3061 1234 3201 1293 erat,
3236 1233 3294 1283 et
3317 1244 3482 1282 occu-

229 1312 380 1366 modis
408 1313 547 1383 petit
605 1332 627 1363 ι
662 1312 915 1366 Primum
938 1312 1162 1383 quidem
1185 1313 1318 1367 dum
1345 1314 1407 1367 in
1442 1314 1695 1368 coenobio
1735 1316 1791 1369 S.
1879 1323 2042 1386 patus
2061 1333 2197 1386 erga
2225 1320 2419 1382 389
2445 1315 2707 1387 plurima,
2736 1333 2886 1371 nunc
2917 1333 3047 1371 vero
3088 1318 3243 1370 velut
3288 1316 3468 1370 altera

228 1399 411 1454 Bertini
438 1401 590 1471 apud
710 1400 1100 1455 Audomarum
1133 1402 1446 1456 monachile
1496 1402 1795 1458 collobium
1876 1405 2054 1458 Maria
2067 1421 2236 1459 unum
2250 1405 2758 1460 essenecessarium
2772 1404 3470 1475 recognoscens,optimam

227 1488 295 1554 (ut
317 1487 849 1542 aMalmesburiensi
877 1489 1119 1543 relatum
1139 1493 1225 1543 est
1242 1494 1436 1560 supra)
1467 1492 1789 1562 assumpsit.
1876 1498 2093 1563 partem
2133 1493 2320 1564 elegit,
2354 1510 2476 1564 quae
2500 1509 2611 1547 non
2642 1494 2932 1548 auferetur
2960 1494 3030 1548 ab
3060 1509 3146 1548 eo.
3179 1493 3471 1549 Commen-

226 1576 560 1629 Postmodum
584 1575 678 1631 ubi
708 1577 766 1630 in
788 1577 1043 1648 Angliam
1070 1593 1135 1631 ex
1163 1577 1487 1632 Bertiniano
1516 1585 1793 1634 monaste-
1875 1581 2074 1636 damus
2101 1582 2269 1635 etiam
2293 1581 2640 1636 orationibus
2666 1582 2884 1647 vestris,
2903 1601 2930 1636 ι
2955 1590 3061 1637 etc.

222 1664 289 1716 rio
312 1664 531 1735 Optimis
580 1664 949 1730 documentis,
982 1666 1211 1736 pietate,
1247 1665 1546 1720 virtutibus
1585 1655 1856 1721 instru-B
1956 1672 2278 1723 Veneranda;
2332 1673 2610 1724 memoria:
2653 1672 2857 1724 Leonis.
2900 1670 3048 1724 Noni
3086 1668 3314 1735 scilicet,
3365 1668 3468 1723 viri

222 1760 321 1805 ctus
341 1758 658 1812 remeasset,
694 1758 751 1806 et
784 1753 1006 1823 egregie
1036 1753 1242 1807 multos
1271 1771 1371 1824 per
1388 1770 1565 1807 annos
1583 1754 1792 1825 episco—
1871 1759 2037 1829 plane
2067 1759 2176 1812 ﬁde
2206 1757 2532 1827 meritisque
2567 1758 2821 1829 insignis,
2856 1758 2951 1829 qui
2994 1774 3119 1812 cum
3150 1757 3465 1827 angelicam

222 1844 383 1910 patum
403 1841 884 1908 administrasset;
918 1843 1147 1896 tandem
1169 1843 1501 1912 aegritudine
1520 1844 1788 1914 senioque
1873 1848 2039 1901 vitam
2054 1847 2586 1912 duceret,consortio
2597 1848 2925 1918 angelorum
2948 1845 3185 1901 subinde
3202 1846 3467 1916 dignatus

220 1928 487 1996 confectds,
508 1930 639 1985 vitae
659 1931 922 1984 solitariae
942 1931 1437 2003 dulcedine(quam
1458 1932 1675 2002 pridem
1696 1933 1788 1986 de-
1869 1944 1971 1990 est.
1988 1937 2099 1990 Leo
2125 1936 2382 2001 ostiens.,
2402 1935 2500 1990 lib.
2522 1949 2581 2000 II,
2616 1952 2738 2007 cap.
2769 1934 2860 1999 8'2,
2883 1934 3143 1990 Chronici
3166 1934 3467 1989 Cassinen-

218 2014 471 2079 libaverat)
498 2018 741 2084 illectus,
774 2025 831 2072 et
856 2020 1019 2073 morti
1038 2020 1155 2088 jam
1179 2019 1481 2090 proximus,
1508 2020 1575 2073 ad
1602 2025 1783 2074 tutam
1868 2024 2073 2078 nensis.
2101 2024 2425 2094 Berengarii
2452 2024 2710 2078 haeresim
2736 2022 2952 2077 duobus
2967 2023 3025 2077 in
3052 2023 3303 2077 conciliis
3322 2023 3465 2077 Ver-

216 2104 456 2174 regularis
478 2106 605 2160 vitae
644 2107 946 2161 stationem
998 2109 1280 2179 appellere
1334 2113 1634 2180 peroptat;
1672 2127 1781 2180 quo
1865 2113 2090 2167 cellensi
2122 2120 2179 2167 et
2210 2113 2523 2168 Turonensi
2571 2112 2901 2179 damnavit;
2956 2111 3036 2166 ita
3088 2110 3463 2168 Guitmundus

216 2207 409 2247 securus
428 2210 463 2247 e
494 2194 636 2247 cella
664 2196 755 2259 (D.
791 2195 1064 2249 Bernardi
1095 2200 1228 2250 sunt
1253 2195 1438 2261 verba)
1469 2196 1539 2250 ad
1582 2198 1782 2251 coelum
1864 2201 2033 2255 Leoni
2074 2218 2303 2273 compar
2339 2200 2435 2255 lib.
2461 2218 2476 2255 ι
2508 2202 2578 2256 de
2607 2202 2853 2273 Corpore
2883 2205 2943 2255 et
2998 2200 3168 2270 Sang.
3228 2198 3458 2254 Christi.

216 2282 373 2351 quiret
414 2284 664 2339 evolare.
698 2286 822 2339 Non
852 2284 1228 2356 spernendum
1273 2285 1445 2338 habes
1473 2284 1582 2339 illis
1609 2285 1782 2340 ferme
1862 2290 2063 2344 Leonis
2095 2306 2372 2344 summam
2401 2289 2575 2344 animi
2602 2289 2997 2343 demissionem
3039 2291 3267 2343 enarrat
3289 2287 3462 2343 Ottho

214 2371 529 2442 temporibus
578 2374 896 2444 exemplum
929 2373 1180 2428 Marbodi
1208 2373 1453 2446 episcOpi
1482 2374 1780 2429 Redonen-
1860 2378 2255 2448 Frisingensis,
2304 2377 2564 2433 Chronic.
2607 2376 2733 2431 libr.
2778 2394 2849 2443 vr,
2898 2392 3000 2447 cap
3053 2374 3158 2433 33:
3204 2394 3232 2430 α
3264 2375 3370 2431 Hic
3393 2392 3461 2431 ex

212 2458 289 2524 sis,
309 2460 413 2530 qui,
448 2460 709 2531 deposito
730 2461 1081 2532 episcopatus
1107 2478 1296 2526 onere,
1320 2478 1440 2516 sese
1476 2461 1534 2515 in
1560 2478 1781 2517 monas—
1860 2466 2034 2521 nobili
2078 2467 2419 2521 Francorum
2477 2465 2743 2537 prosapia
2781 2464 3072 2531 oriundus,
3123 2465 3459 2520 auctoritate

211 2550 383 2604 terium
413 2553 473 2605 S.
505 2552 696 2606 Albini
724 2553 1140 2623 Andegavensis
1187 2552 1412 2624 recepit,
1443 2558 1613 2624 atque
1641 2553 1778 2608 inibi
1859 2555 2064 2626 regalis
2101 2555 2440 2610 excellentiae
2485 2555 2555 2608 ad
2586 2555 2773 2609 sedem
2814 2555 2874 2608 Β.
2935 2553 3089 2608 Petri
3144 2553 3456 2609 destinatus

211 2635 377 2693 induto
402 2642 716 2695 monastico
747 2641 941 2696 habitu
983 2648 1176 2696 sancto
1208 2644 1318 2695 fine
1346 2648 1584 2697 mortem
1611 2659 1779 2714 oppe—
1855 2644 2057 2699 fuerat.
2079 2644 2331 2714 Cumque
2351 2649 2639 2713 assumpta
2656 2658 2908 2714 purpura
2928 2642 3233 2713 pontiﬁcali
3246 2642 3457 2698 Gallias

208 2725 311 2794 tiit;
337 2729 477 2799 quod
517 2730 701 2783 disces
725 2746 792 2783 ex
824 2730 1055 2801 antiqua
1102 2730 1160 2784 in
1191 2731 1533 2785 membranis
1567 2732 1774 2802 scripta
1856 2732 1967 2787 iter
1986 2726 2196 2803 ageret,
2221 2731 2455 2802 contigit
2476 2747 2605 2786 eum
2631 2730 2960 2785 Cluniacum
2974 2730 3294 2795 venire,ubi
3310 2731 3455 2785 forte

212 2814 420 2870 formula
439 2818 817 2873 denuntiandi
847 2825 1088 2873 mortem
1108 2819 1355 2873 defuncti
1386 2819 1644 2874 monachi
1675 2837 1775 2875 cae-
1856 2827 1990 2877 tunc
2019 2821 2430 2876 Hildebrandus
2474 2819 2775 2890 prioratus.
2827 2823 2891 2872 ut
2929 2818 3153 2883 dicitur,
3194 2817 3455 2873 obedien-

204 2906 313 2958 teris
353 2907 604 2975 ejusdem
643 2907 926 2962 societatis
980 2907 1355 2975 monasteriis,
1392 2925 1457 2962 ex
1487 2909 1682 2963 eodem
1711 2910 1768 2964 S.
1855 2911 1993 2965 tiam
2022 2908 2454 2964 administrabat
2488 2926 2500 2961 :
2543 2908 2592 2962 is
2614 2908 2857 2962 Leonem
2872 2907 3069 2960 adiens
3094 2905 3449 2960 aemulatione

205 2991 359 3046 Albini
383 2996 641 3050 cmnobio
674 3001 950 3050 mutuata.
1791 3005 1834 3063 C
1852 3000 1951 3053 Dei
1981 3000 2199 3070 plenus,
2230 3001 2553 3052 constanter
2580 3011 2708 3050 eum
2740 2995 2809 3050 de
2846 2994 3091 3064 incepto
3120 2993 3326 3063 arguit,
3346 2992 3451 3047 illi-

260 3081 527 3137 Universis
558 3084 729 3138 unius
752 3090 1116 3139 sacrosanctae
1137 3084 1381 3139 ecclesiae
1403 3085 1532 3139 filiis
1544 3084 1771 3139 humilis
1852 3087 2023 3141 citum
2044 3103 2165 3140 esse
2193 3085 2453 3156 inquiens
2493 3099 2594 3154 per
2632 3098 2862 3137 manum
2919 3081 3121 3135 laicam
3160 3096 3446 3136 summum

202 3173 524 3243 congregatio
549 3173 698 3226 beati
716 3173 900 3227 Albini
917 3174 1340 3243 Andegavorum
1359 3174 1623 3246 episcopi,
1658 3176 1770 3245 ple-
1853 3176 2170 3246 pontiﬁcem
2197 3174 2268 3229 ad
2286 3172 2755 3243 gubernationem
2778 3171 2952 3225 totius
2972 3168 3230 3225 Ecclesiae
3242 3168 3446 3224 violen-

200 3271 305 3311 nam
333 3260 397 3313 de.
428 3252 595 3314 hoste
623 3261 934 3326 victoriam,
993 3268 1049 3316 et
1090 3262 1158 3316 de
1214 3262 1446 3316 victoria
1481 3280 1763 3318 coronam.
1850 3268 1939 3317 ter
1964 3262 2216 3317 introire.
2252 3262 2459 3315 Verum
2488 3260 2536 3315 si
2564 3259 2681 3314 suis
2710 3275 2769 3313 se
2806 3258 3033 3313 credere
3061 3258 3228 3312 vellet
3268 3256 3447 3311 consi-

200 3346 481 3416 Apostolica
511 3366 618 3403 nos
650 3350 918 3404 informat
968 3351 1272 3405 auctoritas
1301 3357 1365 3405 ut
1391 3369 1490 3422 pro
1530 3353 1767 3408 invicem
1850 3351 1959 3416 liis,
1992 3359 2296 3422 utrumque
2321 3355 2378 3404 et
2410 3348 2557 3420 quod
2587 3348 2855 3418 majestas
2884 3345 3194 3417 imperialis
3221 3345 3280 3400 in
3322 3346 3445 3417 ipso

200 3439 561 3504 orantes,alter
574 3439 807 3493 alterius
828 3456 1000 3493 onera
1022 3445 1390 3511 portemus,et
1409 3441 1487 3495 sic
1500 3442 1766 3513 adimple—
1848 3455 1961 3494 non
1991 3439 2371 3501 exacerbetur,
2414 3437 2676 3508 quodque
2711 3435 2942 3490 libertas
2962 3434 3218 3489 Ecclesiae
3237 3434 3298 3488 in
3327 3434 3442 3489 ele-

197 3520 345 3580 bimus
369 3528 552 3599 legem
584 3528 811 3583 Christi.
843 3529 1046 3600 Legem
1078 3529 1252 3599 igitur
1277 3529 1481 3584 Christi
1504 3547 1604 3584 nos
1620 3532 1761 3584 servi
1847 3528 2030 3583 ctione
2051 3527 2319 3582 canonica
2347 3530 2668 3589 renovetur,
2692 3540 2753 3579 se
2773 3523 3070 3595 pollicetur
3084 3523 3435 3590 effecturum,

198 3612 1761 3689 Christipiasollicitudineadimpleresatagentes,denun-
1843 3617 2120 3673 inclinans
2141 3634 2201 3671 se
2229 3616 2300 3670 ad
2339 3614 2617 3669 monitum
2661 3613 2801 3682 ejus,
2846 3628 3158 3684 purpuram
3187 3611 3436 3684 deponit,

195 3700 366 3757 ﬁamus
389 3705 545 3759 vobis
575 3704 789 3758 obitum
815 3706 1003 3759 domni
1032 3705 1283 3760 Marbodi
1303 3707 1635 3761 venerabilis
1650 3709 1763 3779 epi-
1841 3706 2233 3777 peregrinique
2262 3703 2515 3758 habitum
2537 3717 2851 3768 assumens,
2873 3702 3084 3756 ducens
3103 3717 3292 3757 secum
3323 3701 3439 3755 Hil-

195 3791 331 3860 δουρί,
352 3810 578 3864 semper
603 3811 733 3847 cum
766 3794 930 3848 laude
950 3794 1320 3858 memorandi,
1356 3795 1547 3865 lingua
1574 3795 1761 3850 facun-
1839 3794 2208 3857 debrandum,
2250 3793 2360 3847 iter
2394 3791 2593 3862 carpit.
2627 3790 2806 3861 Igitur
2833 3790 2905 3844 ad
2936 3788 3134 3845 urbem
3157 3806 3335 3861 usque
3350 3806 3437 3844 ve-

193 3875 251 3939 di.
280 3880 540 3951 religione
573 3883 856 3953 praecipui,
892 3899 1111 3937 morum
1151 3883 1443 3937 honestate
1481 3884 1749 3954 praeclari,
1837 3883 2018 3947 niens,
2043 3882 2274 3937 consilio
2306 3879 2674 3935 Hildebrandi
2695 3896 2730 3933 a
2757 3879 2906 3933 clero
2949 3884 3007 3933 et
3044 3879 3250 3950 populo
3288 3879 3431 3934 Bru-

192 3963 467 4023 litterarum
501 3971 824 4024 eruditione
857 3971 1185 4027 doctissimi.
1224 3973 1386 4041 cujus
1423 3989 1606 4026 sermo
1637 3974 1753 4028 sale
1835 3988 1907 4025 no
1929 3971 1985 4024 in
2010 3986 2296 4025 summum
2326 3968 2649 4040 pontificem
2698 3967 2949 4039 eligitur,
2997 3967 3188 4037 sicque
3216 3972 3434 4022 utcum-

189 4069 372 4126 semper
388 4060 655 4114 conditus
679 4066 819 4126 erat,
849 4067 905 4115 et
925 4078 987 4114 ex
1018 4077 1114 4114 ore
1145 4061 1294 4114 illius
1338 4061 1492 4115 omni
1538 4060 1753 4115 dulcior
1835 4076 1942 4129 que
1972 4060 2226 4113 Romana
2262 4056 2508 4111 Ecclesia
2533 4055 2606 4109 ad
2635 4054 2951 4109 faciendam
2989 4054 3320 4109 electionem
3350 4053 3434 4108 in-

188 4144 317 4197 melle
342 4148 558 4202 ﬂuebat
596 4149 795 4202 oratio.
842 4149 907 4202 Et
946 4149 1200 4219 quamvis
1232 4150 1426 4203 eodem
1474 4156 1746 4221 tempore,
1832 4146 2124 4201 formatur.
2176 4164 2202 4200 ››
2237 4147 2294 4200 S.
2326 4144 2530 4200 Leonis
2572 4148 2734 4213 gesta
2777 4141 3108 4213 conscripsit
3141 4140 3429 4196 Wibertus

188 4232 317 4286 Variis
341 4237 546 4290 studiis
567 4241 686 4290 tota
708 4237 891 4291 Gallia
920 4244 1224 4294 resonaret.
1249 4239 1368 4308 ipse
1395 4243 1586 4292 tamen
1620 4255 1747 4293 ora-
1764 4283 1812 4308 η
1830 4242 2026 4290 auctor
2057 4241 2390 4300 coaetaneus,
2417 4249 2542 4305 quae
2581 4238 2639 4286 et
2666 4230 2943 4301 evulgavit
2962 4230 3157 4284 doctus
3179 4228 3427 4284 Sirmon-
3524 4260 3527 4263 ν

187 4321 333 4375 torum
360 4340 455 4378 rex
476 4325 784 4379 Gallicanae
822 4343 1006 4380 arcem
1038 4327 1368 4397 eloquentiae
1430 4321 1951 4397 specialiterudus.

180 4404 652 4469 obﬁnebat.Tertio
666 4414 1745 4486 siquidem]dusSeptembrisinﬁrmatus
1898 4413 2291 4479 Lz'tis/eldensis
2309 4427 2434 4466 vero
2450 4412 2744 4480 episcOpus,
2774 4407 2889 4462 sive
2929 4404 3322 4481 Licefeldensis
3364 4404 3424 4460 in

179 4502 662 4574 Carne,sedspiritu
678 4503 894 4566 fortior,
916 4504 1185 4558 excedens
1202 4522 1236 4557 a
1252 4505 1667 4569 szeculo,v1vens
1685 4505 1743 4559 in
1824 4501 2044 4572 Anglia.
2081 4502 2280 4555 Petrus
2310 4499 2613 4555 vocabatur
2626 4497 2861 4552 antistes
2875 4495 2989 4562 ille,
3019 4495 3069 4550 si
3088 4494 3424 4566 conjecturis

178 4582 381 4650 Chlisto,
408 4607 515 4645 sua
544 4607 650 4644 nos
696 4591 942 4645 viduavit
988 4593 1304 4663 pra-sentis,
1338 4599 1394 4647 et
1422 4592 1628 4647 amoris
1656 4593 1744 4648 sui
1825 4590 2249 4660 indulgendum.
2296 4588 2584 4659 Siquidem
2638 4603 2672 4640 a
2709 4585 3015 4640 Lichfeldio
3073 4585 3284 4649 sedem,
3340 4600 3425 4639 re-

173 4671 324 4737 jaculo
364 4680 694 4733 vulneratos
745 4678 1082 4734 intolerabili
1111 4680 1301 4733 dolore
1330 4680 1581 4736 confecit.
1632 4681 1739 4745 Qui
1819 4686 2030 4749 gnante
2056 4678 2355 4733 Guillelmo
2376 4675 2859 4749 primo,Cestriam
2876 4674 3129 4729 removit.
3152 4674 3256 4728 Vel
3283 4688 3420 4729 sane

175 4772 275 4827 lmt
299 4764 464 4838 longa
492 4767 811 4822 liberalium
844 4769 1156 4823 studiorum
1192 4769 1355 4839 longe
1376 4762 1599 4839 lateque
1625 4786 1740 4824 ver-
1821 4768 2024 4822 dixerit
2053 4767 2179 4838 quis
2203 4766 2553 4820 decessorem
2576 4763 2747 4828 illius,
2779 4762 2870 4818 cui
2900 4762 3119 4817 litteras
3147 4762 3312 4817 hasce
3336 4763 3421 4817 in-

175 4853 393 4906 nantium
420 4855 712 4922 exercitia,
760 4856 962 4927 quibus
990 4857 1047 4911 in
1077 4857 1465 4926 Andegavensi
1517 4858 1739 4913 civitate
1821 4856 2015 4911 scribit
2042 4871 2280 4926 magnus
2308 4852 2674 4919 Lanfrancus,
2704 4850 3011 4906 Leovinum
3028 4850 3169 4907 fore.
3195 4852 3271 4905 At
3289 4866 3416 4905 vero

172 4939 238 4990 cui
261 4940 504 4998 famosus
523 4960 588 4997 ac
617 4945 1098 4999 nominatissimus
1127 4946 1341 5000 exstitit
1369 4946 1636 5017 magister
1663 4947 1740 5000 ef-
1820 4946 1890 4999 de
1926 4949 2184 5015 utroque,
2208 4960 2273 4997 ac
2299 4942 2369 4997 de
2398 4941 2663 5005 nefando,
2695 4941 2844 5011 quod
2891 4940 2982 4994 hic
3009 4945 3286 4994 memorat
3312 4940 3419 4993 cri-

170 5024 462 5085 ﬁcacissime
487 5032 729 5100 claruit;
783 5034 991 5088 electus
1021 5050 1056 5088 a
1089 5034 1553 5089 reverendissimo
1594 5051 1738 5106 papa
1820 5033 1971 5088 mine
2000 5034 2062 5087 B.
2087 5031 2560 5103 archiepiscopus,
2591 5045 2875 5085 summum
2904 5034 2991 5084 est
3015 5028 3165 5099 apud
3192 5026 3417 5082 histori-

170 5110 357 5171 Urbano
382 5120 441 5173 in
471 5121 789 5175 Turonensi
811 5121 1066 5186 concilio,
1092 5129 1298 5177 sanctae
1314 5122 1734 5179 sedisEcclesiae
1816 5137 1908 5175 cos
1930 5120 2237 5175 silentium.
2271 5119 2424 5174 Petri
2460 5122 2652 5174 autem
2695 5132 3075 5172 successorem
3104 5115 3410 5170 Robertum

169 5198 504 5273 Redonensis,
546 5215 830 5264 annuente
868 5210 1124 5274 Domino,
1169 5210 1412 5280 pontifex
1443 5211 1735 5267 ordinatus
1814 5210 2085 5279 sugillant
2130 5225 2271 5279 pene
2321 5223 2536 5270 omnes,
2570 5206 2968 5277 afﬁrmantque
3015 5204 3173 5258 illum
3222 5202 3411 5272 ipsum

167 5294 249 5342 est.
272 5292 444 5355 Quam
497 5296 617 5366 ipse
654 5296 1003 5367 dignitatem,
1065 5298 1178 5352 imo
1233 5276 1393 5362 onus:
1452 5300 1734 5354 accinctus
1815 5297 2060 5352 avaritia:
2114 5297 2248 5351 vitio
2303 5297 2591 5364 infectum,
2649 5294 3009 5350 ecclesiarum
3074 5290 3411 5361 dilapidasse

166 5376 322 5443 ἕλεάίο
343 5384 590 5453 Spiritus
631 5386 828 5449 sancti,
859 5387 990 5440 licet
1014 5386 1160 5440 inter
1200 5386 1467 5453 barbaros
1494 5395 1552 5441 et
1576 5392 1736 5443 natu-
1816 5387 2127 5452 facultates,
2161 5385 2413 5440 redditus
2441 5384 2780 5440 exhausisse.
2812 5382 3022 5436 Verum
3051 5378 3411 5448 chronologia

168 5464 249 5520 tali
273 5472 515 5540 quadarn
545 5478 792 5529 armatos
812 5473 1051 5541 feritate,
1077 5491 1175 5546 per
1194 5491 1370 5530 annos
1389 5476 1584 5547 viginti
1609 5480 1734 5532 octo
1816 5492 1942 5532 cum
1964 5479 2259 5547 repugnet,
2291 5474 2497 5530 rationi
2532 5473 2763 5528 minime
2794 5486 2897 5526 nec
2924 5467 3162 5541 tempori
3181 5482 3411 5523 consen-
3480 5519 3484 5522 .
