3864 6176
473 185 579 247 563

1669 194 1905 252 DOMNI
1942 194 2150 252 LUCE
2187 191 2560 249 DACHERII.

3587 207 3674 265 564

470 319 705 370 taneum
722 312 885 370 video
905 314 970 369 Β.
998 314 1308 370 Lanfranco
1335 319 1584 372 mentem
1610 333 1731 373 esse
1760 319 1830 373 ad
1860 318 2068 374 Rober-
2084 321 2135 380 A
2151 322 2273 374 erat
2303 317 2385 371 vir
2409 316 2638 387 pietate,
2667 330 2730 368 ac
2761 313 3038 386 sapientia
3053 315 3279 386 pollens,
3309 337 3394 377 eos
3415 326 3674 386 multarum

473 409 596 460 tum
634 403 877 458 scribere
913 421 926 458 :
972 403 1408 460 Lichefeldensis
1464 406 1740 477 siquidem
1783 408 2074 479 episcopus

478 492 694 548 exstitit
720 492 978 563 nuspiam
1008 491 1304 559 Robertus,
1337 495 1430 548 sed
1465 495 1799 561 Cestrensis,
1847 513 1944 550 seu
1971 513 2073 566 po-

453 582 592 637 tius
621 580 1072 646 Conventrensis,
1119 581 1248 652 quia
1278 582 1490 650 sedem,
1525 584 1785 638 defuncto
1815 585 2000 649 Petro,
2044 601 2074 638 e

477 669 696 725 Cestria
718 669 777 722 in
805 669 1200 724 Conventriam
1227 673 1648 743 transportavit.
1683 673 1919 744 Liquido
1947 689 2076 726 con-

478 764 592 813 stat
619 763 891 829 praterea
934 765 1319 814 consecratum
1365 777 1464 818 an.
1518 759 1671 828 1088,
1705 769 1762 816 et
1790 779 2074 817 summum

478 846 801 919 pontiﬁcem
815 848 1192 903 Alexandrum
1225 849 1294 903 ab
1308 850 1570 905 humanis
1582 857 1836 922 ereptum
1855 868 1943 906 an.
1969 850 2070 904 Ch.

453 959 456 961 λ
483 933 641 1002 1072,
675 953 796 1001 seu,
828 941 893 991 ut
919 937 1047 991 aliis
1072 938 1271 1008 placet,
1282 936 1437 994 1073.
1459 940 1603 1009 Ergo
1618 940 1686 993 de
1709 941 1999 1004 Petro,aut
2010 939 2078 992 de

483 1023 724 1080 Leovino
743 1025 840 1078 illa
858 1024 916 1078 in
935 1023 1192 1096 Epistola
1207 1026 1457 1098 loquitur
1473 1028 1527 1083 S.
1552 1028 1915 1082 Lanfrancus.
1947 1028 2080 1081 Por-

482 1129 547 1168 ro
573 1113 901 1184 pradictum
929 1114 1309 1186 episcopatum
1342 1116 1454 1170 tria
1468 1116 1654 1171 sortiri
1679 1117 1908 1170 nomina
1927 1133 2079 1170 com-

482 1206 708 1273 pertum
737 1201 979 1257 habetur
1007 1219 1071 1256 ex
1098 1203 1279 1271 dictis,
1320 1202 1377 1260 1ο
1397 1204 1804 1258 Lictifeldensis
1824 1221 1922 1258 seu
1943 1203 2080 1258 Lici-

485 1283 768 1356 feld'ensis,
799 1289 860 1347 2°
889 1292 1218 1360 Cestrensis,
1241 1297 1524 1363 postremo
1555 1294 2004 1348 Conventrensis.

558 1382 628 1435 In
653 1383 832 1434 locum
847 1383 964 1448 ejus
975 1397 1086 1435 non
1101 1385 1448 1451 prasumpsi.
1461 1378 1583 1436 Non
1599 1383 1770 1437 audet
1781 1383 1837 1436 in
1850 1382 2082 1436 Lichfel-

487 1469 716 1524 densem
744 1468 1063 1540 episcopum
1098 1471 1220 1535 (etsi
1236 1471 1716 1542 Metropolitanus)
1745 1472 2080 1526 sententiam

486 1557 754 1628 proferre,
785 1573 967 1627 neque
983 1557 1157 1612 alium
1177 1557 1235 1612 in
1253 1559 1372 1628 ejus
1398 1559 1581 1613 locum
1602 1559 1874 1625 sufﬁcere,
1892 1565 1949 1614 et
1961 1576 2088 1613 con-

2155 423 2344 462 rerum
2366 405 2599 460 scientia
2622 405 2810 469 fultos,
2845 421 2987 458 novo
3034 405 3153 475 regi
3179 406 3237 460 in
3266 411 3408 465 novis
3448 416 3581 484 regni
3606 417 3676 472 di.

2155 494 2553 568 spositionibus
2575 493 3039 564 pernecessarios,
3072 494 3260 549 multis
3295 507 3549 567 prastare,
3575 521 3680 560 ora-

2155 583 2300 638 toria
2330 582 2595 636 facultate
2634 581 2896 635 ostendit.
2946 580 3161 644 Quibus
3215 584 3422 645 auditis.
3469 589 3682 646 Pontifex

2156 688 2408 727 summus
2437 686 2736 724 conversus
2761 670 2832 723 ad
2875 686 3003 723 eum
3038 688 3051 724 :
3082 671 3168 724 Tu
3188 671 3584 746 videris,inquit,
3603 680 3684 734 Pa-

2155 766 2244 815 ter
2263 777 2321 815 es
2353 760 2547 830 patria
2574 759 2744 823 illius,
2776 775 2841 812 ac
2863 775 2963 829 per
2993 759 3098 813 hoc
3125 759 3392 815 industria
3416 769 3505 817 tua
3531 768 3685 822 consi-

2159 850 2320 903 deret
2349 848 2483 920 quid
2525 847 2799 918 expediat.
2838 848 3017 918 Virga
3046 851 3348 919 pastorales
3376 869 3499 922 quas
3540 854 3688 908 reddi-

2160 941 2383 1005 derunt,
2417 955 2541 992 ecce
2563 938 2653 992 hic
2677 943 2841 1004 sunt;
2877 939 3065 1008 accipe
3089 939 3214 991 illas
3235 944 3290 992 et
3310 939 3547 1010 dispensa
3558 949 3693 1011 prout

2161 1028 2354 1083 utilius
2385 1027 2793 1082 Christianitati
2825 1026 3068 1095 regionis
3098 1026 3248 1080 illius
3276 1044 3548 1097 agnoscere
3569 1036 3692 1099 pote-

2161 1117 2258 1171 ris.
2280 1118 2354 1171 At
2379 1117 2470 1170 ille
2490 1116 2761 1187 susceptis
2782 1115 2860 1169 eis
2881 1115 2940 1168 in
2969 1115 3264 1185 praesentia
3291 1133 3439 1186 papa
3461 1117 3698 1171 revestivit

2161 1206 2421 1276 prafatos
2450 1205 2616 1266 viros,
2650 1220 2929 1274 quemque
2961 1219 3082 1257 sua.
3124 1223 3150 1257 )›
3186 1204 3446 1258 Eadmero
3469 1205 3699 1258 accedunt

2161 1293 2498 1349 Malbesbur.
2535 1293 2630 1346 lib.
2674 1307 2714 1355 1,
2765 1293 2833 1346 de
2863 1292 3090 1356 Pontif.,
3139 1292 3234 1346 fol.
3275 1291 3362 1348 121
3400 1312 3412 1359 ;
3451 1293 3701 1362 Harpsfeld

2162 1383 2363 1438 saeculo
2389 1396 2464 1448 xI,
2495 1398 2622 1453 pag.
2658 1379 2783 1436 27L
2815 1381 3114 1434 Decretum
3144 1386 3320 1434 exstat
3371 1382 3638 1434 Alexandri
3663 1382 3702 1435 Il

2165 1488 2342 1543 papa,
2374 1477 2439 1525 ut
2465 1471 2675 1524 electus
2700 1470 2850 1523 ﬁlius
2878 1469 3209 1541 presbyteri,
3261 1469 3420 1523 modo
3452 1468 3706 1523 virtutibus

2168 1561 2393 1632 polleat,
2419 1559 2658 1613 [minime
2689 1563 3006 1630 respuatur.

487 1661 736 1712 secrare;
769 1661 902 1698 nam
959 1646 1396 1716 metropolitani,
1453 1652 1511 1702 et
1569 1648 2080 1719 comprovinciales.
2104 1637 2149 1695 Β
2237 1650 2545 1704 Eboracum
2578 1665 2744 1719 porro
2765 1647 2880 1701 sive
2913 1647 3228 1726 Eburacum
3265 1645 3528 1700 civitatem
3561 1646 3710 1717 (vulgo

486 1734 868 1806 primatesque
887 1739 1122 1805 possunt
1138 1735 1363 1807 quidem
1385 1737 1774 1808 episcoporum
1797 1738 1854 1791 in
1874 1739 1968 1807 jus
1987 1753 2087 1809 per

487 1822 874 1877 accusationes
905 1823 1393 1895 depositionesque
1422 1831 1743 1880 vocatorum
1773 1843 1970 1880 causas
1991 1843 2087 1880 au-

487 1913 628 1978 dire,
653 1912 953 1979 discutere,
977 1913 1281 1968 eventilare
1309 1933 1322 1981 ;
1363 1914 1462 1968 sed
1491 1915 1744 1980 deﬁnire,
1763 1921 1932 1986 atque
1960 1915 2088 1969 ulti-

489 2017 582 2055 mo
613 2001 990 2056 determinare
1028 2001 1261 2072 judicio,
1303 2002 1425 2056 sine
1461 2004 1667 2074 pravia
1708 2005 1912 2058 summi
1945 2020 2086 2074 pon-

488 2089 656 2143 tiﬁcis
682 2090 1036 2157 auctoritate,
1069 2096 1358 2161 nequeunt
1386 2092 1502 2145 ullo
1543 2093 1708 2146 modo
1735 2111 1747 2145 :
1778 2093 1925 2162 quod
1955 2092 2087 2146 Julii

488 2194 648 2250 papa
677 2178 912 2249 epistola
966 2179 1037 2233 ad
1083 2179 1398 2234 Orientales
1449 2181 1616 2252 episc.
1670 2183 2082 2235 conﬁrmatur:

495 2283 524 2318 α
554 2266 710 2321 Sicut
748 2268 807 2321 Β.
844 2269 1044 2322 Petrus
1081 2270 1368 2338 apostolus
1408 2270 1626 2340 primus
1677 2270 1785 2324 fuit
1837 2269 2087 2324 omnium

489 2355 907 2426 Apostolorum,
938 2355 1019 2409 ita
1039 2359 1096 2408 et
1123 2355 1238 2409 hac
1263 2356 1509 2410 Ecclesia
1523 2372 1625 2410 suo
1647 2357 1874 2410 nomine
1893 2373 2088 2411 conse-

491 2449 663 2508 crata,
693 2443 932 2498 Domino
972 2443 1300 2499 instituente
1331 2445 1514 2516 prima
1543 2451 1600 2500 et
1626 2451 1795 2516 caput
1830 2446 1906 2500 sit
1931 2451 2091 2500 cate-

491 2550 706 2600 rarum,
739 2537 796 2587 et
827 2533 898 2588 ad
927 2550 1053 2588 eam
1084 2534 1242 2605 quasi
1274 2534 1345 2588 ad
1374 2539 1614 2589 matrem
1660 2541 1829 2605 atque
1875 2535 2090 2606 apicem

493 2639 689 2678 omnes
722 2624 963 2693 majores
991 2622 1252 2678 Ecclesia
1283 2639 1464 2678 causa
1495 2629 1550 2679 et
1570 2623 1783 2694 judicia
1812 2624 2092 2695 episcopo-

493 2729 621 2768 rum
654 2717 968 2778 recurrant,
1001 2716 1058 2766 et
1079 2714 1244 2782 juxta
1274 2713 1396 2780 ejus
1422 2712 1756 2767 sententiam
1784 2713 2091 2767 terminum

493 2807 740 2866 sumant,
776 2821 798 2852 ι
833 2806 941 2854 etc.
972 2801 1328 2855 Eleutherius
1360 2817 1525 2872 papa,
1557 2802 1718 2872 epist.
1777 2802 1846 2856 ad
1901 2801 2092 2856 Galliae

493 2890 830 2964 provincias,
855 2904 974 2960 cap.
1004 2887 1056 2954 3,
1091 2905 1138 2942 c.
1171 2890 1430 2956 Quanm’s
1461 2889 1515 2953 2,
1548 2906 1602 2959 q.
1635 2889 1667 2944 6
1699 2910 1714 2944 :
1761 2910 1781 2940 ι
1828 2891 2092 2954 Quamvis

494 2950 662 3033 liceat
691 2950 841 3048 apud
885 2950 1380 3047 comprovinciales
1423 2981 1479 3030 et
1503 2950 2001 3048 inetropolitanos,
2037 2984 2094 3032 et
2109 2950 2153 3009 Ο

493 3067 784 3140 primates,
843 3064 1232 3136 episcoporum
1287 3064 1557 3119 ventilare
1599 3066 2001 3131 accusationes,
2037 3073 2091 3121 et

497 3156 937 3220 criminationes,
969 3171 1081 3208 non
1109 3159 1302 3208 tamen
1329 3153 1460 3208 licet
1488 3154 1722 3209 deﬁnire
1770 3155 1891 3208 sine
1925 3155 2093 3225 hujus

497 3251 705 3302 sancta
744 3244 895 3299 sedis
924 3243 1278 3308 auctoritate,
1311 3243 1457 3297 sicut
1484 3243 1553 3296 ab
1574 3243 1839 3314 apostolis
1869 3260 2093 3298 eorum-

499 3352 610 3408 que
640 3332 1052 3389 successoribus
1077 3334 1384 3387 multorum
1412 3347 1686 3386 consensu
1710 3333 2095 3404 episcoporum

495 3425 617 3495 jam
651 3422 977 3489 deﬁnitum;
1007 3437 1111 3475 nec
1133 3421 1191 3474 in
1219 3436 1413 3475 eorum
1439 3421 1688 3474 ecclesiis
1707 3421 1803 3474 alii
1833 3427 1932 3475 aut
1952 3421 2098 3475 ordi-

501 3516 711 3568 nentur
739 3517 1042 3580 antequam
1080 3510 1172 3563 hic
1196 3511 1348 3578 juste
1386 3526 1580 3564 eorum
1609 3510 1985 3564 terminentur
2003 3527 2098 3565 ne-

501 3599 674 3672 gotia.
702 3617 728 3651 »
755 3598 819 3653 Id
850 3613 962 3652 non
990 3597 1202 3652 latebat
1248 3598 1314 3652 D.
1369 3598 1733 3670 Cyprianum,
1768 3599 1863 3669 qui
1891 3599 2097 3670 passim

502 3689 563 3744 in
583 3687 834 3760 epistolis
865 3687 1035 3742 totius
1065 3686 1215 3741 orbis
1242 3703 1524 3741 summum
1556 3687 1906 3742 hierarcham
1933 3688 2001 3742 de
2017 3705 2099 3742 re-

503 3777 610 3832 bus
642 3777 758 3832 suis
789 3776 1063 3842 consulit;
1093 3776 1335 3830 maxime
1362 3793 1493 3831 vero
1542 3777 1639 3831 lib.
1699 3792 1778 3844 in,
1837 3777 1981 3849 epist
2005 3777 2095 3846 13,

507 3884 633 3940 qua
662 3871 747 3922 est
775 3864 864 3921 67.
897 3865 1132 3937 Inspice,
1166 3865 1213 3920 si
1244 3867 1443 3937 placet.

1051 3971 1121 4009 AD
1148 3969 1448 4011 EPISTOLAM
1472 3969 1555 4009 ΙΠ.

577 4049 646 4102 In
677 4047 972 4114 praesentia
1001 4045 1347 4098 celsitudinis
1368 4049 1571 4112 vestra,
1605 4049 1710 4099 etc.
1763 4045 1899 4109 Quae
1930 4046 2111 4100 obiter

507 4135 613 4190 hoc
631 4135 751 4189 loco
800 4133 1031 4204 attingit
1085 4132 1465 4205 archiprasul,
1529 4134 1741 4187 affatim
1788 4136 2112 4206 suppeditat

509 4223 818 4278 monachus
831 4221 1272 4289 Cantuariensis,
1304 4222 1566 4276 Historia
1594 4239 1864 4277 novorum
1896 4223 1996 4280 lib.
2038 4239 2056 4277 I
2091 4242 2102 4277 :

512 4312 960 4367 «Calumniatus
1016 4316 1102 4366 est
1158 4312 1456 4380 (accusavit
1504 4311 1868 4382 Lanfrancus)
1919 4330 2107 4367 coram

511 4419 642 4473 pap.
698 4401 970 4455 Thomam
1003 4417 1130 4454 cum
1151 4401 1424 4471 Remigio,
1461 4401 1612 4472 quod
1650 4406 1850 4456 neuter
1883 4401 2107 4457 illorum

506 4492 634 4562 jure
688 4491 858 4545 fuerit
884 4496 1176 4561 promotus
1202 4491 1272 4543 ad
1304 4491 1708 4560 pontiﬁcatum.
1765 4491 1985 4545 Primus
2042 4508 2108 4545 ea

514 4579 727 4634 scilicet
757 4597 836 4643 re,
870 4580 1018 4650 quod
1049 4579 1193 4633 sacri
1218 4595 1459 4633 canones
1488 4579 1631 4634 ﬁlios
1651 4579 2108 4651 presbyterorum

517 4685 656 4740 quos
685 4667 969 4738 religionis
988 4668 1122 4722 ordo
1140 4684 1251 4722 non
1263 4675 1444 4734 ornat,
1480 4685 1515 4722 a
1541 4685 1825 4723 sacrorum
1848 4669 2108 4724 ordinum

517 4757 871 4830 promotione
895 4761 1238 4823 removeant,
1267 4774 1506 4829 sequens
1537 4763 1728 4824 34o
1755 4774 1883 4812 vero
1916 4775 2015 4829 pro
2043 4775 2106 4812 eo

518 4847 667 4920 quod
697 4847 842 4901 facta
870 4847 1235 4900 conventione
1263 4847 1421 4900 illum
1442 4864 1475 4900 a
1505 4847 1805 4902 Guillelmo
1823 4853 1949 4918 post
1977 4863 2108 4918 rege

516 4935 664 4990 facto
694 4934 910 5000 emerit,
958 4934 1139 4989 ofﬁcio
1169 4935 1424 4990 videlicet
1471 4951 1580 5006 quo
1631 4935 1682 4989 ei
1732 4936 1790 4989 in
1836 4935 2110 4989 excidium

517 5024 732 5095 Anglia
752 5024 1074 5095 properanti
1103 5024 1414 5078 multifaria
1433 5023 1790 5078 contentione
1822 5040 1887 5077 ac
1917 5024 2114 5078 multi-

516 5113 752 5187 plicibus
783 5113 1051 5184 impensis
1079 5113 1439 5168 deservierat.
1490 5113 1575 5166 Ad
1607 5113 1723 5167 hac
1767 5113 1848 5166 illi
1879 5113 2110 5178 nullam,

521 5220 633 5276 qua
657 5203 907 5258 excusari
931 5207 1178 5273 possent,
1210 5201 1555 5272 probabilem
1585 5217 1812 5255 causam
1845 5202 2115 5256 habentes

521 5293 754 5347 redditis
776 5292 990 5347 baculis
1021 5296 1079 5346 et
1105 5291 1345 5357 annulis,
1381 5307 1508 5344 cum
1537 5307 1670 5345 cura
1690 5291 2012 5362 pontiﬁcali,
2046 5291 2115 5345 ad

524 5381 822 5452 petendam
875 5379 1320 5435 misericordiam
1346 5380 1598 5435 conversi
1653 5385 1803 5434 sunt.
1865 5381 2116 5445 Quorum

524 5471 783 5542 precibus
815 5487 938 5526 sese
988 5470 1330 5526 Lanfrancus
1377 5469 1624 5524 medium
1662 5469 1935 5540 injiciens,
1972 5469 2118 5525 sicut

2177 1739 2311 1793 York
2333 1738 2597 1809 graphice
2615 1737 2874 1807 designat
2898 1736 3215 1790 Camdenus
3247 1735 3306 1788 in
3326 1752 3424 1789 sua
3456 1735 3714 1789 Britannia

2169 1827 2564 1896 descriptione,
2589 1825 2756 1879 verbo
2782 1828 3066 1892 Brigantes
3088 1843 3104 1878 :
3130 1841 3156 1876 ί(
3190 1823 3323 1877 urbs
3349 1829 3432 1877 est
3449 1823 3604 1877 totius
3619 1825 3713 1877 An-

2166 1915 2294 1985 glia
2323 1915 2586 1980 secunda,
2635 1914 2717 1968 ait
2746 1915 2839 1967 ille
2872 1914 3038 1983 hujus
3067 1912 3317 1983 regionis
3357 1911 3716 1981 (Eboracensis,

2168 2004 2332 2074 vulgo
2393 2003 2730 2071 Yorkeshire)
2774 2002 3170 2072 pulcherrima,
3220 2001 3483 2055 universa
3520 2001 3720 2071 Septen-

2169 2092 2397 2146 trionali
2417 2092 2584 2162 parti,
2619 2097 2676 2145 et
2697 2091 2974 2162 prasidio,
3006 2096 3064 2144 et
3090 2096 3422 2145 ornamento
3454 2093 3534 2144 est
3559 2092 3723 2159 singu-

2169 2180 2294 2234 lari.
2328 2181 2582 2245 Amana,
2611 2180 2816 2251 ampla,
2850 2180 3087 2245 munita,
3112 2179 3359 2233 adiﬁciis
3386 2184 3494 2232 tam
3523 2176 3717 2248 privatis

2171 2285 2340 2340 quam
2371 2269 2608 2340 publicis
2633 2269 2896 2334 exsculta,
2947 2268 3144 2340 Opibus
3191 2268 3508 2337 civibusque
3531 2266 3724 2331 referta,

2171 2363 2228 2412 et
2255 2358 2712 2429 archiepiscopali
2742 2358 2873 2412 sede
2901 2358 3188 2428 praeclara,
3224 2377 3250 2410 »
3284 2362 3388 2411 etc.
3406 2353 3724 2410 Malmesbur.

2170 2445 2227 2500 in
2259 2443 2585 2517 praefatione
2606 2447 2675 2500 ad
2716 2446 2811 2500 lib.
2837 2461 2901 2500 III
2923 2447 2992 2501 de
3017 2446 3225 2500 Pontif.
3249 2445 3582 2502 B.Alcuinus
3606 2442 3730 2514 apud

2174 2536 2433 2590 eumdem
2464 2534 2800 2589 Malbesbur.
2855 2536 3048 2590 eodem
3087 2537 3210 2589 loco
3249 2536 3310 2588 in
3348 2531 3731 2603 archiepisc0pis

2172 2624 2511 2679 Eboracens.
2557 2629 2684 2695 post
2713 2625 2860 2678 med.
2926 2625 2994 2678 de
3044 2624 3253 2695 insigni
3297 2624 3392 2677 illa
3437 2621 3734 2676 bibliotheca

2174 2713 2509 2768 Eboracensi
2574 2713 2836 2767 Carolum
2885 2714 3151 2783 Magnum
3210 2714 3536 2782 alloquens:
3570 2728 3593 2760 (ι
3617 2709 3735 2762 Date

2174 2802 2334 2868 mihi,
2365 2803 2568 2872 inquit,
2615 2802 3005 2872 exquisitiores
3049 2801 3386 2856 eruditionis
3432 2796 3736 2852 scholastica

2174 2891 2412 2957 libellos,
2449 2891 2642 2960 quales
2665 2891 2723 2944 in
2753 2891 2935 2962 patria
2963 2890 3152 2954 habui,
3175 2907 3278 2961 per
3299 2889 3500 2943 bonam
3526 2891 3578 2940 et
3598 2886 3740 2939 devo-

2177 2980 2293 3034 tissi
2305 2995 2450 3032 mam
2483 2980 2738 3050 magistri
2771 2980 2883 3033 mei
2915 2979 3142 3050 Egberti
3181 2975 3576 3048 archiepiscOpi
3605 2973 3742 3026 indu-

2178 3069 2373 3123 striam
2411 3085 2421 3120 :
2459 3072 2516 3121 et
2545 3068 2591 3121 si
2621 3068 2802 3138 placet
2831 3068 3171 3123 excellentia
3223 3072 3440 3131 vestra,
3495 3061 3745 3117 remittam

2175 3159 2392 3229 aliquos
2419 3174 2484 3211 ex
2513 3157 2700 3228 pueris
2715 3159 2933 3224 vestris,
2958 3157 3053 3228 qui
3079 3157 3368 3228 excipiant
3388 3154 3515 3208 inde
3539 3165 3743 3222 quaque

2176 3247 2507 3313 necessaria,
2549 3250 2607 3300 et
2636 3247 2906 3301 revehant
2950 3247 3008 3301 in
3037 3245 3337 3300 Franciam
3370 3245 3533 3298 ﬂores
3552 3239 3747 3295 Britan-

2176 3335 2300 3389 nia.
2332 3353 2358 3388 ι

2249 3425 2524 3479 Caeterum
2580 3422 2936 3494 metropolim
3013 3422 3322 3477 Ecclesiam
3381 3420 3752 3475 Eboracensem

2178 3512 2470 3568 constituit
2493 3513 2555 3567 B.
2598 3513 2834 3582 Gregor.
2872 3512 3021 3582 apud
3051 3510 3338 3566 Venerab.
3383 3510 3587 3564 Bedam
3615 3506 3700 3560 lib.
3718 3517 3750 3566 Ι,

2179 3619 2299 3673 cap.
2330 3601 2418 3668 29,
2450 3602 2530 3656 ita
2558 3602 2622 3656 B.
2650 3600 2964 3671 Augustino
2999 3601 3314 3670 Anglorum
3363 3597 3608 3670 apostolo
3636 3591 3755 3648 scri-

2178 3691 2317 3746 bens
2352 3711 2363 3744 :
2392 3710 2418 3744 α
2452 3691 2521 3745 Et
2563 3691 2696 3762 quia
2734 3706 2877 3744 nova
2902 3691 3214 3759 Anglorum
3241 3679 3490 3744 Ecclesia
3517 3686 3583 3741 ad
3610 3681 3760 3738 omni-

2181 3780 2426 3852 potentis
2458 3779 2558 3834 Dei
2582 3779 2846 3850 gratiam,
2867 3778 3064 3832 eodem
3076 3779 3320 3833 Domino
3345 3777 3631 3849 largiente,
3655 3775 3761 3826 ette

2184 3869 2492 3934 laborante,
2549 3868 2817 3938 perducta
2846 3873 2949 3932 est,
3005 3884 3172 3922 usum
3202 3868 3314 3922 tibi
3360 3868 3418 3920 in
3453 3882 3519 3919 ea
3563 3863 3630 3917 ad
3665 3859 3765 3915 sola

2189 3958 2492 4012 missarum
2521 3956 2794 4010 solemnia
2820 3955 3042 4026 agenda
3072 3957 3440 4010 concedimus
3464 3973 3474 4007 :
3501 3954 3578 4007 ita
3600 3955 3659 4005 ut
3682 3963 3765 4020 per

2192 4046 2415 4116 singula
2469 4046 2589 4099 loca
2640 4044 2932 4099 duodecim
2961 4045 3256 4116 episcopos
3287 4045 3516 4099 ordines
3547 4039 3634 4111 qui
3675 4045 3768 4091 tua

2193 4136 2524 4206 subjaceant
2545 4133 2880 4188 ditioni.»Et
2903 4135 3072 4205 paulo
3099 4134 3285 4188 infra:
3317 4152 3344 4185 «
3381 4133 3453 4187 ad
3483 4131 3768 4186 Eburacum

2123 4265 2172 4323 D
2190 4241 2320 4278 vero
2331 4223 2614 4278 civitatem
2634 4228 2691 4276 te
2719 4223 2974 4277 volumus
3000 4222 3334 4294 episcopum
3354 4222 3598 4283 mittere,
3627 4229 3772 4288 quem

2189 4313 2308 4384 ipse
2323 4311 2662 4382 judicaveris
2691 4311 2971 4374 ordinare,
3002 4311 3084 4365 ita
3112 4312 3398 4366 duntaxat
3424 4315 3488 4364 ut
3511 4308 3556 4362 si
3605 4305 3775 4360 eadem

2189 4401 2383 4455 civitas
2402 4416 2528 4456 cum
2547 4399 2947 4454 ﬁnitimislocis
2972 4399 3205 4454 verbum
3230 4401 3339 4455 Dei
3374 4395 3662 4469 receperit,
3679 4393 3781 4463 ipse

2189 4508 2411 4564 quoque
2440 4490 2734 4545 duodecim
2768 4490 3054 4561 episcopos
3105 4491 3357 4554 ordinet,
3391 4495 3449 4542 et
3480 4481 3777 4554 metropoli-

2189 4581 2309 4634 tani
2343 4582 2552 4634 honore
2577 4580 2930 4650 perfruatur;
2966 4595 3133 4649 quem
3162 4586 3366 4633 tamen
3402 4583 3515 4631 tua
3552 4568 3786 4629 fraterni-

2189 4670 2324 4724 tatis
2373 4670 2628 4723 volumus
2675 4668 3028 4739 dispositioni
3072 4667 3390 4738 subjacere,
3430 4685 3456 4718 ›)
3512 4670 3613 4719 etc.
3657 4662 3786 4727 Lege

2189 4758 2449 4813 eumdem
2479 4758 2688 4812 Bedam
2719 4756 2812 4810 lib.
2845 4771 2907 4818 ιι,
2931 4773 3050 4827 cap.
3086 4755 3170 4822 17,
3195 4763 3257 4810 et
3289 4756 3485 4809 Vitam
3525 4753 3580 4807 S.
3611 4752 3786 4819 Augu-

2191 4847 2342 4912 stini,
2377 4851 2504 4916 post
2530 4847 2686 4900 Vitas
2716 4845 2982 4899 abbatum
3004 4845 3396 4909 Beccensium,
3418 4860 3544 4914 pag.
3571 4838 3656 4896 62.

2203 4939 2206 4942 ’
2261 4938 2578 4989 Primatum
2620 4938 2830 4988 niterer
2851 4937 3110 4988 obtinere.
3137 4935 3200 4987 In
3237 4934 3500 4987 medium
3523 4930 3610 4984 hic
3638 4923 3788 4981 disci-

2195 5025 2350 5079 dium
2370 5023 2518 5077 inter
2546 5024 2816 5078 Thomam
2835 5022 3243 5077 Eboracensem
3260 5029 3321 5076 et
3334 5019 3791 5077 Cantuariensem

2197 5112 2677 5182 archiepiscopum
2718 5112 3096 5166 Lanfrancum
3143 5111 3406 5180 proferre
3458 5123 3640 5180 opera
3681 5115 3790 5157 esse

2197 5218 2309 5255 non
2331 5200 2754 5272 putavi,quippe
2765 5206 2851 5254 tot
2871 5205 2927 5254 et
2946 5199 3149 5253 diversi
3177 5199 3248 5253 de
3279 5200 3486 5253 eodem
3536 5196 3792 5265 scripsere

2199 5295 2598 5355 auctores,tam
2614 5289 2817 5343 vetusti
2828 5305 2996 5359 quam
3009 5293 3284 5352 recentes,
3307 5293 3374 5341 ut
3389 5287 3451 5340 in
3466 5287 3792 5339 immensum

2198 5380 2373 5435 ferme
2399 5386 2722 5450 exsurgeret
2747 5378 3037 5447 materies;
3071 5383 3130 5433 et
3149 5377 3468 5432 obtrudere
3499 5375 3665 5431 toties
3683 5373 3792 5441 jam

2198 5470 2458 5542 repetita,
2489 5469 2707 5524 viderer
2733 5468 2921 5540 potius
2949 5467 3155 5523 eruditi
3179 5467 3420 5521 lectoris
3449 5462 3790 5520 stomachum
