3902 6166
261 168 365 227 565
1324 177 1404 232 ΙΝ
1442 178 1666 233 EPIST.
1707 179 1777 232 B.—
1812 178 1861 232 L.

1945 176 2225 231 lFRANCI
2262 175 2500 232 ΝΟΤᾹΞ.
2864 228 2869 234 .
2980 212 2981 215 η
3433 172 3540 234 566

258 296 328 351 ad
345 312 622 353 nauseam
642 314 961 369 provocare,
985 316 1153 370 quam
1181 302 1253 355 ad
1283 302 1582 373 legendum
1601 303 1853 357 animum
1872 303 1923 361 A
1942 299 2111 354 tionis
2155 314 2350 353 eorum
2395 297 2807 370 superadjicere
2847 298 3056 366 curavi,
3108 318 3132 351 ι
3169 304 3276 357 etc.
3326 299 3540 356 Deinde

257 385 610 442 everberare.
653 388 717 443 In
745 388 877 443 Vita
908 389 1159 460 proxime
1194 390 1363 447 citata
1401 408 1528 462 pag.
1569 392 1766 447 eadem
1794 392 1863 446 de
1945 404 2176 460 operum
2208 386 2435 457 subjicit
2458 388 2774 445 elenchum.
2803 387 2905 445 His
2922 389 3087 463 plura
3106 389 3359 449 referunt
3384 389 3540 469 illius

256 475 508 546 primatu
539 477 967 535 Cantuariensis
984 479 1242 534 Ecclesia
1268 479 1328 534 in
1360 479 1784 545 Eboracensem,
1807 486 1866 535 et
1946 477 2194 532 historiae
2223 476 2594 533 Continuator
2619 476 2714 535 lib.
2746 491 2788 544 Ι,
2820 494 2941 550 cap.
2966 479 3019 545 5,
3048 478 3103 544 6,
3126 483 3188 547 7;
3218 478 3535 549 Malmesb.,

258 563 432 620 Gesta
461 564 618 619 beati
638 566 936 621 Lanfranci
958 583 1079 637 cap.
1111 565 1183 624 10
1206 574 1262 621 et
1290 566 1377 631 11,
1407 585 1535 640 pag.
1569 569 1586 625 1
1608 568 1650 633 ι,
1673 569 1863 637 legere
1944 566 2040 621 lib.
2064 580 2103 630 ι,
2127 582 2250 637 cap.
2273 564 2326 630 3,
2350 564 2492 623 fuse.
2525 565 2631 620 Sed
2653 583 2782 621 vero
2802 567 2997 622 eadem
3023 567 3190 639 plane
3209 567 3461 624 referunt
3482 556 3541 622 et

255 659 362 709 est.
412 653 730 710 Meminere
775 660 832 709 et
876 655 1132 726 ejusdem
1184 657 1571 712 controversia
1619 657 1850 716 Guillel.

254 741 778 798 Halmasburiensis
822 742 949 797 libr.
997 759 1082 806 III,
1116 745 1186 799 de
1227 746 1379 801 Gest.
1425 748 1593 816 Ang.,
1630 745 1723 800 fol.
1765 745 1855 811 65,

256 830 612 901 amplissime
641 847 770 887 vero
801 830 926 886 libr.
950 848 990 888 ι.
1024 834 1105 889 De
1126 835 1349 904 pontif.,
1373 835 1468 889 fol.
1504 831 1678 890 1|8‘et
1699 851 1815 905 seq.
1843 852 1858 903 ;

258 918 517 974 Orderic.
544 919 709 974 Vital.
746 920 892 975 Hist.
923 921 1020 975 lib.
1044 937 1124 988 ill,
1154 939 1282 993 pag.
1317 921 1440 987 5i8,
1465 922 1535 977 ad
1566 939 1698 976 ann.
1730 919 1863 979 1075

258 1007 797 1078 Harpsfeld.saculo
812 1024 898 1076 x1;
930 1010 1116 1064 Casar
1141 1011 1435 1074 Baronius,
1468 1012 1670 1065 Annal.
1701 1016 1744 1065 t.
1780 1009 1857 1065 II.

260 1097 327 1151 Α.
349 1096 457 1150 Ch.
482 1094 622 1153 1071
649 1103 707 1151 et
742 1096 897 1165 1072,
927 1104 984 1153 et
1013 1098 1106 1152 alii
1135 1099 1475 1169 complures.
1504 1101 1619 1154 Nos
1639 1116 1862 1171 quoque

136 1232 149 1235 _
256 1183 409 1238 infra
433 1184 631 1256 paucis
659 1185 963 1240 admodum
992 1202 1058 1241 ex
1094 1189 1150 1242 S.
1184 1188 1355 1252 Beda,
1388 1204 1459 1243 ne
1486 1188 1710 1243 lectoris
1736 1190 1860 1243 ani-

258 1289 416 1328 mum
446 1289 679 1344 prorsus
692 1275 949 1343 jejunum
978 1275 1387 1346 relinquamus.

326 1363 641 1417 Conventus
662 1365 905 1431 Anglicas
925 1369 1101 1419 terra.
1126 1365 1207 1419 De
1235 1365 1340 1419 hoc
1355 1370 1631 1420 conventu
1651 1365 1709 1420 in
1729 1366 1862 1421 Vita

255 1451 368 1505 divi
398 1450 700 1506 Lanfranci
720 1467 842 1522 cap.
864 1453 954 1518 11,
982 1469 1110 1524 pag.
1142 1452 1226 1507 12.

324 1541 493 1608 Apud
534 1542 860 1594 Wentanam
887 1543 1183 1595 ciuitatem.
1212 1541 1533 1609 ~Camdeno,
1566 1542 1662 1597 ubi
1689 1559 1863 1613 supra

1940 652 2457 711 Malmesburiensis
2510 659 2569 708 et
2626 654 2996 710 Continuator
3042 655 3155 721 ille,
3206 672 3307 712 seu
3351 656 3537 711 verius

1942 743 2224 816 ipsissima
2265 748 2487 799 exstant
2515 741 2685 796 verba
2710 742 2770 797 in
2812 748 3084 814 utroque;
3131 749 3196 798 ut
3231 744 3537 815 conjectari

1941 832 2110 887 liceat
2130 848 2305 886 unum
2326 831 2395 886 ab
2415 832 2592 886 altero
2612 836 2932 888 mutuatum
2953 832 3126 887 fuisse
3146 832 3295 904 quod
3318 832 3537 907 eloqui-

1945 925 2056 975 tur.
2071 921 2391 990 Antequam
2416 921 2707 975 excederet
2732 936 2764 974 e
2794 919 2909 974 vita
2928 920 3063 992 quid
3084 920 3327 992 gesserit
3344 921 3539 976 doctor

1944 1010 2040 1063 ille
2066 1009 2473 1075 sanctissimus,
2505 1008 2798 1080 descripsit
2824 1024 2892 1065 ex
2918 1009 3040 1079 ejus
3076 1008 3366 1080 discipulis
3400 1025 3541 1065 non-

1943 1099 2135 1153 nullus
2175 1098 2327 1169 apud
2369 1097 2599 1153 Surium
2644 1102 2781 1152 tom.
2818 1098 2920 1162 III,
2964 1097 3054 1151 die
3088 1095 3153 1157 10
3180 1098 3293 1153 Mai
3318 1117 3335 1152 :
3365 1098 3538 1153 refert

1942 1193 2133 1242 autem
2161 1187 2253 1242 die
2274 1186 2632 1241 Ascensionis
2654 1185 2957 1247 Dominica
2975 1185 3154 1241 cilicio
3172 1185 3424 1256 subjecto
3444 1187 3537 1243 de‘

1942 1275 2321 1341 cumbentem,
2342 1274 2555 1330 illibato
2576 1291 2746 1329 sensu
2768 1280 2826 1329 et
2851 1274 3019 1331 hilari
3047 1275 3204 1331 vultu
3234 1275 3381 1330 hanc
3410 1292 3539 1331 ora-

1942 1365 2154 1419 tionem
2180 1379 2280 1418 seu
2308 1364 2675 1435 antiphonam
2700 1364 3095 1435 proferentem,
3130 1364 3171 1419 0
3207 1379 3304 1419 res
3326 1365 3536 1431 glorias,

1940 1455 2172 1508 Domine
2200 1455 2498 1519 virtutum,
2535 1457 2667 1519 etc.,
2699 1457 2871 1523 atque
2912 1452 3012 1507 illa
3048 1456 3280 1524 peracta
3320 1452 3540 1507 efﬂasse

1942 1540 2209 1595 animam.
2238 1540 2322 1595 De
2351 1541 2406 1595 S.
2432 1540 2586 1595 Beda
2612 1540 3075 1612 Martyrologium
3101 1541 3421 1596 Romanum
3449 1539 3541 1595 die

256 1627 431 1683 verbo
460 1628 687 1696 Belga:
731 1630 893 1682 Venia
925 1631 1218 1697 Belgarum
1248 1630 1473 1695 dicitur,
1509 1632 1674 1702 vulgo
1718 1633 1925 1713 γένη-Β
1946 1629 2012 1682 27
2046 1628 2216 1696 Maii;
2269 1628 2547 1684 Baronius
2572 1628 2634 1682 in
2670 1628 2819 1683 notis
2847 1628 2918 1685 ad
2960 1628 3018 1684 id
3063 1628 3194 1694 diei,
3237 1634 3294 1684 et
3320 1629 3533 1687 Annal.

256 1717 484 1780 dicam,
518 1715 652 1770 urbs
682 1717 840 1786 regia
870 1720 928 1771 et
962 1718 1364 1786 amanissima,
1403 1718 1703 1790 episcopali
1733 1720 1865 1774 sede
1944 1723 2082 1771 tom.
2115 1717 2185 1771 ad
2214 1733 2347 1772 ann.
2372 1714 2468 1775 731
2492 1736 2505 1784 ;
2537 1717 2823 1775 Arnoldus
2842 1717 3054 1785 Wion,,
3076 1716 3241 1788 Ligni
3269 1716 3410 1773 Vita
3438 1717 3539 1771 lib.

252 1805 590 1876 inaignitur.
618 1806 791 1860 Plura
817 1806 938 1861 vide
968 1806 1211 1877 ibidem;
1245 1824 1462 1861 necnon
1492 1814 1549 1862 et
1569 1808 1860 1863 Malmesb.

254 1893 351 1948 lib.
383 1908 431 1948 II
460 1895 545 1949 De
573 1894 793 1966 pontif.,
828 1895 885 1949 in
914 1895 1189 1966 episcopis
1216 1896 1699 1955 Vintoniensibus.

323 1984 712 2039 Ecclesiastica
730 1987 910 2052 gentis
930 1985 1246 2052 Anglorum
1267 1986 1523 2040 historia.
1540 1986 1675 2050 Qua
1694 1985 1861 2041 habe-

256 2076 350 2125 tur
367 2073 454 2136 (ut
482 2076 681 2126 notum
713 2076 820 2139 est)
844 2076 977 2126 tom.
1002 2072 1103 2138 III,
1127 2088 1362 2143 operum
1393 2075 1452 2128 S.
1485 2074 1649 2128 Beda
1676 2075 1860 2129 Vene-

256 2156 488 2224 rabilis;
540 2157 633 2213 ubi
681 2158 826 2215 libro
866 2173 905 2221 Ι,
937 2176 975 2212 a
1002 2175 1125 2230 cap.
1157 2159 1226 2217 23
1255 2161 1326 2215 ad
1373 2162 1563 2227 finem,
1596 2178 1662 2216 ac
1704 2161 1862 2217 libris

255 2249 518 2316 aequent.
534 2245 744 2316 passim
761 2246 833 2300 de
850 2246 1292 2302 Dorobernensis
1309 2247 1424 2303 sive
1440 2248 1862 2304 Cantuariensis

255 2339 708 2410 metropolitana
737 2339 888 2394 sedis
923 2340 1190 2410 primatu,
1224 2342 1289 2396 D.
1324 2342 1642 2412 Augustino
1679 2341 1861 2414 primo

257 2427 517 2499 ejusdem
546 2427 788 2483 civitatis
825 2428 1240 2501 archiepiscopo
1275 2446 1310 2485 a
1338 2431 1401 2486 B.
1434 2430 1707 2501 Gregorio
1737 2446 1865 2485 con-

254 2533 434 2582 mo,
472 2521 534 2570 et
573 2515 646 2571 ab
691 2516 1050 2572 inferioribus
1093 2518 1351 2573 Ecclesia
1378 2519 1646 2574 Romana
1675 2519 1861 2590 ponti-

254 2604 459 2659 ﬁcibus
503 2605 855 2671 confirmato,
886 2605 1185 2661 disseritur
1223 2626 1235 2661 :
1287 2624 1528 2678 quorum
1578 2607 1864 2679 privilegia

255 2710 352 2748 seu
372 2693 598 2747 litteras
630 2692 873 2749 bullatus
890 2696 972 2763 (ut
990 2695 1209 2756 vocant)
1226 2696 1341 2750 sive
1361 2696 1533 2751 etiam
1554 2696 1863 2751 decretales

255 2781 324 2835 ab
362 2781 628 2852 ipsismet
656 2782 1013 2853 pontiﬁcibus
1054 2783 1115 2836 in
1151 2783 1397 2852 gratiam
1436 2784 1862 2839 Cantuariensis

254 2870 538 2939 primatus
560 2870 946 2940 promulgatas
975 2870 1048 2924 ad
1076 2886 1180 2924 sua
1205 2887 1384 2941 usque
1412 2877 1686 2942 tempora,
1722 2872 1861 2926 scri-

1944 1819 2028 1871 m,
2065 1805 2156 1859 die
2190 1806 2255 1860 27
2283 1805 2434 1870 Maii,
2464 1810 2524 1862 et
2562 1805 2657 1860 lib.
2688 1822 2740 1869 v,
2768 1822 2891 1877 cap.
2924 1806 3047 1864 111.
3076 1807 3261 1877 Atque
3289 1805 3543 1871 omnium

1940 1894 2285 1965 amplissime
2313 1894 2609 1950 Eduardus
2636 1895 2907 1963 Malheus,
2928 1893 3329 1973 Trophaorum
3349 1885 3545 1975 tabula

1946 1981 1994 2039 1.
2023 1984 2139 2038 Cur
2154 1999 2284 2039 vero
2311 1984 2498 2055 potius
2516 1983 2864 2041 Venerabilis
2894 1983 3167 2038 vocitatur
3185 1983 3354 2059 Beda,
3372 1999 3543 2055 quam

1941 2077 2190 2140 sanctus,
2224 2073 2474 2127 rationes
2519 2072 2807 2128 interserit
2832 2072 3032 2129 ultimo
3068 2072 3192 2127 loco
3234 2072 3406 2147 citato
3433 2073 3542 2127 Ar-

1941 2161 2145 2215 noldus
2182 2161 2372 2228 Wion,
2407 2176 2647 2233 quarum
2683 2162 2806 2217 hac
2832 2161 3154 2233 pracipua:
3191 2180 3213 2213 ι
3250 2161 3545 2223 Viventem

1944 2249 2115 2316 enim,
2136 2249 2339 2321 inquit,
2359 2249 2525 2305 aliter
2538 2266 2885 2322 nuncupare,
2903 2265 3229 2327 quanquam
3247 2249 3545 2306 sanctitate

1944 2339 2202 2404 clareret,
2230 2338 2313 2393 tas
2341 2354 2457 2393 non
2477 2343 2620 2393 erat.
2644 2358 2668 2389 ι
2690 2339 2765 2393 At
2793 2354 2897 2410 ego
2928 2340 3012 2396 (ut
3037 2338 3220 2394 dicam
3251 2339 3398 2410 quod
3420 2355 3546 2395 sen-

1942 2426 2123 2497 tio)eo
2146 2427 2377 2482 nomine
2392 2427 2496 2481 has
2512 2426 2581 2481 ob
2601 2443 2798 2481 causas
2823 2424 3155 2498 insignitum
3180 2430 3337 2499 puto,
3361 2427 3546 2499 prima

1945 2515 2094 2587 quod
2124 2514 2456 2586 antiquitus,
2491 2514 2656 2569 Beda
2675 2530 2789 2568 avo
2810 2514 3071 2580 maxime,
3103 2515 3351 2571 solemne
3373 2515 3548 2574 fuerit

1943 2603 2302 2676 presbyteros
2319 2602 2665 2657 venerabiles
2686 2602 2958 2671 vocitare;
2990 2603 3189 2667 altera,
3209 2603 3313 2659 viri
3342 2602 3547 2659 eximia

1944 2692 2233 2757 sanctitas,
2281 2693 2461 2763 pietas
2515 2691 2844 2761 singularis,
2904 2706 3033 2746 cum
3088 2691 3215 2763 pari
3253 2692 3541 2760 doctrina,

1944 2780 2419 2850 scientiarumque
2438 2778 2662 2850 peritia,
2690 2778 2748 2833 id
2771 2779 3019 2833 effecerit
3039 2784 3105 2839 ut
3126 2779 3277 2835 illius
3299 2780 3544 2835 homilia

1944 2868 2168 2938 publice
2187 2868 2249 2923 in
2278 2867 2557 2933 Ecclesiis,
2581 2883 2646 2921 eo
2675 2867 2735 2921 in
2761 2866 2898 2921 vivis
2922 2867 3201 2921 existente
3224 2856 3546 2936 legerentur

254 2959 365 3029 ptis
396 2958 473 3012 ad
498 2957 729 3013 verbum
755 2958 1106 3029 consignavit
1132 2976 1279 3030 sape
1314 2961 1465 3015 fatus
1492 2960 1854 3016 Malmesbur.
1877 2965 1921 3025 Ο
1942 2956 2092 3011 unde
2123 2962 2181 3009 et
2210 2954 2544 3010 venerabilis
2576 2971 2784 3009 nomen
2805 2961 2893 3009 est
2916 2955 3190 3027 adeptus;
3220 2971 3415 3009 verum
3443 2950 3545 3008 hu-

252 3046 320 3101 de
341 3047 506 3102 Gest.
531 3047 765 3117 Anglor.
806 3047 930 3101 libr.
972 3062 1055 3113 nl,
1086 3064 1207 3118 cap.
1242 3049 1442 3103 ultimo
1470 3067 1484 3117 ;
1519 3055 1577 3105 et
1602 3050 1701 3104 lib.
1736 3065 1755 3104 1
1785 3051 1865 3105 De

257 3136 513 3207 pontiﬁc.
1232 3158 1233 3161 ‘

317 3228 449 3290 84
462 3229 505 3290 ι
531 3225 843 3291 Anglorum
868 3225 1055 3278 doctor
1070 3226 1232 3279 Beda.
1250 3224 1602 3281 Pranomine
1621 3227 1866 3281 Venera-

249 3312 400 3378 bilis,
448 3314 538 3367 vir
579 3313 841 3384 equidem
890 3313 1232 3368 admirandae
1280 3315 1612 3382 sanctitatis,
1654 3317 1862 3387 regula

249 3402 631 3457 Benedictina
666 3401 1122 3473 religiosissimus
1151 3403 1494 3471 observator,
1527 3409 1698 3476 atque
1728 3421 1861 3460 eru-

253 3489 503 3544 ditorum
552 3489 807 3543 omnium
850 3490 940 3543 sui
987 3490 1173 3544 saculi
1222 3490 1384 3545 facile
1416 3492 1678 3563 princeps
1705 3493 1855 3548 fuit:

251 3595 446 3633 verum
492 3579 631 3649 quid
675 3578 745 3632 de
793 3579 976 3649 seipse
1008 3579 1086 3646 (in
1115 3581 1265 3634 calce
1297 3581 1563 3635 nimirum
1598 3582 1860 3639 Historia

252 3667 643 3722 ecclesiastica
680 3667 868 3737 gentis
908 3668 1244 3739 Anglorum)
1272 3669 1345 3723 ad
1389 3674 1641 3740 posteros
1669 3676 1858 3725 trans-

256 3755 428 3821 misit,
469 3755 668 3809 audire
710 3772 823 3810 non
870 3756 1064 3827 pigeat
1098 3775 1109 3809 :
1146 3777 1169 3807 ι
1203 3758 1357 3812 Beda
1390 3759 1491 3813 Dei
1529 3759 1773 3814 famulus
1800 3764 1858 3814 et

256 3844 552 3923 presbyter
588 3845 915 3899 monasterii
967 3845 1256 3900 beatorum
1291 3848 1673 3918 apostolorum
1702 3848 1855 3902 Petri

258 3939 315 3987 et
342 3933 532 4001 Pauli,
557 3933 705 4002 quod
734 3939 820 3987 est
843 3934 913 3987 ad
938 3934 1290 3989 Virimudam
1312 3941 1371 3989 et
1398 3936 1688 4006 Ingiruum
1712 3953 1724 3986 :
1759 3938 1854 4009 qui

257 4026 423 4076 natus
451 4023 512 4075 in
542 4021 830 4075 territorio
858 4023 1108 4091 ejusdem
1141 4024 1491 4093 monasterii,
1522 4042 1648 4080 cum
1675 4042 1857 4080 essem

256 4127 536 4165 annorum
571 4116 811 4181 septem,
862 4127 996 4165 cura
1049 4113 1490 4183 prapinquorum
1538 4114 1704 4169 datus
1731 4131 1857 4170 sum

260 4199 584 4255 educandus
598 4199 921 4253 Reverendo
941 4199 1130 4254 abbati
1154 4202 1453 4256 Benedicto
1467 4206 1858 4273 (cognomento

1941 3044 2192 3116 jusmodi
2222 3044 2390 3099 titulo
2427 3049 2694 3099 ornatum
2722 3060 3001 3116 nusquam
3045 3043 3196 3116 apud
3235 3048 3545 3099 coataneos

1945 3134 2245 3205 scriptores
2273 3134 2568 3205 repetitur,
2594 3132 2680 3187 uti
2708 3133 2981 3188 Baronius
3001 3133 3206 3189 Annal.
3230 3132 3424 3189 eccles.
3447 3130 3545 3188 ubi

1945 3241 2118 3296 supra
2144 3228 2404 3279 accurate
2432 3228 2759 3295 pertractat.

2011 3314 2319 3381 Augustini
2335 3314 2519 3381 primi
2545 3314 2972 3368 Dorobernensis
2994 3313 3245 3381 episcopi.
3268 3329 3295 3364 α
3318 3312 3398 3367 De
3417 3329 3544 3368 san-

1942 3407 2033 3456 cto
2059 3400 2376 3472 Augustino
2401 3400 2568 3472 (quod
2587 3399 2846 3456 observat
2866 3400 3224 3457 doctissimus
3249 3401 3411 3472 Hugo
3431 3402 3544 3467 Me-

1942 3490 2179 3556 nardus)
2211 3489 2523 3560 Anglorum
2561 3490 2815 3562 apostolo
2844 3505 2957 3544 non
2985 3488 3077 3543 hic
3115 3489 3543 3561 pratermittem

1941 3580 2076 3634 dum
2106 3578 2296 3633 censui
2331 3578 2612 3649 insignem
2641 3578 2826 3632 locum
2861 3578 3125 3650 Aimoyni
3153 3578 3539 3647 Floriacensis,

1939 3667 1997 3721 in
2027 3667 2159 3722 Vita
2183 3668 2239 3720 S.
2272 3665 2523 3722 Abbonis
2542 3684 2664 3738 cap.
2686 3665 2743 3733 4,
2777 3683 2886 3739 quo
2913 3666 3305 3738 pradicatores
3333 3667 3393 3722 in
3421 3669 3543 3723 An-

1935 3756 2108 3828 gliam
2130 3773 2165 3810 a
2184 3756 2241 3810 S.
2266 3756 2543 3828 Gregorio
2564 3756 2767 3812 missos
2785 3755 3036 3812 addictos
3057 3758 3265 3827 regula
3287 3757 3343 3812 S.
3368 3757 3543 3812 Bene-

1939 3844 2071 3899 dicti
2087 3850 2346 3899 testatur.
2356 3846 2562 3901 Eadem
2574 3846 2780 3918 quippe
2798 3845 2952 3900 natio
2970 3845 3060 3912 (de
3069 3845 3265 3916 Anglis
3281 3846 3534 3917 loquens)

1937 3935 2010 3988 ad
2039 3950 2291 3989 amorem
2323 3934 2509 3989 Patris
2553 3934 2733 3989 nostri
2763 3933 3051 3989 Benedicti
3096 3933 3393 3988 memorati
3433 3933 3541 3988 loci

1939 4022 2156 4077 duabus
2207 4039 2274 4076 ex
2314 4022 2498 4078 causis
2547 4024 2789 4077 maxime
2839 4022 3090 4077 accessit.
3138 4023 3262 4077 Una
3290 4022 3536 4093 quidem,

1941 4111 2073 4183 quia
2101 4110 2158 4166 S.
2210 4127 2354 4182 papa
2396 4110 2702 4182 Gregorius
2740 4110 2925 4165 missis
2955 4110 3025 4164 ad
3055 4126 3181 4164 eam
3208 4116 3539 4173 converten-

1941 4200 2070 4254 dam
2091 4200 2223 4254 fidei
2249 4200 2459 4255 Christi
2482 4197 2939 4271 pradicatoribus
2960 4198 3213 4269 ejusdem
3233 4198 3422 4253 dilecti
3442 4199 3543 4254 do-

264 4288 514 4359 Biscopo)
568 4304 635 4341 ac
673 4288 876 4341 deinde
924 4289 1217 4353 Ceolfrido,
1265 4296 1642 4363 cunctumque
1684 4308 1751 4347 ex
1793 4279 2081 4347 eoDmini
2113 4289 2398 4344 Benedicti
2426 4290 2682 4359 regulam
2702 4286 3105 4342 observandam
3133 4287 3427 4359 specialius
3456 4287 3541 4343 in-

260 4382 478 4448 tempus
527 4376 655 4430 vita
699 4376 951 4446 ejusdem
994 4379 1322 4432 monasterii
1364 4379 1709 4435 habitatione
1739 4397 1863 4453 per-

257 4481 449 4536 agens,
480 4480 710 4520 omnem
742 4465 1077 4519 meditandis
1113 4467 1422 4537 Scripturis
1451 4485 1677 4539 operam
1710 4469 1859 4535 dedi,

257 4560 427 4626 atque
474 4554 629 4607 inter
674 4552 1084 4608 observantiam
1135 4555 1443 4626 disciplina
1481 4556 1775 4628 regularis,
1808 4562 1866 4613 et

259 4643 652 4714 quotidianam
680 4643 945 4696 cantandi
964 4643 1023 4696 in
1046 4643 1289 4697 Ecclesia
1306 4661 1500 4699 curam
1524 4662 1746 4716 semper
1766 4650 1866 4700 aut

260 4732 495 4798 discere,
529 4736 632 4786 aut
660 4732 879 4795 docere,
903 4738 1002 4785 aut
1024 4732 1266 4787 scribere
1294 4733 1453 4787 dulce
1485 4733 1673 4788 habui.
1701 4735 1863 4788 Nono

262 4821 479 4876 decimo
500 4826 695 4874 autem
720 4820 841 4873 vita
863 4835 999 4873 mea
1016 4836 1164 4874 anno
1185 4819 1564 4887 diaconatum,
1584 4822 1864 4876 tricesimo

261 4910 503 4980 gradum
544 4907 985 4981 presbyteratus,
1017 4914 1318 4979 utrumque
1359 4926 1461 4980 per
1490 4909 1863 4965 ministerium

263 4996 741 5053 Reverendissimi
778 4997 1031 5062 Joannis,
1060 4996 1293 5066 jubente
1337 4997 1613 5052 Ceolfrido
1641 4999 1865 5065 abbate,

264 5084 505 5156 suscepi.
545 5085 624 5138 Ex
653 5100 762 5155 quo
791 5089 1043 5155 tempore
1082 5084 1294 5154 accepti
1325 5084 1743 5156 presbyteratus
1773 5103 1868 5141 us-

267 5190 376 5244 que
390 5174 460 5227 ad
484 5189 702 5227 annum
722 5172 904 5226 aetatis
923 5188 1063 5226 mea
1081 5173 1610 5243 quinquagesimum
1632 5190 1865 5241 nonum,

268 5264 387 5319 hac
417 5263 768 5333 Scripturam
816 5267 1068 5315 sanctam
1112 5278 1251 5315 mea
1282 5278 1647 5334 meorumque
1678 5280 1870 5317 neces-

270 5352 450 5419 sitati,
464 5369 531 5408 ex
547 5350 830 5423 opusculis
852 5349 1253 5405 venerabilium
1268 5350 1501 5404 Patrum
1520 5350 1761 5405 breviter
1779 5350 1875 5405 ad-

276 5446 499 5509 notare,
516 5441 633 5497 sive
651 5439 824 5496 etiam
840 5439 912 5494 ad
939 5438 1177 5494 formam
1201 5455 1419 5507 sensus,
1451 5446 1509 5496 et
1536 5440 1875 5512 interpreta-

1945 4378 2199 4432 culcavit.
2240 4398 2262 4429 ι
2297 4378 2383 4434 Ita
2425 4377 2727 4433 Menardus
2774 4375 2922 4431 notis
2962 4375 3034 4430 ad
3062 4375 3540 4457 [Martyrologium

1945 4465 2369 4520 Benedictinum
2395 4463 2468 4518 ad
2505 4478 2575 4519 vn
2608 4463 2845 4518 Kalend.
2869 4463 3066 4518 Junias
3120 4463 3329 4518 Verum
3359 4463 3541 4519 enim-

1944 4570 2076 4608 vero
2110 4554 2340 4625 propius
2366 4552 2650 4624 latiusque
2690 4567 2807 4606 rem
2841 4551 2990 4606 haud
3021 4551 3240 4607 minimi
3268 4554 3543 4615 momenti

1946 4658 2058 4695 non
2089 4641 2187 4696 abs
2217 4658 2278 4695 re
2307 4641 2414 4696 erit
2438 4641 2733 4712 inspicere,
2766 4640 3044 4697 discutere
3083 4656 3149 4695 ac
3177 4640 3543 4697 dubitationis

1946 4730 2206 4784 tenebras
2233 4746 2333 4802 pro
2362 4729 2571 4784 viribus
2597 4746 2633 4783 a
2658 4728 2940 4785 mentibus
2959 4735 3218 4785 excutere
3247 4732 3543 4786 nonnullo-

1947 4836 2074 4872 rum
2110 4838 2123 4872 :
2158 4819 2255 4877 sed
2292 4819 2424 4889 quia
2451 4819 2689 4873 nimium
2720 4816 2823 4871 sibi
2847 4817 2906 4872 in
2931 4819 3160 4890 propria
3187 4835 3356 4874 causa
3383 4837 3545 4875 arro-

1946 4924 2082 4978 gare
2098 4907 2332 4981 quisque
2346 4908 2654 4977 judicatur,
2672 4912 2958 4961 auctorem
2978 4908 3220 4978 Anglum
3234 4909 3545 4981 producere

1950 5000 2113 5068 (puta
2166 4997 2326 5067 cujus
2373 4996 2515 5051 nihil
2565 4996 2821 5064 interest)
2871 5000 3065 5068 aptum
3121 5013 3544 5072 congruumque

1952 5083 2283 5148 existimavi,
2340 5084 2640 5139 Seldenum
2687 5083 2961 5154 intelligo,
3011 5083 3107 5156 qui
3156 5084 3214 5138 in
3268 5086 3416 5140 notis
3468 5087 3543 5141 ad

1952 5173 2213 5228 Eadmeri
2262 5173 2556 5228 historiam
2595 5172 2797 5244 probat
2841 5172 3078 5226 feliciter
3113 5173 3252 5226 satis
3299 5173 3370 5245 (si
3409 5173 3544 5242 quid

1948 5261 2159 5332 judico)
2198 5259 2357 5314 illum
2384 5259 2568 5332 ipsum
2605 5259 2984 5331 Augustinum
3015 5264 3172 5312 extra
3199 5259 3430 5313 dubium
3461 5257 3547 5313 fa-

1956 5349 2123 5404 milia
2144 5348 2506 5403 benedictina
2535 5349 2753 5403 dedisse
2775 5364 2996 5402 nomen.
3019 5348 3088 5401 Et
3115 5346 3296 5416 primo
3320 5347 3547 5418 quidem

1960 5455 2023 5493 ex
2057 5438 2356 5494 Guillelmo
2387 5437 2745 5494 Malmesbur.
2774 5437 2833 5492 in
2862 5452 2965 5491 ms.
2994 5434 3182 5490 codice
3206 5435 3275 5491 de
3296 5436 3552 5511 Antiqui-
