3864 6176
473 269 577 330 567

1667 267 1901 325 DOMNI
1941 267 2148 324 ΕΙ]οΕ
2185 269 2555 328 DACHERII.

3603 281 3688 338 568

470 396 684 454 tatibus
705 395 963 452 Ecclesiae
988 392 1398 448 Glastoniensis
1423 409 1436 445 :
1466 411 1488 443 ι
1523 391 1667 446 Hinc
1693 392 1897 463 (inquit
1919 392 2434 459 Guil-Amonachi,
2476 396 2878 450 monachorum
2933 411 3162 466 gregem
3210 394 3310 450 sibi
3354 401 3613 469 associent,
3647 413 3692 460 et

472 487 588 556 lel.)
624 490 752 559 post
795 484 1094 538 adventum
1124 482 1427 554 Augustini
1465 483 1525 536 in
1556 482 1790 536 diversis
1821 484 1956 537 locis
1981 500 2072 537 or-

2158 499 2351 536 eorum
2394 484 2564 538 vitam
2602 486 2966 539 sanctitatum
2998 485 3246 538 moribus
3289 497 3546 543 exornent.
3583 493 3691 556 Quae

476 576 745 630 dinantur
763 572 923 626 sedes
939 571 1297 642 episcopales,
1313 575 1721 624 construuntur
1734 571 2076 626 monasteria
2156 577 2350 626 nostra
2380 572 2622 639 decreta,
2648 574 2694 626 si
2725 575 2850 643 quis
2880 590 3260 628 successorum
3286 582 3694 643 vestrorum,sive

477 662 784 719 secundum
808 661 870 714 B.
894 659 1080 714 Patris
1096 658 1381 713 Benedicti
1409 660 1660 728 regulam
1693 659 1808 713 Deo
1833 659 2076 714 militan-

2157 676 2375 728 regum,
2413 661 2527 713 sive
2545 661 2952 732 episcoporum,
2987 661 3692 726 clericorum,sivelaicorum

474 752 574 818 tia,
589 750 669 804 ita
688 754 753 804 ut
771 748 1035 819 posteain
1053 753 1221 817 gente
1241 747 1549 817 Anglorum
1565 747 1704 800 nulli
1720 748 2075 818 reperiantur
2154 747 2317 801 irrita
2379 749 2560 803 facere
2608 750 2926 813 tentaverit,
2976 766 3010 802 a
3066 749 3313 821 principe
3371 755 3696 822 apostolorum

473 837 754 904 monachi,
771 836 907 908 quin
923 836 1132 890 fuerint
1149 835 1505 890 B.Benedicti
1522 837 1797 906 Regulam
1817 838 2068 908 professi.

475 927 614 985 Inde
643 927 730 981 his
760 925 1108 996 temporibus
1131 924 1189 978 in
1210 924 1549 978 monasterio
1571 925 1946 980 Glastoniensi
1971 944 2074 980 coe-

2156 838 2323 891 Petro
2353 844 2410 891 et
2451 855 2485 891 a
2526 839 2740 892 cunctis
2780 837 3191 892 successoribus
3221 838 3334 891 suis
3375 842 3698 897 anathematis

2156 925 2421 979 vocabulo
2467 927 2732 997 [vinculo]
2784 928 3089 997 subjaceat,
3145 927 3326 997 quoad
3370 945 3550 999 usque,
3581 933 3702 1000 quod

473 1017 559 1090 pit
583 1015 766 1088 primo
792 1015 985 1068 eadem
1013 1013 1209 1083 regula
1239 1013 1500 1078 exerceri,
1527 1014 1675 1083 quod
1707 1014 1862 1084 prius
1892 1014 2076 1069 fuerat
2155 1014 2457 1068 temerario
2491 1031 2632 1069 ausu
2664 1017 2900 1086 peregit,
2938 1015 3175 1070 Domino
3206 1015 3403 1086 placita
3422 1017 3702 1073 satisfactio-

475 1121 636 1161 more
665 1103 1044 1158 coenobiorum
1064 1101 1312 1172 Egypti.
1340 1119 1364 1152 ι
1386 1120 1408 1152 ι
1439 1101 1562 1166 Qua
1581 1102 1650 1155 de
1670 1119 1730 1156 re
1758 1104 2001 1167 consule,
2027 1104 2074 1157 si
2156 1119 2226 1156 ne
2259 1103 2544 1174 poeniteat,
2579 1111 2636 1158 et
2661 1105 2828 1174 hujus
2856 1104 3263 1175 inquietudinis
3285 1121 3459 1157 veram
3483 1108 3707 1160 emenda-

477 1194 680 1266 placet,
700 1191 1005 1246 Henricum
1017 1189 1474 1260 Vendenzypium
1491 1189 1548 1242 in
1571 1194 1714 1260 part.
1735 1205 1794 1243 ιιι
1811 1191 1878 1244 de
1897 1192 2077 1245 Mona-

480 1284 618 1339 stico
639 1281 833 1336 ordine
865 1281 920 1334 S.
951 1278 1210 1349 Gregorii
1239 1294 1360 1349 cap.
1394 1279 1444 1344 5,
1478 1284 1650 1349 atque
1678 1279 1857 1332 fusius
1883 1279 2076 1350 dispu-

481 1376 566 1426 tat
590 1371 683 1425 ille
703 1369 762 1424 in
781 1369 1036 1440 ejusdem
1060 1367 1188 1421 libri
1209 1371 1355 1438 part.
1381 1384 1438 1432 n,
1471 1383 1591 1438 cap.
1614 1366 1665 1432 4,
1689 1367 1758 1420 de
1778 1367 2079 1437 Augustini

478 1459 657 1515 nostri
685 1457 916 1523 familia,
944 1473 1112 1527 quam
1133 1455 1284 1509 haud
1315 1455 1481 1509 aliam
1507 1455 1678 1510 fuisse
1705 1460 1908 1527 praeter
1928 1473 2072 1523 eam,

479 1549 539 1604 in
569 1565 681 1618 qua
707 1553 959 1602 sacratus
985 1549 1107 1598 erat
1138 1545 1195 1599 S.
1243 1543 1567 1614 Gregorius,
1599 1547 1701 1607 est,
1737 1549 1892 1615 puto,
1927 1545 2076 1615 apud

476 1653 675 1691 omnes
704 1636 761 1689 in
783 1635 1064 1688 confesso:
1096 1633 1266 1687 etiam
1286 1633 1406 1704 ipse
1431 1632 1736 1702 Gregorius
1756 1633 1891 1687 satis
1911 1639 2079 1687 testa-

2157 1192 2362 1245 tionem
2396 1193 2580 1246 faciat.
2618 1211 2644 1244 »
2685 1212 2707 1244 κ
2747 1195 2856 1246 Aut
2911 1193 3084 1262 igitur
3129 1193 3327 1263 prima,
3370 1194 3517 1261 cujus
3547 1200 3706 1248 auctor

2158 1281 2526 1351 Augustinus,
2569 1281 2922 1336 institutione
2951 1281 3277 1334 sodalitium
3323 1281 3483 1351 hujus
3509 1283 3707 1337 cosnobii

2162 1374 2285 1422 erat
2332 1369 2713 1439 Equitianum,
2759 1375 2858 1424 aut
2893 1370 3336 1424 Benedictinum.
3378 1371 3557 1440 Neque
3585 1373 3706 1426 enim

2161 1456 2451 1511 dubitatur
2465 1475 2498 1512 a
2516 1459 2756 1512 Baronio
2773 1460 2905 1528 quin
2927 1465 2984 1512 et
3003 1459 3349 1528 Augustinus
3370 1464 3423 1511 et
3447 1459 3706 1528 Gregorius

2163 1546 2442 1616 Equitiani
2471 1553 2676 1612 essent,
2700 1548 2746 1600 si
2777 1564 2888 1601 non
2916 1545 3348 1601 Benedictini.Si
3377 1547 3548 1617 primo
3567 1548 3709 1618 Equi-

2161 1635 2376 1689 tianum
2401 1635 2616 1700 fuisset,
2639 1653 2931 1690 necessum
2955 1637 3118 1707 plane
3138 1642 3262 1690 erat
3282 1642 3342 1689 ut
3369 1636 3576 1689 novatio
3593 1637 3708 1705 ejus-

481 1730 578 1780 tur
594 1724 692 1778 lib.
710 1738 804 1788 v11,
826 1723 989 1794 epist.
1006 1727 1196 1788 διιπ
1216 1720 1336 1787 114,
1353 1721 1423 1774 ad
1439 1721 1734 1792 Syagrium
1754 1721 2076 1792 episcopum
2098 1704 2144 1762 B
2163 1723 2314 1776 modi
2349 1725 2704 1794 postmodum
2737 1704 3043 1787 accederet,
3077 1742 3199 1795 quae
3237 1725 3295 1777 in
3334 1704 3710 1777 Benedictinum

477 1813 1067 1885 Augustodunensem.
1081 1809 1179 1864 ubi
1189 1811 1566 1881 Augustinum
1590 1812 1871 1882 quondam
1893 1829 2080 1866 mona-

481 1903 640 1959 sterii
683 1902 793 1956 mei
824 1899 1186 1972 praepositum
1232 1904 1404 1953 vocat.
1444 1901 1518 1953 At
1555 1900 1930 1970 Equitianam,
1971 1919 2081 1956 non

482 1990 905 2045 Benedictinam
917 1988 1175 2059 Gregorii
1186 1988 1456 2042 familiam
1471 1989 1643 2044 fuisse
1654 1991 1773 2044 vult
1785 1991 2075 2056 Baronius,

484 2085 655 2150 atque
699 2079 765 2144 is,
798 2077 857 2132 ni
906 2077 1085 2143 fallor,
1120 2077 1224 2130 hoc
1259 2077 1474 2147 primus
1503 2079 1696 2144 voluit,
1729 2083 1786 2133 et
1814 2081 2079 2151 receptis-

485 2167 641 2222 simae
685 2167 980 2221 vetustatis
1023 2165 1315 2220 sententiae
1350 2166 1575 2220 demum
1609 2167 1879 2238 refragari
1911 2185 2081 2224 ausus

485 2262 589 2323 est,
624 2257 824 2311 ductus
853 2255 1124 2309 nimirum
1162 2255 1499 2326 conjecturis
1536 2273 1639 2310 nec
1667 2274 1800 2311 sane
1830 2263 2080 2312 contem-

483 2345 706 2411 nendis,
748 2361 851 2399 nec
879 2344 1069 2414 magni
1116 2360 1251 2398 sane
1291 2344 1574 2415 ponderis.
1617 2345 1842 2400 Videbis
1874 2348 2076 2400 Annal.

483 2440 623 2490 tom.
655 2434 806 2499 VIII,
840 2433 944 2488 sub
975 2449 1124 2486 anno
1151 2432 1311 2498 1096,
1347 2438 1404 2486 et
1429 2450 1552 2503 quae
1591 2433 1651 2487 in
1698 2451 1824 2488 eum
1859 2436 2081 2506 scripsit

482 2522 914 2594 Vandenzypius
941 2522 1078 2576 locis
1101 2522 1220 2592 jam
1251 2521 1435 2575 dictis.
1458 2523 1660 2576 Fateor
1689 2524 1837 2594 apud
1866 2530 2080 2579 veteres

484 2629 676 2668 rerum
712 2617 1034 2666 nostrarum
1065 2611 1544 2664 consarcinatores
1574 2612 1806 2665 minime
1833 2613 2078 2678 disertis,

483 2703 533 2758 si
571 2702 715 2756 bene
752 2701 1001 2764 memini,
1037 2699 1223 2754 verbis
1251 2699 1455 2754 alicubi
1490 2701 1675 2754 doceri
1704 2703 2079 2772 Augustinum

483 2807 551 2846 ex
577 2790 836 2845 sodalitio
864 2789 1036 2844 fuisse
1076 2789 1459 2855 Benedictino,
1501 2790 1598 2842 sed
1627 2791 1854 2861 praecise
1882 2808 2079 2846 mona-

2162 1815 2585 1866 transmutaret.
2599 1815 2672 1866 At
2687 1829 2796 1866 non
2817 1813 2982 1866 modo
3002 1813 3142 1866 nihil
3164 1811 3432 1881 ejusmodi
3452 1811 3708 1881 reperitur,

2163 1899 2259 1952 sed
2289 1901 2346 1953 in
2373 1900 2505 1970 ipsis
2533 1901 2701 1954 etiam
2729 1901 3082 1955 incunabulis
3110 1918 3144 1953 a
3165 1902 3284 1970 jam
3307 1901 3449 1954 dicto
3471 1900 3713 1954 Bonifacio

2163 1990 2438 2056 sancitur;
2472 1995 2537 2043 ut
2566 1990 2822 2044 monachi
2853 1990 2953 2054 (sic
2972 1996 3103 2043 ante
3124 1990 3348 2059 legitur)
3373 1990 3464 2059 qui
3483 1987 3553 2041 ibi
3581 1992 3716 2041 erant

2164 2077 2233 2130 ab
2275 2077 2588 2147 Augustino
2634 2078 2897 2144 instituti,
2931 2078 3339 2132 monachorum
3382 2075 3482 2129 sibi
3517 2090 3716 2145 gregem

2163 2167 2522 2233 associarent,
2557 2172 2613 2220 et
2661 2183 2852 2220 eorum
2896 2167 3068 2220 vitam
3107 2165 3466 2220 sanctitatum
3503 2161 3718 2218 moribus

2162 2262 2498 2309 exornarent
2526 2275 2538 2322 ;
2573 2263 2629 2310 et
2659 2273 2729 2309 ne
2754 2257 2878 2327 quis
2901 2256 3128 2310 omnino
3159 2256 3375 2309 sancito
3400 2253 3477 2308 illi
3500 2253 3719 2306 adversa-

2162 2351 2345 2410 retur;
2377 2345 2708 2415 gravissima
2733 2350 2958 2399 cautum
2984 2351 3072 2399 est
3098 2344 3549 2398 interminatione
3571 2361 3581 2394 :
3613 2340 3721 2394 acsi

2157 2435 2420 2504 jussisset
2446 2451 2640 2488 omnes
2666 2435 2917 2505 ejusdem
2947 2435 3190 2499 familiae,
3215 2434 3465 2504 ejusdem
3489 2428 3717 2490 sodalitii,

2163 2539 2274 2592 quo
2302 2523 2547 2593 primum
2577 2523 2802 2576 fuerant
2827 2521 3091 2586 instituti,
3135 2527 3192 2575 et
3228 2537 3453 2584 nomen,
3485 2526 3540 2572 et
3565 2531 3724 2570 mores

2163 2617 2433 2682 perpetuo
2484 2611 2560 2664 ibi
2606 2628 2848 2665 servare.
2882 2611 3078 2680 Neque
3107 2627 3243 2664 sane
3291 2609 3400 2663 nisi
3429 2623 3574 2661 mere
3605 2603 3723 2658 ﬁctis

2161 2700 2419 2753 habenda
2461 2701 2534 2754 sit
2577 2700 2733 2764 fides,
2777 2705 2877 2753 aut
2923 2699 3236 2753 novationis
3274 2695 3602 2768 hujusmodi,
3646 2697 3730 2746 aut

2161 2789 2424 2854 nominis,
2454 2793 2554 2843 aut
2581 2805 2790 2842 normae
2818 2788 3313 2842 transmutationis
3341 2785 3619 2855 vestigium
3648 2780 3729 2834 ali-

481 2881 648 2935 chum
703 2880 974 2934 duntaxat
1012 2879 1200 2932 vocari
1243 2879 1464 2950 saepius.
1497 2879 1566 2933 Et
1593 2880 1992 2949 Augustinum,
2027 2889 2083 2936 et
2165 2878 2312 2948 quod
2351 2882 2547 2931 exstat.
2593 2878 2714 2941 Qua
2750 2878 2819 2930 de
2857 2894 2917 2930 re
2949 2877 3250 2946 diligenter
3297 2876 3470 2930 etiam
3507 2869 3731 2927 consului

482 2967 623 3022 alios
647 2968 839 3039 plures
859 2984 984 3021 cum
1007 2983 1072 3020 eo
1101 2966 1404 3020 monachos
1423 2966 1660 3037 legimus
1680 2968 1827 3038 apud
1850 2969 2077 3035 Bedam,
2099 3018 2138 3039 η
2163 2966 2383 3020 tabulas
2411 2967 2528 3036 jam
2553 2966 2687 3019 dicti
2709 2965 2964 3031 cmnobii,
2988 2965 3083 3019 ubi
3112 2981 3284 3035 quam
3316 2963 3554 3035 plurima
3579 2975 3731 3029 eaque

482 3071 650 3127 quem
701 3055 952 3127 plerique
991 3059 1328 3128 sequuntur.
1365 3057 1430 3109 In
1471 3055 1762 3109 veritatem
1807 3057 2079 3112 Chronico

483 3144 756 3199 Saxonico
781 3161 884 3198 ms.
921 3144 1024 3200 sub
1053 3160 1202 3198 anno
1230 3141 1366 3199 1096
1391 3163 1401 3197 :
1443 3163 1465 3193 ι
1499 3164 1520 3194 ι
1554 3145 1670 3197 Hoc
1696 3161 1843 3198 anno
1874 3145 2082 3217 Grego-

481 3232 600 3288 rius
639 3249 786 3305 papa
816 3233 874 3287 in
906 3233 1255 3286 Britanniam
1285 3231 1439 3285 misit
1475 3233 1854 3302 Augustinum
1882 3251 2080 3289 mona-

481 3322 669 3388 chum,
693 3339 820 3376 cum
851 3320 1281 3393 quamplurimis
1311 3321 1618 3386 monachis,
1645 3322 1741 3392 qui
1759 3323 2080 3393 Anglicanas

479 3410 640 3480 genti
667 3410 895 3464 verbum
917 3410 1018 3464 Dei
1047 3409 1436 3480 praedicarent.
1475 3428 1496 3459 ι
1525 3426 1552 3459 ‹‹
1584 3410 1778 3480 Neque
1800 3411 1982 3478 aliter,
2008 3404 2078 3466 ad

479 3499 625 3554 hanc
653 3515 772 3553 rem
823 3499 1164 3554 mentionem
1211 3497 1462 3569 ejusdem
1506 3497 1627 3551 fieri
1678 3499 1828 3569 apud
1865 3505 2080 3556 veteres

480 3587 720 3658 reperio.
762 3588 871 3643 Sed
917 3588 1145 3642 interim
1173 3585 1229 3640 τὸ
1260 3587 1586 3653 monachus,
1616 3587 1826 3641 nullius
1853 3589 2079 3644 familia:

480 3681 618 3732 nota
651 3677 887 3747 adjecta,
929 3676 997 3731 de
1027 3677 1096 3730 iis
1138 3676 1233 3747 qui
1281 3676 1428 3747 apud
1476 3678 1717 3746 majores
1762 3685 1982 3733 nostros
2013 3697 2078 3733 eo

481 3768 710 3822 nomine
740 3773 1144 3833 memorantur,
1165 3767 1376 3822 dictum
1404 3785 1643 3840 semper,
1669 3769 1777 3823 nisi
1805 3771 2078 3825 memoria

481 3871 574 3910 me
628 3856 804 3924 fallat,
856 3855 1280 3911 Benedictinum
1331 3856 1754 3928 interpretatur,
1796 3857 1878 3912 uti
1929 3859 2077 3930 apud

481 3944 703 3999 Graecos
731 3945 847 4000 fere
893 3944 1259 4000 Basilianum.
1295 3945 1524 3999 Accedit
1553 3945 1719 3999 etiam
1749 3947 1984 4001 ccenobii
2016 3949 2070 4002 S.

480 4033 785 4090 Salvatoris
839 4034 1155 4089 Cantuariae
1197 4034 1407 4088 incolas
1445 4034 1820 4089 Benedictinm
1849 4035 2075 4090 familiae

480 4122 651 4178 etiam
681 4122 752 4176 ab
794 4123 931 4196 ipsis
977 4121 1332 4178 incunabulis
1375 4139 1598 4194 semper
1627 4124 1777 4194 apud
1815 4141 1916 4178 nos
1955 4141 2074 4178 esse

2162 3055 2541 3108 vetustissima
2569 3055 2898 3124 pontificum
2922 3055 3322 3113 instrumenta,
3348 3051 3544 3122 quibus
3571 3047 3733 3102 muni-

2161 3150 2284 3198 tum
2309 3149 2411 3208 est,
2447 3144 2766 3214 comperio;
2801 3143 3122 3212 hujusmodi
3164 3159 3296 3196 vero
3336 3137 3734 3196 transmutatio-

2162 3233 2250 3286 nis
2293 3249 2474 3303 neque
2519 3233 2696 3286 volam
2739 3233 3045 3302 comperio,
3087 3249 3273 3302 neque
3323 3230 3637 3300 vestigium.
3679 3226 3736 3280 Et

2161 3322 2364 3376 videsis
2444 3321 2773 3376 Ordericum
2837 3322 3115 3387 Vitalem,
3201 3320 3421 3374 Histor.
3485 3315 3733 3370 ecclesiat.

2160 3410 2257 3464 lib.
2328 3425 2400 3477 1v,
2463 3428 2596 3481 pag.
2645 3410 2748 3466 516
2788 3417 2845 3464 et
2901 3410 3028 3467 517,
3077 3412 3152 3463 At
3208 3425 3343 3463 vero
3389 3409 3436 3462 si
3474 3405 3654 3477 primis
3689 3403 3736 3455 in

2161 3499 2336 3553 initiis
2377 3497 2804 3554 Benedictinuni
2839 3504 2986 3553 esset
3023 3497 3343 3552 coenobium
3377 3497 3532 3560 illud,
3566 3493 3737 3547 eadem

2159 3588 2282 3659 ipsa
2320 3589 2756 3659 argumentandi
2803 3588 2966 3651 ratio,
2999 3604 3110 3658 qua
3163 3587 3225 3640 in
3269 3583 3602 3655 conjecturis
3640 3580 3738 3633 suis

2160 3677 2228 3731 de
2258 3678 2528 3748 Gregorio
2559 3695 2696 3731 usus
2725 3683 2812 3731 est
2840 3677 3134 3740 Baronius,
3168 3675 3558 3746 Augustinum
3587 3672 3743 3725 Bene~

2159 3766 2382 3820 dictinae
2427 3766 2652 3819 familiae
2683 3765 2852 3819 fuisse
2894 3765 3334 3818 demonstraret.
3370 3764 3563 3832 Neque
3609 3757 3739 3811 enim

2159 3855 2379 3909 dubitat
2424 3855 2543 3925 ipse
2581 3855 2717 3924 quin
2773 3853 3044 3923 ejusmodi
3100 3853 3276 3906 fuerit
3337 3851 3588 3912 antistes,
3628 3862 3744 3916 qua-

2157 3945 2237 3999 les
2269 3945 2375 4015 ipsi
2405 3944 2623 3998 sodales
2651 3943 2720 3996 ab
2745 3943 2995 3996 antistite
3026 3942 3245 3995 adsciti.
3276 3941 3390 3995 Sed
3419 3953 3582 4010 porro
3609 3935 3742 3988 vide-

2157 4034 2272 4088 rint
2297 4034 2386 4087 hic
2415 4049 2654 4104 quorum
2679 4032 2930 4086 interest.
2961 4050 2985 4083 ι)
3010 4033 3300 4084 Hactenus
3327 4026 3554 4084 Seldeni
3581 4022 3746 4078 obser-

2155 4123 2424 4184 vationes,
2459 4139 2597 4193 quas
2638 4122 2747 4174 huc
2776 4138 2840 4175 ex
2879 4121 3097 4191 integro
3132 4125 3366 4190 (praeter
3395 4116 3634 4171 rationes
3661 4126 3743 4164 su-

475 4211 728 4279 habitos;
759 4214 959 4267 saltem
984 4212 1121 4266 nihil
1140 4229 1431 4267 occurrere
1457 4212 1514 4266 in
1539 4213 1770 4266 vetustis
1792 4230 1912 4284 quae
1943 4212 2073 4266 huic
2152 4212 2342 4283 perius
2372 4212 2587 4280 allatas)
2616 4210 2941 4264 transferre
2959 4209 3143 4273 libuit,
3177 4209 3335 4278 quod
3368 4206 3456 4260 vix
3488 4219 3553 4258 ac
3578 4218 3645 4256 ne
3669 4198 3742 4251 vix

477 4303 800 4358 testimonio
815 4319 935 4357 esse
949 4306 1185 4374 possunt
1195 4301 1555 4356 monimentis
1567 4302 1713 4373 quod
1731 4302 1873 4355 alius
1888 4303 1973 4372 cuj
1983 4319 2070 4356 us-
2086 4295 2132 4352 D
2151 4302 2375 4373 quidem
2399 4305 2710 4354 occurrant.

474 4393 626 4464 piam
653 4391 878 4446 familiae
907 4407 1114 4445 nomen
1137 4407 1390 4462 unquam
1423 4396 1522 4445 aut
1548 4390 1797 4444 induisse
1827 4407 1939 4454 eos,
1974 4396 2075 4445 aut

482 4480 720 4544 exuisse,
744 4485 843 4534 aut
870 4480 1088 4545 suadet,
1123 4485 1222 4533 aut
1250 4481 1480 4534 omnino
1503 4479 1707 4533 innuit.
1732 4481 1798 4534 Et
1820 4480 2073 4550 apprime

477 4568 589 4624 huc
622 4567 755 4621 facit
798 4568 937 4621 illud
972 4568 1241 4622 Bonifacii
1272 4569 1549 4640 pontificis
1575 4569 1813 4622 Romani
1843 4569 1900 4621 in
1933 4569 2076 4622 litte-

479 4656 559 4711 ris
587 4657 704 4710 suis
733 4656 800 4709 ad
834 4655 1215 4710 Ethelbertum
1248 4669 1261 4704 :
1297 4678 1318 4704 υ
1357 4675 1384 4708 ε(
1425 4657 1528 4710 Fili
1565 4657 1825 4726 gloriose,
1867 4658 2070 4728 inquit,

486 4745 632 4817 quod
658 4743 728 4798 ab
757 4745 1064 4816 apostolica
1102 4745 1233 4799 sede
1273 4762 1374 4816 per
1401 4745 1786 4817 coepiscopum
1818 4752 2073 4801 nostrum

483 4835 758 4890 Mellitum
787 4834 1132 4906 postulastis,
1164 4833 1361 4888 libenti
1398 4834 1588 4889 animo
1611 4836 1985 4902 concedimus,
2020 4835 2075 4888 id

483 4929 571 4979 est
600 4928 662 4978 ut
688 4929 871 4978 vestra
899 4922 1213 4993 benignitas
1241 4923 1300 4977 in
1331 4924 1672 4978 monasterio
1701 4924 1760 4978 in
1801 4924 2077 4978 Dorober-

482 5013 647 5068 nensi
665 5013 887 5067 civitate
905 5012 1227 5078 constituto,
1249 5014 1397 5084 quod
1423 5015 1660 5068 Sanctus
1688 5013 1879 5067 doctor
1898 5019 2079 5067 vester

482 5102 832 5174 Augustinus
888 5103 1064 5157 beatae
1103 5102 1387 5157 memoriae
1444 5102 1700 5172 Gregorii
1746 5101 2073 5172 discipulus,

482 5193 662 5249 sancti
695 5193 998 5248 Salvatoris
1042 5191 1255 5246 nomini
1298 5192 1660 5257 consecravit,
1700 5191 1788 5245 cui
1825 5192 1896 5244 ad
1932 5209 2075 5262 prae-

483 5299 611 5339 sens
641 5298 879 5354 praeesse
906 5281 1256 5351 dignoscitur
1275 5279 1669 5334 dilectissimus
1692 5280 1866 5333 frater
1886 5285 2078 5334 noster

481 5371 837 5436 Laurentius,
868 5370 1103 5424 licenter
1130 5387 1231 5441 per
1267 5369 1456 5423 omnia
1486 5370 1886 5423 monachorum
1920 5386 2079 5440 regu-

482 5461 678 5516 lariter
711 5459 1015 5515 viventium
1054 5458 1460 5513 habitationem
1506 5463 1736 5524 statuat,
1774 5458 2079 5529 apostolica

483 5548 819 5607 auctoritate
846 5549 1228 5616 decernentes,
1259 5551 1325 5604 ut
1349 5546 1459 5619 ipsi
1488 5547 1658 5602 vestri
1686 5546 2078 5619 praedicatores

2225 4392 2298 4445 At
2338 4407 2441 4461 ego
2483 4390 2623 4443 duos
2667 4387 3010 4459 antiquiores
3037 4387 3188 4441 inter
3218 4387 3367 4440 alios
3397 4389 3572 4438 testes
3599 4378 3744 4434 adbi-

2157 4479 2350 4541 buero,
2377 4495 2486 4550 quo
2506 4480 2572 4533 D.
2595 4477 2944 4548 Augustinus
2974 4477 3336 4547 apertissime
3369 4470 3748 4530 Benedictinus

2157 4570 2593 4624 demonstretur.
2628 4567 2852 4621 Primus
2894 4567 3079 4619 aderit
3109 4566 3333 4635 Anglus
3365 4566 3425 4618 S.
3459 4560 3749 4618 Adhelmus

2154 4658 2214 4727 (a
2239 4657 2378 4711 Ven.
2418 4656 2570 4710 Beda
2591 4654 3014 4709 commendatus
3048 4653 3134 4707 his
3165 4655 3408 4723 Anglor.
3455 4651 3533 4704 lib
3564 4665 3614 4712 v,
3639 4660 3747 4712 cap.

2162 4744 2241 4809 19)
2274 4746 2421 4817 apud
2451 4744 2791 4816 Aymoinum
2821 4743 3234 4797 Floriacensem
3268 4757 3448 4795 serm.
3482 4739 3551 4792 de
3581 4737 3634 4790 S.
3666 4733 3752 4785 Be-

2158 4835 2396 4898 nedicto,
2430 4839 2558 4904 post
2601 4833 2748 4886 med.

2238 4960 2584 5028 Temporibus
2611 4959 2828 5024 faustus
2854 4957 3166 5009 Benedictus
3190 4957 3412 5007 claruit
3443 4953 3656 5005 iisdem.

2232 5052 2396 5117 Quem
2428 5049 2567 5102 Deus
2595 5048 2851 5101 Ausonia:
2881 5046 3115 5098 clemens
3136 5045 3464 5097 indulserat
3495 5045 3699 5094 auctor.

2159 5174 2372 5230 Deinde
2401 5177 2528 5244 post
2555 5172 2666 5225 alia
2696 5169 2918 5224 subdit:

2228 5284 2415 5335 Primo
2445 5282 2544 5348 qui
2570 5280 2768 5331 statuit
2799 5281 2996 5330 nostrar-
3023 5278 3346 5328 certamina
3378 5277 3522 5337 vitae,

2232 5371 2481 5438 Qualiter
2502 5372 2744 5436 optatam
2779 5369 2995 5419 teneant
3018 5366 3260 5418 canobia
3283 5379 3572 5424 normam,

2233 5460 2448 5527 Quoque
2473 5458 2629 5510 modo
2649 5460 2874 5524 propter
2903 5456 3105 5506 directo
3139 5457 3374 5506 tramite
3395 5457 3638 5513 sanctus,

2229 5549 2313 5604 Ad
2346 5562 2610 5616 superum
2653 5545 2944 5599 ascendens
2971 5543 3233 5598 castorum
3274 5543 3538 5597 culmina
3567 5542 3752 5594 cultor.
