3902 6166
237 268 330 325 569

1260 272 1338 327 ΙΝ
1376 273 1597 331 EPIST.
1645 276 1707 330 B.
1749 275 2163 332 LANFRANCI
2201 272 2433 329 ΝΟΤιΕ.

3373 256 3477 315 570

230 395 402 459 ⁸4⁸
440 391 626 459 Hujus
687 392 1064 451 alumnarum
1106 408 1347 450 numero
1400 399 1873 467 glomeranturA
1893 418 2021 472 pag.
2036 399 2123 456 62.
2138 398 2245 454 Ubi
2278 396 2468 466 magni
2498 392 2757 465 Gregorii
2787 389 3006 461 epistol.
3040 387 3109 442 ad
3133 387 3189 441 S.
3215 384 3480 455 Augusti-

1532 487 1800 556 [ovantes,

288 569 429 635 Quos
444 571 597 640 gerit
612 570 673 622 in
681 572 898 639 gremio
912 573 1157 643 fecundo
1177 576 1485 629 Britannia
1507 576 1669 631 cives.

287 662 323 713 Α
340 674 445 728 quo
460 658 590 725 jam
610 659 770 713 nobis
783 660 1060 728 baptismi
1079 665 1281 725 gratia
1299 661 1492 731 ﬂuxit,

284 746 459 814 Atque
477 747 902 812 magistrorum
916 751 1243 804 ueneranda
1266 757 1493 805 caterva
1517 754 1799 807 cucurrit.

289 836 549 890 Sanctum
579 837 914 891 Adhelmum
966 838 1211 893 illustrat
1248 840 1524 895 secundus
1560 843 1803 897 Joannes

225 924 504 985 Diaconus,
542 925 704 979 Italia
733 927 1025 993 oriundus,
1051 928 1233 981 Vitam
1262 929 1582 984 describens
1609 932 1802 1000 magni

226 1013 461 1082 Gregorii
494 1012 595 1069 lib.
636 1027 707 1081 ιν,
734 1030 857 1084 cap.
890 1015 958 1069 82
984 1016 1145 1069 initio
1180 1036 1190 1069 :
1222 1034 1248 1069 α
1280 1018 1439 1081 Quod
1467 1036 1593 1073 vero
1614 1036 1804 1075 mona-

223 1101 301 1154 chi
325 1101 413 1171 qui
446 1118 482 1155 a
503 1102 773 1172 Gregorio
793 1103 951 1157 missi
981 1104 1036 1157 S.
1070 1105 1354 1159 Benedicti
1374 1108 1580 1177 regulae
1594 1108 1803 1163 fuerint

226 1190 530 1260 mancipati.
566 1191 713 1245 inter
740 1192 853 1245 alia
880 1193 1049 1246 etiam
1075 1194 1211 1247 illud
1252 1196 1514 1260 ostendit,
1550 1198 1697 1267 quod
1735 1214 1800 1251 ex

226 1276 380 1348 ipsius
433 1278 721 1350 discipulis
776 1280 863 1333 vix
919 1286 1106 1350 potest
1166 1282 1425 1347 inveniri,
1467 1301 1502 1338 a
1539 1302 1649 1355 quo
1687 1302 1800 1341 non

225 1365 551 1431 observetur,
578 1373 693 1421 tam
712 1368 772 1422 in
790 1370 1074 1440 proposito
1096 1388 1264 1441 quam
1286 1373 1345 1425 in
1372 1372 1586 1438 habitu,
1606 1376 1800 1444 regula

223 1452 512 1521 Benedicti,
540 1473 566 1507 θ
590 1461 697 1509 etc.
760 1457 861 1511 His
902 1459 1118 1513 accedit
1165 1461 1311 1530 quod
1344 1462 1616 1516 Venerab.
1648 1464 1801 1518 Beda

221 1545 393 1612 (quem
410 1544 633 1614 legibus
654 1545 1031 1602 Benedictinis
1048 1549 1341 1603 astrictum
1364 1550 1585 1606 dubitat
1611 1560 1796 1619 nemo)

222 1630 423 1685 circiter
454 1634 563 1686 An.
592 1634 692 1687 Ch.
728 1634 850 1701 678,
893 1641 950 1690 et
989 1638 1171 1691 aetatis
1215 1639 1454 1709 septimo
1510 1646 1798 1696 tonsuram

1885 506 2023 545 num
2053 487 2372 544 Cantuariaa
2406 482 2731 553 archiepisc.
2758 483 3080 534 recensetur
3113 494 3123 528 :
3158 495 3186 526 α
3212 475 3333 529 Tua
3360 473 3475 527 fra-

1885 578 2120 632 ternitas
2152 576 2353 646 (inquit
2376 574 2439 628 D.
2475 570 2797 642 Gregorium
2826 584 2937 621 non
2976 567 3157 619 solum
3188 563 3476 635 episcopos

1886 683 2026 737 quos
2052 664 2413 728 ordinaverit,
2447 677 2628 731 neque
2671 676 2766 712 eos
2810 654 3203 710 tantummodo
3242 651 3338 722 qui
3376 667 3477 722 per

1883 755 2151 810 Eburacae
2190 754 2509 825 episcopum
2574 748 2783 803 fuerint
2844 744 3105 808 ordinati,
3148 742 3243 796 sed
3302 740 3473 793 etiam

1885 861 2080 899 omnes
2128 842 2432 897 Britanniae
2471 838 2789 893 sacerdotes
2825 834 3030 888 habeat
3066 833 3201 895 Deo,
3235 829 3477 884 Domino

1884 940 2077 988 nostro
2095 934 2225 987 Jesu
2259 931 2479 985 Christo
2508 933 2752 989 auctore,
2776 923 3072 993 subjectos.
3103 921 3393 984 Quatenus
3409 935 3474 972 ex

1885 1022 1999 1076 vita
2025 1026 2081 1075 et
2116 1021 2307 1091 lingua
2335 1025 2442 1073 tute
2473 1013 2786 1070 sanctitatis
2832 1017 2888 1065 et
2916 1016 3064 1065 recte
3102 1007 3383 1072 credendi,
3417 1010 3475 1060 et

1885 1110 2026 1164 bene
2074 1109 2290 1163 vivendi
2346 1121 2602 1161 normam
2658 1101 2985 1174 percipiant,
3012 1104 3181 1169 atque
3229 1096 3470 1151 ofﬁcium

1882 1216 2045 1254 suum
2069 1200 2178 1253 {ide
2205 1214 2269 1251 ac
2300 1195 2548 1249 moribus
2575 1195 2939 1262 exsequentes
2956 1189 3026 1242 ad
3059 1186 3324 1250 ccelestia,
3344 1201 3472 1239 cum

1882 1288 2154 1342 Dominus
2190 1286 2443 1350 voluerit,
2469 1300 2642 1353 regna
2663 1280 3007 1352 pertingant.
3036 1297 3058 1328 ι
3082 1276 3138 1331 Si
3169 1275 3259 1329 cui
3284 1279 3471 1327 autem

1882 1375 2115 1430 dubium
2146 1375 2315 1429 fuerit
2346 1390 2456 1444 qua
2484 1372 2540 1425 in
2598 1369 2821 1424 civitate
2870 1368 2953 1421 vel
3007 1363 3238 1419 ecclesia
3284 1362 3473 1415 sedem

1881 1465 2235 1519 collocaverit
2254 1464 2315 1517 Β.
2341 1458 2967 1531 Augustinus,consulat
2978 1454 3163 1509 Vitam
3196 1451 3470 1515 eamdem,

1880 1552 2230 1697 pagieftirum
2254 1657 2408 1712 papae
2424 1639 2655 1693 alterius
2684 1636 2833 1691 orbis
2845 1634 3070 1689 nomine
3087 1629 3325 1687 ornabat
3339 1629 3470 1683 olim

225 1721 579 1776 monasticam
607 1723 712 1777 sub
739 1725 796 1778 S.
848 1726 1132 1781 Benedicti
1189 1735 1557 1799 cognomento
1583 1717 1864 1802 BiscopiB
1886 1731 1941 1785 S.
1971 1731 2297 1785 Anselmum
2354 1727 2816 1783 Cantuariensem
2856 1720 3335 1791 archiepiscopum
3364 1718 3472 1771 Ur-

225 1808 502 1879 disciplina
517 1814 857 1883 susceperit;
890 1814 985 1869 ille
1015 1822 1204 1870 autem
1226 1818 1346 1887 ipse
1364 1818 1714 1886 Benedictus,
1732 1820 1801 1874 ad

222 1896 549 1969 decrepitam
578 1907 923 1956 senectutem
946 1904 1065 1958 vita
1085 1911 1371 1975 protracta
1387 1914 1625 1961 mortem
1657 1908 1804 1962 obie-

224 1986 304 2051 rit,
322 2003 442 2041 cum
469 1988 535 2043 14
559 2005 835 2044 annorum
866 1998 1012 2046 esset
1033 2000 1260 2048 sanctus
1282 1996 1452 2058 Beda,
1477 1997 1623 2066 quod
1644 1997 1806 2051 docet

219 2074 439 2145 ipsemet
467 2077 525 2131 in
555 2080 666 2133 ﬁne
715 2080 856 2134 Hist.
890 2082 1075 2149 gentis
1120 2084 1450 2152 Anglorum,
1491 2086 1805 2139 necessario

223 2163 579 2234 colligendum
619 2168 840 2222 videtur
894 2168 1184 2240 discipulis
1221 2172 1283 2224 Β.
1328 2173 1631 2241 Augustini
1674 2172 1804 2241 (vita

219 2250 375 2306 functi
404 2269 541 2311 ann.
576 2253 700 2321 604,
732 2258 867 2311 Bed.
899 2257 996 2312 ubi
1019 2276 1169 2330 sup..
1192 2259 1293 2315 lib.
1325 2274 1388 2326 ιι,
1413 2278 1532 2332 cap.
1570 2261 1629 2330 3)
1658 2278 1803 2316 com-

218 2356 393 2409 parem
436 2343 718 2398 exstitisse
776 2346 1073 2417 Bisc0pum
1110 2367 1122 2415 ;
1166 2354 1334 2419 atque
1372 2350 1511 2403 adeo
1548 2352 1801 2421 regulam

219 2429 459 2484 eamdem
499 2433 812 2502 professum
847 2435 1051 2489 Bedam
1090 2453 1155 2491 ac
1191 2438 1312 2507 ipse
1350 2438 1703 2505 Benedictus,
1746 2447 1804 2495 et

218 2517 568 2573 Benedictum
598 2522 856 2576 eamdem
887 2540 1053 2593 quam
1084 2526 1363 2590 monachi,
1404 2533 1633 2580 sanctus
1654 2528 1801 2581 vide-

220 2605 335 2661 licet
383 2610 690 2679 Augustin.
731 2612 1032 2682 caeterique
1081 2613 1231 2668 illius
1287 2614 1565 2685 discipuli,
1609 2616 1705 2686 qui
1742 2616 1801 2670 in

216 2697 464 2766 Angliam
500 2698 654 2753 hisce
692 2701 1040 2771 temporibus
1077 2702 1338 2756 instituta
1375 2704 1684 2759 monastica
1712 2705 1800 2759 in-

218 2792 487 2850 vexerant,
522 2803 626 2855 par
662 2794 749 2841 est
771 2790 1017 2843 credere.
1052 2790 1294 2861 Ecquem
1333 2791 1612 2846 advocabo
1638 2793 1806 2863 hujus

1885 1819 2063 1874 banus
2078 1837 2205 1891 pap.
2223 1820 2294 1883 ΙΙ,
2319 1824 2382 1872 ut
2400 1823 2594 1871 auctor
2614 1823 2700 1869 est
2738 1812 3038 1867 Gervasius
3063 1806 3472 1864 Dorobernensi

1886 1925 1989 1962 ms.
2023 1909 2080 1961 in
2113 1906 2517 1962 declamatione
2549 1909 2747 1958 contra
2785 1901 3089 1957 Robertum
3122 1898 3379 1952 abbatem
3410 1896 3467 1950 S.

1884 1996 2185 2065 Augustini
2218 2013 2229 2047 :
2269 2018 2289 2043 ι
2316 1994 2633 2059 Anselmus,
2661 1992 2861 2063 inquit,
2896 1991 2953 2044 in
2984 1986 3375 2044 Cantuariensi
3403 1985 3476 2040 ci-

1885 2084 2056 2139 vitate
2078 2088 2456 2149 consecratus,
2477 2082 2546 2136 ab
2576 2081 2799 2136 Urbano
2832 2095 2976 2150 papa
3004 2076 3234 2147 pallium
3282 2090 3473 2127 susce-

1885 2173 1986 2242 pit,
2019 2178 2077 2226 et
2102 2178 2317 2225 tantam
2350 2172 2469 2240 ejus
2494 2169 2735 2241 gratiam
2765 2166 2963 2221 habuit
2992 2170 3054 2219 ut
3083 2180 3213 2218 eum
3244 2159 3475 2216 alterius

1885 2261 2035 2315 orbis
2060 2277 2264 2331 papam
2293 2264 2533 2313 vocaret.
2575 2278 2597 2309 ι
2626 2259 2756 2312 Haec
2807 2255 3077 2311 Seldenus
3123 2252 3179 2306 in
3226 2249 3374 2305 notis
3402 2248 3475 2303 ad

1885 2350 2147 2403 Eadmeri
2196 2350 2365 2415 Hist.,
2390 2366 2517 2420 pag.
2546 2334 2676 2414 905,
2708 2363 2761 2400 n.
2811 2343 2893 2401 30.
2924 2343 3214 2415 Ipsissima
3264 2338 3476 2395 Urbani

1883 2438 2051 2492 verba
2080 2439 2221 2493 Vitae
2252 2439 2307 2492 S.
2339 2437 2613 2503 Anselmi,
2651 2436 2744 2490 lib.
2794 2450 2852 2501 ιι,
2884 2432 3123 2488 inseruit
3152 2431 3425 2486 Edinerus
3455 2447 3467 2483 :

1888 2546 1913 2580 α
1936 2527 2107 2592 Quasi
2137 2543 2478 2597 comparem,
2511 2525 2714 2596 inquit,
2743 2524 2896 2578 velut
2914 2522 3145 2576 alterius
3167 2518 3317 2575 orbis
3339 2534 3474 2589 apo-

1883 2616 2163 2679 stolicum,
2194 2619 2251 2668 et
2270 2615 2647 2685 patriarcham
2684 2614 2813 2683 jure
2841 2608 3221 2666 venerandum
3259 2606 3475 2678 (Ansel-

1883 2708 2061 2772 mum)
2094 2720 2405 2757 censemus.
2440 2722 2466 2756 ››

1958 2796 2216 2862 Antiquis
2239 2794 2568 2861 temporibus
2599 2792 2665 2844 ab
2690 2793 2863 2859 ipsius
2896 2796 3054 2843 terra:
3090 2788 3285 2843 incolis
3312 2791 3477 2842 Doro-

218 2874 534 2929 assertionis
564 2878 894 2931 auctorem?
922 2879 1283 2933 Cosetaneum
1314 2880 1578 2950 profecto,
1613 2886 1801 2952 atque,
1889 2881 2081 2933 bern-ia
2127 2882 2440 2934 vocabatur.
2478 2878 2874 2933 Doroberniam
2928 2877 3040 2931 sive
3088 2876 3471 2941 Cantuariam,

218 2966 276 3013 ut
296 2963 583 3017 nonnullis
618 2964 824 3034 placet,
878 2967 1057 3021 sancti
1096 2968 1258 3021 Bedae
1297 2968 1656 3040 discipulum,
1700 2970 1853 3040 hoc“
1888 2969 2206 3023 Camdenus
2223 2968 2278 3022 in
2300 2968 2672 3039 descriptione
2692 2964 3168 3021 Britanniteverbo
3189 2967 3470 3030 Cantium,

217 3054 309 3115 est,
337 3051 644 3107 Alcuinum
674 3054 964 3109 monachis
985 3056 1334 3124 Virensibus,
1366 3075 1464 3112 seu
1493 3029 1854 3125 Viremud.,C
1890 3056 1969 3111 sic
2001 3056 2224 3111 exhibet
2249 3075 2259 3109 :
2296 3076 2317 3108 α
2345 3058 2545 3111 Stoure
2570 3055 2745 3111 diviso
2775 3055 3349 3121 alveo,Durovernum
3367 3051 3477 3124 pri-

218 3138 303 3192 ubi
322 3142 493 3195 vitam
510 3144 880 3197 monasticam
913 3146 1027 3214 egit
1047 3146 1379 3201 venerabilis
1410 3148 1558 3202 idem
1579 3149 1793 3215 doctor,
1890 3145 2124 3199 mariam
2158 3147 2323 3215 hujus
2352 3145 2646 3215 provincue
2673 3144 2883 3214 (Cantii
2911 3143 3140 3214 scilicet)
3165 3143 3359 3198 urbem
3382 3158 3475 3196 ra-

216 3227 540 3284 scribeutem
599 3231 762 3301 epist.
818 3232 889 3287 49
926 3240 1025 3287 aut
1082 3235 1171 3288 23.
1227 3254 1252 3287 a
1307 3236 1600 3305 Regularis
1655 3237 1803 3306 vitae,
1888 3234 2014 3304 pide
2034 3234 2213 3301 alluit,
2243 3251 2560 3304 nomenque
2588 3233 3056 3288 focit.Durwhern
3076 3234 3225 3288 enim
3246 3232 3477 3286 fluvium

214 3314 403 3387 inquit,
437 3319 908 3385 observationem,
942 3339 1109 3393 quam
1131 3328 1454 3379 statuerunt
1484 3325 1634 3380 vobis
1672 3343 1803 3381 san-

216 3405 437 3462 ctissimi
492 3409 710 3474 Patres,
766 3411 1102 3466 Benedictus
1155 3413 1463 3484 (Biscopus)
1499 3414 1711 3469 scilicet
1748 3419 1805 3469 et

215 3494 540 3563 Ceolfridus,
564 3498 994 3569 diligentissime
1023 3503 1320 3557 custodite.
1350 3522 1371 3550 n
1391 3504 1459 3558 Et
1481 3504 1630 3557 infra
1645 3523 1655 3557 :
1670 3505 1804 3558 «Re-

212 3583 332 3650 gula
358 3586 414 3640 S.
450 3587 744 3642 Benedicti
778 3590 836 3643 in
878 3597 1157 3645 conventu
1189 3591 1426 3646 fratrum
1452 3594 1679 3663 propria
1708 3611 1802 3648 ex-

214 3679 446 3741 ponatur
476 3676 693 3747 lingua,
727 3684 792 3731 ut
819 3677 1056 3749 intelligi
1082 3678 1257 3749 possit
1298 3680 1368 3733 ab
1403 3681 1691 3750 omnibus;
1733 3684 1804 3737 ad

213 3761 356 3830 cujus
384 3763 806 3820 institutionem
848 3768 1233 3838 unusquisque
1263 3785 1421 3823 suam
1451 3771 1695 3841 corrigat
1721 3772 1799 3825 vi-

215 3854 339 3915 tam,
366 3858 432 3906 ut
461 3854 612 3923 quod
636 3854 864 3909 vovistis
888 3861 1022 3909 ante
1049 3858 1244 3920 altare,
1269 3858 1800 3914 inviolabilitercus-

212 3938 497 3995 todiatnra
514 3940 690 3996 vobis.
718 3962 740 3994 ι
763 3944 928 4007 Quid,
950 3961 1048 3999 oro
1067 3962 1178 4011 vos,
1195 3946 1282 3999 his
1305 3945 1484 4001 verbis
1503 3948 1753 4016 apertius
1778 3949 1802 4001 7

218 4024 361 4081 Nihil
381 4031 549 4098 plane
575 4047 588 4082 :
615 4047 681 4085 ac
699 4032 932 4102 proinde
951 4034 1102 4088 haud
1124 4034 1378 4104 indigent
1390 4036 1799 4105 explanatione.

284 4116 559 4172 Caeterum
578 4119 752 4175 fuisse
768 4137 1033 4191 magnum
1063 4122 1395 4193 Gregorium
1432 4124 1806 4180 Benedictinte

222 4202 434 4262 familiae
456 4209 799 4263 monachum
826 4209 1070 4280 probant
1097 4212 1340 4266 Joannes
1376 4212 1645 4267 diaconus
1673 4214 1806 4268 locis

1884 3323 2144 3393 rapidum
2166 3323 2452 3377 Britannis
2471 3322 2719 3376 denotat.
2750 3322 3051 3376 Ptolomaeo
3076 3338 3177 3393 pro
3198 3322 3475 3375 Durover-

1884 3428 1957 3465 no
1978 3411 2516 3477 Darvernum,Bedte
2549 3418 2605 3466 et
2623 3411 2746 3465 aliis
2774 3409 3474 3477 Dorobernia,Saxonibus,

1885 3500 2425 3572 Cantwarabyrig,id
2456 3495 2540 3554 est
2570 3499 2701 3554 urbs
2726 3500 2917 3571 populi
2948 3498 3318 3565 Cantii,nobis
3339 3499 3480 3554 Can-

1883 3589 2135 3661 terbury,
2170 3589 2384 3644 Latinis
2414 3590 2716 3644 Cantuarii:
2742 3589 2969 3655 dicitur,
3003 3588 3136 3643 urbs
3187 3594 3475 3659 pervetus-

1884 3683 1966 3744 ta,
1993 3679 2357 3749 Romanoque
2378 3679 2580 3732 saeculo
2615 3679 2807 3749 procul
2850 3677 3018 3732 dubio
3056 3677 3310 3732 illustris.
3338 3695 3361 3727 ι
3392 3678 3479 3733 Ita

1887 3768 2225 3821 Camdenus.
2256 3787 2283 3817 ιι
2312 3768 2429 3821 Nec
2456 3768 2594 3822 adeo
2625 3784 2833 3838 magna
2847 3766 3380 3835 (Malmesburiensis
3401 3767 3478 3821 lo-

1887 3856 2079 3927 quitur
2098 3857 2257 3909 initio
2284 3856 2627 3926 przefationis
2656 3856 2752 3910 lib.
2776 3872 2795 3910 Ι
2823 3856 2894 3910 ad
2924 3856 3093 3910 Gesta
3122 3854 3344 3927 pontif.)
3377 3872 3480 3910 nec

1885 3945 2104 3999 exiliter
2130 3961 2320 4016 parva,
2352 3962 2473 4015 quae
2504 3952 2558 3999 et
2610 3945 2888 4016 positione
2934 3951 3098 3999 terrae
3128 3945 3335 4016 quippe
3371 3944 3477 3998 soli

1886 4034 2089 4100 afﬁnis,
2116 4034 2359 4087 maxima
2379 4038 2563 4099 344
2596 4033 2849 4088 ubertate
2870 4039 2927 4088 et
2944 4033 3163 4103 integro
3185 4049 3478 4087 murorum

1886 4123 2121 4189 ambitu,
2156 4123 2302 4176 cives
2326 4140 2457 4177 suos
2486 4123 2651 4190 fovet,
2688 4142 2711 4174 ι
2744 4127 2849 4176 etc.
2882 4123 2949 4176 Et
2976 4122 3142 4193 paulo
3176 4126 3300 4192 post
3324 4140 3367 4174 ιι
3392 4120 3475 4175 Ibi

1889 4212 2073 4283 prima
2102 4212 2263 4266 sedes
2288 4212 2688 4283 archiepiscopi
2718 4210 2975 4278 habetur,
3026 4210 3121 4282 qui
3172 4214 3259 4264 est
3303 4209 3477 4265 totius

221 4292 410 4361 citatis,
444 4298 748 4352 Matthteus
760 4299 1053 4366 Lauretus,
1076 4300 1356 4354 Arnoldus
1379 4301 1610 4367 Vionus,
1632 4302 1808 4373 Ligno
1828 4299 2103 4371 DAngliae
2132 4300 2361 4371 primas,
2385 4305 2442 4353 et
2464 4299 2801 4370 patriarcha,
2831 4303 2936 4353 etc.
2962 4316 2989 4352 ι>

220 4381 334 4437 vitae
361 4384 399 4438 ι.
432 4402 493 4451 n,
518 4402 565 4439 c.
602 4386 651 4449 l,
677 4386 773 4441 ubi
827 4404 892 4441 ex
944 4388 1238 4458 privilegio
1278 4389 1333 4443 S.
1376 4389 1575 4445 Bonito
1618 4389 1807 4446 abbati

213 4470 575 4529 Lateranensi
604 4492 867 4530 concesso
892 4476 964 4530 ab
993 4477 1189 4531 eodem
1230 4477 1501 4548 Gregorio
1538 4480 1654 4533 haec
1683 4497 1805 4551 pro-

211 4558 313 4614 fert
359 4580 373 4614 :
436 4584 458 4610 ι
518 4563 756 4633 proinde
804 4566 965 4635 juxta
1019 4570 1265 4620 vestram
1313 4567 1661 4636 petitionem,
1703 4586 1803 4640 pro

207 4664 396 4704 amore
424 4668 595 4722 quem
626 4652 685 4705 in
703 4654 986 4708 communi
1006 4655 1194 4721 Patre,
1219 4660 1277 4709 et
1294 4656 1565 4726 magistro
1613 4664 1804 4712 nostro

208 4735 526 4805 Benedicto,
561 4745 621 4794 et
639 4740 699 4794 in
720 4740 1006 4812 discipulis
1043 4744 1165 4813 ejus
1193 4744 1494 4815 specialem
1526 4751 1583 4800 et
1611 4747 1803 4817 singu-

207 4826 378 4881 larem
410 4828 686 4897 gerimus,
713 4848 740 4883 ι
765 4836 872 4885 etc.
906 4832 1013 4886 Sed
1031 4832 1210 4886 fusius
1225 4834 1675 4905 luculentiusque
1704 4852 1805 4890 cae-

205 4915 357 4981 teris,
381 4932 511 4971 mea
524 4918 826 4985 sententia,
840 4919 1116 4974 Antonius
1136 4920 1206 4975 de
1224 4922 1425 4993 Yiepes
1448 4927 1584 4977 tom.
1602 4924 1648 4978 I.
1668 4924 1800 4978 Chr.

205 5004 392 5061 ordin.
433 5004 491 5059 S.
522 5007 809 5063 Benedicti
837 5009 908 5062 ad
928 5025 1059 5063 ann.
1111 5007 1234 5076 576,
1266 5027 1389 5080 cap.
1414 5008 1448 5066 2
1478 5015 1536 5064 et
1563 5027 1679 5081 seq.
1713 5011 1803 5065 Vi-

205 5096 317 5147 tam
344 5095 529 5148 sancti
555 5095 858 5165 Augustini
879 5097 1123 5152 olfendes
1153 5104 1278 5169 post
1309 5099 1671 5153 Beccensium
1700 5099 1801 5153 ab-

205 5179 400 5236 batum
433 5199 499 5237 ex
526 5189 851 5253 pervetusto
895 5191 953 5239 et
980 5186 1203 5257 optima:
1227 5192 1374 5242 notae
1410 5204 1515 5242 ms.
1548 5189 1801 5259 ejusdem

204 5271 555 5326 monasterii.

270 5357 456 5423 Super
480 5361 874 5415 Eboracensem
898 5363 1193 5417 Ecclesium
1225 5369 1497 5433 totamque
1522 5367 1797 5420 insulam.

203 5447 297 5502 Uti
326 5465 508 5519 supra
562 5448 830 5504 laudatus
880 5451 1084 5506 Vener.
1116 5452 1270 5507 Beda
1296 5453 1459 5508 docet
1484 5452 1579 5507 lib.
1605 5467 1624 5506 1
1654 5453 1798 5509 Hist.

198 5541 340 5605 gent
418 5537 751 5609 Anglorum,
801 5554 924 5609 cap.
990 5536 1098 5596 l9:
1152 5539 1279 5595 Vita
1304 5540 1450 5595 beati
1495 5541 1798 5611 Augustini

1958 4391 2392 4444 Antecessorum
2424 4395 2736 4443 vestrorum
2794 4387 3051 4458 Gregorii
3105 4390 3475 4458 cognomento

1887 4478 2099 4547 Magni,
2132 4478 2292 4548 cujus
2314 4477 2673 4531 meminimus
2693 4493 2815 4548 sup.
2833 4476 2914 4531 De
2933 4476 3207 4547 ejusmodi
3238 4473 3478 4530 decretis

1886 4565 2113 4620 uberius
2140 4565 2490 4619 Venerabilis
2538 4566 2689 4619 Beda
2732 4565 2864 4619 locis
2913 4565 3131 4631 citatis;
3172 4580 3390 4619 necnon
3421 4568 3479 4618 et

1887 4653 2170 4707 Guillelm.
2203 4653 2516 4719 Malmesb.,
2574 4653 2697 4707 libr.
2730 4669 2748 4708 ι
2795 4655 2875 4708 De
2902 4659 3048 4725 gest.
3094 4653 3335 4721 Pontif.;
3376 4652 3473 4724 qui

1885 4742 2189 4814 expressim
2216 4742 2509 4813 privilegia
2531 4759 2565 4797 a
2591 4744 2828 4798 summis
2855 4742 3210 4815 pontiﬁcibus
3233 4743 3475 4797 Cantua-

1883 4832 2057 4885 riensi
2085 4831 2341 4886 Ecclesiae
2370 4847 2651 4897 concessa,
2706 4832 2973 4887 describit
3006 4850 3017 4886 :
3051 4848 3220 4904 quem
3261 4831 3374 4900 adi,
3429 4830 3476 4886 si

1884 4919 2056 4974 lubet.
2088 4988 2105 4999 θ

1955 5010 2250 5075 Boni/acii.
2261 5029 2287 5063 ι
2308 5010 2413 5074 Hic
2426 5015 2511 5064 est
2526 5009 2844 5064 Bonifacius
2858 5014 3093 5081 quartus
3108 5010 3299 5065 Romae
3316 5008 3473 5064 urbis

1882 5096 2194 5169 episcopus,
2220 5118 2245 5151 »
2277 5099 2358 5152 ait
2378 5100 2435 5154 S.
2463 5099 2634 5166 Beda,
2663 5098 2760 5153 lib.
2791 5114 2831 5154 ιι
2858 5099 3001 5165 Hist.
3028 5099 3251 5169 Anglo.,
3280 5094 3471 5169 cap.4.

1952 5187 2205 5244 Honorii.
2239 5188 2357 5241 Hoc
2380 5188 2607 5243 nomine
2617 5188 2784 5259 primi
2806 5189 2905 5258 ;de
2934 5205 3043 5260 quo
3072 5188 3223 5242 Beda
3242 5186 3470 5253 ibidem,

1844 5332 1847 5335 _
1882 5292 2005 5346 cap.
2041 5274 2102 5331 17
2134 5281 2190 5330 et
2214 5273 2303 5331 18.

1966 5365 2212 5417 l’italini.
2248 5364 2480 5419 Exstant
2506 5366 2629 5436 ejus
2661 5365 2909 5437 epistolae
2961 5369 3017 5418 et
3071 5363 3294 5420 decreta
3325 5362 3475 5419 inter

1884 5452 2120 5507 concilia
2146 5453 2453 5523 generalia.

1955 5542 2155 5611 Sergii.
2188 5541 2365 5596 Primi
2394 5541 2666 5598 videlicet.
