3902 6166
223 307 318 366 573

1266 314 1345 370 IN
1382 314 1605 370 EPIST.
1647 314 1711 369 B.
1756 312 2171 369 LANFRANCI
2208 308 2443 367 NOTAE.

3376 292 3487 350 574

220 434 423 506 partim
481 435 553 490 ob
590 436 731 490 alias
770 436 1107 508 multiplices
1157 452 1355 491 causas
1382 452 1621 507 quarum
1652 435 2064 506 exse-‘Aatque
2106 434 2223 489 suis
2275 432 2449 515 notis,
2479 430 2537 484 in
2579 426 2842 483 Eadmeri
2897 423 3162 490 Historia,
3199 437 3327 493 pag.
3384 418 3484 477 155

220 524 386 584 cutio,
412 525 578 593 juxta
606 525 755 595 quod
786 525 890 579 sibi
919 526 1329 597 contingebant,
1370 527 1550 596 magis
1585 525 1817 580 clerico-

220 629 342 667 rum
384 629 560 683 quam
603 615 1005 668 monachorum
1057 615 1302 669 ofﬁcium
1339 620 1572 686 spectat.
1606 615 1819 669 Deduc-

219 708 306 757 tus
348 708 439 756 est
486 702 549 756 in
597 703 935 756 sententiam
964 703 1131 757 istam
1168 720 1265 757 rex
1311 708 1369 757 et
1410 704 1505 758 alii
1541 704 1817 776 principes

217 791 397 861 regni,
442 790 775 853 Lanfranco,
815 796 880 845 ut
907 791 995 845 sui
1039 792 1210 845 moris
1257 798 1398 857 erat,
1431 793 1564 847 totis
1608 794 1819 849 viribus

220 880 529 940 obnitente.
562 883 620 933 et
647 880 897 934 omnium
937 880 1209 933 molimini
1246 897 1311 935 ac
1335 881 1556 937 invidiae
1585 883 1820 937 viriliter

223 968 541 1023 resistente.
574 967 659 1021 Ne
684 972 875 1021 tamen
904 974 1030 1039 post
1056 968 1271 1024 obitum
1296 986 1462 1024 suum
1491 971 1653 1025 ﬁeret
1671 971 1818 1043 quod

224 1074 280 1112 se
317 1056 626 1127 superstite
667 1055 875 1110 sciebat
914 1074 1013 1127 per
1037 1058 1308 1112 auxilium
1333 1059 1436 1113 Dei
1462 1077 1820 1131 nequaquam

1896 523 2154 578 intexuit.

1970 616 2161 676 346
2185 611 2290 665 Cui
2319 611 2532 677 nefario
2560 609 2729 676 operi.
2766 604 2979 659 Notent
3006 603 3125 656 hac
3148 600 3374 655 interim
3405 598 3487 653 illi

1898 701 1996 771 qui
2016 706 2101 755 tot
2127 701 2397 754 clamores
2426 703 2482 751 et
2518 697 2784 767 strepitus
2813 694 2988 747 edunt
3014 692 3073 745 in
3104 690 3404 745 monachos
3435 694 3492 743 et

1898 790 2064 844 toties
2095 788 2421 851 obtrudunt,
2452 803 2576 857 qua:
2606 802 2640 839 a
2667 781 3126 837 Vintoniensibus
3156 779 3367 833 clericis
3388 777 3490 831 ob-

1900 878 2293 933 tendebantur.
2331 876 2487 945 (Vide
2517 873 2776 945 superius
2804 872 3073 942 producta
3103 886 3167 923 ex
3194 868 3493 932 Eadmero)

1901 973 1959 1023 et
1990 969 2204 1022 nefario
2223 967 2352 1020 huic
2383 965 2537 1036 operi
2562 962 2866 1017 molitionis
2898 964 2981 1028 (ut
2998 961 3197 1030 loquar
3221 973 3345 1012 cum
3371 957 3496 1011 Ale-

1902 1059 2132 1126 xandro)
2166 1055 2417 1111 animum
2460 1054 2827 1125 appellentes,
2866 1049 3030 1103 velim
3072 1047 3177 1102 sibi
3206 1047 3275 1101 ob
3303 1047 3494 1100 oculos

226 1145 650 1218 perﬁciendum,
675 1144 927 1199 nesciens
952 1147 1148 1201 mortis
1175 1164 1291 1202 sua:
1315 1148 1464 1203 diem
1489 1150 1572 1203 vel
1601 1150 1818 1215 horam,
1902 1154 2116 1222 ponant
2142 1146 2435 1218 praeclaros
2460 1142 2784 1209 monachos,
2815 1139 2911 1211 qui
2938 1154 3063 1192 cum
3093 1135 3299 1190 sanctis
3330 1136 3499 1189 mori-

226 1235 339 1303 egit
366 1233 699 1303 sagacitate,
732 1238 790 1287 et
815 1235 1095 1289 industria
1122 1253 1236 1306 qua
1263 1236 1528 1307 pollebat,
1550 1243 1616 1291 ut
1638 1244 1825 1292 aucto-
1904 1239 2028 1302 bus,
2074 1244 2193 1290 tum
2239 1234 2419 1288 verbis
2463 1238 2521 1286 et
2571 1230 2793 1301 scriptis
2842 1226 3216 1282 Christianam
3272 1224 3500 1279 catholi-

226 1324 389 1376 ritate
439 1322 707 1376 Romanae
752 1329 809 1376 et
860 1325 1175 1394 apostolicae
1224 1326 1372 1380 sedis
1421 1327 1825 1382 monachorum
1906 1343 2141 1397 camque
2170 1325 2337 1378 fidem
2378 1322 2569 1376 multis
2609 1321 2666 1374 in
2703 1319 2841 1373 locis
2877 1318 3258 1373 inseruerunt.
3290 1314 3499 1367 instau-

227 1410 500 1465 habitatio
550 1410 609 1464 in
646 1412 841 1466 eadem
891 1413 1132 1467 Ecclesia
1157 1415 1607 1485 confirmaretur,
1641 1422 1699 1470 et
1738 1417 1826 1471 in-
1907 1420 2122 1479 rarunt,
2187 1416 2589 1484 propagarunt,
2657 1409 3030 1472 illustrarunt,
3104 1403 3500 1459 Cassiodorum

227 1500 496 1553 convulsa
521 1499 656 1553 dum
682 1501 948 1555 saeculum
969 1503 1202 1557 duraret
1218 1503 1276 1557 in
1294 1510 1629 1575 perpetuum
1658 1504 1826 1559 stabi-
1906 1505 2051 1570 dico,
2084 1503 2417 1573 Gregorium
2449 1501 2748 1570 Majorem;
2796 1495 3097 1568 apostolos,
3125 1491 3501 1563 Augustinum

227 1588 447 1642 liretur.
466 1587 628 1652 Quod
644 1590 931 1661 privilegio
950 1591 1050 1644 tali
1069 1608 1325 1646 summus
1339 1594 1657 1664 apostolicae
1680 1594 1827 1649 sedis
1908 1592 2370 1648 Cantuariensem
2424 1589 2656 1659 Angliae,
2717 1585 3064 1641 Bonifacium
3111 1580 3503 1653 Moguntinum

227 1676 464 1730 antistes
514 1677 831 1731 Alexander
886 1678 967 1732 ita
1027 1680 1235 1751 scripto
1294 1697 1395 1735 suo
1459 1674 1760 1736 roboravit.
1798 1698 1857 1751 DA
1910 1680 2247 1746 Germaniae,
2278 1679 2640 1734 Benedictum
2671 1674 2936 1742 Poloniae,
2984 1670 3299 1727 Gerardum
3341 1668 3500 1722 Hun-

231 1765 443 1820 Deinde
473 1765 704 1836 subjicit
728 1767 1033 1823 Alexandri
1053 1746 1369 1840 epistolam.
1412 1769 1629 1826 Videsis
1656 1772 1825 1826 etiam
1843 1746 1888 1809 Β
1905 1786 2190 1842 garorum,
2224 1774 2330 1824 etc.
2359 1787 2373 1836 ;
2413 1767 2621 1821 Bedam
2664 1762 3077 1819 Venerabilem.
3134 1758 3499 1821 Ildefonsum,

231 1855 715 1910 Malmesburiens.
739 1856 821 1910 De
843 1858 1038 1927 pontif.
1070 1858 1165 1912 lib.
1200 1873 1238 1924 ι,
1267 1859 1362 1912 fol.
1394 1857 1516 1916 122.
1906 1860 2201 1914 Rabanum
2242 1859 2518 1922 Maurum,
2568 1853 2832 1910 Strabum
2866 1851 3223 1913 Fuldensem,
3273 1847 3503 1901 Petrum

298 1945 368 1997 Et
395 1947 623 1998 clericos
664 1947 812 1999 inibi
854 1950 1198 2001 constituere.
1236 1948 1319 2001 Ab
1350 1948 1591 2002 Ecclesia
1628 1948 1827 2003 Vinto-
1910 1948 2187 2014 Damiani,
2219 1948 2550 2018 Rupertum,
2582 1944 2975 2003 Lanfrancum,
3005 1939 3346 2001 Anselmum,
3378 1936 3507 1990 Ber-

230 2033 413 2087 niensi
438 2033 671 2087 clericos
706 2035 1038 2104 jamdudum
1068 2036 1304 2091 eximius
1344 2038 1722 2093 coenobiorum
1749 2037 1831 2091 in-
1910 2038 2149 2092 nardum
2178 2043 2346 2107 atque
2372 2036 2696 2089 innumeros
2715 2032 2854 2087 alios
2879 2050 2891 2091 ;
2917 2047 3028 2102 qua
3042 2029 3110 2083 de
3135 2043 3195 2081 re
3227 2025 3507 2081 Arnoldus

234 2128 522 2175 staurator
563 2130 621 2176 et
659 2123 967 2177 aediﬁcator
1013 2125 1265 2195 Edgarus
1304 2142 1398 2180 rex
1432 2128 1652 2195 (saeculo
1681 2127 1833 2198 prior
1911 2127 2149 2182 Wionus
2167 2127 2225 2179 in
2251 2124 2575 2195 LignoVitae
2595 2122 2687 2176 lib.
2714 2137 2753 2175 Il
2781 2127 2894 2175 etv.
2915 2120 3191 2174 Caeterum
3207 2131 3317 2170 non
3343 2112 3509 2167 modo

237 2210 572 2279 Alexandre)
608 2211 1013 2267 eliminaverat.
1064 2214 1187 2278 Qua
1223 2231 1352 2269 vero
1406 2215 1476 2269 ad
1523 2216 1580 2270 id
1615 2217 1832 2270 ratione
1914 2216 2255 2287 episcopales
2284 2213 2555 2269 Ecclesias
2595 2209 2854 2266 monachi
2892 2205 3381 2268 administrabant,
3412 2201 3509 2256 sed

234 2299 513 2369 impulsus
562 2301 752 2367 fuerit,
787 2301 847 2355 in
888 2302 1121 2357 concilio
1167 2305 1236 2358 A.
1287 2306 1347 2359 Cr
1382 2304 1485 2360 966
1531 2306 1830 2372 celebrato,
1915 2311 1974 2360 et
2023 2305 2231 2359 eisdem
2290 2320 2356 2357 ex
2420 2302 2603 2373 prisca
2656 2297 3061 2356 consuetudine
3138 2291 3512 2366 praesidebant

237 2388 501 2442 edisserit
530 2389 618 2443 his
646 2389 831 2444 verbis
869 2408 880 2442 :
925 2410 951 2445 ι
981 2392 1208 2446 Timens
1233 2393 1409 2463 igitur
1452 2410 1522 2448 ne
1567 2400 1835 2449 aeternam
1915 2393 2197 2448 antistites
2217 2391 2620 2463 quamplurimi
2640 2390 2699 2443 in
2728 2387 2930 2458 Anglia
2955 2383 3320 2439 monasticam
3340 2380 3512 2435 vitam

236 2476 585 2531 incurrerem
608 2478 910 2547 miseriam,
942 2480 989 2534 si
1019 2482 1223 2553 adepta
1250 2488 1527 2553 potestate
1556 2500 1668 2538 non
1688 2484 1834 2538 face-
1915 2482 2151 2555 professi
2177 2499 2188 2549 ;
2234 2482 2367 2553 quin
2390 2481 2557 2534 etiam
2588 2479 2637 2533 si
2660 2478 2784 2549 quis
2806 2478 3014 2542 forsan,
3044 2477 3329 2528 annuente
3358 2486 3509 2541 rege,

235 2581 355 2620 rem
382 2567 535 2637 quod
562 2567 682 2638 ipse
709 2568 806 2639 qui
834 2575 1100 2640 operatur
1126 2572 1316 2625 omnia
1345 2588 1468 2642 quae
1500 2572 1559 2625 in
1605 2573 1744 2626 caelo
1782 2577 1840 2627 et
1918 2589 1949 2627 e
2004 2571 2249 2626 clericali
2298 2570 2494 2624 ordine
2531 2569 2616 2622 vel
2670 2582 2735 2622 ex
2796 2565 2954 2621 laicis
3008 2564 3079 2617 ad
3141 2559 3514 2635 episcopalem

237 2654 296 2709 in
330 2659 492 2709 terra
518 2656 637 2709 suis
665 2658 932 2729 exemplis
955 2660 1142 2729 justus
1179 2661 1528 2727 examinator
1570 2662 1834 2725 innotuit,
1918 2662 2251 2733 dignitatem
2270 2663 2669 2723 assumeretur,
2696 2654 3011 2710 necessario
3037 2653 3364 2724 priusquam
3387 2665 3514 2704 con-

238 2744 571 2798 vitiosarum
625 2761 832 2800 cuneos
879 2748 1274 2803 canonicorum
1310 2766 1341 2802 e
1379 2750 1616 2804 diversis
1657 2751 1838 2804 nostri
1919 2756 2251 2815 secraretur,
2276 2747 2535 2802 monachi
2550 2752 2862 2809 tonsuram,
2892 2750 2950 2799 et
2976 2743 3254 2806 habitum,
3278 2757 3382 2794 nec
3401 2754 3513 2793 non

237 2833 533 2904 regiminis
557 2834 822 2888 coenobiis
853 2836 1060 2891 Christi
1086 2837 1323 2892 vicarius
1345 2838 1648 2894 eliminavi.
1680 2840 1838 2904 Quod
1921 2844 1979 2893 et
2004 2854 2214 2893 normae
2242 2836 2610 2891 benedictinae
2638 2833 3039 2906 professionem
3066 2830 3321 2885 emittere
3351 2842 3515 2897 coge-

238 2922 412 2975 nullis
441 2922 583 2975 mihi
607 2923 1101 2979 intercessionibus
1142 2926 1405 2996 prodesse
1434 2932 1711 2997 poterant,
1742 2928 1839 2982 sed
1922 2927 2111 2984 batur.
2152 2926 2312 2990 Quod
2357 2925 2604 2996 produnt
2634 2924 2784 2977 inter
2840 2922 2979 2975 alios
3038 2917 3400 2976 Malmesbur.
3434 2914 3515 2969 De

240 3011 450 3081 potius,
499 3016 564 3065 ut
618 3011 817 3067 beatus
857 3013 937 3067 ait
984 3015 1307 3085 Gregorius,
1358 3016 1498 3086 justi
1539 3016 1899 3086 vindictamn
1923 3015 2119 3085 pontif.
2143 3015 2290 3079 lib.i,
2305 3015 2363 3069 in
2380 3009 2879 3068 Cantuariensibus
2895 3007 3325 3080 archiepiscopis
3345 3020 3517 3076 agens

238 3104 632 3169 provocarent,
664 3101 760 3171 qui
795 3100 965 3155 variis
993 3102 1253 3157 vitiorum
1283 3104 1454 3158 naevis
1478 3094 1901 3160 contaminati“
1925 3104 1994 3158 de
2026 3104 2221 3159 Odone
2249 3103 2506 3175 episcopo
2536 3099 2906 3164 Vintoniensi,
2957 3104 3085 3169 post
3124 3094 3518 3153 Cantuariensi

240 3204 351 3242 non
375 3195 610 3259 agentes
637 3206 759 3260 quae
786 3191 936 3245 Deus
949 3192 1197 3261 jubendo
1228 3193 1465 3261 volebat,
1499 3196 1687 3249 omnia
1718 3211 1842 3266 quae
1925 3192 2340 3264 archiepiscopo
2371 3193 2545 3247 electo
2587 3208 2598 3243 :
2650 3210 2677 3245 α
2709 3189 2811 3244 Ille
2841 3189 2935 3260 qui
2959 3188 3209 3244 nondum
3237 3185 3521 3240 amisisset

240 3276 473 3332 nolebat
499 3277 735 3333 rebelles
772 3278 1067 3346 faciebant,
1100 3282 1295 3336 avidus
1321 3282 1622 3354 inquisitor
1644 3285 1842 3338 adver-
1924 3282 2279 3346 monachum,
2302 3280 2649 3337 constantius
2677 3277 2866 3344 reniti,
2894 3295 2965 3333 ne
2994 3293 3210 3331 morem
3238 3275 3518 3345 majorum

241 3373 371 3422 tens
417 3374 613 3439 gratos
654 3369 893 3423 Domino
932 3371 1333 3426 monachorum
1361 3388 1588 3438 cuneos,
1615 3371 1711 3442 qui
1741 3389 1843 3443 pro
1924 3371 2229 3425 ambitione
2247 3388 2349 3426 sua
2368 3370 2598 3424 turbare
2627 3369 2927 3432 videretur,
2947 3367 3164 3421 nullum
3187 3364 3337 3419 enim
3367 3362 3439 3417 ad
3463 3362 3522 3417 id

243 3457 407 3511 nobis
429 3457 824 3512 incunctanter
850 3460 1191 3525 incederent,
1211 3460 1388 3514 nostri
1402 3461 1548 3531 juris
1567 3466 1846 3515 monaste—

243 3547 341 3601 riis
378 3547 617 3601 devotus
641 3546 899 3603 hilariter
926 3549 1207 3603 collocavi.
1230 3569 1251 3600 ι
1272 3551 1340 3603 Et
1366 3550 1498 3621 quia
1524 3551 1846 3621 praescierat

245 3636 440 3690 forsan
482 3637 732 3708 optimus
778 3637 872 3692 ille
901 3655 997 3693 rex
1044 3655 1146 3709 per
1190 3639 1420 3693 clericos
1458 3641 1761 3712 aliquando
1812 3657 1847 3694 a

246 3726 483 3796 praefata
510 3726 753 3781 Ecclesia
779 3728 1082 3782 monachos
1099 3728 1493 3795 exturbandos,
1516 3730 1847 3784 anathema-

247 3816 403 3870 tibus
429 3816 575 3882 illos,
610 3816 706 3887 qui
733 3816 914 3871 simile
943 3817 1076 3888 quid
1099 3818 1449 3884 molirentur,
1473 3819 1726 3889 percellit
1743 3819 1849 3872 hoc

248 3920 511 3959 sermone
544 3927 556 3960 :
594 3923 620 3957 (ί
672 3905 731 3959 Si
776 3911 966 3960 autem
1010 3907 1260 3977 qualibet
1286 3907 1593 3974 occasione,
1627 3908 1848 3961 diabolo

249 3993 579 4065 instigante,
614 3995 931 4066 contigerit,
980 4000 1042 4050 ut
1083 3995 1232 4050 fastu
1269 3996 1656 4068 superbientes
1694 4012 1852 4050 arro-

1923 3464 2146 3532 tempus
2176 3460 2284 3515 nisi
2313 3460 2613 3514 monachili
2644 3460 2928 3514 schemate
2955 3456 3218 3511 indutum
3243 3451 3521 3524 archiepi-

1925 3564 2156 3620 scopum
2205 3549 2457 3604 fuisse.»
2504 3549 2574 3603 Et
2621 3553 2748 3620 post
2784 3547 2915 3602 alia.
2969 3565 2997 3597 α
3039 3546 3235 3616 Itaque
3281 3540 3523 3596 transito

1929 3639 2073 3693 mari
2104 3640 2252 3711 apud
2282 3639 2597 3694 Floriacum
2625 3636 2967 3692 monachilia
2989 3634 3221 3705 accepit,
3261 3650 3283 3681 ι
3315 3635 3419 3685 etc.
3453 3630 3524 3685 Et

1928 3730 2149 3784 Nicolas
2180 3729 2495 3800 Harpsfeld.
2524 3728 2728 3782 saeculo
2758 3725 2939 3783 II.Ubi
2969 3723 3299 3778 electionem
3322 3721 3380 3778 S.
3406 3717 3528 3773 Viri

1930 3819 2208 3873 Edmundi
2255 3819 2311 3873 in
2352 3818 2677 3889 episcopum
2732 3816 3172 3871 Dunelmensem
3217 3808 3524 3866 describit:

1934 3926 1961 3961 «
1982 3910 2123 3963 Cum
2145 3909 2334 3979 itaque
2353 3908 2573 3962 nullum
2593 3903 2961 3961 satisfactioni
2979 3903 3080 3958 ulli
3093 3903 3279 3957 locum
3294 3899 3525 3966 videret,

1931 3996 1991 4051 in
2021 3996 2392 4051 monasticum
2417 3997 2663 4067 primum
2700 3994 2955 4050 ordinem
3001 3997 3294 4063 cooptatus
3331 3993 3418 4043 est
3457 3986 3533 4046 (id

247 4085 476 4154 gantiaa,
496 4085 585 4155 dej
594 4084 701 4138 ecti
722 4086 971 4139 canonici
996 4087 1398 4140 monachorum
1415 4102 1665 4156 gregem,
1684 4102 1853 4157 quem
1934 4086 2087 4140 enim
2109 4085 2367 4139 omnibus
2391 4101 2425 4139 a
2438 4083 2693 4139 Cutberti
2712 4088 2964 4154 tempore
2978 4078 3240 4135 Dunelmi
3261 4074 3532 4149 episcopis

251 4188 356 4243 ego
402 4190 677 4228 venerans
707 4190 835 4228 cum
870 4180 1095 4246 pastore
1128 4175 1186 4228 in
1215 4175 1317 4229 Dei
1347 4175 1612 4229 constitui
1640 4192 1855 4247 posses-
1936 4176 2184 4229 solemne
2213 4178 2350 4242 erat)
2383 4175 2728 4244 accersitque
2770 4170 3085 4243 Egelricum
3131 4168 3469 4223 monachum
3500 4181 3531 4220 e

252 4262 427 4328 sione,
452 4264 698 4334 dejicere
720 4263 1036 4318 insidiando
1065 4264 1360 4332 voluerint,
1384 4270 1587 4336 agatur
1608 4265 1677 4319 de
1698 4265 1780 4319 eis
1800 4270 1857 4319 et
1937 4263 2187 4318 coenobio
2246 4264 2533 4334 llurgensi,
2571 4262 2667 4334 qui
2708 4262 2999 4335 praeceptis
3039 4276 3189 4326 eum,
3223 4262 3280 4313 et
3324 4252 3535 4326 regulis

252 4351 323 4405 de
350 4353 611 4407 omnibus
635 4353 729 4425 qui
750 4353 1000 4424 quolibet
1020 4370 1252 4409 munere
1275 4356 1464 4409 caecati
1488 4358 1757 4426 juvamen
1777 4355 1920 4442 eisD
1939 4351 2263 4408 monasticis
2292 4352 2589 4418 imbueret,
2620 4372 2649 4405 ν
2684 4357 2789 4405 etc.
2824 4352 2943 4406 Imo
2970 4354 3025 4404 et
3053 4349 3203 4420 ipsos
3247 4345 3535 4418 episcopos

245 4440 654 4513 impenderint,
683 4443 831 4513 quod
868 4449 1056 4497 actum
1090 4450 1176 4499 est
1193 4445 1262 4499 de
1294 4445 1508 4515 angelis
1533 4445 1857 4516 superbien-
1874 4434 1914 4442 ”
1938 4441 2263 4496 monasticis
2290 4441 2507 4512 legibus
2536 4441 2815 4511 subjectos
2843 4439 2947 4506 (uti
2977 4438 3227 4503 abbates)
3247 4434 3538 4507 egregium

244 4531 419 4595 tibus,
451 4536 511 4585 et
540 4531 609 4585 de
639 4533 985 4603 protOpIasto
1014 4532 1220 4587 diaboli
1261 4534 1459 4588 fraude
1487 4534 1739 4604 seducto,
1769 4541 1852 4597 ut,
1940 4531 2112 4585 habes
2155 4536 2582 4585 monumentum
2620 4529 2678 4583 in
2710 4529 2822 4583 illis
2866 4526 3315 4582 institutionibus
3339 4540 3538 4579 mona-

245 4620 499 4692 paradisi
517 4620 775 4674 videlicet
792 4620 1062 4676 limitibus
1077 4621 1407 4677 sublimibus
1420 4624 1857 4693 regnicaalorum
1941 4620 2172 4674 chorum
2204 4620 2373 4687 (inter
2392 4626 2553 4673 notas
2583 4618 2809 4673 Seldeni
2833 4618 2903 4672 ad
2933 4617 3225 4672 historiam
3257 4614 3539 4678 Eadmeri)

245 4710 525 4765 sedilibus
547 4710 712 4780 ejecti
729 4726 854 4764 cum
876 4711 961 4767 his
976 4711 1294 4782 quidemini
1313 4712 1649 4766 famulatum
1671 4728 1860 4782 asper-
1944 4709 2217 4764 Saxonice
2247 4714 2304 4762 et
2331 4708 2546 4773 Latine,
2580 4706 2650 4761 ab
2679 4706 2904 4778 Edgaro
2934 4723 3065 4777 rege
3102 4706 3349 4777 prolatas
3390 4705 3543 4760 circa

244 4805 455 4854 nantes
507 4805 992 4871 contempserunt,
1042 4800 1295 4855 barathri
1334 4801 1606 4856 incendiis
1646 4800 1861 4855 detrusi
1942 4803 2011 4855 A.
2052 4799 2113 4853 C.
2157 4795 2280 4861 900,
2335 4796 2438 4851 sub
2493 4796 2738 4851 medium
2780 4814 2791 4850 :
2831 4816 2854 4849 ι
2886 4795 3288 4868 Episc0porum
3312 4798 3541 4868 'quoque

241 4889 370 4960 jugi
417 4888 744 4944 crucientur
798 4889 1045 4955 miseria,
1105 4909 1128 4941 ι
1172 4893 1276 4944 etc.
1328 4891 1394 4945 Et
1449 4890 1597 4944 infra
1651 4889 1864 4961 gratias
1945 4889 2164 4957 electio,
2189 4887 2269 4942 uti
2297 4885 2583 4950 abbatum,
2618 4884 2937 4957 ubicunque
2974 4885 3034 4941 in
3081 4886 3214 4940 sede
3243 4884 3545 4957 episcopali

247 4981 511 5035 caelestes
524 4980 597 5034 iis
626 4979 948 5051 impertitur
976 4981 1072 5051 qui
1101 4980 1387 5035 beneﬁciis
1410 4980 1710 5035 monachos
1731 4979 1861 5033 atie-

246 5071 465 5126 cerint:
485 5087 512 5123 ε
534 5069 888 5140 Quicunque,
907 5069 1003 5134 ait,
1024 5071 1327 5125 monachos
1341 5069 1504 5124 bonis
1519 5068 1862 5141 quibuslibet

245 5159 608 5229 locupletans
660 5158 840 5213 ditare
885 5157 1140 5224 voluerit,
1200 5157 1433 5214 Creator
1477 5158 1861 5213 cunctitenens

246 5248 568 5302 clementer
594 5263 691 5301 eos
716 5264 1022 5318 eorumque
1059 5248 1383 5319 progeniem
1413 5248 1585 5302 totius
1605 5248 1862 5303 ubertate

244 5337 673 5410 prosperitatis,
703 5337 793 5390 hic
822 5343 878 5391 et
907 5338 965 5391 in
992 5338 1181 5392 futuro
1207 5339 1426 5405 saeculo,
1461 5337 1689 5392 ditando
1715 5338 1863 5392 locu-

245 5427 456 5501 pletet,
495 5444 523 5480 ι
556 5431 663 5480 etc.
694 5426 824 5482 Haec
858 5443 924 5482 ex
966 5443 1070 5481 ms.
1099 5428 1286 5481 codice
1316 5429 1439 5498 ejus
1470 5429 1635 5498 jussu
1659 5426 1862 5481 litteris

245 5516 452 5573 aureis
478 5516 853 5587 pulcherrime
897 5516 1138 5573 exaratis
1175 5517 1523 5590 deprompsit
1568 5516 1857 5584 Seldenus,

1946 4978 2206 5034 monachi
2220 4977 2507 5048 regulares
2523 4975 3019 5045 conversantur,si,
3035 4975 3258 5030 Domini
3268 4974 3543 5045 largiente

1938 5069 2141 5140 gratia,
2178 5067 2325 5121 tanti
2355 5066 2637 5138 profectus
2666 5065 2804 5120 inibi
2843 5065 3151 5120 monachus
3181 5065 3417 5135 reperiri
3446 5080 3545 5134 po-

1941 5159 2134 5214 tuerit.
2159 5157 2373 5212 Eodem
2396 5156 2561 5210 modo
2589 5160 2809 5225 agatur,
2838 5171 2940 5209 nec
2964 5155 3074 5209 alio
3099 5152 3348 5225 quolibet
3374 5151 3542 5205 modo

1944 5248 2079 5301 dum
2111 5246 2363 5317 ejusdem
2394 5249 2527 5300 sunt
2546 5244 2998 5309 conversationis,
3028 5258 3062 5296 a
3091 5257 3371 5313 quoquam
3404 5255 3543 5312 prae-

1945 5342 2219 5399 sumetur,
2248 5354 2275 5387 »
2306 5340 2409 5391 etc.
2441 5334 2653 5389 Deinde
2676 5338 2804 5405 post
2829 5348 3024 5404 pauca.
3062 5353 3084 5380 ι
3114 5329 3222 5394 Qui
3251 5328 3544 5384 ordinatus

1945 5425 2201 5480 videlicet
2214 5424 2505 5496 episcopus
2520 5423 2579 5478 in
2598 5421 2858 5477 omnibus
2876 5418 3137 5476 eumdem
3153 5434 3367 5473 morem
3384 5434 3547 5490 regu-

1942 5515 2119 5572 larem
2132 5531 2258 5572 cum
2277 5512 2564 5571 monachis
2573 5513 2885 5591 suis,quem
2894 5508 3065 5566 abbas
3074 5511 3233 5565 tenet
3240 5508 3543 5592 regularis,
