3864 6176
511 265 617 324 575

1703 295 1936 355 DOMNI
1975 303 2181 361 LUCJE
2217 307 2584 364 DACHERII.

3613 320 3693 375 576

513 392 770 464 diligenti
798 412 951 462 cura,
987 405 1044 454 et
1070 418 1410 479 magnopere
1445 415 1758 487 excellenti,
1787 423 1908 478 sine
1937 427 2437 493 inter-Aomnibus
2467 431 2852 487 ecclesiastica}
2888 431 3249 488 institutionis
3276 435 3469 502 ofﬁciis,
3496 455 3554 491 xv
3592 441 3692 499 Kal,

511 482 777 538 missione
837 489 1130 545 custodiat.
1189 495 1305 550 Nec
1371 500 1722 575 episc0patus
1791 515 2094 585 occasione,

511 571 718 639 regulae
746 582 1022 667 praecepta
1047 579 1279 638 timidus
1300 585 1462 652 (forte
1490 571 1757 667 tumidus)
1773 603 1854 654 vel
1875 571 2102 662 oblivio:

508 675 604 714 sus
641 665 850 716 temere
900 664 1256 740 intermittat,
1305 677 1402 730 sed
1446 689 1718 750 quantum
1745 664 2002 748 excellat
2044 701 2102 750 et

504 763 691 820 opere.
725 769 748 801 ι

1079 868 1147 904 AD
1187 869 1485 913 EPISTOLAM
1513 876 1564 915 Υ.

577 931 831 1027 [inmane
875 937 1122 994 Ecclesia
1149 947 1536 1003 archidiacono
1567 953 1956 1015 Hildebrando.
1994 963 2101 1027 Qui

504 1021 558 1116 et
581 1017 884 1116 Gregorius
905 1025 1009 1116 VlI
1024 1036 1217 1098 postea
1236 1034 1434 1102 dictus,
1455 1037 1523 1092 de
1536 1056 1644 1110 quo
1664 1044 1732 1097 ad
1755 1017 2099 1116 epistolamv3

504 1105 592 1206 lit.
628 1109 676 1172 b,
699 1109 829 1163 Otto
854 1113 1242 1187 Frisingensis.
1267 1123 1430 1179 Nunc
1451 1105 1578 1181 vero
1607 1105 1805 1202 ipsum.
1817 1137 1978 1206 pleno
2004 1105 2100 1195 ore

505 1193 829 1252 laudantem
898 1210 1238 1263 coaztaneum
1308 1214 1633 1285 scriptorem
1701 1227 1758 1276 et
1816 1193 2097 1282 oculatum

502 1282 797 1354 Hugonem
817 1289 1288 1352 Flaviniacensem
1310 1301 1365 1355 in
1387 1304 1662 1361 Chronico
1675 1313 1921 1373 nondum
1949 1317 2097 1373 edito

503 1368 607 1466 sub
637 1386 849 1472 annum
882 1377 1014 1435 1078
1035 1384 1255 1452 placeat
1281 1389 1477 1445 audire
1510 1410 1521 1444 :
1563 1417 1582 1440 ι
1611 1396 1791 1452 Natus
1812 1368 1898 1455 est

500 1455 559 1509 in
582 1459 719 1513 urbe
749 1463 926 1519 Roma
947 1473 1271 1538 parentibus
1295 1476 1504 1534 civibus
1525 1482 1812 1550 Romanis,
1841 1495 1916 1555 et,
1943 1455 2095 1562 quod

501 1548 809 1604 maximum
857 1562 960 1618 est,
1003 1560 1294 1630 religiosis,
1350 1569 1710 1628 ascribendus
1755 1577 1888 1632 civis
1928 1581 2094 1636 curiae

2181 522 2351 588 Junii,
2373 522 2665 594 praedictos
2695 522 2897 575 fratres
2923 520 3027 575 sub
3047 521 3278 576 districti
3293 526 3469 593 judicii
3494 529 3699 584 intermi-

2181 611 2428 676 natione,
2453 617 2512 665 et
2539 616 2743 664 sanctae
2771 609 3098 664 obedientiae
3133 619 3390 683 praecepto
3426 618 3701 673 constrinxit

2182 705 2247 756 ut
2274 701 2320 754 si
2349 717 2463 771 qua
2499 700 2555 754 in
2595 716 2655 753 se
2684 698 3012 769 corrigenda
3042 698 3524 768 deprehendissent,
3553 707 3700 760 nulla-

2181 795 2347 845 tenus
2378 796 2562 844 tacere
2593 793 3012 861 praesumerent.
3048 788 3256 850 Quibus
3297 791 3698 858 collaudantibus,

2183 883 2240 933 et
2281 879 2405 934 vitae
2448 878 2946 940 conversationem,
3001 882 3059 930 et
3113 877 3442 948 disciplinam
3485 880 3703 938 doctrina

2182 973 2409 1034 sanctae,
2425 984 2755 1038 morumque
2771 966 3181 1020 institutionem
3192 971 3264 1024 .et
3281 967 3557 1020 secundum
3569 970 3706 1024 scien-

2183 1056 2320 1110 tiam
2359 1058 2537 1110 sancti
2584 1055 2684 1110 zeli
2726 1055 2998 1109 fervorem
3040 1054 3305 1125 compulit
3341 1070 3436 1108 eos
3453 1058 3705 1125 apostolica

2181 1145 2514 1199 auctoritate
2544 1144 2866 1213 singillatim
2908 1143 3013 1196 sibi
3043 1143 3323 1196 dexteram
3345 1143 3486 1206 dare,
3515 1146 3706 1214 promit-

2180 1238 2362 1288 tentes
2413 1233 2561 1304 quod
2609 1232 2934 1287 haereticum
2989 1231 3143 1283 illum
3201 1231 3494 1284 invasorem
3542 1239 3706 1287 sancta

2181 1327 2238 1377 et
2272 1321 2587 1393 apostolicae
2627 1321 2882 1376 Ecclesiae
2934 1336 3221 1389 nunquam
3271 1319 3576 1388 reciperent,
3623 1321 3709 1374 nisi

2178 1412 2320 1466 forte
2345 1411 2610 1465 canonice
2631 1409 2964 1481 resipiscens
2994 1425 3193 1478 puram
3223 1408 3592 1462 confessionem
3618 1425 3709 1461 car-

2177 1500 2455 1554 dinalibus
2471 1498 2741 1570 episcopis
2764 1499 2960 1552 oﬁ‘eret
2979 1497 3221 1551 nudatus
3238 1497 3384 1550 omni
3408 1497 3710 1550 ecclesiastici

2177 1587 2388 1641 ordinis
2425 1587 2718 1657 dignitate,
2763 1591 3104 1647 contestans,
3145 1590 3202 1638 et
3237 1583 3509 1638 afﬁrmans
3556 1599 3713 1636 omnes

2183 1636 2385 1641 --η-η-
2429 1636 2718 1657 -Ὸ--------,
3155 1636 3193 1638 μ
3241 1636 3267 1638 η
3301 1636 3322 1637 η

500 1636 756 1704 οσὲῙθεῐίε,
803 1648 860 1695 3t
888 1644 957 1697 ab
985 1646 1217 1705 ineunte
1261 1658 1425 1710 aetate
1454 1660 1842 1720 ecclﬂSiRStiCis
1890 1670 2158 1766 manci-B
2177 1677 2344 1730 simul
2364 1676 2422 1729 in
2446 1681 2776 1746 perpetuum
2797 1673 3267 1738 condemnandos,
3283 1672 3578 1743 quicunque
3597 1687 3716 1725 com-

503 1735 667 1766 nntnc
698 1729 895 1766 nfﬁnitc
949 1738 1244 1766 ηιςηηςιεη...
1275 1759 1428 1766 ...μω
1644 1751 1654 1760 -
1864 1756 1894 1766 ..
2322 1765 2329 1766 ,
2794 1763 2803 1766 _
2982 1763 3027 1766 η
3140 1761 3149 1766 .
3330 1761 3342 1766 -
3371 1761 3380 1766 .

501 1735 667 1793 patus
698 1729 915 1798 ofﬁciis,
947 1738 1245 1805 pueritiam
1274 1759 1433 1798 suam
1463 1764 1574 1802 non
1611 1751 1732 1806 sine
1762 1756 1946 1822 certis,
1973 1729 2158 1828 quaeI1
2179 1765 2464 1818 municare
2481 1763 2967 1834 praesumpsissent
2982 1761 3220 1816 Henrico
3236 1761 3717 1830 archipyrataausur-

499 1828 628 1867 eum
659 1815 933 1876 illustrem
985 1826 1240 1883 futurum
1271 1832 1391 1900 jam
1435 1842 1569 1891 tunc
1611 1856 1732 1894 esse
1785 1844 2092 1917 signarent,

499 1901 864 1962 documentis.
894 1912 1188 1985 Religiosis
1226 1924 1479 1990 personis
1507 1929 1825 1993 comitatus,
1859 1937 2100 1992 excoluit

504 1992 960 2064 adolescentiam,
989 2013 1277 2078 assumpto
1307 2014 1618 2070 sanctitatis
1637 2023 1922 2090 proposito
1951 2024 2100 2080 inter

503 2083 700 2137 mundi
732 2094 1163 2160 contemptores,
1198 2113 1307 2151 non
1336 2101 1457 2154 sine
1484 2107 1703 2175 magnis
1741 2112 2098 2179 perfectionis

499 2167 750 2240 indiciis;
776 2178 1097 2245 perdomuit
1109 2184 1458 2253 juventutem
1491 2193 1854 2252 nihilominus
1883 2202 2096 2260 militiae

502 2256 833 2318 Christianae
850 2266 1185 2339 dedicatam,
1203 2275 1346 2331 sicut
1366 2285 1548 2342 aetate,
1568 2283 1647 2337 ita
1673 2302 1810 2341 sana
1824 2288 2095 2362 doctrina,

501 2348 558 2398 et
585 2347 942 2407 ﬁrmamento
986 2359 1237 2416 veritatis
1285 2366 1624 2436 roboratam,
1660 2376 1764 2428 sub
1811 2347 2094 2447 praeclaris

498 2435 673 2490 totius
706 2440 1006 2499 Christiani
1044 2451 1286 2505 nominis
1314 2459 1610 2525 tutoribus,
1647 2473 1703 2516 et
1743 2435 2093 2556 praesulibus,

499 2525 734 2556 ηιιιιιέηέ..
759 2540 959 2556 ....__-L_-
987 2537 1053 2556 πί
1074 2539 1104 2556 γι
1179 2540 1188 2550 ι
1429 2547 1440 2556 .
1556 2551 1565 2556 -

2178 1853 2358 1925 patori
2375 1851 2728 1922 imperii;nisi
2743 1850 2996 1921 deposita
3007 1849 3281 1919 dignitate
3294 1848 3444 1942 regni
3458 1847 3716 1942 secundum

2179 1947 2516 2013 praeceptum
2554 1956 2767 1994 eorum.
2801 1944 2858 1992 et
2889 1939 3231 2008 reliquorum
3280 1936 3633 2031 religiosorum
3674 1936 3719 2031 in

2179 2030 2524 2086 Theutonico
2541 2045 2712 2099 regno
2735 2026 3226 2091 commorantium,
3250 2024 3564 2097 condignam
3583 2024 3722 2092 poeni-

2178 2119 2414 2174 tentiam
2461 2123 2672 2187 ageret.
2725 2116 2937 2170 Deinde
2992 2114 3343 2168 conﬁrmavit
3392 2112 3722 2208 vicemsuani

2179 2213 2628 2278 potestatemque
2652 2205 2884 2275 ligandi,
2917 2209 2973 2258 et
2993 2203 3242 2258 solvendi
3269 2201 3515 2298 omnibus
3541 2199 3724 2298 vicariis

2179 2296 2318 2357 suis,
2340 2296 2484 2350 sicut
2502 2296 2620 2366 ipse
2645 2311 2746 2366 per
2766 2293 2958 2348 orbem
2989 2291 3375 2352 constituerat,
3400 2294 3462 2343 ut
3482 2304 3606 2358 quos
3628 2291 3725 2357 ipse

2179 2386 2467 2456 ligaverat,
2501 2383 2606 2454 ipsi
2655 2387 2776 2453 post
2816 2382 3149 2452 condignam
3193 2378 3608 2434 satisfactionem
3635 2374 3725 2474 .ab-l

2182 2474 2483 2534 solverent,
2517 2473 2613 2526 sed
2650 2471 2966 2543 apostolicae
2999 2469 3128 2524 ﬁdei
3164 2483 3438 2531 normam,
3482 2481 3584 2520 non
3609 2469 3728 2518 sicut

498 2525 736 2594 publicis
757 2540 964 2589 sanctae
985 2537 1241 2595 Ecclesiae
1262 2547 1597 2618 mancipavit
1615 2525 1969 2613 utilitatibus.
1997 2531 2100 2615 Hic
2183 2525 2408 2632 quidam
2436 2525 2648 2632 seipsos
2675 2525 2951 2624 fallentes,
2984 2563 3257 2623 errantes,
3289 2562 3345 2610 et
3368 2555 3500 2609 alios
3526 2554 3577 2607 in
3599 2569 3727 2607 erro-

501 2613 572 2668 ob
616 2617 956 2688 singularem
989 2629 1308 2686 excellentis
1356 2613 1566 2706 ingenii
1607 2647 2034 2714 praerogativam
2065 2667 2098 2704 a

497 2701 726 2760 Nicolao
755 2725 902 2781 papa
946 2714 1003 2768 in
1050 2719 1562 2780 archidiaconatum
1597 2734 1788 2787 matris
1836 2736 2091 2792 Ecclesiae

497 2803 808 2888 provectus,
860 2811 1093 2861 strenua
1138 2816 1194 2862 et
1221 2811 1486 2869 laudabili
1515 2817 1685 2888 hujus
1714 2823 1880 2878 ofﬁcii
1909 2827 2094 2880 admi~

494 2882 848 2956 nistratione,
872 2893 927 2947 in
951 2897 1124 2950 totius
1154 2900 1304 2954 orbis
1333 2904 1588 2960 notitiam
1626 2915 1682 2963 et
1703 2912 2090 2982 religiosorum

493 2971 848 3032 dilectionem
904 2981 1056 3038 brevi
1109 2986 1347 3042 devenit.
1399 2991 1712 3052 Decedente
1769 2971 1895 3055 vero
1949 3021 2092 3074 papa

2182 2666 2300 2704 rem
2336 2651 2643 2721 trahentes,
2676 2650 3037 2718 conﬁngunt;
3071 2663 3212 2717 quos
3242 2661 3432 2701 omnes
3459 2657 3730 2697 excommu-

2172 2737 2386 2792 nicatos
2414 2738 2713 2792 indiscrete
2733 2737 3061 2800 absolveret,
3093 2752 3158 2789 ac
3179 2735 3228 2788 si
3257 2738 3445 2804 posset
3468 2731 3732 2785 viviﬁcaret

2175 2843 2269 2881 eos
2299 2827 2394 2898 qui
2432 2843 2543 2880 non
2577 2827 2799 2882 _vivunt.
2850 2824 3060 2879 Deinde
3100 2824 3250 2894 quod
3279 2822 3494 2876 vanitas
3519 2820 3627 2889 ipsa
3653 2833 3732 2914 per

2175 2915 2352 2968 multa
2366 2931 2537 2984 regna
2550 2912 3128 2983 dissiparetur,divina
3142 2911 3504 2982 inspiratione
3510 2909 3736 3005 cognovit

2175 3008 2226 3058 et
2246 3003 2502 3074 praedixit
2542 3003 2780 3056 Demum
2812 3001 3049 3056 absolvit
3068 3015 3265 3054 omnes
3294 2999 3389 3070 qui
3413 2998 3469 3052 in
3503 2996 3603 3049 ﬁde
3626 2996 3731 3047 ista.

1669 3050 1704 3052 η
1781 3050 1890 3055 ν---
1988 3050 2092 3074 Ὗ..
2178 3050 2226 3058 --
2248 3050 2502 3074 rma-.-"
2543 3050 2780 3056 ---π-η-
2813 3050 3047 3056 τηρ--
3075 3050 3261 3054 --πτ-
3302 3050 3387 3070 r,
3415 3050 3448 3052 η

493 3061 830 3134 ΑῙθκδηάτο,
857 3071 926 3124 ad
943 3089 1226 3130 summum
1241 3079 1540 3136 Christiani
1562 3086 1853 3156 regiminis
1870 3050 2090 3148 culrmen
2114 3050 2295 3162 Cquae
2327 3108 2425 3162 per
2453 3092 2612 3145 illum
2644 3090 2907 3154 innotuit,
2943 3106 3122 3159 usque
3153 3089 3226 3142 ad
3264 3088 3435 3183 ﬁdem
3459 3098 3738 3183 persevera-

495 3151 702 3183 οηηςιν...
741 3161 792 3183 ιιι
816 3159 1020 3183 ΑΙΑ-Δ.---
1065 3164 1162 3183 32,:
1213 3166 1245 3183 ο,
1297 3173 1306 3183 .
1379 3170 1388 3180 .
1489 3173 1502 3183 .
1581 3174 1611 3183 ..
1713 3177 1722 3183 .
1857 3179 1868 3183 ,
1968 3181 1975 3183 _
2273 3181 2281 3183 _
2440 3179 2453 3183 _
2662 3179 2692 3183 --
3013 3177 3042 3183 ,.
3201 3177 3212 3183 -

494 3151 722 3221 accitus,
738 3161 796 3209 et
813 3159 1346 3228 electus,divinitate
1376 3170 1432 3223 in
1455 3173 1614 3227 electi
1640 3177 1724 3229 sui
1749 3179 2090 3236 exultatione
2173 3181 2371 3244 vel'int,
2405 3179 2474 3232 ab
2523 3179 2783 3233 omnibus
2836 3177 3076 3248 Ρθοοειΐ-ίε
3128 3177 3267 3242 δαῖε,
3309 3183 3366 3229 et
3390 3175 3471 3270 ξίο
3509 3173 3734 3270 spirit???

492 3255 846 3300 communem
873 3239 1157 3306 servorum
1184 3271 1412 3311 suorum
1442 3259 1795 3318 devotionem
1819 3266 2090 3324 incitante
2171 3268 2408 3322 creatori
2428 3267 2680 3332 tradens,
2704 3283 2852 3320 anno
2874 3265 2944 3320 ab
2966 3265 3365 3319 Incarnatione
3390 3255 3738 3353 Domini—loga

494 3329 559 3353 ..Δ
604 3333 806 3353 ..-μιζηγ
839 3352 844 3353 ,
878 3337 892 3353 1
1155 3342 1168 3353 ε
1235 3344 1286 3353 ι.
1440 3347 1454 3353 -
1571 3351 1578 3353 .

491 3329 563 3382 ad
602 3333 993 3401 perferendum
1025 3342 1171 3410 quod
1201 3344 1537 3401 abhorrebat
1559 3351 1792 3421 jugum;
1830 3359 2089 3428 quodque
2173 3356 2313 3411 obiit
2340 3361 2554 3426 martyr
2597 3329 2985 3410 etvconfessor.
3027 3373 3051 3444 ii
3087 3355 3374 3444 Hactenus
3406 3353 3560 3444 Ηυεξ)
3591 3345 3739 3444 ΨΜ·

491 3433 714 3489 semper
752 3424 977 3492 quidem
1030 3430 1219 3495 animi,
1257 3434 1556 3503 aliquando
1605 3446 1793 3496 autem
1841 3424 2090 3516 corporis
2171 3446 2465 3510 niacensis,
2490 3445 2585 3516 qui
2616 3461 2704 3498 res
2727 3443 2981 3513 Gregorii
2998 3443 3098 3496 VII
3119 3447 3382 3534 accurate
3409 3437 3736 3534 acuberrime

492 3504 620 3534 ὄιν...
656 3509 1024 3534 ,1,...ιεμμημμλ
1324 3528 1331 3534 .
1547 3526 1557 3534 .
1660 3529 1673 3534 -
1718 3531 1749 3534 _
1868 3533 1872 3534 ,
2762 3533 2772 3534 ,
2808 3533 2813 3534 ,
2945 3531 2953 3534 _
3181 3531 3199 3534 _

491 3504 626 3575 fuga
653 3509 1047 3580 declinaverat,
1081 3528 1436 3577 mansuetum
1468 3526 1676 3581 animal
1717 3504 1955 3587 Domino
1987 3553 2087 3590 suo
2169 3540 2494 3605 persecutus
2527 3539 2629 3587 est.
2667 3534 2734 3586 Et
2761 3531 2997 3586 historia
3027 3547 3128 3584 ms.
3168 3530 3455 3584 Guillelm.
3489 3528 3738 3618 Νξιηειεοίξ

491 3595 762 3650 cervicem
794 3601 1058 3658 subdidit.
1084 3606 1458 3667 Consecratus
1487 3614 1660 3684 igitur
1688 3617 1746 3672 in
1781 3621 2004 3689 justitia
2032 3629 2088 3678 et
2169 3595 2430 3692 ascripta,
2459 3622 2528 3675 ad
2559 3621 2612 3674 id
2629 3621 2761 3674 anni
2795 3619 2945 3676 1085.
2985 3638 3010 3669 (ί
3035 3617 3458 3672 Hildebrannus
3486 3630 3637 3685 papa,
3658 3609 3738 3681 qui

491 3685 810 3750 sanctitate.
871 3691 1012 3746 miro
1061 3697 1246 3763 ωοάο,
1289 3701 1533 3756 aSSidUiS
1568 3706 1729 3771 Votis.
1783 3685 1884 3778 pro
1928 3728 1988 3766 se
2031 3720 2088 3767 et
2169 3716 2224 3764 et
2252 3711 2558 3779 Gregorius
2588 3710 2708 3769 VlI,
2733 3708 2881 3778 apud
2900 3707 3198 3761 Salernum
3220 3707 3484 3760 exsulans
3513 3706 3739 3801 mortuus

491 3788 657 3801 mann
689 3774 791 3801 ,ειμι
838 3782 1084 3801 --μ--ᾼ-ξμΑ
1111 3800 1116 3801 ,
1307 3788 1320 3801 ι
2926 3796 2939 3801 -
2975 3795 2984 3801 .
3109 3795 3120 3801 -
3270 3795 3304 3801 --
3400 3794 3415 3801 -
3551 3797 3557 3801 .

486 3788 657 3842 grege
688 3774 794 3829 Sibi
834 3782 1130 3837 commisso
1170 3788 1465 3852 excutiaris.
1499 3800 1734 3862 urgente
1785 3774 2085 3868 pastoralis
2168 3805 2272 3866 est,
2305 3805 2363 3854 et
2391 3804 2518 3870 post
2557 3803 2794 3851 mortem
2827 3795 3018 3850 multis
3047 3795 3341 3849 miraculis
3370 3794 3583 3848 claruit.
3625 3808 3647 3837 υ

488 3860 656 3914 ofﬁcii
707 3869 1036 3924 necessitate
1092 3873 1330 3929 distorta
1383 3860 1974 3949 perver—sorum-corda
2012 3892 2081 3944 ad
2699 3901 2771 3941 an
2813 3897 3116 3939 ams'rouu
3159 3897 3230 3936 v1.
3281 3972 3320 3979 ﬁ
3490 3968 3501 3979 .
3543 3966 3572 3979 η
3645 3963 3655 3973 ⁸

488 3951 1026 3979 ηρακηηιει.-.ιε,.μ
1049 3961 1084 3979 ιθ
1113 3978 1116 3979 ,
1147 3978 1184 3979 ,,
1549 3970 1560 3979 .
1711 3972 1721 3979 .
1918 3976 1926 3979 _
2263 3977 2301 3979 η

487 3951 610 4016 84
622 3955 669 4016 θ
686 3955 1036 4013 rectitudinis
1048 3961 1256 4016 lineam
1273 3982 1492 4021 summa
1513 3970 1564 4023 vi
1580 3972 1857 4042 corrigere
1875 3976 2079 4043 nitens,

487 4040 774 4068 ..ηηςιηιηη
802 4046 896 4068 nx:
934 4048 1099 4068 -LU,,
1641 4061 1672 4068 ..
1963 4065 1993 4068 _-

2234 3977 2458 4029 Absenti
2480 3991 2720 4043 personas
2738 3979 2923 4027 vestrae
2941 3975 3252 4041 privilegio.
3281 3972 3393 4025 Per
3421 3963 3741 4068 privilegium

486 4040 778 4096 veritatem
801 4035 896 4099 Dei
929 4048 1139 4121 absque
1185 4071 1436 4122 persona
1465 4035 1784 4129 acceptione
1824 4035 2082 4121 omnibus
2165 4064 2270 4118 hoc
2287 4065 2407 4117 loco
2420 4035 2650 4134 pallium
2680 4061 3056 4134 proculdubio
3074 4061 3310 4155 denotat
3336 4051 3743 4155 Hildebrandlfs-

486 4130 745 4155 .....-p.-:.
796 4141 982 4155 “an,
1029 4154 1032 4155 ν
1153 4141 1163 4151 .
1305 4143 1318 4155 .
1781 4151 1791 4155 -
2167 4153 2198 4155 η
2335 4153 2342 4155 _
2453 4153 2463 4155 _
2619 4152 2628 4155 _
2755 4152 2805 4155 __
2887 4151 2897 4155 -

481 4130 765 4198 Patefecit.
796 4141 994 4191 nactus
1016 4141 1265 4194 omnium
1305 4143 1578 4200 bonorum
1609 4149 1982 4214 dilectionem,
2011 4156 2081 4208 ob
2164 4153 2234 4207 Et
2253 4153 2386 4224 quia
2415 4130 2634 4206 absenti
2657 4130 3071 4242 archiepiscopo
3101 4149 3435 4203 nullatenus
3460 4139 3744 4242 mitt'insole-

483 4219 581 4242 ,λη
612 4219 867 4242 mum”
1077 4233 1085 4242 ,
1120 4231 1130 4240 ,
1591 4237 1601 4242 ,
1830 4241 1837 4242 κ
2730 4239 2775 4242 η

482 4219 584 4272 zeli
611 4219 1019 4293 Deifervorem,
1038 4233 1093 4281 et
1107 4231 1344 4300 justitiae
1361 4237 1792 4292 exsecutionem.
1818 4241 1927 4296 Sed
1949 4244 2082 4314 quia
2163 4248 2267 4308 ret,
2321 4247 2685 4311 vetarentque
2725 4239 2781 4292 id
2834 4238 2978 4292 sacri
3013 4254 3276 4303 canones,
3330 4243 3388 4290 et
3447 4233 3746 4306 pontiﬁcum

482 4308 638 4362 nulla
659 4317 744 4365 est
776 4313 1014 4369 societas
1035 4317 1174 4373 lucis
1200 4321 1271 4374 ad
1303 4323 1580 4389 tenebras,
1612 4308 2546 4421 perditorum-ho-DRomanorum
2595 4330 2838 4390 decreta,
2880 4327 2987 4381 iter
3029 4327 3357 4422 -Lanfranco
3407 4325 3637 4422 ltomam
3666 4331 3747 4422 ne-

482 4395 693 4422 m:-—--_.
725 4401 899 4422 -.ιμμη
987 4412 997 4422 .
1042 4406 1057 4422 ι
1103 4413 1112 4422 .
1227 4409 1258 4422 ..
1479 4414 1489 4422 .
1875 4419 1884 4422 _
2355 4419 2363 4422 -
2545 4418 2585 4422 __
2802 4417 2827 4422 _
3197 4420 3201 4422 _

481 4395 698 4451 minum
719 4401 929 4468 odium,
949 4412 1006 4459 et
1025 4406 1448 4477 detractionem,
1477 4414 1590 4468 imo
1613 4395 2075 4487 persecutionem,
2096 4395 2144 4421 υ
2161 4419 2468 4474 cessarium
2500 4418 2744 4472 afﬁrmat
2791 4415 3082 4480 Quomodo
3113 4420 3308 4468 autem
3342 4413 3574 4484 pallium
3597 4425 3626 4460 e
3651 4418 3748 4458 ma-

480 4487 812 4543 acer’imam
871 4492 1126 4559 ίηουῐτίῐν
1176 4499 1390 4568 regiam
1443 4507 1630 4557 tamen
1692 4505 1860 4571 viam,
1909 4525 2077 4578 quam
2161 4507 2324 4562 nibus
2372 4506 2671 4561 Alexandri
2715 4521 2872 4576 papae
2923 4503 3232 4596 susceperit
3403 4498 3746 4596 1-.anfrancu5~

482 4577 650 4596 --___.
970 4588 978 4596 .
1041 4583 1051 4594 .
1464 4591 1473 4596 -
2476 4595 2479 4596 ν

480 4577 654 4629 semel
682 4577 1004 4644 intraverat,
1038 4583 1418 4653 inconcussus,
1461 4591 1746 4657 immotus,
1783 4611 1882 4664 per
1920 4613 2080 4650 arma
2160 4596 2409 4650 declarat
2438 4595 2686 4665 ejusdem
2710 4595 2838 4648 Vita
2868 4609 2990 4664 cap.
3021 4592 3101 4654 li.
3135 4608 3262 4662 pag,
3299 4590 3383 4646 ll.
3415 4590 3533 4642 Hac
3561 4587 3616 4638 in
3643 4583 3750 4653 ipsa

474 4663 732 4733 justitiae,
766 4684 800 4721 a
830 4670 1036 4724 dextris
1075 4679 1132 4726 et
1182 4692 1215 4728 a
1261 4676 1520 4745 sinistris,
1555 4681 1774 4736 fortiter
1813 4683 2066 4743 incessit.

479 4752 558 4806 Ac
589 4754 768 4822 primo
800 4758 1025 4828 quidem
1051 4764 1353 4832 apostolica
1384 4769 1718 4824 auctoritate
1739 4778 1792 4824 et
1826 4774 2076 4829 veridicis

481 4851 800 4898 sanctorum
842 4847 1074 4903 Patrum
1111 4851 1394 4908 animatus
1433 4859 1745 4922 sententiis,
1781 4861 1850 4914 ad
1894 4862 2074 4917 elimi-

479 4932 725 4986 nandam
749 4935 1122 4994 Simoniacam
1144 4941 1420 5008 haeresim,
1437 4952 1490 4999 et
1516 4948 1946 5018 praecipiendam
1969 4953 2073 5006 cle-

478 5019 720 5075 ricorum
750 5025 1085 5091 castitatem,
1115 5046 1216 5100 pro
1240 5033 1522 5087 commissi
1547 5034 1654 5088 sibi
1680 5036 1844 5090 ofﬁcii
1885 5039 2071 5094 debito

477 5110 837 5166 vehementer
874 5117 1100 5170 exarsit.
1159 5121 1344 5191 Atque
1375 5121 1444 5175 ad
1496 5139 1584 5176 an,
1647 5123 1798 5190 1085,
1832 5143 2071 5198 pergens

474 5205 673 5254 auctor
701 5208 860 5272 gesta
890 5205 946 5258 S.
993 5206 1247 5278 Gregorii
1283 5209 1614 5276 describere,
1644 5212 1864 5268 felicem
1897 5216 2072 5286 ipsius

474 5287 688 5344 obitum
729 5299 982 5348 recenset
1010 5295 1066 5348 in
1097 5296 1244 5350 hunc
1273 5299 1502 5353 modum
1536 5317 1546 5351 :
1583 5301 1773 5356 Sciens
1803 5319 1954 5375 ergo,
1983 5306 2071 5358 in-

2159 4685 2307 4752 Vita,
2346 4701 2466 4756 cap.
2503 4685 2553 4749 5,
2587 4700 2712 4754 pag.
2775 4684 2824 4744 7,
2877 4687 3098 4735 constat
3151 4680 3531 4772 nihilominus
3567 4669 3750 4772 ioanni

2160 4772 2599 4844 Rothomagensi
2643 4771 3058 4842 archiepisc0po
3090 4769 3330 4840 pallium
3382 4767 3598 4821 absenti
3629 4774 3751 4813 con-

2158 4862 2390 4916 cessisse
2416 4860 2795 4914 Alexandrum
2825 4875 3051 4930 papam,
3078 4864 3135 4911 et
3162 4857 3478 4926 ipsummet
3501 4850 3753 4907 Lanfran-

2155 4967 2302 5017 cum,
2334 4950 2431 5021 qui
2462 4950 2582 5020 ejus
2626 4949 2708 5003 rei
2734 4947 2918 5018 gratia
2968 4947 3204 5001 Romani
3253 4961 3382 4999 sese
3425 4939 3744 4998 contulerat,

2153 5040 2292 5094 illud
2321 5039 2598 5094 attulisse.

2674 5141 2745 5180 AD
2793 5138 3104 5181 EPISTOLAM
3131 5137 3222 5178 VII.

2227 5218 2570 5271 ﬁdelitatem
2591 5217 2770 5283 facere
2789 5217 2966 5268 nolui.
2982 5213 3156 5267 Miror
3175 5228 3277 5282 ego
3311 5227 3514 5282 regem
3535 5202 3754 5263 Guillel-

2154 5322 2309 5360 mum
2330 5321 2550 5360 summo
2571 5303 2830 5358 Ecclesia:
2853 5301 3064 5374 pastori
3093 5300 3482 5354 obedientiam
3510 5313 3610 5351 seu
3630 5293 3753 5347 ﬁde-

473 5379 614 5450 quit,
664 5380 960 5438 imminere
1009 5384 1158 5439 diem
1203 5388 1506 5443 vocationis
1553 5407 1686 5456 suae,
1734 5393 1898 5464 longe
1937 5399 2068 5448 ante
2149 5379 3754 5482 litatem(alioquinsedisApostolicaeobservantismmum)

471 5471 784 5525 convocatis
813 5473 1206 5540 cardinalibus,
1243 5477 1538 5550 episcopis,
1585 5485 1643 5533 et
1673 5481 1888 5535 caeteris
1932 5499 2066 5538 con-
2149 5484 2447 5556 denegare,
2497 5483 2592 5554 qui
2643 5488 2701 5536 et
2745 5482 2892 5536 ultro
2940 5479 3233 5576 tributum,
3283 5477 3751 5576 sive.dlenar1um

471 5557 722 5628 captivis,
746 5560 896 5616 diem
915 5561 1100 5619 obitus
1128 5565 1214 5620 sui
1242 5567 1524 5638 praedixit;
1553 5572 2068 5644 consummatisque
2151 5572 2210 5630 S.
2254 5573 2405 5629 Petri
2427 5572 2598 5644 (quod
2623 5573 2842 5637 vocant)
2873 5569 3187 5641 persolvere
3213 5583 3326 5623 non
3347 5565 3578 5621 dubitet
3606 5563 3752 5632 ipse;
