3902 6166
195 239 314 294 ὅττι
1220 229 1293 282 1N
1338 225 1556 280 EPIST.
1601 224 1664 278 B.
1705 219 2122 276 LANFRANCI
2160 225 2392 279 news.
3339 231 3442 288 s78

194 360 447 432 siquidem
478 358 620 412 nihil
650 356 801 411 aliud
834 355 1177 418 intellexere,
1212 359 1366 422 puto,
1401 349 1566 421 prisci
1610 347 1936 416 regesAvel
1967 355 2150 403 metus
2171 350 2337 420 Regis
2357 351 2668 422 (Guillelmi
2692 355 2876 425 primi)
2889 357 3012 425 ejus
3041 355 3251 411 scilicet
3267 373 3435 428 quem

194 467 277 521 P6,.
309 449 463 502 illum
494 447 787 500 denarium
810 443 1099 498 annuatim
1130 439 1576 512 persolvendum,
1599 452 1766 506 quam
1851 435 2000 489 inter
2031 444 2260 491 caeteros
2289 440 2439 492 illius
2468 440 2758 510 dignitatis
2787 443 3084 512 specialius
3105 460 3329 517 semper
3353 449 3439 504 di-

194 538 552 595 tributarium.
569 536 655 590 vel
676 533 1050 588 feudatarium
1075 531 1249 584 libera
1266 536 1434 599 atque
1452 525 1768 581 Christiana
1849 524 2102 589 leximus,
2127 529 2208 581 vel
2231 527 2472 582 maxime
2504 536 2601 583 tua
2631 531 2795 601 culpa
2815 531 2972 585 nobis
3009 534 3251 604 negavit,
3279 555 3305 590 ›)
3329 543 3435 596 etc.

195 629 455 682 voluntate
501 626 558 679 S.
608 625 773 678 Petro
819 623 1051 690 ejusque
1081 616 1491 673 successoribus
1529 631 1764 684 regnum
1854 613 2047 668 lsthaec
2074 615 2248 686 igitur
2282 617 2519 670 crimina
2545 617 2648 671 sibi
2677 619 2937 689 imposita
2963 621 3176 677 diluere
3203 624 3263 678 B.
3288 626 3437 682 Lan-

193 731 527 780 consecrare;
570 730 636 766 ex
678 728 790 764 uno
837 711 1095 780 sequitur
1145 708 1408 769 alterum,
1449 720 1650 774 nempe
1701 720 1766 755 ex
1849 701 2090 770 trancus,
2121 711 2291 774 atque
2321 721 2612 774 perperam
2630 707 2698 759 de
2719 723 2779 760 se
2808 708 2967 777 queri
2996 711 3313 778 pontificem
3344 732 3439 770 os-

191 805 377 859 tributo
406 802 708 874 persoluto,
741 797 1005 868 subsequi
1053 796 1376 850 ﬁdelitatem
1405 809 1632 846 necesse
1659 796 1761 844 est.
1846 792 2078 845 tendere
2104 793 2517 856 conatur.Quid
2548 801 2751 848 renuat
2773 795 3103 852 Guillelmus
3116 815 3231 867 rex,
3249 818 3351 856 sua
3364 804 3437 858 ad

193 895 308 948 Huic
340 892 564 946 veritati
604 890 949 958 suﬂ‘ragatur
992 887 1286 940 Polidorus
1315 885 1528 954 Virgil,
1570 881 1667 936 lib.
1710 896 1765 934 IV

192 984 314 1037 Hist.
339 981 531 1051 Angl.,
566 996 692 1050 pag.
719 977 1023 1031 89.Verum
1044 975 1271 1046 propius
1291 991 1406 1028 rem
1422 974 1763 1036 intueamur,

193 1077 240 1125 et
259 1087 317 1124 ex
344 1068 590 1122 fontibus
608 1066 863 1121 nonnihil
883 1064 1230 1119 hauriamus.
1249 1065 1361 1118 Lex
1386 1060 1590 1115 Canuti
1621 1059 1768 1128 regis

189 1159 474 1229 Anglorum
525 1157 602 1210 sic
646 1155 812 1209 habet
841 1174 855 1207 :
903 1172 928 1205 «
959 1155 1268 1207 Nummum
1298 1152 1488 1205 Romae
1518 1147 1767 1202 debitum

187 1249 247 1302 ad
284 1247 487 1300 festum
520 1246 577 1298 S.
608 1243 764 1298 Petri
802 1241 1038 1306 reddito,
1080 1241 1175 1310 qui
1207 1247 1331 1293 tum
1360 1254 1471 1291 non
1516 1235 1762 1301 solverit,

187 1336 420 1406 episcopo
443 1331 1184 1400 denariumillum,aliosque
1203 1333 1474 1399 preeterea
1485 1333 1573 1380 ter
1592 1326 1764 1380 denos

187 1427 480 1487 numerato,
509 1438 573 1475 ac
599 1421 718 1490 regi
758 1438 823 1475 eo
853 1419 1079 1474 nomine
1117 1421 1304 1483 348
1331 1417 1576 1470 ducenos
1607 1415 1760 1478 dato,

183 1519 228 1564 et
249 1510 434 1581 viginti
466 1511 690 1564 solidos.
730 1530 751 1561 ι
777 1511 834 1564 S.
859 1508 1156 1563 Eduardus
1173 1507 1498 1578 explicatius
1517 1506 1643 1574 lege
1674 1501 1757 1560 10.

1849 880 2178 949 Gregorium
2208 897 2406 952 papam
2437 881 2672 952 epistola
2700 884 3039 939 manifestat.
3071 887 3185 941 Cur
3211 891 3441 946 tandem

1849 967 1930 1020 ita
1967 969 2265 1039 compellat
2295 970 2667 1024 Lanfrancum
2699 971 2932 1026 Romam
2958 976 3249 1043 proficisci,
3283 995 3445 1034 men--

1849 1061 1962 1109 tem
1993 1073 2152 1110 suam
2181 1059 2363 1128 aperit
2403 1059 2491 1114 his
2529 1059 2742 1114 verbis:
2767 1079 2793 1113 α
2824 1061 3110 1125 Quatenus
3136 1082 3235 1120 nos
3264 1068 3350 1122 his
3381 1073 3444 1124 et

1849 1144 1976 1198 aliis
2012 1146 2250 1216 negotiis
2280 1148 2706 1218 praesentialiter
2733 1150 3005 1218 conferre,
3035 1158 3203 1223 atque
3224 1156 3439 1214 utilitas

1848 1234 2108 1288 Ecclesiae
2138 1241 2328 1289 nostro
2363 1236 2639 1307 colloquio
2681 1247 3050 1308 augmentum
3090 1243 3290 1311 valeat,
3322 1245 3437 1302 Deo

1845 1321 2080 1387 favente,
2109 1324 2420 1395 percipere.
2450 1346 2472 1376 ι

2388 1429 2458 1470 an
2491 1429 2789 1469 Epls'romu
2816 1431 2892 1472 1x.
3271 1485 3273 1490 η

1913 1500 2242 1554 Eboracensi
2271 1503 2668 1571 archiepiscopo
2706 1506 2930 1558 Thomas.
2958 1524 2984 1558 α
3016 1507 3260 1563 Thomas
3280 1525 3445 1566 cano-

187 1620 208 1648 (
242 1599 429 1653 Omnis
469 1599 565 1669 qui
595 1599 855 1653 habuerit
883 1599 1118 1668 triginta
1138 1597 1462 1650 denariatus
1491 1595 1621 1648 vivze
1661 1610 1758 1663 pe-
1842 1588 2002 1642 nicus
2049 1590 2370 1659 Bajocensis
2399 1591 2497 1661 (ait
2525 1592 2746 1646 Guillel.
2782 1593 3313 1665 Malmesburiensis,
3342 1599 3438 1655 lib.

184 1691 336 1742 mnia;
365 1690 422 1742 in
446 1689 613 1742 domo
634 1705 756 1752 sua,
787 1688 856 1741 de
884 1704 985 1742 suo
1012 1685 1256 1757 proprio,
1289 1684 1599 1754 Anglorum
1614 1682 1817 1751 lege,B
1842 1677 1920 1729 De
1946 1678 2142 1747 pontif.
2180 1678 2237 1732 in
2267 1679 2538 1750 episcopis
2583 1680 2846 1735 Candidas
2877 1683 3048 1747 Casee)
3080 1701 3114 1737 a
3143 1685 3443 1743 Guillelmo

186 1778 318 1831 dabit
347 1778 642 1832 denarium
676 1777 994 1842 S.Petri,et
1022 1777 1143 1846 lege
1173 1776 1455 1828 Danorum
1473 1771 1762 1825 dimidiam

191 1883 429 1930 marcam,
481 1867 588 1920 iste
632 1883 760 1920 vero
807 1865 1072 1919 denarius
1124 1862 1294 1916 debet
1337 1859 1655 1915 submoveri
1707 1859 1765 1912 in

191 1958 524 2012 solemnitate
558 1957 938 2028 apostolorum
963 1954 1114 2007 Petri
1139 1959 1195 2006 et
1217 1951 1396 2014 Pauli,
1419 1956 1476 2004 et
1491 1948 1675 2018 colligi
1695 1947 1765 2001 ad

189 2045 522 2098 festivitatem
541 2061 664 2114 quae
684 2043 890 2098 dicitur
909 2042 980 2096 ad
994 2041 1246 2103 Vincula,
1271 2059 1292 2090 ι
1308 2045 1411 2094 etc.
1436 2040 1561 2092 Non
1585 2036 1764 2090 solum

188 2132 476 2201 Anglorum
494 2147 732 2201 regnum
745 2130 1019 2200 ejusmodi
1041 2145 1269 2183 censum
1295 2127 1526 2186 solvere,
1549 2141 1767 2178 verum-

190 2221 330 2274 etiam
361 2221 615 2274 omnium
653 2232 876 2291 (paucos
912 2221 958 2273 si
995 2219 1259 2289 excipias)
1290 2217 1638 2270 diversorum
1675 2229 1765 2266 re-

186 2327 401 2380 gnorum
463 2310 614 2364 orbis
669 2309 972 2363 Christiani
1033 2323 1252 2378 rogum,
1305 2319 1766 2373 summorumque

191 2394 502 2464 principum,
532 2411 652 2447 mos
700 2394 823 2447 fuit.
873 2393 1169 2456 Dithmar.,
1208 2391 1246 2446 ι.
1279 2405 1355 2459 νι,
1393 2388 1668 2443 Baronius
1696 2389 1767 2442 ad

188 2497 267 2539 an.
297 2481 454 2540 1059.
489 2480 639 2544 1062,
675 2479 831 2548 1076,
860 2481 1012 2537 1081.

247 2572 372 2626 Cum
405 2575 779 2637 opportunum
803 2570 977 2635 fuerit
1025 2570 1460 2621 transmittatur.
1504 2565 1768 2621 Avaritiae

189 2658 304 2711 vitio
336 2658 543 2728 passim
573 2657 644 2710 ab
672 2657 995 2711 auctoribus
1024 2661 1255 2710 notatur
1284 2655 1618 2710 Guillelmus
1647 2669 1766 2724 rex,

191 2747 532 2817 carpiturque
554 2745 704 2816 quod
729 2747 787 2799 in
807 2745 1179 2816 aggregandis
1200 2743 1306 2798 sibi
1328 2761 1437 2798 non
1459 2742 1660 2798 debitis
1680 2759 1772 2814 pe-

189 2834 347 2887 cuniis
377 2835 630 2888 animum
668 2834 792 2904 plus
821 2850 978 2903 aequo
1014 2833 1349 2904 applicuerit
1375 2851 1387 2899 ;
1415 2833 1513 2886 sed
1545 2831 1770 2885 monitis

1847 1782 1977 1835 rege
2005 1767 2454 1837 archiepiscopus
2494 1765 2738 1822 Eboraco
2777 1769 2941 1823 datus
2973 1777 3076 1837 est,
3111 1776 3446 1842 permansit-

1848 1870 1956 1924 que
1985 1855 2041 1908 in
2071 1855 2282 1909 honore
2314 1855 2549 1926 triginta
2578 1857 2760 1922 annis,
2793 1858 2943 1911 omni
2975 1859 3085 1912 vita
3120 1859 3358 1932 integer,
3386 1869 3445 1919 et

1848 1943 1938 1996 cui
1968 1943 2106 1996 nihil
2131 1944 2214 1996 vel
2246 1943 2300 1997 in
2334 1944 2527 2013 gestis,
2567 1945 2652 1998 vel
2700 1945 2758 1999 in
2803 1945 2965 2000 dictis
2991 1951 3306 2004 succenseri
3345 1952 3444 2007 de-

1849 2029 1996 2095 beat,
2029 2033 2135 2085 nisi
2168 2033 2314 2102 quod
2344 2033 2525 2102 primo
2569 2034 3078 2105 archiepiscopatus
3106 2042 3358 2108 tempore
3386 2040 3446 2096 in

1847 2137 2016 2175 causa
2056 2121 2332 2192 primatus
2365 2122 2786 2176 Cantuariensis
2826 2125 3006 2195 magis
3045 2142 3234 2181 errore
3271 2144 3444 2198 quam

1848 2210 2158 2281 pertinacia
2196 2210 2449 2276 certavit,
2490 2230 2516 2263 »
2565 2217 2668 2265 etc.
2713 2211 2998 2266 Guillelmi
3047 2215 3447 2286 Conquestoris

1849 2297 1977 2351 fatis
2005 2299 2179 2352 functi
2208 2299 2444 2353 neeniam
2476 2299 2762 2370 scripsisse
2793 2306 3096 2356 attestatur
3124 2304 3446 2375 Ordericus,

1848 2385 1976 2441 hist.
2012 2386 2135 2440 libr.
2160 2401 2261 2443 v11!
2294 2404 2462 2458 quam
2489 2394 2546 2441 et
2575 2389 2747 2442 refert
2779 2389 2898 2460 ipse
2928 2390 2999 2444 ad
3028 2391 3278 2447 verbum.
3302 2394 3452 2450 Tho-

1850 2491 1999 2528 mam
2031 2476 2258 2530 sanitati
2281 2476 2561 2530 redditum
2601 2477 2816 2531 meritis
2844 2477 2992 2533 beati
3022 2480 3314 2536 Cuthberti
3343 2483 3451 2538 Ro-

1847 2580 2016 2632 gerus
2050 2565 2329 2619 Hoveden.
2373 2572 2779 2619 commemorat
2800 2567 2870 2620 ad
2905 2585 2996 2622 an.
3044 2567 3192 2635 |083,
3226 2571 3286 2625 in
3304 2571 3450 2626 Wil-

1851 2653 2018 2706 lelmo
2051 2654 2300 2708 Seniore.
2336 2653 2420 2708 Ob
2449 2655 2606 2723 cujus
2644 2655 2886 2724 gratiam
2927 2657 3288 2713 Dunelmensi
3329 2661 3450 2732 epi-

1852 2758 2018 2812 s00po
2043 2742 2295 2796 concedit
2323 2741 2561 2812 ipsemet
2586 2743 2902 2798 Willelmus
2929 2745 3222 2801 canonicos
3253 2746 3323 2800 ab
3353 2763 3450 2803 ea-

1852 2830 1979 2883 dem
2013 2831 2245 2884 ecclesia
2269 2829 2617 2897 submovere,
2655 2831 3020 2904 sufﬁcereque
3050 2835 3352 2890 monachos
3389 2837 3452 2892 in

190 2921 239 2972 B.
261 2923 550 2976 lanfranci
579 2938 880 2992 assurgens
897 2921 1125 2976 demum
1156 2922 1227 2976 ad
1245 2921 1534 2976 meliorem
1552 2921 1771 2990 frugem
1800 2989 1823 2992 A
1853 2935 2052 2972 eorum
2081 2919 2283 2972 locum.

190 3025 240 3061 se
267 3012 502 3081 recepit;
549 3011 699 3081 quod
744 2989 890 3064 infra
928 3011 998 3064 ad
1043 3011 1207 3082 epist.
1255 3011 1345 3076 50,
1380 3011 1461 3064 lit.
1494 3011 1546 3076 6,
1580 2989 1829 3064 osten-C
1929 3009 2186 3062 Robertus
2215 3007 2512 3075 Sagiensis.
2547 3008 2849 3063 Ordericus
2871 3009 3278 3066 Vitalislib.1v.
3302 3011 3448 3068 Hist.

191 3095 387 3152 demus.

693 3207 761 3243 AD
799 3202 1104 3245 EPISTOLAM
1135 3203 1252 3242 VIII.

251 3275 524 3344 Gregorio.
572 3279 728 3333 Alias
783 3278 1196 3345 Hildebrando;
1249 3278 1408 3348 cujus
1459 3292 1549 3330 res
1585 3278 1774 3346 gestas

196 3363 355 3418 obiter
386 3367 839 3436 perstrinximus,
870 3385 956 3438 ep.
989 3369 1040 3431 5,
1075 3367 1156 3420 lit.
1185 3384 1240 3420 a.

258 3455 486 3509 Paterna
539 3473 625 3509 me
681 3458 966 3510 dulcedine
1023 3456 1408 3524 reprehendere
1463 3455 1772 3506 studuz‘stis.

200 3540 333 3595 Binis
363 3544 669 3615 respondet
710 3545 958 3615 epistolis
985 3544 1056 3597 ad
1089 3561 1212 3598 sese
1241 3561 1275 3596 a
1303 3541 1573 3612 Gregorio
1602 3541 1776 3596 desti-

201 3632 328 3684 natis
351 3639 610 3699 ;exstant
629 3633 725 3687 lib.
757 3648 831 3696 vi,
866 3634 1026 3704 epist.
1049 3631 1140 3698 3i),
1167 3638 1224 3686 et
1250 3631 1375 3687 libr.
1411 3646 1484 3694 Ix,
1505 3631 1668 3701 epist.
1684 3628 1773 3686 ΞΟ.

199 3719 286 3772 Illa
316 3721 696 3776 Lant'rancum
736 3721 925 3792 arguit
952 3722 1040 3775 his
1067 3721 1250 3776 verbis
1282 3740 1293 3774 :
1335 3740 1357 3771 ι
1390 3720 1547 3790 Saepe
1584 3719 1778 3772 frater

198 3808 416 3864 nitatem
445 3819 605 3864 tuam
637 3811 943 3882 apostolica
982 3811 1260 3882 legatione
1283 3810 1638 3865 invitavimus
1666 3808 1781 3863 Ro-

199 3912 316 3950 nam
345 3899 553 3964 venire,
573 3899 746 3953 etiam
775 3915 876 3970 pro
906 3899 1035 3953 ﬁdei
1064 3904 1121 3953 et
1144 3899 1434 3968 religionis
1447 3897 1778 3952 Christiana:

198 3988 673 4056 comprobatione;
708 3989 855 4058 quod
878 3989 1183 4058 hucusque,
1215 3988 1360 4042 sicut
1388 3992 1638 4058 apparet,
1681 3990 1781 4039 aut

197 4075 420 4144 superbe
458 4083 560 4130 aut
600 4077 954 4146 negligenter
988 4082 1182 4130 nostra
1234 4075 1470 4131 abutens
1508 4074 1782 4146 patientia

199 4161 471 4228 distulisti,
514 4181 644 4218 cum
677 4181 778 4219 nec
809 4165 979 4219 etiam
1007 4165 1331 4219 canonicam
1362 4164 1780 4219 excusationem

1858 3112 1984 3167 pag.
2035 3093 2156 3150 520.
2197 3115 2218 3144 ι
2272 3096 2438 3149 lvone
2487 3096 2838 3166 Sagiensium
2889 3099 3125 3168 praesule
3167 3100 3450 3170 defuncto,

1856 3183 2132 3238 Robertus
2160 3183 2394 3238 Huberti
2424 3185 2493 3238 de
2533 3185 2636 3239 Ria
2672 3187 2820 3240 filius
2856 3188 3142 3255 successit,
3187 3191 3283 3261 qui
3334 3193 3454 3247 tere

1855 3273 2148 3326 duodecim
2177 3273 2338 3326 annis
2364 3273 2618 3343 praelatui
2649 3274 2906 3346 praefuit;
2940 3282 2998 3330 et
3029 3277 3149 3348 ipse
3178 3279 3327 3333 circa
3352 3281 3454 3336 Dei

1857 3366 2070 3419 cultum
2085 3365 2303 3419 fervens
2323 3365 2634 3436 Religiosos
2656 3369 2895 3422 multum
2917 3369 3126 3424 dilexit.
3152 3393 3177 3420 ι
3192 3388 3302 3443 pag
3319 3371 3386 3429 5'2
3397 3374 3448 3432 7.

1859 3453 2120 3508 Interfuit
2149 3454 2381 3509 concilio
2412 3455 2849 3527 Rothomagensi
2889 3475 2920 3512 a
2951 3459 3169 3514 Joanne
3185 3461 3458 3533 archiepi-

1857 3560 2022 3614 scopo
2051 3550 2406 3613 congregato,
2446 3547 2510 3598 Α.
2546 3545 2606 3600 C.
2657 3544 2806 3602 1072.
2843 3547 2912 3602 Et
2930 3547 3026 3602 lib.
3059 3563 3133 3616 Ix,
3165 3567 3293 3621 pag.
3325 3550 3451 3620 833,

1857 3631 2085 3686 Roberti
2103 3632 2355 3686 doctrina
2374 3632 2669 3688 indicatur.

1930 3721 2164 3773 Montem
2203 3721 2259 3775 S.
2305 3722 2602 3776 Michaelis.
2649 3723 2728 3775 De
2766 3723 2971 3777 celebri
3010 3729 3350 3783 monasterio
3395 3729 3457 3786 in

1861 3803 2273 3862 Northmannia
2283 3809 2636 3863 sanctissimo
2648 3811 2984 3882 archangelo
3000 3813 3256 3871 Michaeli
3273 3833 3451 3886 sacro,

1862 3913 1971 3952 non
1996 3897 2064 3950 de
2083 3897 2179 3951 illo
2202 3904 2390 3952 monte
2411 3898 2691 3968 Gargano,
2724 3899 2975 3970 loquitur
3003 3901 3090 3957 hic
3114 3904 3264 3960 haud
3289 3905 3458 3962 dubie

1862 3987 1923 4040 B.
1957 3985 2317 4040 Lanfrancus.
2348 4009 2368 4033 ω
2404 3987 2505 4040 Hic
2537 3987 2689 4042 locus
2717 3989 2936 4043 Tumba
2975 3991 3250 4048 vocitatur
3269 3994 3339 4048 ab
3363 3996 3459 4050 in-

1862 4075 1996 4129 colis
2032 4080 2113 4144 (ut
2139 4075 2247 4129 fert
2276 4075 2524 4130 Historia
2563 4093 2666 4130 ms.
2703 4077 2934 4146 hujusce
2979 4082 3326 4146 monasterii)
3360 4083 3456 4154 qui

1862 4163 1922 4217 in
1943 4179 2154 4217 morem
2171 4164 2375 4217 tumuli
2396 4165 2554 4235 quasi
2574 4165 2644 4218 ab
2664 4165 2851 4220 arenis
2871 4183 3162 4239 emergens
3179 4170 3237 4224 in
3254 4171 3458 4240 altum,

201 4253 568 4319 praetenderis.
601 4273 628 4306 )›
662 4260 768 4308 etc.
805 4255 916 4308 Hac
953 4270 1082 4308 vero
1113 4253 1272 4308 illum
1307 4271 1342 4307 a
1374 4253 1612 4326 pristina
1639 4253 1920 4322 dile-Din
1949 4252 2132 4323 spatio
2158 4252 2525 4307 ducentorum
2547 4253 2860 4308 cubitorum
2883 4257 3207 4327 porrigitur.
3237 4259 3465 4316 Oceano

203 4338 373 4394 ctione
413 4341 681 4396 defecisse
730 4341 1093 4412 conqueritur
1125 4361 1138 4398 :
1177 4363 1199 4392 ι
1234 4341 1394 4406 Quod
1424 4358 1489 4396 ex
1528 4341 1621 4395 illo
1649 4347 1790 4396 tem-

199 4444 342 4498 pore,
376 4449 397 4480 ι
423 4431 630 4501 inquit,
661 4449 684 4481 ε
721 4447 830 4501 quo
874 4431 1217 4485 sacerdotale
1255 4447 1487 4485 summa;
1533 4431 1683 4486 sedis
1704 4432 1792 4502 ju-

198 4531 322 4584 gum
344 4517 544 4572 cervici
565 4524 792 4585 nostrae,
811 4519 940 4573 licet
959 4519 1194 4589 indigni,
1211 4520 1578 4592 suscepimus,
1600 4521 1790 4576 venire

200 4605 262 4658 ad
293 4623 395 4661 nos
415 4624 528 4662 non
561 4608 805 4662 multum
841 4609 1056 4663 curavit
1077 4609 1399 4664 fraternitas
1428 4615 1544 4678 tua,
1580 4616 1790 4680 quanto

202 4696 379 4752 minus
409 4699 478 4752 de
505 4698 804 4752 dilectione
832 4704 930 4752 tua
950 4715 1177 4770 sperare
1216 4699 1520 4770 potuimus,
1549 4717 1575 4752 ν
1610 4705 1714 4753 etc.

276 4787 454 4840 Verbis
479 4791 588 4841 tuis
610 4790 956 4842 calumniam
978 4791 1241 4855 ingerere.
1276 4787 1352 4842 Iis
1372 4787 1626 4842 videlicet
1657 4789 1790 4859 qui-

203 4870 298 4928 bus
326 4892 588 4930 summus
616 4882 810 4947 pastor
838 4877 932 4930 ille
963 4877 1200 4947 epistola
1236 4875 1410 4948 priori
1457 4877 1551 4931 ubi
1598 4893 1787 4949 supra,

202 4963 679 5036 archiepiscopum
745 4965 1118 5019 Lanfrancum
1163 4965 1335 5036 (quod
1391 4966 1677 5020 remissior
1730 4984 1795 5022 ac

202 5055 426 5121 segnior
477 5053 535 5108 in
588 5053 845 5108 libertate
899 5054 1271 5109 ecclesiastica
1318 5054 1686 5121 defendenda,
1739 5061 1796 5110 et

205 5143 581 5210 promovenda
615 5143 855 5214 gesserit
881 5145 1028 5212 sese)
1057 5142 1332 5214 objurgat,
1361 5145 1568 5216 culpat,
1603 5144 1795 5200 crimi-

204 5238 369 5286 natur
401 5251 414 5285 :
454 5253 475 5282 ι
510 5233 631 5287 Nisi
678 5232 984 5304 apostolica
1029 5233 1399 5288 mansuetudo
1444 5235 1629 5303 (verba
1665 5240 1798 5290 sunt

204 5321 469 5389 epistola)
500 5338 603 5376 nec
645 5337 757 5375 non
793 5327 850 5376 et
883 5321 1090 5376 amoris
1127 5321 1330 5393 pignus
1371 5324 1667 5395 antiquum
1695 5342 1798 5380 nos

201 5407 491 5481 hucusque
554 5411 902 5476 detinuisset,
962 5412 1209 5482 profecto
1243 5429 1344 5468 nos
1399 5415 1505 5468 hoc
1556 5417 1800 5486 graviter

203 5497 346 5555 ferre
353 5502 694 5573 jamdudum
713 5501 1072 5559 constitisset.
1091 5502 1302 5560 Verum
1321 5505 1624 5562 adventum
1638 5511 1801 5564 tuum

1873 4341 2118 4412 undique
2147 4341 2362 4396 cinctus
2390 4342 2876 4413 locus,angustum
2898 4345 3242 4402 admirabilis
3266 4347 3467 4405 insulae

1871 4431 2085 4502 prabet
2111 4431 2374 4503 spatium.
2414 4430 2500 4485 Ab
2530 4430 2920 4488 Abrincatensi
2949 4434 3088 4489 urbe
3115 4452 3210 4490 sex
3246 4437 3470 4494 distans

1872 4519 2155 4587 millibus;
2192 4536 2450 4575 occasum
2480 4525 2839 4592 prospectans
2868 4522 3330 4581 Abrincatensem
3359 4544 3465 4600 pa-

1871 4625 2008 4680 gum
2035 4607 2248 4662 dirimit
2273 4625 2308 4662 a
2336 4609 2647 4674 Britannia,
2695 4628 2720 4662 »
2749 4616 2854 4664 etc.
2894 4612 3052 4667 Illius
3078 4614 3468 4672 fundationem

1873 4697 2053 4752 obiter
2082 4697 2411 4769 perstringit
2437 4697 2754 4768 Sigibertus
2782 4699 2841 4754 in
2868 4701 3142 4757 Chronico
3173 4720 3304 4759 ann.
3339 4702 3464 4763 709.

1873 4786 2226 4842 Childeberto
2243 4787 2856 4852 11,349Francorum
2873 4792 3257 4848 monarchiam
3276 4798 3471 4849 tenen-

1871 4881 1948 4942 te;
1972 4876 2327 4930 fundatorem
2350 4893 2478 4931 vero
2498 4875 2874 4931 S.Aubertum
2886 4877 3289 4936 Abrincensem
3305 4883 3470 4938 exsti-

1874 4965 2028 5028 tisse,
2044 4965 2405 5036 posuisseque
2428 4965 2487 5020 in
2503 4965 2698 5020 eadem
2719 4967 2953 5020 ecclesia
2981 4968 3231 5026 clericos.
3256 4970 3469 5030 Verum

1877 5054 1958 5108 illi
1980 5055 2087 5126 ipsi
2108 5055 2262 5110 cultu
2298 5055 2485 5109 divino
2515 5072 2723 5126 susque
2755 5055 2936 5128 deque
2972 5058 3187 5127 habito,
3208 5066 3266 5114 et
3285 5061 3471 5116 laxata

1879 5161 2107 5216 prorsus
2136 5144 2508 5199 ecclesiastica
2527 5145 2840 5216 disciplina,
2862 5162 2990 5201 cum
3020 5154 3078 5202 et
3102 5148 3249 5218 gulae
3275 5154 3331 5203 et
3358 5150 3470 5204 Ve-

1880 5235 2002 5288 neri
2025 5235 2398 5305 indulgentes,
2438 5234 2542 5289 toti
2574 5234 2632 5288 in
2662 5233 2810 5288 vitiis
2839 5235 3089 5289 immersi
3120 5235 3468 5305 viderentur,

1879 5340 2061 5395 neque
2115 5325 2313 5390 Deum,
2371 5340 2551 5395 neque
2606 5322 2862 5377 homines
2914 5330 3320 5391 revererentur,
3379 5326 3475 5382 Ri-

1880 5413 2118 5468 chardus
2156 5415 2180 5469 Ι
2210 5413 2324 5468 dux
2353 5413 2873 5468 Northmannorum
2918 5411 3118 5466 iisdem
3167 5412 3474 5471 eliminatis

1881 5503 2272 5561 Benedictinos
2299 5502 2602 5561 monachos
2628 5501 2881 5568 suffecit;
2925 5500 3074 5572 quod
3113 5500 3227 5558 late
3261 5502 3472 5562 descri-
