3864 6176
469 269 572 325 579

1663 248 1894 303 DOMNI
1935 245 2141 301 LUCIE
2179 245 2544 300 DACHERII.

3580 251 3666 308 580

467 397 552 452 bit
583 393 859 450 Robertus
904 386 973 440 de
1024 384 1212 438 Monte
1259 379 1315 434 in
1364 375 1608 431 Historia
1651 391 1755 428 ms.
1807 372 2327 443 ejusdemATrado
2353 373 2521 426 etiam
2546 371 2847 426 donatione
2892 374 3156 441 perpetua
3190 372 3468 441 quamdam
3509 374 3667 429 villam

469 479 817 542 monasterii,
863 493 893 528 e
947 489 1076 544 qua,
1129 470 1262 524 dum
1327 463 1671 534 evulgaverit
1717 461 1941 531 quidam
2001 476 2063 512 ex

471 571 699 635 nostris,
732 583 832 622 nec
863 580 976 618 non
1012 578 1076 614 ex
1113 555 1474 617 chartulario,
1512 553 1567 606 in
1595 557 1946 604 antecessum
1976 547 2066 600 de-

472 665 713 720 scribere
733 676 844 714 non
867 653 1228 727 gravabimur
1256 650 1507 703 chartam
1541 643 1799 699 Richardi
1828 641 1880 695 ΙΙ
1909 640 2066 694 ducis

471 753 987 810 Northmannorum
999 760 1141 814 ,quie
1157 743 1334 795 instar
1349 743 1435 790 est
1453 735 1684 788 alterius
1698 730 2062 785 fundationis.

472 840 731 898 Proxime
763 841 820 892 et
847 834 1221 902 subsequetur
1263 824 1497 881 celebris
1541 822 1693 876 illius
1742 816 2067 873 monasterii

473 929 758 996 catalogus
778 922 1062 978 abbatum.

477 994 698 1074 Charta
715 1009 1002 1067 Richardi
1015 1003 1244 1060 secundi
1257 1001 1802 1056 Northmannorum
1818 994 2064 1056 comitis,

548 1108 610 1158 in
627 1119 743 1173 qua
763 1097 1103 1154 donationes
1119 1110 1154 1145 α
1177 1093 1352 1146 Patre
1380 1104 1482 1140 suo
1510 1085 1798 1140 Richardo
1821 1083 2068 1136 abbatiw

556 1195 618 1248 S.
637 1189 934 1246 Michaelis
949 1187 1132 1254 factas
1151 1180 1479 1249 conﬁrmat.
1501 1176 1593 1230 Uti
1609 1176 1919 1244 privelegia
1935 1175 1988 1242 ej
1995 1191 2079 1229 us-

551 1283 682 1336 dem
705 1273 1045 1332 monasterii
1059 1270 1246 1324 videre
1266 1273 1360 1321 est.

551 1369 628 1425 In
657 1367 890 1421 nomine
921 1366 1135 1416 sancta:
1165 1365 1215 1411 et
1251 1355 1572 1410 individuce
1604 1352 1932 1416 Trinitatis,
1959 1351 2071 1404 Pa-

485 1460 612 1522 tris,
644 1463 694 1510 et
722 1455 887 1515 Filii,
919 1459 972 1504 et
1003 1447 1258 1519 Spiritus
1276 1445 1482 1498 sancti.
1513 1445 1709 1496 Amen.

561 1567 584 1597 ι
624 1547 1058 1599 Antecessorum
1077 1541 1396 1590 nostrorum
1425 1529 1872 1585 institutionibus
1891 1529 2074 1582 sanci-

484 1645 604 1690 tum
621 1635 1020 1698 decretumque
1039 1630 1124 1678 est
1143 1628 1438 1692 quatenus,
1457 1619 1503 1672 si
1520 1619 1645 1689 quis
1657 1635 1887 1671 suarum
1909 1617 2076 1670 facul-

2147 461 2312 514 sitam
2359 461 2415 513 in
2465 477 2605 530 pago
2655 459 3002 528 Bajocasino,
3044 461 3260 513 nomine
3297 461 3526 525 Versum,
3563 480 3668 516 cum

2147 550 2298 603 omni
2324 557 2492 612 terra,
2527 567 2647 619 qua:
2687 549 2756 602 ad
2795 566 2917 601 eam
2951 549 3204 618 pertinet,
3232 550 3372 602 culta
3397 555 3451 602 et
3475 549 3668 614 inculta,

2148 655 2272 692 cum
2325 638 2587 700 ecclesiis,
2631 644 2686 690 et
2730 638 3062 690 molendinis
3099 637 3345 690 omnibus
3389 645 3440 690 et
3477 639 3669 703 silvulis,

2150 727 2619 796 medietatemque
2634 726 2772 780 villae
2806 727 3196 789 Mondrevillae,
3227 743 3342 796 quae
3360 727 3476 780 huic
3494 728 3679 797 adiacet

2147 823 2330 870 terrae.
2365 817 2646 868 Conflrmo
2689 815 2919 885 insuper
2953 815 3302 869 donationem
3351 816 3526 868 matris
3567 832 3679 870 mea

2149 905 2218 957 de
2244 904 2552 967 Britavilla,
2581 920 2746 973 quam
2785 905 2854 956 de
2883 919 2984 957 suo
3013 903 3279 967 dotalitio,
3318 903 3428 956 loco
3465 905 3682 974 superius

2149 993 2297 1047 dicto
2312 993 2532 1056 obtulit,
2552 1009 2651 1062 pro
2676 993 2852 1062 patris
2867 992 3044 1046 nostri
3060 1009 3268 1063 suaque
3279 992 3464 1059 salute,
3485 1010 3542 1046 ac
3563 1010 3680 1056 mea,

2154 1079 2520 1152 meorumque
2569 1081 2826 1136 fratrum.
2868 1082 3102 1135 Villulas
3160 1098 3374 1152 quoque
3413 1098 3537 1151 quas
3577 1099 3686 1136 avus

2157 1188 2314 1225 meus
2341 1172 2676 1235 Willelmus,
2711 1171 2768 1224 in
2800 1188 2941 1241 pago
2970 1171 3346 1234 Abrincatino,
3386 1171 3568 1224 Sancto
3608 1171 3688 1224 Mi-

2157 1261 2334 1314 chaeli
2365 1259 2614 1320 tradidit,
2649 1261 2742 1313 sed
2775 1260 3052 1314 Robertus
3092 1277 3272 1314 comes
3311 1266 3492 1330 postea
3515 1259 3560 1310 vi
3585 1259 3690 1311 abs-

2155 1350 2304 1414 tulit,
2336 1348 2529 1413 reddo,
2563 1365 2686 1418 quae
2709 1349 2795 1401 his
2811 1349 3123 1402 vocitantur
3148 1347 3456 1402 notionibus
3485 1348 3688 1410 Maldrei,

2157 1437 2369 1501 Carcei,
2404 1437 2689 1499 Marrinei,
2731 1437 2918 1500 Curei,
2961 1437 3184 1507 Forges,
3224 1437 3440 1500 Solinei,
3472 1436 3694 1489 Dumma—

2156 1526 2267 1591 nei,
2317 1527 2511 1591 Macci,
2555 1527 2772 1591 Scallei,
2819 1526 3067 1590 Peleton,
3118 1525 3405 1578 dimidium
3454 1525 3690 1589 Gomerei,

2157 1615 2484 1684 Verguncei,
2534 1615 2774 1679 Mannei,
2824 1616 3009 1669 Sancti
3052 1615 3280 1668 Joannis
3324 1615 3514 1668 iterum
3541 1614 3695 1666 villam

483 1731 664 1780 tatum
679 1719 943 1792 quiddam
965 1717 1085 1769 loco
1103 1719 1425 1767 sanctorum
1456 1708 1640 1769 alicui,
1674 1708 1800 1760 vitae
1825 1722 2079 1777 supernae
2100 1722 2333 1787 Bprope
2367 1706 2523 1759 littus
2555 1705 2724 1758 maris
2757 1705 2942 1770 sitam,
2992 1722 3118 1758 cum
3163 1705 3407 1768 ecclesia,
3446 1709 3497 1756 et
3533 1702 3694 1765 vineis,

485 1827 753 1870 accensus
794 1823 1006 1869 amore,
1059 1802 1382 1874 perenniter
1420 1797 1816 1869 possidendum
1855 1796 2079 1848 tradere

483 1901 741 1962 voluerit,
790 1897 1037 1950 solemne
1089 1890 1286 1945 exinde
1336 1888 1664 1941 idonearum
1714 1901 2079 1955 personarum

485 1989 740 2062 pluribus
753 1979 1243 2053 astipulationibus
1258 1976 1606 2037 fulcitum,ut
1621 1974 1677 2026 id
1695 1973 2080 2062 inconvulsum

485 2061 832 2150 permaneat,
863 2073 1264 2124 testamentum
1305 2065 1488 2118 faciat.
1513 2061 1902 2116 Referentibus
1933 2061 2081 2114 enim

489 2161 918 2238 quamplurimis
941 2162 1145 2212 sancta;
1176 2154 1430 2208 Ecclesiae
1452 2153 1551 2206 Dei
1571 2150 1908 2215 doctoribus,
1943 2151 2081 2203 divi-

488 2272 626 2310 num
644 2268 764 2307 esse
780 2253 1064 2318 receptum
1085 2244 1272 2305 didici,
1289 2249 1351 2297 ut
1371 2241 1484 2295 illic
1511 2240 1688 2294 nostri
1710 2240 2086 2294 recondantur

487 2341 761 2403 thesauri,
794 2338 889 2393 ubi
912 2335 1092 2389 omnis
1111 2333 1290 2387 aberit
1307 2331 1491 2385 furum
1511 2329 1771 2392 formido,
1795 2328 2085 2398 omnisque

487 2433 769 2486 tinearum
801 2423 1108 2487 demolitio,
1143 2437 1374 2491 esseque
1404 2419 1683 2489 quoddam
1733 2425 2086 2487 peccatorum

488 2517 878 2592 purgatorium
917 2515 1329 2581 eleemosynam
1358 2527 1370 2574 ;
1399 2514 1458 2561 et
1484 2507 1632 2578 quod
1679 2507 1827 2560 Deus
1868 2506 1925 2558 in
1976 2507 2086 2558 lar-

489 2608 691 2680 giendo
720 2604 1011 2660 muniﬁcos
1047 2599 1309 2670 exposcit,
1338 2597 1433 2667 qui
1458 2613 1515 2650 se
1553 2603 1830 2666 praeparat
1861 2594 2088 2648 munifi-

491 2695 899 2752 centissimum.
937 2693 1114 2746 Detur
1143 2688 1313 2758 igitur
1363 2687 1477 2740 Deo
1525 2701 1636 2738 non
1684 2690 1958 2748 nostrum,
1992 2683 2087 2736 sed

493 2801 677 2840 suum.
713 2783 858 2847 Quid
887 2781 1037 2835 enim
1068 2778 1218 2832 aliud
1246 2793 1349 2830 nos
1380 2774 1585 2828 habere
1610 2780 1892 2844 putamus,
1919 2789 2087 2843 quam

500 2873 605 2930 hoc
631 2873 779 2945 quod
801 2872 871 2925 ab
896 2887 960 2924 eo
980 2866 1331 2938 accepimus?
1360 2864 1647 2920 tribuatur
1682 2863 1896 2932 frigidae
1928 2878 2086 2931 aquae

492 2965 650 3027 calix,
704 2972 769 3015 ut
809 2965 1018 3013 aeterna
1064 2955 1366 3025 recipiatur
1418 2970 1646 3007 merces.
1691 2951 1851 3006 Tanti
1902 2952 2087 3003 valere

493 3051 811 3108 audivimus
834 3063 1068 3118 regnum
1101 3045 1198 3098 Dei
1231 3047 1501 3114 quantum
1537 3040 1824 3094 habemus.
1861 3040 2090 3093 Suffecit

491 3142 673 3196 viduae
701 3138 984 3210 quadrans
1010 3154 1021 3202 ;
1057 3133 1267 3205 profuit
1296 3137 1352 3184 et
1373 3132 1598 3184 Zachan
1625 3129 1895 3182 bonorum
1919 3129 2087 3182 dimi-

493 3231 571 3285 dii
599 3226 941 3282 distributio.
975 3223 1110 3286 Quae
1141 3221 1382 3290 denique
1409 3220 1479 3272 ad
1505 3219 1558 3272 id
1592 3219 1738 3289 quod
1780 3219 1992 3280 finitur,
2017 3218 2088 3271 ad

495 3317 643 3390 quod
679 3332 792 3370 non
837 3313 1032 3367 ﬁnitur
1063 3309 1444 3380 comparatio?
1473 3308 1693 3362 Scilicet
1721 3324 1821 3378 pro
1847 3307 2088 3361 terrenis

494 3405 758 3470 caelestia,
788 3419 889 3475 pro
919 3399 1185 3473 perituris
1205 3397 1409 3451 mereri
1442 3403 1728 3467 perpetua.

571 3514 598 3550 α
635 3495 710 3550 lis
740 3500 797 3547 et
823 3491 946 3546 aliis
976 3489 1176 3544 divinae
1217 3487 1567 3541 auctoritatis
1602 3486 1866 3539 incitatus
1901 3485 2088 3538 horta-

496 3584 724 3648 mentis,
751 3599 853 3653 ego
881 3578 1212 3636 Richardus,
1235 3575 1419 3648 gratia
1452 3575 1551 3628 Dei
1584 3575 1714 3640 dux,
1747 3581 1803 3628 et
1832 3574 2086 3644 princeps

495 3673 1034 3732 Northmannorum,
1073 3683 1265 3738 pcenas
1306 3664 1509 3718 inferni
1550 3663 1779 3733 cupiens
1822 3663 2084 3732 effugere,

497 3769 552 3817 et
575 3760 816 3833 paradisi
846 3757 1056 3828 gaudia
1082 3755 1409 3810 desiderans
1439 3751 1646 3806 habere
1673 3757 1798 3823 post
1827 3757 2083 3816 mortem,

494 3852 614 3906 loco
650 3849 839 3904 Sancti
869 3845 1188 3916 archangeli
1215 3843 1502 3898 Michaelis
1531 3843 1639 3895 sito
1668 3842 1724 3894 in
1754 3846 1962 3906 monte,
1993 3841 2089 3911 qui

496 3939 702 3994 dicitur
717 3935 954 4002 Tumba,
985 3934 1362 4003 fratribusque
1391 3931 1597 3984 ibidem
1639 3931 1751 3983 Deo
1782 3929 2088 3983 monastice

496 4025 915 4088 famulantibus,
948 4024 1109 4078 trado
1135 4022 1419 4075 abbatiam
1448 4020 1624 4073 sancti
1651 4019 1898 4080 Paterni,
1919 4019 2086 4073 sitam

494 4116 554 4174 in
581 4133 724 4189 pago
746 4111 1178 4175 Constantiensi,
1221 4127 1348 4164 cum
1373 4109 1538 4162 terris
1567 4108 1732 4161 cultis
1758 4115 1814 4162 et
1841 4109 2083 4174 incultis,

495 4222 623 4261 cum
659 4204 905 4259 ecclesiis
942 4200 1006 4255 et
1051 4197 1402 4261 molendinis,
1437 4214 1564 4250 cum
1603 4197 1796 4268 pratis,
1829 4204 1886 4250 et
1913 4197 2082 4263 silvis,

2163 1800 2220 1848 et
2250 1795 2589 1858 molendino,
2641 1802 2696 1847 et
2746 1795 2938 1865 pratis,
2975 1800 3032 1847 et
3064 1795 3249 1847 villam
3281 1794 3334 1846 in
3364 1793 3494 1846 valle
3522 1791 3698 1845 castelli

2162 1884 2455 1944 Moretoin,
2490 1900 2611 1954 quae
2647 1883 2851 1936 dicitur
2869 1883 3290 1953 Maisnilranger
3317 1883 3413 1947 do;
3444 1881 3703 1934 telonium-

2164 1989 2272 2042 que
2303 1973 2476 2026 totius
2504 1972 2759 2031 abbatiae,
2793 1978 2851 2026 et
2879 1973 2949 2025 de
2974 1971 3373 2026 mercatoribus
3400 1968 3706 2024 venientibus

2164 2068 2220 2115 et
2232 2062 2770 2132 pertranseuntibus.
2795 2061 3193 2116 Monasterium
3209 2063 3372 2115 etiam
3389 2059 3562 2114 Sancti
3584 2057 3708 2112 Petri

2164 2152 2544 2221 apostolorum
2566 2150 2852 2222 principis,
2871 2151 3038 2205 situm
3061 2151 3119 2205 in
3143 2152 3316 2204 latere
3337 2149 3530 2203 montis
3547 2147 3708 2218 ipsius,

2166 2241 2371 2303 tribuo,
2406 2258 2473 2294 ea
2501 2241 2621 2310 lege
2665 2246 2729 2293 ut
2770 2239 2959 2306 abbas,
2992 2241 3076 2294 vel
3110 2239 3365 2294 monachi
3403 2237 3589 2290 ibidem
3632 2250 3713 2305 pro

2168 2346 2311 2394 mea,
2329 2346 2694 2400 meorumque
2717 2329 2960 2382 ﬁliorum
2977 2330 3159 2383 salute
3176 2329 3400 2382 clericos
3418 2325 3716 2381 constituant

2171 2434 2308 2487 quos
2339 2418 2652 2480 voluerint;
2685 2418 2732 2471 si
2762 2435 2926 2488 quem
2957 2423 3146 2471 autem
3169 2435 3233 2472 ex
3265 2417 3370 2470 illis
3390 2413 3610 2475 sordide,
3639 2415 3718 2464 aut

2170 2507 2520 2576 negligenter
2548 2524 2636 2560 res
2660 2515 2864 2561 sanctae
2885 2507 2983 2560 Dei
3008 2507 3263 2561 Ecclesize
3284 2511 3514 2559 tractare
3534 2518 3720 2574 perspe-

2171 2595 2371 2661 xerint,
2397 2602 2730 2666 potestatem
2751 2595 3037 2650 habebunt
3057 2597 3308 2650 divinum
3339 2594 3565 2648 oﬂicium
3585 2589 3629 2644 ei
3654 2590 3720 2642 in-

2169 2684 2495 2748 terdicendi,
2537 2695 2593 2738 et
2640 2686 2748 2738 nisi
2797 2686 3116 2749 correxerit,
3157 2702 3222 2738 eo
3271 2688 3456 2750 350
3482 2678 3716 2751 deposito,

2170 2773 2341 2827 alium
2372 2775 2428 2826 in
2455 2775 2606 2828 illius
2628 2774 2809 2828 locum
2839 2775 3426 2844 subrogandi.0mnes
3452 2772 3516 2825 ad
3545 2775 3722 2840 postre-

2171 2879 2324 2915 mum
2355 2864 2788 2916 consuetudines
2817 2863 2991 2933 ipsius
3035 2863 3198 2924 villae,
3240 2873 3354 2916 tam
3385 2861 3451 2914 ad
3478 2875 3559 2912 me
3581 2872 3721 2928 quam

2168 2951 2237 3003 ad
2268 2951 2688 3005 Abricatensem
2714 2953 3034 3023 episcopum
3067 2953 3426 3023 pertinentes,
3459 2950 3591 3002 sicut
3615 2962 3722 2999 san-

2170 3045 2270 3093 ctae
2299 3042 2578 3095 memoriae
2617 3047 2777 3112 pater
2807 3059 2963 3096 meus
3001 3042 3312 3096 Richardus
3341 3037 3566 3094 Romani
3594 3050 3724 3106 papae

2171 3131 2479 3195 constituit,
2515 3132 2916 3201 perpetualiter
2941 3131 3308 3202 possidendas
3345 3129 3540 3189 tribuo,
3574 3142 3632 3180 ea
3649 3141 3724 3177 ra-

2170 3220 2319 3272 tione
2342 3227 2406 3273 ut
2434 3219 2491 3272 in
2523 3220 2676 3273 omni
2713 3237 3038 3274 successura
3065 3219 3428 3291 generatione
3456 3216 3631 3278 abbas,
3656 3212 3726 3264 vel

2171 3309 2428 3362 monachi
2458 3308 2633 3379 ipsius
2672 3311 2898 3376 montis,
2932 3327 3126 3364 omnes
3146 3311 3321 3380 leges,
3353 3320 3638 3375 omnesque
3664 3303 3728 3355 fo-

2169 3397 2513 3463 risfacturas,
2573 3399 2898 3452 clericorum
2945 3417 3010 3453 ac
3056 3399 3352 3461 laicorum,
3403 3397 3633 3449 virorum
3678 3405 3730 3444 ac

2169 3485 2465 3540 mulierum
2492 3488 2741 3557 ejusdem
2783 3487 2964 3558 burgi,
3008 3489 3222 3558 absque
3258 3485 3534 3542 calumnia
3571 3483 3730 3551 cujus-

2170 3592 2337 3646 quam
2367 3582 2686 3631 nostrorum
2727 3594 3130 3642 successorum,
3165 3594 3271 3632 seu
3317 3575 3581 3647 praedictae
3609 3568 3731 3624 sedis

2170 3664 2555 3735 episcoporum
2577 3665 2916 3736 possideant,
2945 3671 3001 3720 et
3030 3682 3269 3735 quaeque
3299 3661 3615 3733 corrigenda
3631 3659 3732 3712 fue-

2171 3753 2302 3810 rint.
2327 3755 2635 3824 corrigant;
2663 3755 2757 3825 qui
2779 3755 2825 3808 si
2847 3755 2904 3808 in
2934 3755 3120 3824 aliquo
3142 3752 3499 3808 rectitudinis
3516 3748 3727 3810 tramite,

2171 3842 2316 3912 quod
2341 3843 2564 3912 quidem
2588 3843 2752 3909 absit,
2779 3843 3137 3906 deviaverint,
3165 3859 3432 3897 curamve
3452 3840 3732 3894 animarum

2170 3932 2481 3987 incolarum
2511 3934 2630 3987 loco
2659 3935 3021 4004 neglexerint,
3050 3935 3167 4002 jam
3202 3935 3364 3988 dicta:
3387 3933 3529 3987 sedis
3550 3929 3733 4000 episco-

2170 4037 2293 4092 pus,
2328 4022 2440 4075 sive
2467 4023 2643 4076 Deum
2664 4023 2927 4076 timentes
2958 4021 3142 4087 vicini,
3178 4021 3239 4076 in
3268 4023 3524 4076 notitiam
3547 4019 3735 4073 deferre

2169 4117 2366 4164 curent
2391 4111 2676 4182 principis,
2707 4112 2802 4182 qui
2833 4112 2940 4165 illis
2974 4112 3326 4181 temporibus
3356 4112 3736 4166 Northmanno—

2168 4216 2293 4252 rum
2318 4201 2427 4254 dux
2457 4202 2644 4266 fuerit,
2675 4202 2744 4255 ad
2773 4219 2938 4272 quem
2980 4202 3246 4272 deinceps
3286 4203 3561 4273 pertineat
3586 4196 3737 4254 corri-

495 4294 565 4349 ab
595 4293 812 4348 oriente
841 4291 928 4344 via
957 4288 1178 4360 publica
1221 4287 1486 4340 tendente
1516 4286 1892 4352 Constantias,
1932 4303 1966 4339 a
1999 4287 2303 4358 se-Dgere
2343 4307 2410 4344 ea
2450 4291 2680 4345 consilio
2709 4291 3176 4361 Rothomagensis
3208 4289 3622 4361 archiepisc0pi,
3650 4303 3738 4339 cae-

496 4383 817 4455 ptentrione
831 4379 1009 4433 rivulo
1032 4377 1259 4432 nomine
1278 4375 1526 4441 Venleio,
1555 4392 1589 4429 a
1609 4375 1842 4429 meridie
1864 4376 2089 4430 ﬂuviolo

495 4471 724 4528 nomine
751 4471 920 4535 Tarn,
963 4467 1032 4522 ab
1067 4483 1262 4521 occasu
1288 4482 1443 4520 mare
1473 4465 1712 4529 Oceano,
1747 4481 1870 4518 cum
1905 4465 2091 4519 insula

500 4578 622 4634 quin
650 4559 858 4614 dicitur
887 4556 1125 4612 Calsoio.
1157 4556 1239 4610 Do
1281 4555 1447 4609 etiam
1486 4555 1675 4607 villam
1717 4571 1839 4625 quae
1883 4553 2090 4608 dicitur

501 4648 830 4714 Chanteleu,
863 4663 988 4700 cum
1037 4645 1268 4698 ecclesia
1307 4649 1364 4697 et
1394 4643 1728 4702 molendino,
1764 4659 1892 4696 cum
1936 4644 2089 4698 silvis

498 4744 558 4794 et
583 4737 842 4792 omnibus
871 4733 1238 4806 appenditiis;
1273 4737 1479 4786 terram
1497 4748 1718 4802 quoque
1739 4731 2085 4798 Grombaldi,

499 4844 623 4899 quae
652 4826 762 4880 sita
790 4831 876 4880 est
902 4823 964 4878 in
990 4821 1344 4894 Briquevilla,
1368 4821 1496 4875 etin
1517 4821 1919 4888 Flamemvilla,
1945 4827 2002 4876 et
2033 4822 2089 4876 in

498 4916 813 4986 Lengrona,
863 4920 921 4969 et
982 4911 1341 4966 medietatem
1407 4910 1820 4981 Erengervilla;
1879 4916 2090 4966 terram

501 5005 672 5062 etiam
698 5003 967 5070 Durandi,
1001 5019 1122 5073 quae
1153 5007 1240 5056 est
1274 5001 1424 5054 intra
1463 5000 1733 5054 terminos
1770 5000 1929 5066 villae,
1964 5018 2089 5072 quae

496 5098 855 5164 nuncupatur
880 5091 1065 5146 Verlei
1099 5110 1110 5144 :
1145 5096 1201 5144 et
1226 5095 1436 5144 terram
1475 5088 1629 5142 Petri
1661 5091 1938 5156 monachi,
1969 5108 2091 5162 quae

499 5183 667 5244 estin
697 5182 897 5238 Batula
932 5180 1158 5250 Gerfoy.
1186 5177 1515 5233 Columbam
1563 5177 1770 5233 iterum
1817 5180 1983 5233 sitam
2031 5180 2089 5234 in

496 5272 692 5328 eodem
713 5288 884 5343 supra
906 5270 1195 5324 nominato
1214 5284 1378 5339 pago,
1395 5284 1520 5321 cum
1552 5269 1782 5322 ecclesia
1799 5274 1854 5322 et
1875 5270 2090 5324 molen-

499 5362 649 5426 dino,
674 5367 732 5416 et
748 5377 874 5416 cum
887 5359 1055 5426 silvis,
1077 5365 1288 5413 terram
1309 5357 1479 5411 etiam
1502 5358 1771 5412 Bernardi
1803 5359 1984 5413 Patris
1998 5361 2093 5413 do-

497 5450 637 5506 mini
664 5448 987 5505 Hildeberdi
1015 5447 1250 5511 abbatis,
1285 5464 1408 5518 quae
1434 5453 1521 5501 est
1546 5447 1603 5500 in
1640 5448 1924 5502 territorio
1953 5449 2093 5503 villae

499 5555 622 5614 qua
649 5539 975 5597 nominatur
1009 5537 1250 5607 Rotoloi,
1291 5553 1420 5593 cum
1457 5537 1777 5593 molendino
1803 5542 1862 5592 et
1881 5538 2086 5612 pratis.

2171 4384 2530 4450 terorumque
2558 4381 2891 4451 optimatum
2913 4381 3229 4452 provinciae.
3267 4383 3442 4436 Porro
3457 4381 3522 4434 de
3538 4377 3740 4434 ordina-

2170 4470 2322 4523 tione
2369 4469 2632 4522 abbatum
2679 4472 2760 4524 vel
2814 4471 3236 4536 monachorum,
3281 4471 3399 4526 sive
3442 4470 3739 4526 clericorum

2170 4559 2296 4624 loci,
2343 4559 2445 4612 hoc
2483 4559 2854 4624 decernimus,
2889 4564 2950 4612 ut
2987 4560 3149 4628 juxta
3177 4561 3330 4629 quod
3372 4577 3406 4613 a
3448 4554 3740 4629 supradicto

2171 4663 2296 4700 meo
2321 4647 2574 4716 genitore
2617 4647 2895 4700 sancitum
2946 4653 3047 4711 est,
3092 4649 3348 4717 generali
3388 4663 3611 4702 assensu
3649 4644 3742 4696 Ro-

2172 4736 2324 4789 mani
2355 4735 2592 4799 concilii,
2633 4733 2889 4789 monachi
2927 4752 3070 4806 saepe
3115 4736 3215 4790 fati
3257 4735 3582 4792 monasterii
3617 4729 3743 4787 ordi-

2171 4825 2356 4878 nando
2386 4825 2490 4878 sibi
2513 4825 2744 4896 eligant.
2775 4830 2838 4880 ut
2876 4825 2980 4879 sibi
3013 4826 3287 4896 placuerit
3316 4845 3351 4882 a
3379 4826 3620 4899 quolibet
3645 4820 3744 4893 epi-

2171 4931 2335 4985 scopo
2366 4931 2480 4968 suae
2511 4915 2828 4979 vicinitatis,
2864 4921 2963 4968 aut
2991 4915 3046 4968 in
3086 4915 3236 4970 illius
3265 4917 3418 4982 sede,
3454 4921 3548 4970 aut
3576 4915 3629 4967 in
3655 4926 3743 4965 suo

2171 5003 2512 5057 monasterio
2569 5004 2816 5058 ordinari
2868 5004 3093 5059 faciant.
3144 5005 3275 5060 Haec
3328 5013 3519 5061 autem
3577 4999 3747 5057 omnia

2172 5097 2483 5164 praenotata
2513 5094 2646 5158 Deo,
2691 5099 2994 5164 sanctoque
3031 5095 3372 5164 archangelo
3406 5091 3666 5154 Michaeli,
3695 5087 3746 5140 in

2173 5183 2293 5252 ejus
2314 5182 2559 5252 praedicti
2582 5182 2787 5236 montis
2810 5183 3148 5237 monasterio
3164 5183 3378 5254 placuit
3391 5183 3625 5244 tradere,
3657 5194 3744 5251 pro

2173 5289 2312 5326 mea;
2353 5272 2737 5342 redemptione
2766 5271 2984 5339 animae,
3021 5290 3120 5342 pro
3151 5272 3262 5326 mei
3307 5289 3531 5344 quoque
3569 5269 3747 5340 patris,

2174 5361 2259 5414 vel
2299 5361 2512 5426 matris,
2529 5367 2585 5414 et
2605 5361 2808 5428 uxoris,
2837 5361 3191 5432 ﬁliorumque
3214 5378 3474 5415 meorum
3505 5354 3748 5414 Richardi

2176 5455 2234 5504 et
2253 5450 2491 5504 aliorum
2521 5451 2732 5519 salute;
2767 5465 3002 5521 quorum
3050 5451 3337 5505 voluntate
3382 5459 3750 5516 consensuque

2174 5539 2232 5594 id
2260 5556 2376 5612 ago
2412 5539 2516 5595 sub
2561 5539 2881 5595 testimonio
2911 5539 3138 5608 Christi,
3169 5539 3460 5613 totiusque
3490 5535 3749 5602 Ecclesiae,
