3902 6166
223 301 311 357 581

1267 287 1344 341 IN
1387 281 1607 338 EPIST.
1651 278 1714 336 Β.
1756 273 2170 332 LANFRANCI
2211 275 2442 331 ΝΟΤιΕ.

3388 280 3492 336 582

221 443 279 480 eo
297 432 516 488 tenore,
540 439 609 478 ea
632 422 773 492 lege,
793 423 857 475 ut
872 417 1080 486 absque
1104 409 1539 468 calumniation’c
1565 401 1886 460 omniumA
1982 397 2063 455 1‘2.
2093 399 2404 454 Richardus
2434 400 2501 454 de
2521 402 2668 456 Mere
2697 400 2756 454 in
2785 401 2964 455 locum
2996 402 3220 472 Rogerii
3260 404 3311 458 II
3341 403 3494 459 sufﬁ-

221 513 659 575 succedentium,
701 509 816 564 sive
852 511 1175 578 parentum,
1211 517 1310 554 seu
1356 505 1818 568 quorumcunque

220 604 460 658 aliorum
496 600 762 671 praefatus
790 598 964 660 locus,
998 599 1055 648 et
1081 590 1401 644 habitantes
1422 585 1477 638 in
1505 600 1569 636 eo
1591 579 1813 671 habeat,

221 695 428 756 teneat,
449 668 749 760 possideat.
773 685 927 749 Quod
959 684 1007 737 si
1037 681 1239 751 aliquis
1268 675 1555 731 diabolicae
1579 668 1818 760 pravita-

221 779 288 834 tis
318 757 755 847 telojaculatus
786 772 1160 844 qualicunque
1191 766 1356 820 modo
1393 763 1482 816 his
1507 757 1817 847 calumnia—

222 867 390 922 tionis
415 866 527 919 vim
554 865 760 919 inferre
788 857 1228 933 praesumpserit,
1259 855 1399 926 ipse,
1431 846 1816 933 consentiens-

223 972 328 1028 que
374 954 483 1010 sibi
523 954 696 1008 totius
743 949 1128 1013 execrationis,
1190 951 1359 1016 atque
1411 932 1818 994 maledictionis

223 1022 344 1100 cum
375 1044 525 1098 Juda
551 1042 846 1105 traditore,
879 1044 937 1093 et
958 1038 1180 1092 Dathan
1219 1041 1278 1088 et
1301 1031 1512 1086 Abiron
1554 1022 1817 1099 perenni-

225 1133 322 1188 bus
350 1132 676 1203 perenniter
710 1129 1004 1184 irretiatur
1033 1124 1284 1180 vinculis.
1321 1122 1397 1176 Ut
1432 1122 1622 1172 autem
1655 1113 1820 1203 hujus

225 1200 538 1275 donationis
571 1219 875 1273 auctoritas
899 1215 1084 1270 verius
1113 1213 1396 1275 credatur,
1413 1224 1477 1262 ac
1492 1200 1819 1274 diligentius

225 1325 321 1380 per
373 1309 566 1363 omnia
619 1311 890 1370 servetur,
933 1303 1264 1372 ﬁrmiusque
1313 1295 1519 1352 futuris
1558 1293 1822 1347 teneatur

225 1396 590 1468 temporibus,
613 1411 786 1449 manu
814 1391 1042 1464 prapria
1073 1387 1492 1444 subterﬁrmare
1522 1377 1728 1442 curavi,
1763 1375 1823 1427 ﬁ-

225 1486 549 1556 deliumque
595 1483 828 1538 nomina
869 1496 1142 1545 meorum,
1179 1490 1418 1548 quorum
1447 1482 1724 1526 consensu
1766 1463 1824 1517 id

223 1577 328 1646 egi,
355 1574 631 1630 subscribi
655 1571 946 1644 imperavi.

294 1685 316 1714 ι
359 1664 596 1733 Signum
614 1661 877 1716 Richardi
909 1657 1138 1714 secundi
1157 1653 1376 1710 comitis
1395 1650 1498 1704 ﬁlii
1519 1645 1710 1716 magni
1728 1644 1819 1698 Ri-

225 1703 454 1816 chardi:3
481 1751 577 1822 qui
614 1756 672 1805 et
701 1751 876 1804 Vetus
901 1748 1134 1812 dicitur;
1178 1745 1403 1814 signum
1429 1737 1696 1794 Richardi
1720 1703 1883 1794 ﬁliiB

228 1839 620 1909 ejus;signum
648 1836 878 1893 Roberti
907 1836 1008 1890 ﬁlii
1039 1836 1178 1904 ejus.

295 1948 319 1979 ι
359 1928 476 1998 Ego
503 1927 831 1997 Maugisius,
873 1930 1083 1978 sanctae
1119 1918 1535 1976 Abrincatensis
1565 1915 1821 1971 Ecclesiae

227 2017 535 2087 episcopus,
562 2016 706 2069 hanc
720 2013 1039 2068 donationis
1054 2010 1369 2066 chartulam
1397 2023 1568 2062 manu
1597 2005 1824 2077 propria

226 2104 540 2158 voluntarie
565 2103 856 2158 conﬁrmo.

297 2211 322 2243 α
345 2193 626 2247 Robertus
645 2190 1099 2260 archiepiscopus
1131 2183 1631 2254 Rothomagensis;
1660 2183 1822 2253 Hugo

229 2282 518 2353 episcopus
539 2280 890 2351 Bajocensis;
922 2279 1202 2334 Robertus
1223 2275 1514 2346 episcopus
1546 2273 1823 2326 Constan-

229 2371 460 2438 tiensis;
522 2371 684 2440 Hugo
736 2369 1029 2440 episcopus
1085 2364 1472 2430 Ebroicensis;
1516 2361 1824 2416 Herbertus

230 2457 908 2530 episcopusLexoviensis;
943 2455 1159 2510 Niellus
1206 2453 1545 2516 vicecomes;
1584 2451 1824 2504 Tursten

228 2547 566 2614 vicecomes;
610 2545 835 2600 Aluerel
878 2544 1213 2609 vicecomes;
1250 2541 1559 2595 Walterius
1608 2539 1826 2592 viceco-

229 2652 374 2703 mes;
403 2636 718 2690 Richardus
745 2635 1049 2689 vicecomes
1072 2653 1085 2700 ;
1119 2631 1475 2687 Guimundus
1499 2628 1822 2701 V'iceCOmes;

227 2725 542 2793 Hubertus;
586 2725 872 2781 Osbernus
897 2724 1074 2777 frater
1102 2721 1437 2787 comitissze;
1485 2717 1828 2772 Humfredus

227 2813 399 2868 frater
436 2816 597 2884 ejus;
648 2813 970 2878 Bocelinus;
1013 2813 1400 2865 Nortmannus
1439 2808 1647 2875 Silver;
1692 2807 1829 2860 Ber-

226 2903 435 2960 nardus
464 2903 615 2956 ﬁlius
643 2904 795 2972 ejus;
831 2901 1115 2956 Osbernus
1137 2899 1288 2953 ﬁlius
1325 2899 1552 2962 Arsast;
1613 2895 1826 2949 Ranul-

228 2991 372 3061 phus
402 2993 579 3045 frater
618 2993 766 3061 ejus;
801 2991 962 3060 Hugo
991 2988 1244 3053 clericus,
1274 3007 1296 3037 ι
1323 2993 1380 3041 et
1410 2985 1571 3039 multi
1596 2983 1713 3075 alii.
1845 3015 1889 3075 Ο

1899 488 2045 541 citur
2075 487 2227 552 11‘23,
2263 500 2505 542 mortem
2534 490 2768 559 oppetiit
2793 508 2864 544 an
2927 490 3080 546 1131.

1977 575 2058 633 13.
2092 577 2410 631 Bornardus
2450 594 2518 631 ex
2563 579 2835 632 monacho
2875 580 3136 634 Beccensi
3176 597 3307 635 ann.
3357 581 3487 641 1131

1899 668 2106 739 migrat
2133 685 2163 722 e
2190 670 2302 722 vita
2331 686 2422 723 an.
2462 668 2626 736 1149;
2657 670 2916 724 Chronic.
2957 671 3232 727 Beccense
3259 673 3350 728 ad.
3384 691 3486 734 an.

1897 756 2058 813 1149.

1975 846 2058 902 14.
2093 847 2353 902 Gofridus
2376 849 2503 902 Ian.
2534 844 2710 914 1149;
2743 848 2881 902 obiit
2910 866 3006 903 an.
3037 849 3199 908 1150.

1970 936 2056 990 15.
2094 935 2370 990 Robertus
2415 936 2484 991 de
2524 936 2830 1008 Thorigny,
2885 937 3048 1007 vulgo
3105 939 3383 995 Robertus
3427 941 3498 998 de

1901 1025 2089 1079 Monte
2118 1030 2492 1096 nuncupatus.
2535 1026 2697 1079 Prius
2731 1026 3036 1080 monachus
3075 1044 3139 1081 ac
3177 1029 3338 1084 Prior
3360 1030 3499 1086 Bec-

1901 1114 2081 1168 censis
2113 1114 2458 1180 monasterii,
2484 1115 2642 1184 cujus
2664 1114 2976 1168 Chronicon
3009 1117 3080 1169 ad
3111 1133 3319 1172 annum
3355 1119 3497 1175 1154

1903 1201 2210 1256 Robertum
2237 1203 2306 1256 de
2334 1203 2598 1274 Tougeyo
2629 1202 3051 1274 appellat.Inde
3080 1207 3364 1260 communi
3385 1225 3503 1263 mo-

1903 1291 2210 1346 nachorum
2242 1292 2296 1346 S.
2316 1291 2602 1346 Michaelis
2631 1308 2864 1346 assensu
2895 1293 2954 1345 in
2978 1292 3237 1348 abbatem
3266 1297 3501 1351 assumi-

1903 1386 1998 1434 tur
2015 1372 2114 1435 an.
2141 1380 2299 1436 1154.
2331 1381 2394 1434 In
2416 1380 2571 1434 omni
2597 1397 2803 1451 genere
2828 1381 3207 1436 doctrinarum
3226 1389 3502 1455 praestan-

1904 1469 2157 1524 tissimus
2179 1468 2306 1522 fuit.

1979 1557 2216 1612 Centum
2264 1557 2639 1628 quadraginta
2685 1557 2969 1612 volumina
3019 1559 3278 1624 edidisse,
3331 1567 3505 1633 atque

1904 1646 2077 1700 turris
2126 1645 2227 1700 sub
2265 1646 2444 1700 ruinis
2483 1652 2540 1700 et
2577 1646 2844 1717 impluvio
2883 1648 3292 1718 computruisse
3332 1649 3506 1706 refert

1908 1735 2153 1790 Historia
2182 1735 2236 1789 S.
2271 1735 2554 1789 Michaelis
2579 1736 2794 1789 calamo
2828 1743 3084 1803 exarata;
3121 1739 3186 1791 A.
3223 1739 3283 1792 (Σ.
3331 1738 3501 1808 1169;

1897 1824 2059 1893 jussu
2076 1823 2375 1877 Alexandri
2388 1839 2542 1893 papae
2561 1824 2638 1877 III
2658 1824 2894 1878 interest
2917 1823 3147 1877 concilio
3167 1825 3502 1880 Turonensi.

1905 1912 2128 1976 Orator,
2183 1917 2248 1966 ut
2300 1911 2665 1965 Godefridum
2715 1912 3019 1966 Britanniae
3057 1913 3254 1966 ducem
3287 1911 3507 1984 publico

1905 2017 2031 2056 cum
2060 2005 2335 2072 apparatu
2369 2001 2667 2072 exciperet,
2699 2001 2939 2072 legatur.
2974 2001 3290 2071 Stephanus
3319 2002 3506 2056 Redo-

1904 2088 2094 2142 nensis
2130 2088 2423 2160 episc0pus
2471 2089 2615 2142 circa
2654 2092 2717 2142 A.
2765 2090 2829 2158 C,
2867 2089 3002 2144 l|76
3033 2089 3262 2144 Roberti
3308 2091 3503 2146 laudes

1904 2176 2158 2230 versibus
2206 2183 2292 2231 est
2350 2183 2703 2248 prosecutus.
2743 2179 2978 2233 Exstant
3030 2179 3337 2234 etiamnum
3387 2180 3507 2250 ejus

1905 2267 2222 2320 Chronicon
2247 2283 2347 2320 seu
2361 2267 2654 2337 Appendix
2679 2266 2750 2320 ad
2783 2266 3126 2337 Sigibertum
3149 2285 3161 2334 ;
3191 2267 3342 2321 aliud
3369 2267 3506 2322 item

1905 2354 2218 2408 Chronicon
2270 2354 2522 2408 nondum
2571 2354 2804 2420 editum,
2849 2371 2950 2409 nec
3000 2371 3112 2408 non
3161 2360 3218 2409 et
3257 2356 3506 2410 Historia

1907 2443 2112 2496 Montis
2140 2443 2176 2498 S
2245 2442 2545 2509 Michaelis,
2585 2459 2650 2497 ac
2678 2442 2736 2497 in
2766 2443 3041 2514 Epistolas
3069 2444 3132 2496 B.
3168 2443 3328 2497 Pauli
3351 2459 3506 2499 com-

1908 2531 2249 2595 mentarius;
2285 2530 2424 2584 obiit
2451 2548 2541 2586 an.
2577 2531 2736 2585 1186.

1980 2623 2066 2676 1ϐ.
2100 2620 2376 2674 Martinus
2414 2621 2458 2686 Ι,
2490 2636 2582 2674 an.
2605 2622 2775 2688 1l87;
2810 2619 2922 2674 vita
2952 2621 3178 2674 functus
3211 2635 3302 2674 an.
3342 2621 3504 2677 1191.

1980 2709 2071 2763 17.
2105 2709 2403 2774 Jordanus,
2443 2724 2536 2761 an.
2591 2708 2760 2774 1191;
2815 2715 3049 2763 mortem
3102 2707 3362 2779 oppetiit.
3402 2723 3498 2765 an.

1912 2799 2071 2853 1212.

1983 2890 2070 2942 18.
2113 2884 2438 2955 Rodulphus
2469 2883 2566 2939 des
2590 2884 2718 2951 Iles,
2750 2901 2880 2940 ann.
2918 2886 3084 2952 1212;
3119 2884 3255 2939 obiit
3277 2885 3439 2941 1218.

1987 2976 2069 3030 19.
2102 2975 2344 3028 Thomas
2377 2973 2475 3026 des
2507 2973 2834 3041 Chambres,
2867 2990 2960 3027 an.
3001 2973 3172 3042 1218;
3207 2973 3444 3028 excessit
3471 2989 3502 3028 e

299 3080 410 3134 Sed
442 3097 571 3134 vero
602 3079 812 3134 eisdem
842 3076 1293 3132 immunitatibus
1335 3075 1569 3144 derogat
1596 3073 1654 3126 in
1684 3087 1826 3125 non-
1848 3061 1889 3075 ν’
1910 3061 2025 3117 Vita
2050 3080 2141 3117 an.
2179 3062 2335 3115 1225.

229 3169 400 3222 nullis
434 3169 618 3239 pactio
647 3167 1041 3222 Abrincensem
1064 3167 1386 3237 episcopum
1416 3165 1566 3218 inter
1585 3166 1642 3216 et
1666 3160 1834 3214 abbas

231 3264 366 3322 tem,
417 3274 484 3311 ac
529 3257 833 3312 monachos
877 3256 1081 3311 Montis
1120 3255 1309 3310 Sancti
1354 3253 1642 3309 Michaelis
1695 3267 1827 3306 ann.

236 3345 391 3410 1236,
415 3347 562 3400 facta
575 3391 587 3405 .

269 3435 562 3503 Catalogus
580 3436 843 3490 abbatum
866 3434 922 3489 S.
948 3434 1226 3489 Michaelis
1255 3434 1318 3486 de
1347 3435 1528 3486 monte
1563 3431 1788 3484 Tumba.

300 3525 354 3578 1.
386 3525 730 3595 Maynardus
755 3524 800 3590 Ι,
844 3523 1088 3594 expulsis
1124 3521 1406 3576 canonicis
1435 3537 1470 3573 a
1500 3517 1778 3573 Richardo
1812 3516 1828 3570 Ι

235 3611 372 3666 duce
423 3614 947 3667 Northmannorum
994 3611 1296 3682 praeﬁcitur
1338 3625 1466 3662 ann.
1502 3604 1644 3674 966;
1689 3605 1834 3660 rexit

234 3702 642 3756 monasterium
669 3701 738 3758 25
758 3720 771 3768 ;
794 3701 931 3755 obiit
956 3698 1082 3755 991.

301 3790 356 3848 2.
399 3791 744 3861 Mayuardus
776 3791 852 3860 II,
881 3805 1013 3844 ann.
1045 3787 1181 3855 991;
1216 3787 1457 3841 moritur
1492 3783 1650 3841 1009.

303 3880 357 3934 3.
403 3879 762 3934 Hildebertus
807 3879 852 3946 Ι,
897 3895 990 3932 an.
1049 3875 1216 3945 1009;
1268 3876 1476 3947 migrat
1511 3890 1542 3928 e
1583 3872 1697 3926 vita
1735 3887 1828 3926 an.

234 3967 394 4023 1017.

267 3968 782 4113 01.7.llildeberdus
801 4057 874 4123 II,
906 4071 1038 4110 ann.
1085 4052 1252 4122 1017;
1302 4059 1542 4109 mortem
1573 4051 1712 4107 obiit
1733 4066 1826 4105 an.

241 4145 399 4202 1023.

239 4143 686 4376 :nglumodus,
721 4251 814 4290 an.
867 4233 1049 4303 1023;
1096 4233 1378 4289 abbatiam
1423 4229 1701 4288 abdicavit
1739 4245 1831 4284 an.

275 4324 306 4372 0
348 4339 395 4376 L.

275 4322 395 4380 032.

304 4338 306 4356 ι
348 4322 378 4360 .7

304 4321 772 4466 g’Theodoricus
797 4410 1033 4466 Almodo
1051 4410 1320 4465 suffectus
1347 4412 1436 4463 est
1452 4406 1651 4462 eodem
1667 4421 1835 4472 anno,

230 4499 482 4554 moritur
509 4517 603 4553 an.
630 4499 792 4556 1033.

302 4607 358 4660 7.
390 4607 580 4678 Suppo
614 4623 706 4660 an.
731 4603 905 4673 1033;
933 4605 1023 4660 cui
1051 4605 1112 4660 in
1135 4603 1440 4676 praelatum
1473 4604 1537 4658 15
1567 4601 1702 4658 anni
1736 4599 1839 4656 tri-

226 4691 514 4762 buuntur;
545 4695 647 4750 sed
665 4694 808 4749 duce
826 4694 1344 4750 Northmannorum
1361 4698 1595 4764 cogente
1616 4688 1844 4761 reliquit

229 4780 524 4838 abbatiam
558 4799 694 4838 ann.
724 4781 888 4841 1018.

303 4892 360 4947 8.
395 4891 728 4962 Rodulphus
761 4891 831 4946 de
855 4891 1169 4947 Beaumont
1196 4887 1446 4962 Supponi
1465 4886 1735 4943 successit
1747 4901 1841 4941 an.

232 4979 403 5049 1018;
432 4982 544 5034 vita
563 4982 791 5035 functus
810 4997 909 5036 an.
945 4978 1102 5040 1058.

305 5086 363 5144 9.
398 5088 757 5159 Ranulphus,
792 5093 1088 5159 postquam
1118 5085 1335 5141 duobus
1365 5085 1533 5140 annis
1558 5083 1719 5139 sedes
1744 5097 1847 5138 va-

230 5183 444 5242 casset,
477 5178 690 5231 electus
721 5181 810 5231 est
827 5194 918 5231 an.
962 5173 1128 5244 1060;
1162 5175 1302 5230 obiit
1329 5173 1489 5232 1084.

307 5288 406 5342 10.
432 5286 688 5357 Rogerus
710 5287 754 5353 Ι,
781 5286 974 5340 eodem
996 5300 1163 5341 anno.
1181 5286 1246 5340 In
1261 5284 1523 5356 Angliam
1542 5282 1844 5353 relegatus,

233 5374 452 5430 ibidem
476 5376 722 5430 moritur
750 5391 843 5428 an.
879 5373 1036 5430 1112.

307 5489 498 5550 351
530 5483 884 5554 11.Rogerus
905 5482 1203 5554 II,Rogero
1233 5481 1257 5537 Ι
1284 5480 1468 5536 adhuc
1485 5481 1658 5536 vitam
1681 5494 1851 5552 agen-

232 5579 316 5643 te,
350 5571 582 5643 eligitur
611 5587 686 5628 an
715 5569 871 5640 1106,
906 5587 936 5627 e
961 5569 1302 5628 monasterio
1330 5569 1554 5643 ejicitur
1580 5584 1672 5625 an.
1694 5567 1848 5626 1123.

1986 3151 2074 3209 20.
2118 3152 2373 3206 Renatus
2402 3149 2471 3204 de
2497 3149 2788 3218 Villedieu,
2823 3167 2914 3206 an.
2948 3151 3086 3208 1225
3112 3171 3125 3218 ;
3150 3152 3390 3205 moritur
3414 3167 3507 3205 an.

1951 3242 2074 3298 236.

2023 3245 2074 3296 6.

1913 3245 2072 3387 i221.
2107 3332 2416 3388 Richardus
2445 3335 2514 3389 de
2533 3331 2753 3398 Tustin,
2777 3345 2869 3384 an.
2898 3328 3035 3384 1236
3061 3345 3096 3382 a
3127 3345 3346 3383 summo
3367 3345 3510 3400 pon-

1915 3419 2066 3474 tifice
2112 3419 2354 3490 insignia
2395 3419 2738 3494 pontiﬁcalia
2775 3417 3028 3482 obtinet;
3064 3423 3304 3472 mortem
3337 3433 3513 3488 oppe-

1915 3507 2008 3562 tiit
2036 3525 2128 3562 an.
2152 3510 2312 3564 1264.

1985 3600 2077 3654 22.
2118 3598 2381 3654 Nicolaus
2403 3598 2736 3664 Alexandre,
2761 3613 2851 3651 an.
2887 3594 3025 3654 1261
3047 3615 3059 3663 ;
3081 3595 3329 3650 animam
3351 3595 3518 3649 exha-

1869 3729 1873 3733 -
1917 3687 2048 3743 lavit
2078 3688 2234 3743 1271.

1984 3778 2072 3835 23.
2104 3777 2371 3832 Nicolaus
2399 3775 2451 3832 II
2479 3779 2855 3847 cognomento
2895 3772 3174 3844 Famigot,
3207 3787 3299 3830 an.
3331 3772 3465 3828 1171
3499 3792 3512 3841 ;

1914 3865 2052 3921 obiit
2074 3882 2166 3920 an.
2204 3866 2362 3920 1279.

1984 3955 2074 4011 24.
2119 3955 2364 4010 Joannes
2412 3953 2464 4008 le
2503 3952 2614 4008 Fae
2645 3969 2743 4011 an.
2803 3949 2976 4006 1279:
3019 3949 3193 4004 vitam
3238 3949 3371 4019 egit.
3419 3964 3516 4005 an.

1916 4042 2078 4188 422::
2105 4131 2436 4187 Guillelmus
2455 4131 2531 4185 du
2558 4127 2828 4195 Chhteau,
2848 4141 2940 4182 an.
2963 4127 3137 4195 1299‘;
3162 4125 3401 4181 moritur
3419 4140 3512 4180 an.

1923 4221 2081 4280 1314.

1853 4324 1904 4385 Ῑ)
1991 4311 2081 4366 26.
2111 4311 2354 4366 Joannes
2387 4308 2455 4362 de
2485 4307 2541 4362 la
2571 4307 2758 4371 Porte,
2785 4305 2890 4359 hoc
2912 4303 3140 4358 nomine
3163 4303 3215 4357 II
3242 4317 3334 4356 an.
3356 4302 3514 4358 13H.

1923 4402 2042 4457 Hoc
2084 4417 2232 4455 anno
2263 4396 2596 4471 praesidiarii
2650 4394 2857 4449 milites
2897 4392 3047 4463 regis
3075 4390 3412 4446 auctoritate
3459 4391 3521 4446 in

1924 4495 2116 4546 monte
2148 4490 2204 4544 S.
2230 4485 2509 4544 Michaelis
2539 4483 2792 4540 collocati
2817 4487 2987 4551 sunt;
3018 4497 3256 4554 quorum
3286 4479 3525 4534 admini-

1924 4584 2135 4635 strator
2162 4576 2377 4634 exstitit
2407 4576 2651 4631 Joannes
2670 4573 2862 4640 abbas,
2900 4571 2996 4643 qui
3040 4587 3072 4626 e
3107 4570 3225 4624 vita
3269 4568 3524 4624 discessit

1922 4685 2014 4725 an.
2049 4668 2204 4725 1331.

1992 4759 2084 4814 27.
2119 4755 2381 4812 Nicolaus
2412 4755 2465 4810 le
2495 4751 2704 4808 Vitrier
2729 4750 2808 4806 III
2842 4763 2934 4804 an.
2970 4747 3137 4816 1334;
3173 4745 3313 4802 obiit
3353 4745 3516 4803 1362.

1994 4848 2085 4904 28.
2121 4845 2387 4901 Gofridus
2416 4843 2485 4898 de
2525 4843 2735 4898 Servon
2765 4839 2946 4907 II,an.
2983 4839 3148 4905 1303;
3169 4835 3285 4892 vita
3298 4836 3524 4892 functus

1926 4953 2018 4994 an.
2046 4937 2210 4991 13‘6.

2000 5028 2086 5082 29.
2120 5025 2320 5080 Petrus
2363 5021 2572 5093 Regius
2597 5020 2677 5091 (le
2708 5018 2833 5088 Roi)
2872 5034 2939 5072 ex
2967 5014 3169 5070 abbate
3210 5015 3267 5069 S.
3290 5009 3524 5066 Taurini

1929 5115 2278 5172 Ebroicensis
2299 5114 2362 5167 ﬁt
2383 5111 2555 5165 abbas
2587 5110 2643 5164 S.
2665 5106 2950 5162 Michaelis
2973 5121 3108 5160 ann.
3135 5104 3288 5167 I386,
3302 5100 3388 5152 vir
3411 5112 3524 5151 non

1929 5207 2146 5262 minore
2175 5219 2396 5259 morum
2427 5198 2706 5273 probitate
2737 5212 2905 5268 quam
2945 5191 3203 5248 doctrina
3231 5185 3521 5259 praeditus.

1929 5295 2159 5352 Publice
2207 5308 2394 5348 sacros
2439 5304 2680 5345 canones
2707 5283 2938 5340 Parisiis
2968 5285 3054 5336 est
3099 5279 3522 5346 interpretatus.

1930 5385 2232 5442 Praefectus
2262 5380 2513 5453 ejusdem
2554 5371 2882 5430 monasterii
2910 5370 3128 5424 litteras
3177 5361 3525 5453 postliminio

1931 5476 2005 5532 ad
2039 5474 2342 5548 pristinum
2389 5465 2744 5542 splendorem
2793 5458 3089 5524 revocavit,
3137 5452 3430 5548 elfecitque
3459 5457 3526 5506 ut

1932 5543 2074 5624 inibi
2091 5560 2518 5620 celeberrimum
2536 5556 2681 5613 foret
2701 5548 3067 5609 scientiarum
3084 5543 3334 5601 omnium
3360 5555 3526 5616 gym-
