3864 6176
476 284 581 342 583
1656 283 1916 338 DOMINI
1955 284 2161 340 LUCIE
2201 286 2567 343 DACHERII.
3591 302 3684 361 584

475 414 718 469 nasium.
738 412 1039 480 Postquam
1058 406 1291 461 diversis
1320 413 1404 460 est
1420 406 1794 476 legationibus
1816 408 2060 471 functus,
2087 412 2138 471 Α
2160 427 2319 478 quem
2344 427 2456 465 non
2486 414 2649 476 videt,
2684 415 2948 481 quomodo
2975 412 3137 481 potest
3156 417 3409 485 diligere?
3443 422 3587 485 Quod
3611 431 3685 479 at-

475 502 701 558 nomine
749 497 931 554 Caroli
979 496 1051 550 VI
1093 495 1240 565 regis
1269 495 1609 549 Francorum
1665 495 1722 547 in
1758 497 2061 566 Aragonia,
2149 503 2303 552 tente
2334 501 2619 553 revolvens
2652 500 3092 571 B.Augustinus,
3144 503 3236 557 lib.
3261 521 3350 559 vm
3389 508 3462 563 De
3486 511 3684 577 Trinit.,

475 590 725 660 Hongria
750 593 807 641 et
836 584 1059 655 Anglia,
1091 584 1250 639 Pisas
1268 583 1657 655 proﬁciscitur,
1686 601 1797 654 qua
1826 585 1884 638 in
1906 585 2062 650 urbe,
2152 603 2271 658 cap.
2298 590 2348 651 8,
2368 588 2447 641 sic
2469 589 2751 659 eloquitur
2776 609 2820 642 ;‹
2855 590 3207 646 Manifestum
3229 600 3309 648 est
3336 598 3471 665 quod
3487 600 3688 667 justum

472 683 577 749 vel,
607 686 673 753 με
700 676 825 732 aliis
852 674 1050 746 placet,
1074 672 1686 736 Constantiae,facunda
1714 678 1882 742 atque
1913 674 2073 726 vehe-
2154 675 2552 745 perfectionem
2578 676 2634 731 in
2660 678 2849 731 fratris
2878 679 3171 735 dilectione
3197 684 3434 753 posuerit
3456 687 3530 758 (S.
3550 688 3690 744 Joan-

400 775 408 785 ’
474 766 653 835 menti
688 768 941 827 oratione
968 764 1047 818 ita
1068 759 1434 814 cardinalium
1465 758 1569 811 sibi
1598 761 1912 815 conciliavit
1946 762 2068 815 ani-
2153 768 2288 831 nes).
2324 765 2465 819 Nam
2498 765 2555 818 in
2596 782 2705 835 quo
2732 767 3058 821 scandalum
3097 785 3207 823 non
3245 777 3343 838 est,
3384 773 3560 844 utique
3581 792 3689 845 per-

474 884 597 923 mos
631 880 695 918 ac
732 858 1071 922 voluntates.‘
1087 857 1152 906 ut
1179 849 1461 904 communi
1500 849 1864 902 consensione
1894 850 2064 904 Otho-
2148 853 2324 906 fectus
2343 854 2722 908 est.Ettamen
2746 855 3101 910 dilectionem
3117 858 3214 912 Dei
3234 859 3444 914 videtur
3456 863 3685 930 tacuisse,

473 975 604 1014 nem
629 950 958 1025 (Martinum
988 944 1088 1010 III,
1117 941 1277 1011 vulgo
1299 940 1362 1004 V,
1390 942 1586 1009 postea
1620 940 1900 1007 vocatum)
1914 955 2065 992 sum-
2151 943 2299 1013 quod
2322 958 2433 995 non
2447 942 2673 1005 faceret,
2694 943 2804 997 nisi
2823 945 2954 1014 quia
2970 944 3412 1017 inipsafraterna
3423 950 3685 1008 dilectione

473 1062 628 1103 mum
658 1039 976 1114 pontiﬁcem
999 1048 1193 1087 omnes
1221 1029 1650 1114 proclamarent.
1668 1027 1914 1114 Posthac
1931 1028 2064 1082 dum
2148 1030 2267 1084 vult
2295 1031 2533 1100 intelligi
2563 1032 2761 1085 Deum.
2799 1050 2826 1084 ι

474 1113 702 1197 rediret,
742 1123 1027 1194 Bologniee
1055 1121 1250 1174 Tuscae
1271 1115 1408 1170 obiit
1432 1130 1520 1168 an.
1550 1113 1705 1167 4410.

544 1222 633 1278 50.
669 1217 948 1274 Robertus
980 1210 1179 1266 Jolivet
1224 1206 1296 1272 II,
1332 1221 1423 1258 an.
1455 1201 1625 1269 44-!0;
1655 1220 1684 1257 e
1708 1203 1823 1257 vita
1853 1204 2062 1273 migrat

468 1329 561 1367 an.
591 1309 621 1364 1
636 1307 753 1363 M4.

541 1401 629 1456 3|.
660 1391 994 1451 Guillelmus
1022 1381 1440 1441 d’Estouteville
1468 1382 1541 1445 II,
1574 1380 1877 1434 cardinalis
1906 1380 2059 1435 tituli

472 1485 661 1544 Sancti
689 1479 934 1543 Martini,
961 1493 1051 1531 an.
1081 1473 1242 1537 H4};
1270 1486 1489 1525 summa
1521 1468 1755 1522 contulit
1787 1468 2058 1522 beneﬁcia

470 1572 832 1633 monasterio.
867 1564 1121 1622 [Ediﬁcia
1159 1562 1315 1615 mirae
1344 1563 1639 1613 structurae
1662 1559 1805 1627 (quae
1835 1561 2059 1611 exstant

466 1663 763 1733 hodieque)
786 1655 1159 1713 exaediﬁcasse
1179 1651 1388 1704 ferunt.
1403 1648 1645 1716 Legatus
1673 1661 1707 1698 a
1734 1645 1909 1700 latere
1926 1646 2052 1700 fuit.

465 1757 599 1821 Quae
619 1722 677 1805 in
702 1722 972 1804 electione
999 1745 1231 1795 rectoris
1259 1736 1558 1792 academiae
1580 1735 1910 1789 Parisiensis
1940 1722 2113 1805 per-B

464 1848 727 1915 aguntur,
779 1835 940 1890 aiunt
973 1832 1276 1903 ipsummet
1317 1828 1622 1882 ordinasse.
1657 1824 1789 1878 Vita
1830 1825 2059 1880 Parisiis

456 1932 711 2004 fungitur
735 1943 828 1981 an.
868 1923 1017 1979 1430.

532 2024 622 2081 32.
657 2020 910 2076 Andreas
932 2017 1134 2081 Laure,
1167 2028 1258 2065 an.
1303 2011 1468 2073 MS‘Z;
1501 2008 1742 2063 moritur
1767 2024 1855 2061 an.
1901 2005 2050 2060 H99.

524 2108 956 2170 35.Guillelmus
969 2105 1037 2158 de
1053 2097 1984 2172 Lampslll,an.1599;obiitan.l54
1998 2099 2048 2149 0.

533 2201 623 2256 34.
659 2196 942 2254 Guerinus
980 2194 1181 2254 Laure,
1211 2204 1302 2243 an.
1342 2188 1506 2254 15m;
1540 2191 1779 2239 mortem
1819 2185 2052 2257 oppetiit

458 2288 904 2438 flamines
953 2372 1021 2425 de
1045 2370 1249 2439 Lamps
1274 2366 1345 2431 II,
1383 2379 1474 2428 an,
1516 2362 1677 2429 1&3;
1719 2359 1858 2415 obiit
1883 2376 1912 2414 e
1936 2360 2051 2414 vita

458 2464 904 2610 an1323:.32Jsoaunes
950 2548 1001 2602 le
1030 2546 1257 2601 Veneur
1284 2544 1385 2608 ΙΙΙ,
1428 2542 1718 2612 episcopus
1748 2539 2047 2594 Lexovien-

458 2642 555 2709 sis,
580 2646 637 2696 et
660 2641 720 2696 E.
761 2640 828 2693 R.
852 2634 1169 2691 cardinalis.
1203 2633 1227 2688 Ι
1258 2629 1788 2685 commendatarius.
1807 2627 2047 2682 Abbatia.

457 2747 680 2803 quoque
727 2725 989 2783 Beccensi
1040 2723 1250 2794 potitus
1294 2725 1396 2773 est.
1443 2717 1680 2772 Moritur
1726 2733 1818 2770 an.
1884 2717 2039 2772 4539.

452 2819 727 2889 Deinceps
759 2815 988 2871 abbates
1007 2807 1489 2866 commendatarii.

522 2909 612 2965 37.
655 2905 892 2962 Jacobus
938 2900 1253 2957 d’Anebaut
1282 2895 1600 2962 cardinalis,
1642 2911 1733 2949 an.
1776 2893 1938 2963 {539;
1972 2896 2042 2950 de

452 2998 565 3054 vita
599 2994 839 3051 decessit
867 2994 1025 3048 1558.
1276 3019 1292 3033 ι
1353 3061 1357 3065 .

521 3087 610 3144 38.
643 3083 970 3140 Franciscus
993 3081 1044 3133 le
1071 3080 1226 3133 Roux
1239 3073 1653 3148 protonotarius
1682 3073 2036 3144 apostolicus,

450 3192 583 3231 ann.
620 3174 754 3229 i559
781 3191 794 3240 ;
827 3170 1074 3225 animam
1106 3166 1222 3237 egit
1250 3167 1408 3219 1570.

523 3267 612 3321 39.
644 3263 887 3316 Arturus
917 3259 986 3312 de
1017 3258 1186 3311 Cosse
1239 3253 1530 3325 episcopus
1568 3251 2034 3318 Constantiensis,

450 3370 543 3409 an.
586 3353 743 3417 £570;
776 3347 915 3402 obiit
934 3363 1025 3400 an.
1059 3344 1219 3401 1582.

520 3438 609 3496 40.
643 3437 973 3494 Franciscus
1009 3434 1079 3488 de
1107 3434 1345 3503 Joyeuse
1374 3430 1673 3485 cardinalis
1717 3446 1808 3484 an.
1860 3430 2034 3497 1588;

449 3530 599 3584 diem
630 3532 945 3581 extremum
976 3522 1178 3576 clausit
1207 3537 1300 3573 an.
1325 3521 1483 3575 4615.

517 3617 609 3672 44.
643 3613 915 3669 Henricus
945 3612 1015 3665 de
1039 3609 1307 3665 Lorraine
1335 3608 1405 3662 de
1453 3606 1641 3674 Guise,
1696 3623 1827 3660 ann.
1864 3607 2032 3675 l615;

447 3712 504 3762 et
532 3709 659 3777 post
677 3718 855 3756 annos
876 3701 943 3755 26
967 3697 1202 3753 abbatiae
1231 3696 1399 3750 cessit
1433 3699 1620 3762 352
1639 3694 2031 3760 Illustrissimi,

444 3795 595 3851 illius
652 3790 871 3846 abbatis
926 3787 1031 3843 sub
1081 3785 1363 3857 auspiciis,
1405 3801 1552 3838 anno
1584 3785 1743 3855 4622,
1773 3785 2031 3838 monachi

444 3878 891 3954 congregationis
924 3877 981 3932 S.
1013 3875 1213 3937 Mauri,
1255 3874 1312 3927 in
1356 3874 1462 3927 hoc
1502 3872 1815 3927 coenobium
1860 3872 2034 3927 intro-

444 3973 617 4039 ducti,
650 3967 1017 4025 monasticam
1038 3963 1353 4019 resarciunt
1374 3962 1744 4033 disciplinam.

511 4063 600 4119 £2.
637 4057 877 4114 Jacobus
900 4056 969 4110 de
992 4052 1221 4118 Souvré,
1254 4068 1345 4106 an.
1386 4052 1551 4115 1M3;
1601 4051 1670 4104 de
1700 4049 1894 4105 ordine
1926 4050 2032 4103 Be-

443 4149 724 4208 nedictino
777 4133 1158 4218 quamoptime
1223 4140 1584 4212 promeritus,
1650 4144 1820 4210 atque
1882 4138 2034 4193 illius

440 4237 769 4296 monasterii
797 4232 1219 4289 immunitatum
1247 4229 1554 4284 acerrimus
1583 4233 1983 4300 propugnator.

2215 1122 2486 1173 Plurian
2516 1120 2612 1175 SS.
2642 1122 2877 1174 Patrum
2895 1126 3263 1176 auctoritatis.
3298 1123 3499 1177 Passim
3534 1122 3587 1177 in
3613 1123 3691 1177 de-

2140 1211 2421 1261 cretorum
2441 1207 2602 1273 libro,
2636 1214 2808 1280 atque
2845 1210 2906 1263 in
2931 1210 3198 1278 conciliis,
3230 1211 3561 1282 potissimum
3582 1227 3684 1267 can.

2141 1297 2206 1347 μς
2239 1295 2633 1365 Apostolorum
2661 1314 2674 1363 ;
2722 1296 2915 1351 concil.
2950 1299 3161 1354 Arelat.
3193 1313 3229 1366 1,
3261 1299 3362 1353 sub
3391 1300 3630 1354 Silvestro
3651 1313 3683 1366 1,

2140 1399 2260 1453 cap.
2300 1383 2389 1449 l0;
2423 1388 2480 1437 et
2516 1384 2761 1454 Forojul.
2794 1386 2913 1440 sub.
2956 1387 3207 1441 Adriano
3236 1402 3407 1458 1,cap.
3434 1390 3520 1454 10;
3551 1389 3688 1443 Inno-

2140 1470 2310 1525 centii
2337 1473 2360 1526 Ι
2394 1472 2550 1542 epist.
2576 1472 2629 1528 3.
2664 1474 2735 1527 ad
2756 1474 2917 1545 Exup
2959 1491 3081 1545 cap.
3123 1476 3176 1529 6.
3210 1476 3330 1539 Qua
3353 1477 3418 1530 de
3445 1493 3501 1530 re
3530 1477 3687 1547 legen-

2139 1561 2243 1615 dus
2272 1561 2335 1615 D.
2378 1562 2750 1631 Augustinus,
2776 1579 2901 1633 cap.
2932 1565 2985 1618 7.
3022 1565 3102 1619 De
3131 1564 3274 1619 bono
3304 1565 3582 1635 conjugali,
3600 1564 3680 1618 lib.

2138 1665 2178 1703 11
2207 1651 2286 1704 De
2305 1650 2635 1705 adulterinis
2664 1652 2785 1721 conj
2798 1652 2959 1722 ugiis,
2991 1669 3113 1723 cap.
3144 1655 3174 1708 Δ
3206 1659 3263 1708 et
3292 1658 3345 1714 5,

2680 1757 2751 1793 AD
2782 1754 3085 1797 EPISTOLAM
3106 1756 3185 1801 XI.

2211 1828 2440 1893 Eece,Pa
2449 1833 2529 1882 ter
2542 1831 3029 1884 sanctissime.Hac
3043 1831 3102 1884 in
3124 1831 3355 1902 epistola
3373 1829 3683 1884 animadver-

2140 1919 2259 1969 tere
2278 1921 2364 1969 est
2384 1922 2656 1986 quantum
2673 1918 2916 1972 Thomas
2929 1936 2959 1972 a
2976 1920 3213 1990 pristino
3238 1926 3384 1974 statu
3413 1918 3680 1983 deﬂexerit,

2138 2008 2271 2062 dum
2294 2009 2434 2062 adeo
2454 2010 2738 2063 mordicus
2774 2027 2840 2064 ac
2858 2012 3148 2082 praefracte
3169 2012 3527 2066 obedientiam
3546 2026 3684 2079 nega-

2137 2103 2293 2151 verat
2332 2097 2749 2168 archiepiscopo
2791 2099 3184 2154 Cantuariensi
3218 2099 3512 2154 Lanfranco
3533 2100 3608 2165 (ut
3629 2113 3682 2151 ex

2133 2187 2295 2241 dictis
2323 2186 2581 2256 superius
2605 2193 2952 2256 conipeitum
2983 2187 3265 2256 habetur),
3307 2195 3365 2242 at
3394 2204 3532 2242 nunc
3551 2187 3677 2240 ultro

2132 2278 2183 2330 ei
2238 2292 2359 2329 sese
2403 2274 2701 2339 submittit,
2751 2276 3021 2347 illumque
3064 2283 3225 2348 rogat
3267 2277 3422 2331 enixe
3469 2280 3529 2330 ut
3562 2275 3680 2329 duos

2132 2365 2435 2435 episcopos,
2473 2381 2629 2418 more
2655 2364 2821 2418 solito
2846 2365 3110 2436 (episcopi
3139 2365 3488 2420 consecrandi
3501 2360 3680 2434 gratia)

2130 2451 2492 2505 transmittat.
2527 2452 2606 2504 De
2626 2451 2731 2504 hac
2757 2457 2815 2505 et
2844 2452 3207 2524 subsequenti
3237 2453 3463 2524 epistola
3484 2451 3598 2506 Vita
3618 2450 3672 2508 B.

2128 2540 2441 2593 Lanfranci.
2464 2541 2613 2610 capit
2638 2540 2726 2601 13,
2759 2557 2814 2611 p.
2840 2542 2929 2595 44.

2195 2630 2405 2682 Paulus
2423 2645 2610 2682 comes.
2636 2629 2935 2683 Orcadum.
2948 2649 2970 2680 ι
2986 2630 3095 2694 Qui
3114 2632 3367 2702 quamvis
3384 2629 3681 2686 Noricorum

2125 2716 2246 2786 regi
2289 2716 2644 2770 hereditario
2670 2718 2799 2787 jure
2829 2717 3132 2787 subjectus,
3190 2720 3271 2774 ita
3300 2720 3441 2790 regis
3465 2716 3679 2790 (Henrici

2125 2805 2318 2875 primi)
2338 2805 2612 2859 amicitias
2625 2806 2981 2877 suspiciebat,
3012 2814 3069 2861 et
3095 2809 3295 2863 crebra
3313 2809 3364 2863 ei
3382 2805 3681 2861 munuscula

2124 2892 2450 2960 missitaret,
2488 2914 2513 2946 ι)
2544 2901 2647 2949 etc.
2686 2896 2968 2949 Guillelm.
3021 2897 3363 2952 Malmesbur
3427 2897 3516 2950 lib.
3563 2913 3591 2948 v
3630 2895 3679 2948 in

2060 3004 2102 3063 ρ
2128 2982 2367 3037 Henrico
2396 2983 2599 3054 primo,
2626 2982 2724 3048 fol,
2746 2982 2810 3036 91
2834 3001 2846 3050 ;
2872 2988 2929 3038 et
2953 2984 3204 3038 Florent.
3240 2985 3460 3055 Vigorn.
3510 2983 3574 3037 ad
3599 2998 3679 3036 an.

2192 3161 2266 3214 De
2292 3160 2565 3215 Orcadum
2600 3163 2874 3230 partibus.
2923 3162 3205 3217 Orcadum
3246 3162 3549 3218 Insularum
3574 3176 3682 3231 8η-

2121 3248 2284 3318 phica
2312 3249 2520 3319 legitur
2547 3250 2846 3321 descriptio
2870 3250 3021 3321 apud
3054 3251 3231 3307 Guill.
3279 3252 3605 3306 Camdenum
3629 3249 3679 3302 in

2119 3338 2324 3392 Insulis
2354 3339 2690 3393 Britannicis
2714 3355 2726 3392 :
2765 3359 2787 3390 ι
2812 3338 3043 3409 Objacet
3069 3341 3215 3394 Cath
3248 3340 3458 3411 regioni
3483 3338 3674 3401 Scotize,

2120 3442 2287 3497 quam
2321 3426 2392 3481 ob
2426 3427 2870 3498 promontorium
2908 3429 3252 3483 Cathenesse
3289 3445 3434 3483 nunc
3469 3426 3677 3499 appelli-

2116 3519 2258 3581 tant,
2299 3535 2321 3566 ι
2356 3522 2460 3569 etc.
2491 3517 2560 3569 Et
2583 3517 2750 3587 paulo
2780 3523 2906 3587 post
2931 3535 2941 3569 :
2965 3536 2990 3567 «
3024 3518 3101 3571 Ex
3131 3518 3222 3572 his
3242 3518 3475 3580 (insulis)
3505 3518 3676 3570 Pomo-

2117 3603 2211 3657 nia
2238 3603 2536 3676 episcopali
2567 3605 2833 3659 cathedra
2846 3605 3099 3667 celebris,
3131 3606 3401 3676 primaria
3428 3610 3526 3671 est,
3554 3610 3673 3658 sete.

2191 3693 2381 3746 Eidem
2391 3696 2586 3747 clerico
2597 3697 2927 3751 concessisse.
2939 3713 2965 3747 α
2981 3694 3099 3748 Rod
3107 3695 3280 3766 ulpho
3293 3710 3488 3766 nempe
3504 3713 3547 3758 ι,
3556 3694 3676 3761 (ver-

2116 3780 2188 3834 ba
2214 3788 2348 3835 sunt
2376 3782 2601 3836 Seldeni
2627 3783 2695 3835 de
2736 3783 2840 3837 hac
2887 3783 3122 3853 epistola
3160 3784 3221 3838 in
3250 3785 3396 3839 notis
3425 3783 3491 3836 ab
3519 3780 3607 3836 lib.
3642 3795 3675 3844 1,

2114 3868 2373 3925 Historiae
2393 3886 2664 3925 novorum
2685 3871 3016 3941 Eadmeri),«
3036 3873 3197 3942 cujus
3212 3889 3415 3928 nomen
3431 3871 3566 3943 quod
3575 3871 3681 3940 jam

2114 3958 2173 4011 in
2221 3959 2381 4013 dictis
2427 3960 2629 4013 litteris
2684 3960 2915 4015 minime
2970 3963 3233 4029 occurrit,
3289 3961 3573 4015 ediscimus
3625 3971 3681 4010 ex

2113 4047 2329 4101 Thoma
2360 4048 2601 4113 Stubaeo,
2635 4049 2810 4104 veteri
2831 4049 3379 4121 archiepiscoporum
3394 4049 3680 4104 Eboracen-

2115 4136 2262 4191 sium
2292 4136 2552 4191 Vitarum
2590 4138 2881 4208 scriptore,
2913 4139 3164 4192 nondum
3191 4140 3363 4194 edito.
3397 4158 3424 4191 ι)

2185 4227 2328 4279 Duos
2348 4229 2611 4295 episcopos
2633 4227 2934 4294 dirigatJd
2957 4227 3127 4281 moris
3145 4228 3416 4282 continuo
3433 4227 3489 4281 in
3506 4223 3676 4280 Eccle-

510 4330 581 4385 Et
603 4328 750 4382 hanc
777 4323 1041 4378 abbatum
1080 4320 1285 4375 seriem
1328 4319 1661 4390 chartasque
1703 4317 2030 4389 praepositas
2046 4359 2093 4417 D
2111 4314 2196 4368 sia
2233 4315 2553 4385 episcopum
2584 4332 2619 4369 a
2638 4314 2818 4368 tribus
2848 4316 3046 4369 saltem
3072 4316 3348 4389 episcopis
3370 4310 3675 4375 consecrari,

437 4436 505 4474 ex
519 4415 797 4472 veteribus
822 4411 1170 4469 S.Michaelis
1191 4408 1568 4463 monumentis
1593 4408 1866 4480 excerpsit
1882 4423 2030 4461 unus

439 4515 469 4554 e
489 4495 772 4554 sodalibus
790 4492 947 4560 meis,
978 4497 1148 4561 atque
1173 4489 1242 4544 ad
1266 4505 1356 4542 me
1383 4488 1715 4543 transmisit.

986 4596 1056 4632 AD
1085 4591 1388 4632 EPISTOLAM
1416 4591 1468 4631 Χ.

512 4675 790 4743 Quatenus
820 4671 884 4722 in
909 4673 1190 4736 conspectu
1224 4668 1322 4721 Dei
1348 4671 1396 4719 et
1435 4665 1724 4719 hominum
1754 4654 2029 4720 evidenter

434 4767 716 4834 appareat.
749 4759 880 4814 Ideo
908 4757 1026 4812 haec
1048 4756 1260 4827 profert
1287 4758 1516 4826 propter
1542 4753 1840 4824 litigiosam
1872 4754 2028 4810 illam

436 4852 506 4908 de
536 4850 783 4924 primatu
804 4844 1226 4903 Cantuariensis
1259 4840 1516 4897 Ecclesiae
1540 4842 1599 4896 in
1622 4842 2025 4897 Eboracensem

436 4940 801 5014 quaestionem
825 4935 992 4991 toties
1020 4934 1290 5004 agitatam
1305 4949 1319 4999 ;
1337 4931 1406 4986 de
1418 4947 1528 5002 qua
1547 4930 1805 5002 superius
1814 4932 2028 4986 dictum

435 5034 523 5085 est
541 5043 706 5100 saepe.
737 5025 965 5097 Optima
993 5037 1127 5076 sane
1148 5021 1255 5076 hoc
1283 5020 1404 5075 loco
1439 5020 1561 5090 (etsi
1591 5021 1920 5091 compendio
1950 5021 2027 5075 a1-

433 5119 571 5188 lata)
602 5114 927 5187 suppeditat
953 5112 1289 5167 documenta
1316 5111 1372 5165 S.
1405 5110 1750 5166 Lanfrancus
1774 5129 1788 5178 ;
1816 5111 2024 5165 etenim

431 5206 750 5281 proximum
775 5203 823 5257 si
847 5203 907 5256 in
937 5201 1053 5256 Deo
1081 5199 1313 5253 minime
1329 5199 1831 5270 diligamus,Deum
1851 5200 2024 5254 haud-

434 5310 719 5370 quaquam
752 5307 944 5347 amare
969 5288 1386 5345 convincimur:
1428 5288 1492 5345 Si
1530 5293 1654 5357 quis
1678 5291 1883 5343 dimerit
1914 5290 2021 5358 (in-

433 5387 558 5460 quit
588 5382 874 5457 apostolus
908 5382 1150 5436 Joannes
1186 5377 1362 5450 Epist.
1395 5379 1468 5444 II,
1500 5394 1620 5450 cap.
1649 5381 1722 5448 1v)
1754 5382 2019 5447 quoniam

431 5477 871 5544 diligoDeum,et
881 5473 1120 5541 fratrem
1133 5484 1300 5523 suum
1320 5469 1515 5534 oderit,
1530 5470 1769 5522 mendax
1789 5473 1894 5535 est;
1920 5471 2020 5537 qui

376 5568 581 5639 [enim
609 5578 723 5619 non
750 5563 941 5630 diligit
967 5560 1207 5629 fratrem
1234 5571 1423 5626 suum,
1453 5572 1613 5627 quem
1643 5557 1806 5626 videt,
1818 5558 2016 5625 Deum,

2110 4405 2501 4474 perseveravit.
2528 4404 3044 4459 Concil.Nicaenum
3066 4422 3188 4475 cap.
3217 4410 3245 4459 Α
3272 4425 3296 4461 ιε
3314 4426 3338 4459 ί
3371 4405 3680 4476 Episcopum

2109 4492 2371 4547 convenit
2398 4492 2637 4547 maxime
2665 4492 2734 4546 ab
2757 4494 3014 4548 omnibus
3046 4495 3143 4565 qui
3170 4502 3306 4549 sunt
3330 4496 3387 4549 in
3418 4489 3677 4565 provincia

2110 4581 2383 4652 cpisc0pis
2413 4582 2685 4639 ordinari.
2710 4582 2769 4636 Si
2801 4589 2991 4636 autem
3010 4583 3115 4636 hoc
3141 4584 3371 4638 difﬁcile
3394 4581 3574 4643 fuerit,
3590 4579 3676 4632 aut

2111 4677 2341 4741 propter
2376 4670 2683 4725 instantem
2732 4672 3144 4739 necessitatem,
3197 4678 3301 4727 aut
3336 4678 3560 4744 propter
3598 4665 3677 4720 iti-

2110 4760 2262 4814 neris
2308 4760 2750 4831 longitudinem;
2803 4760 2985 4815 tribus
3014 4766 3204 4815 tamen
3261 4758 3587 4817 omnimodis
3625 4753 3680 4807 in

2108 4848 2351 4920 idipsum
2397 4849 2870 4916 convenientibus,
2925 4853 2983 4903 et
3030 4849 3355 4906 absentibus
3390 4850 3508 4922 pari
3529 4840 3679 4902 modo

2108 4937 2538 4992 decernentibus
2584 4943 2641 4992 et
2664 4954 2766 5009 per
2792 4938 3000 5009 scripta
3026 4940 3520 5005 consentientibus,
3555 4941 3677 4989 tunc

2108 5026 2384 5081 ordinatio
2406 5025 2735 5080 celebretur.
2772 5045 2796 5079 »
2824 5027 3064 5081 Consule
3086 5028 3483 5083 Menardumin
3510 5024 3680 5080 obser-

2105 5119 2214 5169 vat.
2250 5115 2319 5168 ad
2348 5113 2553 5169 librum
2579 5115 3069 5169 Sacramentorum
3100 5115 3334 5186 D.Greg
3373 5132 3545 5187 papae.

2175 5205 2472 5270 Remigius.
2534 5202 2918 5257 Linconiensis
2972 5204 3267 5275 episcopus
3317 5205 3390 5258 ad
3427 5202 3581 5274 epist.
3629 5213 3678 5253 1v

2102 5292 2340 5346 Romam
2369 5308 2497 5346 eum
2542 5308 2657 5346 una
2700 5308 2827 5347 cum
2854 5292 3071 5346 Thoma
3098 5291 3429 5347 Eboracensi
3466 5288 3677 5363 petiisse

2100 5379 2359 5435 vidimus.
2395 5402 2415 5433 ι
2449 5381 2548 5436 llle
2576 5381 2773 5451 primis
2798 5380 2962 5435 annis
2992 5381 3217 5452 egregia
3247 5382 3397 5452 apud
3426 5378 3678 5435 Dorkece-

2099 5475 2273 5523 stram
2304 5469 2626 5535 meditatus,
2658 5476 2716 5523 et
2744 5469 2933 5541 aliqua
2961 5469 3142 5525 facere
3172 5471 3474 5540 ingressus,
3506 5465 3679 5522 novis-

2098 5558 2240 5613 sime
2263 5574 2456 5614 curam
2472 5574 2696 5614 omnem
2722 5563 2780 5614 et
2802 5560 2994 5615 sedem
3008 5560 3300 5617 transtulit
3310 5560 3382 5616 ad
3402 5553 3675 5616 Lindocol-
