3902 6166
213 260 297 321 585

1226 248 1305 306 IN
1346 250 1569 305 EPIST.
1611 250 1674 305 B.
1717 212 2131 303 LANFRANCI
2170 246 2402 303 Nom.

3326 282 3329 285 λ
3351 254 3455 317 586

212 389 339 444 niam
358 380 723 457 (Linwniam)
753 377 1056 435 civitatem.
1095 396 1118 430 ι
1152 376 1221 432 Et
1245 375 1411 431 infra.
1454 397 1472 426 ι
1506 372 1668 440 Quod
1707 370 1987 432 eoAnica
2010 374 2065 428 S.
2097 373 2371 445 Stephani
2410 373 2775 433 Cadomensis
2806 375 2875 431 A.
2923 377 2987 432 Ο.
3023 375 3184 437 1061.
3238 385 3299 437 et
3329 399 3451 456 seq.

209 475 477 549 jucundius
515 477 658 537 erat,
706 470 840 542 quia
887 468 1008 539 ipse
1055 483 1157 539 pro
1195 465 1500 537 exiguitate
1528 462 1777 534 corporis

211 582 329 639 pene
365 567 685 636 portentum
728 557 972 613 hominis
1009 555 1323 620 videbatur,
1350 553 1669 608 luctabatur
1687 568 1783 607 ex-

213 655 381 711 cellere
400 657 457 707 et
479 650 615 706 foris
639 647 886 704 eminere
909 646 1152 711 animus,
1176 648 1407 714 eratque
1431 642 1645 714 gratior
1673 640 1785 695 exi-

211 760 301 816 guo
325 741 546 798 veniens
573 755 604 793 e
636 754 869 810 corpore
885 735 1062 790 virtus
1095 734 1271 797 (Viae.
1304 733 1515 786 zEneid.
1547 748 1600 795 ν,
1632 729 1773 796 344)

213 834 363 898 Quem
389 831 515 885 ideo
562 832 768 883 natura
809 824 1155 896 compegisse
1185 822 1422 888 videtur,
1456 826 1521 875 ut
1547 819 1784 874 sciretur

213 920 567 977 beatissimum
608 915 899 987 ingenium
929 914 988 968 in
1018 912 1334 967 miserrimo
1360 926 1593 981 corpore
1621 906 1781 961 habi-

212 1017 337 1064 tasse
356 1024 538 1081 posse.
565 1027 587 1055 ι
623 1006 908 1059 Hactenus
937 1000 1297 1057 Malmesbur.
1328 1000 1424 1054 lib.
1458 1014 1513 1053 Iv
1542 998 1621 1052 De
1643 1012 1784 1067 pon-

211 1097 281 1154 tif.
299 1096 352 1151 in
370 1097 540 1167 episc.
562 1093 841 1161 Lincoln.;
866 1092 1090 1147 Henric.
1115 1089 1460 1146 Huutindon.
1488 1085 1591 1141 sub
1616 1086 1782 1139 finem

211 1184 289 1241 lib.
311 1197 377 1239 vn
403 1181 687 1238 Historiae.

612 1274 802 1339 αὖε
832 1286 902 1325 an
932 1283 1227 1325 EPISTOLAM
1258 1281 1351 1321 xu.

280 1364 507 1418 Wlstano
565 1363 932 1429 Vigornicnsi.
969 1360 1147 1423 Quam
1177 1355 1386 1427 insigni
1412 1350 1785 1409 sanctimonia

215 1451 429 1507 eluxerit
458 1452 516 1507 S.
546 1449 816 1507 Ulstanus
841 1447 1137 1520 perhibent
1154 1446 1409 1517 Rogerus
1435 1442 1710 1498 lloveden.
1733 1440 1791 1495 in

214 1540 490 1596 Guillelmo
533 1537 754 1593 seniore
795 1536 865 1592 ad
908 1553 1000 1590 an.
1060 1532 1195 1591 1070
1243 1538 1301 1587 et
1351 1531 1521 1598 1703;
1564 1529 1789 1585 Guillel.

1866 464 2109 518 Joannes
2136 471 2256 519 tum
2286 463 2644 521 Abrincensis
2680 467 2969 538 episcopus
3005 469 3257 526 libellum
3284 474 3461 530 edidit

1865 554 1946 608 De
1983 553 2179 608 ofﬁciis
2216 554 2634 622 ecclesiasticis;
2679 572 2844 627 quem
2891 557 3138 630 primum
3178 562 3463 632 evulgavit

1863 642 2124 714 notisque
2167 643 2458 698 adornavit
2486 644 2843 699 doctissimus
2882 648 3125 704 Joannes
3154 650 3207 704 le
3238 651 3460 717 Prevbt,

1863 731 2331 802 Rothomagensis
2361 732 2617 787 Ecclesia:-
2644 734 2964 790 canonicus.
2999 737 3079 791 De
3106 739 3321 794 Joanne
3349 741 3462 794 Βο-

1863 821 2217 891 thomagensi
2245 821 2302 874 in
2332 821 2459 875 Vita
2495 822 2551 875 Β.
2589 823 2904 889 Lanfranci,
2935 841 3056 895 cap.
3091 827 3140 893 5,
3178 844 3305 899 pag.
3329 829 3383 895 7,
3407 833 3465 884 et

1866 909 2014 964 notis
2037 911 2107 964 ad
2129 910 2408 977 eamdem,
2430 927 2557 982 pag.
2590 911 2677 967 lit.
2705 912 2759 975 d,
2791 912 3023 968 inferius
3043 915 3277 974 iterum.

1939 999 2196 1053 Casulam
2212 1001 2418 1066 posuit.
2444 999 2647 1053 Casula
2677 1016 2743 1052 eo
2758 1000 2865 1053 loci
2893 1018 2993 1072 pro
3026 1009 3176 1058 veste
3203 1021 3362 1059 sacra
3376 1021 3467 1061 su-

1868 1086 2059 1141 mitur.
2090 1086 2361 1141 Alcuinus
2389 1086 2485 1141 lib.
2505 1088 2593 1141 Dc
2622 1088 2826 1142 divinis
2855 1090 3052 1145 officiis
3077 1111 3090 1159 ;
3122 1093 3460 1160 Amalarius,

1861 1174 1960 1229 lib.
1980 1190 2045 1240 II,
2072 1192 2194 1247 cap.
2247 1176 2331 1244 l9;
2363 1177 2644 1244 Rabanus,
2679 1177 2806 1232 libr.
2838 1179 2956 1234 xDe
2986 1179 3341 1237 institutione
3361 1184 3474 1238 cle-

1866 1265 2137 1332 ricorum,
2170 1281 2291 1336 cap.
2317 1264 2405 1321 21.

1945 1355 2140 1423 Cappis
2171 1355 2376 1408 induti.
2422 1354 2503 1411 De
2533 1371 2837 1427 capparum
2879 1356 2994 1412 sive
3026 1359 3353 1430 pluvialium
3378 1378 3471 1417 ec-

1873 1442 2181 1497 clesiastico
2210 1460 2337 1505 usu.
2370 1442 2571 1498 Isidor.
2622 1444 2718 1498 lib.
2770 1460 2836 1499 xv
2867 1446 3181 1517 Originum,
3216 1467 3334 1521 cap.
3374 1448 3472 1520 12;

1875 1532 2199 1603 Helgaudus
2226 1531 2286 1585 in
2314 1531 2446 1586 Vita
2466 1532 2693 1587 Roberti
2726 1533 2872 1604 regis
2902 1535 3267 1602 Francorum,
3300 1555 3475 1609 agens

215 1625 549 1682 Malmesbur-
605 1624 687 1687 De
720 1628 870 1695 .gest-
921 1621 1234 1693 Anglorum
1262 1619 1360 1674 lib-
1397 1633 1483 1685 III,
1519 1624 1577 1673 et
1604 1616 1701 1671 lib.
1738 1629 1850 1695 IV_
1875 1621 1944 1676 de
1973 1621 2204 1692 capella.
2235 1621 2410 1675 Porro
2440 1620 2584 1675 ritus
2612 1639 2914 1693 capparum
2954 1623 3381 1680 deferendarum
3416 1626 3476 1682 in

213 1716 280 1770 De
319 1714 513 1787 pontif.
559 1713 618 1768 in
648 1688 918 1785 episcopis
971 1688 1200 1782 Vigorn.
1244 1708 1494 1763 uberius.
1531 1706 1640 1762 Sed
1677 1688 2188 1777 prdeedietione
2239 1709 2602 1764 ecclesiarum
2660 1688 2969 1765 etiamnum
3016 1711 3363 1783 observatur,
3412 1720 3480 1770 ut

215 1805 402 1859 caeteris
463 1801 780 1858 Florentius
845 1800 1230 1872 Vigorniensis
1275 1798 1394 1869 (diu
1439 1795 1795 1850 familiariter

213 1910 321 1949 cum
360 1894 420 1948 B.
468 1893 700 1948 Ulstano
729 1890 789 1945 in
820 1890 1014 1945 eodem
1044 1887 1385 1943 monasterio
1413 1887 1792 1952 conversatus)

216 1983 274 2037 ad
310 1999 394 2038 an.
450 1980 604 2040 1062.
664 1981 853 2035 Pauca
890 1978 1118 2034 interim
1165 1994 1230 2031 ex
1270 1977 1390 2048 ipso
1439 1975 1558 2030 haec
1604 1972 1792 2028 habe:

219 2091 241 2123 ι
268 2071 447 2127 Electa
477 2070 722 2126 Aldredo
760 2069 832 2124 ad
861 2067 1403 2139 archiepiscopatum
1432 2062 1798 2120 Eboracensis

222 2159 476 2225 Ecclesiae,
511 2161 573 2213 fit
595 2156 880 2213 unanimis
908 2172 1213 2211 consensus
1237 2161 1352 2210 tam
1375 2155 1506 2210 cleri
1527 2170 1694 2225 quam
1717 2158 1799 2206 to-

223 2247 316 2303 tius
332 2247 509 2320 plebis
526 2245 954 2321 (Vigorniensis)
980 2244 1039 2299 in
1062 2245 1185 2315 ejus
1208 2244 1467 2312 (Ulstani)
1500 2241 1792 2297 electione.

218 2335 304 2390 Illo
325 2354 449 2391 vero
476 2335 918 2390 obstinatissime
955 2337 1250 2397 renuente,
1291 2348 1462 2403 seque
1500 2330 1795 2401 indignum

219 2426 558 2488 acclamante,
590 2430 647 2479 et
660 2440 789 2478 cum
810 2427 1161 2478 sacramento
1187 2421 1507 2477 affirmante
1533 2436 1592 2473 se
1620 2419 1795 2472 multo

216 2512 462 2568 libentius
507 2512 865 2568 decollationi
908 2528 1078 2583 quam
1126 2517 1245 2565 tam
1294 2511 1423 2564 altae
1456 2506 1796 2563 ordinationi

217 2602 559 2657 succumbere
603 2602 766 2668 velle,
797 2601 1023 2656 tandem
1055 2617 1090 2654 a
1110 2600 1227 2655 viro
1253 2599 1355 2654 Dei
1382 2598 1554 2653 Vulso
1583 2596 1796 2652 incluso

216 2697 504 2763 conreptus,
535 2690 725 2745 divino
765 2690 933 2744 etiam
956 2689 1181 2744 oraculo
1208 2688 1463 2753 territus,
1481 2686 1797 2741 consentire

217 2795 327 2833 cum
364 2780 611 2834 maximo
654 2778 847 2833 dolore
894 2777 1078 2832 cordis
1128 2776 1451 2848 compulsus
1499 2781 1585 2830 est
1622 2794 1648 2828 ι
1690 2780 1794 2830 etc.

217 2864 476 2921 Eximium
501 2882 633 2920 vero
676 2864 897 2920 Ulstani
939 2865 1192 2931 effatum,
1222 2864 1319 2918 ubi
1347 2868 1592 2917 veterem
1622 2863 1796 2917 eccle-

1875 1806 2072 1854 notum
2104 1804 2189 1853 est
2209 1816 2273 1853 ex
2308 1798 2454 1853 libro
2485 1797 2815 1852 Pontificali.

1950 1891 2042 1944 Ι.ίο
2084 1889 2339 1943 Romana
2378 1889 2538 1953 sedis,
2579 1893 2683 1941 etc.
2717 1889 2889 1957 Cujus
2914 1906 3086 1960 supra
3116 1889 3479 1947 meminimus

1878 1978 1949 2032 ad
1980 1978 2143 2049 epist.
2173 1976 2203 2033 3
2237 1979 2286 2031 1).
2310 1977 2720 2032 Nonnullarum
2766 1975 2944 2049 [eum]
2977 1979 3155 2048 egisse
3186 1996 3480 2034 consecra-

1878 2066 2062 2121 tiones
2090 2065 2473 2129 ecclesiarum,
2504 2071 2673 2137 atque
2711 2064 2860 2120 inter
2887 2065 3025 2120 alias
3070 2067 3485 2126 Romaricensis

1877 2155 2092 2223 (Remis
2117 2154 2311 2209 habita
2339 2155 2592 2227 synodo),
2618 2171 2743 2209 cum
2777 2154 2988 2208 Gallias
3017 2154 3199 2226 primo
3231 2158 3317 2211 sui
3338 2174 3482 2229 pon-

1877 2245 2124 2299 tificatus
2155 2262 2302 2299 anno
2323 2247 2607 2309 lustraret,
2628 2246 3166 2301 testanturAnnales
3195 2248 3482 2304 ecclesias-

1878 2334 1974 2388 tici
2006 2334 2209 2388 Caesar.
2243 2333 2486 2400 Baronii,
2519 2342 2655 2388 tom.
2686 2336 2730 2399 Ι,
2763 2334 2851 2388 ad.
2888 2350 3028 2392 ann.
3072 2334 3224 2392 1049.

1948 2425 2375 2478 Romericensem
2412 2423 2727 2478 Ecclesium.
2771 2423 3128 2478 Romericum
3155 2441 3253 2479 seu
3279 2424 3483 2481 Roma-

1878 2512 2054 2567 ricum
2096 2528 2275 2576 mons,
2318 2510 2474 2565 locus
2520 2511 2667 2565 haud
2708 2511 2897 2582 procul
2930 2529 2965 2566 a
2992 2513 3231 2568 Mosellae
3259 2515 3385 2585 ripa
3423 2515 3481 2569 in

1879 2604 2096 2673 Vogeso
2126 2606 2341 2657 monte.
2378 2599 2433 2654 S.
2466 2600 2793 2654 Romaricus
2837 2600 2974 2655 inibi
3001 2600 3321 2659 cmnobium
3346 2620 3479 2658 san-

1878 2690 2287 2746 ctimonialium
2330 2687 2668 2755 construxit;
2705 2689 2851 2743 unde
2883 2690 3035 2744 locus
3065 2692 3480 2761 estappellatus

1879 2781 2038 2834 Mons
2079 2777 2426 2843 Romaricus,
2469 2781 2526 2830 et
2563 2778 2875 2843 vernaculo,
2911 2777 3179 2832 vocabulo
3216 2786 3481 2850 corrupto

1880 2871 2268 2932 Remircmont,
2301 2866 2462 2937 quasi
2489 2865 2926 2931 Romaricmont,
2950 2866 3226 2921 vocitatur
3253 2874 3310 2923 et
3335 2869 3483 2925 San-

216 2952 341 3009 siam
373 2972 421 3054 ‘a
448 2955 508 3010 S.
542 2954 792 3010 Osualdo
821 2954 1219 3008 exaedificatam
1271 2952 1457 3023 detegi
1495 2969 1559 3006 ac
1605 2950 1795 3058 subfui
1817 2963 1997 3058 colus
2026 2958 2198 3010 Mons.
2233 2955 2408 3009 Multa
2441 2954 2511 3008 de
2551 2954 2605 3009 S.
2650 2955 2944 3009 Romarico
2974 2960 3033 3009 et
3056 2957 3179 3026 ejus
3207 2958 3481 3024 coenobio,

215 3043 563 3115 conspiceret,
601 3044 881 3115 lacrymas
910 3050 1104 3098 tenere
1147 3042 1399 3115 nequivit
1426 3045 1445 3067 "
1474 3041 1621 3096 unde
1649 3057 1684 3095 a
1712 3040 1797 3094 fa-

215 3130 514 3186 miliaribus
538 3132 796 3187 modeste
809 3133 1146 3203 redargutus
1166 3132 1315 3202 quod
1344 3131 1524 3201 magis
1553 3130 1801 3202 gaudere

215 3218 445 3284 deberet,
468 3221 763 3293 respondit
793 3238 804 3272 :
832 3239 858 3273 (ι
877 3222 991 3292 Ego
1020 3223 1186 3292 longe
1206 3220 1371 3275 aliter
1388 3219 1639 3290 intelligo
1652 3218 1800 3290 quod

213 3323 303 3363 nos
330 3310 525 3366 miseri
553 3316 879 3365 sanctorum
911 3327 1083 3382 opera
1110 3309 1473 3376 destruimus,
1527 3315 1591 3364 ut
1641 3307 1801 3364 nobis

214 3395 418 3454 laudem
440 3416 867 3472 comparemus;
889 3416 1001 3455 non
1021 3405 1252 3455 noverat
1273 3400 1373 3455 illa
1399 3399 1645 3454 felicium
1660 3399 1803 3453 viro-

214 3502 326 3542 rum
348 3496 483 3545 aztas
511 3489 860 3561 pompaticas
889 3489 1036 3544 aedes
1059 3495 1385 3545 construere
1404 3489 1500 3544 sed
1530 3489 1632 3543 sub
1661 3506 1802 3560 qua-

214 3573 459 3649 licunque
478 3585 632 3633 tecto
660 3578 811 3649 ipsos
839 3579 955 3633 Deo
973 3579 1286 3647 immolare,
1317 3579 1712 3650 subjectosque
1731 3578 1801 3632 ad

216 3668 517 3738 exemplum
548 3667 875 3735 attrahere;
917 3684 1020 3721 nos
1050 3674 1281 3722 econtra
1309 3669 1546 3723 nitimur
1572 3674 1654 3734 ut,
1685 3667 1802 3721 ani-

216 3767 421 3809 marum
450 3756 807 3826 negligentes
829 3773 1044 3824 curam,
1076 3759 1492 3812 accumulemus
1512 3757 1746 3828 lapides.
1775 3776 1797 3808 ι

213 3841 294 3897 Ita
317 3845 408 3899 ille
436 3845 498 3899 in
540 3845 1026 3901 Malmesburieusi
1070 3845 1165 3900 ubi
1189 3863 1380 3918 supra.
1415 3847 1570 3911 Quod
1599 3846 1805 3919 ponde-

213 3937 345 3997 rent,
367 3950 585 4004 precor,
610 3935 708 4005 qui
732 3935 908 3989 nimia
922 3934 1215 4007 prurigine
1239 3936 1407 4003 (utita
1427 3936 1624 4007 dicam)
1646 3952 1803 3991 occu-

209 4026 404 4088 pantur
432 4029 629 4078 vetera
649 4023 909 4079 abolendi
939 4031 1323 4080 monumenta.

726 4129 800 4167 AD
826 4127 1131 4169 EPISTOLAM
1159 4129 1272 4172 XIII.

272 4198 1015 4258 JoanniNorthmannorum
1026 4205 1447 4275 archiepiscopo.
1467 4204 1805 4260 Northman-

1882 3063 1984 3101 nec
2003 3062 2115 3099 non
2143 3044 2213 3098 de
2244 3044 2446 3099 Sancto
2478 3042 2669 3098 Monte
2702 3044 2860 3113 Hugo
2882 3043 3187 3103 Menardus
3211 3045 3270 3101 in
3297 3046 3483 3102 obse‘r-

1884 3133 2198 3189 vationibus
2215 3132 2286 3187 ad
2308 3132 2773 3204 martyrologium
2788 3133 3212 3189 Benedictinum
3234 3136 3304 3189 ad
3330 3135 3481 3192 diem

1881 3223 1935 3278 8.
1969 3222 2228 3281 Decemb.

1952 3315 2309 3383 Manipulum
2334 3328 2440 3367 esse
2468 3328 2754 3366 commune
2791 3316 3203 3367 ornamentum.
3243 3312 3481 3371 Alcuino

1883 3409 1940 3459 et
1969 3402 2199 3458 Rabano
2226 3400 2542 3456 communis
2563 3405 2647 3454 est
2664 3400 2880 3455 caeteris
2907 3400 3198 3456 ordinibus
3227 3404 3485 3476 manipu-

1882 3493 1990 3558 lus,
2022 3491 2171 3545 velut
2211 3490 2449 3543 amictus
2479 3494 2536 3543 et
2571 3488 2716 3553 alba,
2759 3488 3038 3559 siquidem
3069 3507 3169 3561 pro
3193 3494 3479 3563 mappula,

1884 3598 2007 3653 quae
2029 3579 2258 3633 sinistro
2289 3566 2517 3649 aptatur
2541 3576 2788 3642 brachio,
2827 3577 2895 3632 ad
2920 3578 3232 3634 humorese
3251 3581 3482 3637 naribus

1883 3676 2053 3742 atque
2076 3667 2254 3722 oculis
2269 3666 2578 3722 defluentes
2598 3666 2984 3735 extergendos,
3007 3667 3301 3737 accipitur.
3330 3670 3485 3742 Map-

1883 3759 2092 3830 pulam,
2145 3756 2369 3828 phanon
2414 3770 2513 3808 seu
2551 3753 2783 3807 mantile
2837 3755 3032 3809 dicunt
3080 3755 3163 3810 illi
3202 3763 3483 3828 auctores,

1882 3845 2202 3920 primuslib.
2225 3846 2305 3899 De
2329 3842 2529 3897 divinis
2560 3842 2774 3907 officiis,
2806 3843 2951 3897 alter
2976 3861 3106 3899 vero
3131 3845 3211 3900 De
3239 3846 3481 3902 institut.

1885 3936 2217 3992 clericorum
2257 3932 2352 3986 lib.
2404 3946 2442 3999 Ι,
2471 3948 2589 4002 cap.
2634 3932 2719 3986 18.
2765 3932 2845 3986 De
2877 3933 3165 4004 manipulo
3194 3951 3294 3989 seu
3325 3952 3485 4006 map-

1884 4027 2016 4098 pulo
2059 4021 2358 4095 praedictus
2408 4019 2710 4074 Menardus
2748 4020 3117 4075 Concordiam
3161 4023 3482 4093 regularum

1884 4113 2181 4186 explicans,
2214 4127 2341 4182 pag.
2368 4107 2499 4176 894;
2544 4108 2833 4163 Gavautus
2873 4110 2932 4164 in
2962 4108 3217 4179 rubricas
3244 4110 3484 4166 missalis

1887 4208 2038 4275 part.
2072 4216 2132 4256 ιι.
2154 4199 2243 4254 tit.
2277 4198 2331 4251 1.

211 4300 401 4343 norum
462 4291 715 4363 appellat
752 4293 1239 4366 archiepiscopum
1270 4295 1870 4367 Rothomagensem,D
1958 4293 2142 4349 Solent
2190 4291 2337 4358 ferro
2386 4288 2761 4355 manipulum.
2812 4285 3098 4357 Abrogata
3125 4289 3485 4358 postmodum

206 4391 327 4432 eam
372 4378 445 4433 ob
482 4396 711 4435 causam
743 4380 878 4453 quia
910 4383 1028 4454 juri
1078 4383 1256 4456 ipsius
1300 4385 1521 4440 subsint
1561 4383 1805 4439 universi

203 4464 630 4523 Northmannia:
658 4469 923 4541 episcopi.
951 4472 1029 4525 Eo
1049 4473 1219 4527 etiam
1240 4473 1500 4544 loquendi
1515 4473 1680 4527 modo
1702 4471 1809 4526 uti-

206 4558 294 4608 tur
335 4557 509 4628 epist.
553 4556 641 4614 34.
680 4558 943 4628 Scribcns
976 4561 1291 4616 Domnaldo
1318 4562 1491 4618 totius
1527 4560 1806 4616 Hiberniae

204 4646 660 4717 metropolitano,
683 4646 968 4703 Hiberniae
991 4649 1311 4722 episcopum
1326 4654 1629 4720 nuncupat.
1642 4650 1806 4703 Joano

205 4731 285 4784 nis
310 4739 483 4803 gesta
510 4736 659 4807 stylo
691 4752 794 4791 suo
820 4738 1103 4808 prosecuti
1131 4744 1264 4793 sunt
1291 4738 1573 4793 Guillelm.
1602 4738 1806 4792 Geme—

204 4820 431 4877 ticensis
462 4822 616 4879 Hist.
653 4824 751 4879 lib.
784 4840 882 4892 vn,
925 4843 1047 4899 cap.
1091 4825 1179 4895 38,
1213 4833 1271 4882 et
1298 4826 1392 4881 lib.
1419 4841 1535 4891 vm,
1569 4844 1699 4899 cap.
1738 4830 1802 4895 3;

204 4907 431 4965 Robert.
459 4912 531 4966 de
547 4912 739 4969 Monte
753 4913 812 4968 in
835 4915 1110 4971 Chronico
1131 4933 1236 4984 ms,
1259 4932 1391 4971 ann.
1414 4915 1553 4973 1067
1570 4923 1628 4972 et
1650 4915 1802 4973 1074.

203 4997 308 5053 Sed
337 5000 595 5055 maxime
625 5001 859 5058 0rderic
886 5004 1057 5059 Vital.
1085 5006 1229 5061 Hist.
1267 5005 1363 5060 lib.
1385 5016 1459 5063 IV.
1490 5023 1620 5078 pag.
1652 5005 1754 5064 507
1790 5025 1803 5062 :

206 5104 228 5137 ι
265 5087 526 5144 Joannes
573 5089 646 5145 de
692 5091 826 5146 sede
867 5091 1278 5154 Abrincatensi.
1313 5111 1480 5166 quam
1511 5095 1544 5151 7
1572 5096 1734 5151 annis
1755 5101 1812 5152 et

199 5183 453 5245 quatuor
481 5177 769 5234 mensibus
788 5187 1088 5249 rexerat,et
1119 5184 1584 5255 metropolitanus
1604 5186 1813 5240 Rotho-

200 5265 495 5336 magensis
533 5266 714 5321 factus
742 5274 847 5322 est.
882 5269 984 5324 Hic
1012 5271 1213 5327 ardore
1245 5272 1512 5327 virtutum
1540 5273 1596 5327 in
1628 5274 1811 5328 verbis

201 5354 554 5426 etoperibus
582 5356 970 5429 multipliciter
991 5360 1259 5423 fervebat.
1292 5362 1577 5434 nimioque
1605 5363 1722 5418 zelo
1750 5363 1810 5417 in

199 5442 357 5509 vitia,
410 5449 487 5499 ut
520 5443 763 5502 Phineas
798 5448 1079 5518 saeviebat,
1112 5468 1140 5505 ι
1172 5457 1278 5507 etc.
1309 5451 1483 5506 Plura
1505 5452 1628 5506 vide
1660 5452 1810 5523 apud

198 5532 500 5601 eumdem,
521 5532 617 5590 lib.
650 5550 728 5604 ιν,
750 5537 1002 5611 pag.527
1021 5557 1036 5610 ί
1058 5539 1156 5597 lib.
1176 5558 1231 5611 v,
1245 5557 1375 5614 pag.
1393 5540 1518 5599 551.
1540 5542 1611 5597 Et
1630 5540 1809 5597 Chro-

503 5632 768 5700 ΡΑτιιοι.
797 5636 917 5702 CL.

1886 4381 1995 4437 fuit
2021 4380 2128 4434 ista
2156 4374 2523 4433 consuetudo.
2573 4374 2783 4430 Concil.
2832 4374 3157 4431 Pictavense
3205 4391 3267 4444 II,
3299 4383 3489 4444 354

1887 4469 1992 4525 sub
2030 4467 2285 4524 Paschali
2314 4464 2390 4526 II,
2420 4481 2542 4536 cap.
2578 4464 2608 4519 5
2649 4477 2660 4511 ί
2708 4481 2735 4514 ((
2764 4463 2838 4518 Ut
2887 4480 3053 4518 nemo
3083 4466 3487 4521 monachorum

1888 4558 2148 4630 deinceps
2179 4554 2484 4628 manipulis
2513 4557 2727 4620 utatur,
2754 4550 2861 4606 nisi
2896 4552 3067 4608 fuerit
3112 4553 3490 4611 subdiaconus

1887 4648 2205 4704 ordinatus.
2249 4666 2273 4699 ι

1960 4739 2023 4792 Et
2049 4739 2112 4791 de
2141 4733 2454 4790 ordinando
2478 4732 2826 4787 subdiacono.
2868 4729 3001 4793 Quae
3034 4729 3093 4785 in
3134 4731 3489 4792 ordinatione

1890 4823 2217 4881 subdiaconi
2246 4830 2379 4877 sunt
2400 4819 2737 4893 peragenda,
2771 4818 3033 4890 perdocte
3054 4836 3179 4875 cum
3212 4840 3277 4877 ex
3308 4826 3490 4880 conci-

1891 4915 1999 4979 liis,
2026 4920 2148 4968 tum
2172 4928 2239 4965 ex
2258 4909 2503 4990 antiquis
2525 4906 2944 4963 Patribusidem
2963 4908 3059 4978 qui
3078 4926 3253 4980 supra
3277 4914 3492 4968 Menar-

1891 5006 1995 5060 dus
2036 5002 2095 5057 in
2137 5000 2343 5054 librum
2383 4999 2729 5054 Sacrament.
2763 4995 2829 5050 D.
2868 4995 3125 5067 Gregorii
3145 5015 3323 5070 papae,
3358 5018 3487 5071 pag.

1890 5093 1997 5152 280
2023 5088 2301 5147 edisserit.

1964 5182 2102 5237 Cum
2130 5194 2279 5247 aqua
2304 5176 2532 5230 manili.
2578 5173 2659 5228 De
2697 5189 2855 5244 aqua:
2882 5172 3128 5238 manilis,
3161 5173 3397 5241 urceoli,
3426 5190 3493 5229 ac

1893 5265 2327 5337 mamanutergii
2364 5261 2769 5335 signiﬁcatione
2812 5259 3014 5315 videsis
3042 5261 3325 5326 eumdem,
3370 5262 3492 5318 loco

1893 5361 2082 5426 citato,
2104 5355 2204 5414 281
2219 5395 2231 5409 .

2425 5456 2499 5498 ΑΒ
2518 5452 2814 5495 Εριετοωλι
2840 5451 2955 5492 XIV.

1971 5535 2347 5595 Tcmerariam
2383 5531 2774 5599 superbamque
2813 5526 3195 5595 temeritatem,
3244 5529 3350 5585 etc.
3393 5529 3501 5588 Hic

3174 5629 3251 5692 19
