3864 6176
453 251 562 325 δέη
1662 245 1898 322 DdMNI
1936 244 2156 323 Luce?
2182 249 2527 330 DAcHERIi
2787 246 2791 250 ’
3625 287 3730 348 588

449 389 684 476 ianuae
703 372 925 476 iidelur
951 371 1102 463 quod
1115 369 1489 464 Jbanni'inter
1515 367 1812 445 missarum
1843 389 2107 454 sol'em-A
2123 395 2208 448 sui
2233 394 2425 466 gaudii
2451 397 2674 472 praaripi
2697 371 2970 472 dolentes,
2994 403 3302 476 pontificali
3319 408 3520 467 tameh-
3539 416 3735 470 aucto-

451 467 548 563 iiia
573 481 630 534 in
659 469 892 534 ecclesia
917 479 972 535 S.
994 479 1250 534 Audoeni
1281 479 1572 547 accidit,ut
1599 495 1664 533 ex
1683 479 1864 557 verbis
1895 481 2046 534 hisce
2125 483 2281 539 ritati
2337 467 2564 554 cedunt,
2603 467 2816 546 festivis’
2863 510 2923 548 se
2959 467 3256 552 ornatibus
3305 500 3536 569 equnt,

449 569 797 640 inseq'iIentis
835 569 1084 640 epistola;
1125 569 1360 640 conjicio
1400 570 1791 658 PcrditiSsimw
1817 583 2046 648 congre-
2127 587 2253 627 cum
2293 577 2543 631 tumultu
2593 579 2826 634 ecclesia
2865 584 3252 653 egrediuntur.
3309 587 3432 643 Huc
3474 592 3726 662 quidam,

448 660 717 726 guttam};
753 659 902 730 quod
936 658 1330 713 adnotabimus’
1358 656 1586 712 ibidem.
1620 659 1805 729 Atque
1843 659 1900 712 id
1924 659 2046 729 qui-

447 747 575 802 dem
601 747 896 819 speciatim
924 754 1238 822 coataneus
1257 754 1468 814 auctor,
1496 749 1920 820 respontiiieum
1943 749 2049 802 Ro-

446 837 900 912 thomag'ensium
936 854 1296 908 persequens,
1347 838 1637 909 expressit,
1681 840 1842 908 cujus
1880 837 2046 891 verba

444 928 675 982 tametsi
694 928 915 997 longius
951 929 1251 981 eXeurrunt
1279 943 1392 980 non
1420 927 1519 981 abs
1555 944 1616 982 re
1643 927 1814 982 fuerit
1827 927 2042 982 audire.

2130 677 2259 731 pars
2302 662 2398 718 illo
2448 665 2544 720 alii
2585 669 2695 722 alio
2733 671 3058 740 succedunt,
3109 675 3347 732 im'ieem
3395 681 3452 732 et
3487 679 3559 734 ad
3598 696 3731 738 sues

2129 765 2303 820 snpra
2349 771 2448 808 suo
2491 757 2705 825 pudore
2753 767 3071 830 maerentes,
3105 770 3542 837 conqueruntur.
3585 771 3728 827 Cum

2128 839 2312 896 subito
2341 845 2591 912 quidam,
2617 849 2872 902 muaroris
2902 851 3220 922 impatiens,
3245 855 3476 912 dubium
3497 859 3728 930 quidem

2128 935 2202 982 an
2233 945 2296 984 ex
2329 931 2464 1002 ipsis
2488 935 2570 988 vel
2607 952 2800 990 eorum
2847 939 3092 1008 famulis,
3125 939 3250 1014 plus
3279 945 3500 1014 furoris,
3537 943 3763 1005 minus‘

447 1011 1030 1102 ἓίοὲείιυειιεξδέτξιε,
1107 1090 1175 1102 ._
1237 1090 1290 1102 ,η
1343 1093 1352 1102 ,
1544 1093 1553 1102 .
1617 1089 1662 1102 ..
1722 1089 1761 1102 ..

446 1090 516 1144 De
545 1087 793 1142 tu’multu
809 1091 874 1142 in
899 1088 938 1142 Α
958 1133 969 1144 .
991 1088 1386 1154 Audocnifesto
1402 1087 1488 1141 die
1508 1093 1558 1141 et
1573 1089 1814 1153 abbatz’a,
1831 1105 1932 1156 per
1951 1103 2048 1141 ar-

515 1161 929 1228 chiepiscopum,
960 1165 1192 1228 tempore
1212 1159 1498 1214 Guillelmz‘
1520 1161 2045 1213 Northmannorum

2128 1019 2343 1074 consilii
2371 1023 2588 1077 'animo
2630 1024 2917 1097 colligens,
2966 1031 3169 1086 turrim
3223 1038 3504 1106 prOperat,
3539 1039 3729 1109 majus

2127 1107 2372 1198 ecclesiae
2395 1110 2620 1180 signum
2659 1115 2863 1184 pulsat.
2897 1117 3042 1172 Hinc
3076 1119 3225 1176 foras
3259 1123 3412 1178 ocior
3453 1107 3683 1182 advolat
3711 1150 3724 1198 ;

515 1197 929 1284 ἕᾶδέξὲξσνννωηι
960 1197 1148 1228 ⁰ν”⁶’¹¹“¹’
1167 1197 1191 1212 ν
1212 1197 1497 1214 “°’"”'""""
1520 1197 1619 1213 ""'
1950 1197 2045 1213 ""'
2126 1197 2605 1271 archiepiscopum
2626 1204 2806 1257 sancti
2826 1206 3082 1261 Audoeni
3099 1207 3319 1280 glebam
3350 1213 3418 1266 ad
3451 1215 3730 1285 majorem

512 1302 697 1356 causa
722 1299 831 1355 fuit
850 1300 982 1371 quia
1010 1300 1320 1364 insolitum,
1343 1305 1408 1354 ut
1435 1301 1554 1354 loco
1584 1299 1950 1365 nobilissimo‘
1984 1308 2042 1356 et
2123 1286 2411 1340 ecclesiam
2434 1296 2724 1359 asportare
2744 1293 2883 1346 velle
2909 1297 3237 1364 proclamat.
3266 1301 3578 1358 Prosiliunt
3607 1324 3731 1362 om-

440 1372 510 1444 ab
539 1387 694 1444 omni
725 1406 786 1443 re
830 1405 929 1444 seu
967 1389 1370 1443 consuetudine
1416 1389 1828 1460 archipraesulis
1870 1391 2016 1460 huju:

2121 1390 2220 1428 nes
2247 1391 2276 1429 e
2305 1375 2584 1444 domibus,
2628 1381 2728 1434 alii
2767 1383 3042 1452 gladium,
3066 1385 3124 1440 hi
3161 1385 3481 1458 bipennem,
3513 1393 3730 1450 diversi

437 1477 614 1545 iirb‘is,
641 1469 930 1550 privilegio
953 1479 1138 1532 Caroli
1167 1477 1355 1548 Magni
1386 1477 1560 1532 libero
1589 1479 1660 1532 sit
1687 1479 2033 1545 memoriale,
2120 1463 2270 1572 qugd
2301 1465 2558 1566 Primum
2607 1469 2664 1523 ίῐι
2707 1471 2968 1527 manibus
3023 1485 3362 1545 occurrerat:
3416 1481 3726 1554 arripiant.

439 1584 550 1639 quo
587 1585 646 1622 se
687 1566 934 1639 praebent
980 1583 1082 1620 nec
1111 1567 1171 1620 in
1202 1567 1420 1637 magnis
1443 1567 1758 1622 excessibus
1786 1569 2036 1639 ipsorum
2118 1555 2410 1610 ecclesiam
2435 1573 2563 1612 cum
2611 1559 2800 1615 furore
2833 1563 3176 1635 irrumpunt.
3212 1567 3451 1631 Quidam
3482 1565 3728 1628 curiosi-

435 1647 662 1732 éliquod
681 1655 912 1728 justitim
937 1656 1339 1710 “her-[causa
1363 1661 1484 1710 erat
1518 1657 1650 1728 quia
1677 1657 2030 1724 Guiuelmus,
2115 1647 2234 1698 tate
2263 1646 2372 1698 acti
2403 1647 2582 1702 celata
2618 1652 2944 1706 monasterii
2976 1650 3376 1712 conscendunt.
3400 1659 3724 1734 Arehiepis-

430 1723 950 1801 No’rthmannorum
977 1762 1164 1799 comes
1187 1751 1244 1798 et
1270 1745 1581 1815 Anglorum
1611 1735 1708 1798 rex
1733 1747 2030 1816 gloriosus,
2057 1743 2094 1804 Β
2116 1749 2287 1804 οοΡΠε
2316 1735 2524 1790 Circum
2557 1737 2704 1792 Circa
2745 1739 3048 1796 furentium
3078 1761 3137 1798 se
3173 1748 3378 1801 turmis
3405 1751 3598 1820 appeti
3625 1759 3720 1806 Εἶ-

433 1835 770 1890 Cenomanis
789 1851 917 1888 cum
937 1833 1289 1905 expeditione
1310 1851 1412 1888 sua
1426 1835 2032 1902 morabatur.Aderant

430 1923 483 1978 ei
523 1913 673 1978 inter
709 1923 955 1994 reliquos
985 1939 1244 1994 proceres
1273 1921 1379 1978 iste
1409 1924 1652 1978 Joannes
1691 1924 1838 1978 sedis
1867 1924 2031 1980 istius

429 2011 898 2084 archiepiscopus,
941 2017 1006 2066 ut
1047 2011 1132 2064 vir
1179 2006 1497 2066 excellentis
1543 2013 1778 2081 ingenii,
1823 2019 1878 2068 et
1916 2031 2027 2068 non

427 2095 722 2155 mediocris
761 2100 1000 2155 consilii.
1025 2099 1290 2154 Nicolaus
1326 2117 1548 2171 quoque
1578 2103 1916 2156 reverendus
1937 2104 2030 2157 ab-

424 2185 526 2242 bas
553 2185 855 2259 supradicti
885 2184 1139 2242 cmnobii.
1182 2187 1520 2242 lmmineba‘t
1556 2189 1920 2244 celeberrima
1947 2196 2030 2246 to-

423 2263 609 2348 tisque
638 2265 781 2331 votis
802 2271 1126 2347 excipienda
1149 2276 1486 2330 sanctissimi
1511 2281 1549 2330 Λ
1563 2278 1766 2332 udoeni
1797 2279 1916 2334 dies
1929 2297 2024 2333 na-

421 2365 626 2432 talitia,
653 2372 708 2418 et
737 2364 866 2436 quia
897 2365 1068 2419 moris
1097 2369 1185 2419 est
1221 2371 1280 2419 ut
1311 2366 1762 2438 archiepiscopus
1791 2369 1912 2440 ipsa
1933 2368 2024 2423 die

420 2453 562 2510 inibi
621 2452 920 2508 missarum
970 2454 1244 2508 solemnia
1285 2455 1546 2522 celebret,
1606 2473 1717 2510 non
1759 2474 1860 2528 pro
1907 2458 2024 2512 ulla

421 2531 650 2614 quidem
691 2541 772 2596 vel
804 2541 981 2613 ipsius
1006 2543 1277 2612 jentaculi
1303 2543 1699 2606 vicissitudine,
1733 2545 1828 2598 sed
1861 2547 2018 2616 quasi

415 2633 476 2686 iii
497 2627 1068 2702 recompensationem
1093 2632 1529 2686 consecrationis
1559 2651 1692 2696 suae,
1723 2651 1888 2704 quam
1908 2651 2020 2689 non

415 2709 525 2775 iiisi
553 2721 607 2774 in
623 2721 855 2792 praefata
885 2720 1136 2785 ecclesia,
1171 2721 1328 2790 cujus
1350 2721 1510 2774 sedes
1542 2729 1873 2787 memorata,
1891 2723 2022 2779 licet

415 2811 684 2882 accipere,
732 2809 997 2864 missione
1035 2828 1066 2864 a
1109 2827 1240 2880 rege
1280 2810 1474 2880 petita.
1519 2811 1738 2865 redibat
1779 2814 2014 2880 concite,

413 2895 616 2954 abbate
643 2899 1050 2972 praenominato
1079 2898 1306 2952 interim
1343 2899 1413 2952 ad
1443 2901 1798 2971 occupatiora
1829 2919 2016 2956 roma-

2115 1837 2432 1892 pavescens,
2475 1825 2598 1895 plus
2643 1832 2834 1882 tamen
2883 1829 3126 1902 desuper
3172 1833 3534 1892 imminentes
3587 1847 3718 1895 me-

2111 1916 2296 1972 tuens.
2331 1913 2400 1966 ab
2447 1913 2614 1968 altari
2660 1916 2730 1970 ad
2758 1919 2950 1972 valvas
2989 1923 3317 1977 monasterii
3343 1925 3534 1996 fugam
3566 1931 3715 1984 arri-

2111 1998 2250 2069 puit.
2285 2001 2387 2054 Vix
2425 2003 2648 2074 elapsus
2676 2005 2824 2060 infra
2844 2007 3119 2064 ambitum
3151 2028 3367 2080 earum,
3393 2013 3532 2086 ipsis
3553 2019 3714 2090 prius

2109 2089 2334 2155 clausis,
2367 2107 2426 2144 se
2447 2093 2684 2162 recepit:
2703 2096 2952 2166 undique
2973 2098 3182 2154 circum
3204 2118 3264 2156 se
3283 2103 3480 2158 sedilia
3513 2089 3572 2160 et
3599 2108 3711 2162 for-

2108 2194 2230 2232 mas
2260 2182 2554 2250 aggregari
2571 2183 3200 2243 fecit.Nonnullitamen
3225 2192 3416 2258 355
3435 2196 3616 2264 partis
3631 2198 3712 2268 ip.

2109 2267 2227 2320 sius
2257 2270 2496 2339 arreptis
2525 2271 2892 2340 candelabris,
2925 2276 3100 2330 cereis
3149 2283 3205 2332 et
3231 2282 3478 2350 perticis,
3509 2284 3572 2338 in
3593 2267 3712 2340 mo-

2107 2357 2314 2411 nachos
2335 2359 2570 2426 eiierati,
2595 2362 2692 2414 sed
2713 2359 2784 2415 ab
2814 2363 2892 2417 eis
2925 2380 3035 2418 non
3062 2367 3313 2437 segniter
3341 2373 3559 2444 excepti
3593 2375 3710 2428 Pu-

2105 2444 2201 2498 det
2231 2447 2414 2500 dicere
2445 2464 2612 2518 quam
2655 2449 2800 2504 foedo
2830 2454 3082 2524 exemplo
3122 2471 3213 2510 res
3253 2473 3316 2511 eo
3371 2459 3463 2514 die
3510 2459 3713 2517 debuit

2103 2534 2487 2590 determinari.
2527 2538 2799 2593 Consistit
2831 2539 2968 2595 satis
2995 2543 3118 2613 ipso
3148 2544 3238 2599 die
3277 2548 3544 2604 meritum
3574 2567 3711 2605 san-

2104 2624 2178 2676 cti
2209 2625 2470 2680 omnibus
2499 2627 2760 2688 adfuisse.
2804 2630 2899 2700 qui
2946 2631 3078 2686 hinc
3123 2632 3468 2691 szevientium
3498 2647 3709 2694 manus

2101 2713 2545 2782 comprimendo,
2575 2716 2707 2770 hinc
2742 2719 3158 2792 archiepiscopo
3185 2739 3312 2777 eum
3341 2725 3458 2779 suis
3495 2743 3563 2781 eo
3593 2730 3712 2783 exi-

2103 2803 2306 2856 mendo
2342 2803 2607 2873 periculo,
2652 2809 2876 2861 tantam
2933 2803 3090 2864 nefas
3137 2825 3248 2866 non
3287 2827 3456 2884 parvo
3482 2815 3706 2872 ennctis

2099 2890 2373 2946 miraculo
2414 2895 2600 2964 potuit
2649 2901 2921 2952 avertere.
2958 2899 3098 2952 Nam
3127 2905 3288 2956 tanta
3315 2898 3502 2958 subito
3530 2907 3704 2962 nubis

411 2992 610 3048 neme.
653 2989 799 3054 Quid
845 2989 1052 3060 plura?
1099 2988 1260 3042 adest
1303 2987 1424 3042 dies
1453 2989 1790 3055 veneranda,
1823 2992 2014 3048 clerici
2052 3058 2062 3060 Α
2096 2979 2274 3050 caligo
2301 2979 2357 3034 id
2385 2983 2629 3052 spatium
2659 2987 2965 3040 sanctuarii
3009 3005 3118 3059 quo
3167 2990 3332 3045 loculi
3370 3001 3705 3052 sanctorum

410 3066 642 3150 majoris
669 3074 914 3133 ecclesia,
943 3079 1108 3134 somo
1139 3097 1202 3132 9,,
1233 3080 1592 3148 conveniunt,
1625 3087 1680 3133 et
1700 3080 1832 3150 quia
1868 3099 2012 3152 pm-
2038 3058 2080 3118 C
2099 3070 2530 3125 continebantur
2561 3072 2821 3142 obtinuit,
2872 3078 2938 3130 ut
2987 3077 3078 3130 vix
3119 3079 3202 3132 vel
3233 3078 3522 3136 oculorum
3575 3081 3702 3141 acie

410 3168 584 3222 misso
635 3156 836 3221 nuntio
881 3173 1182 3221 venturum
1235 3183 1294 3221 se
1343 3169 1726 3232 mandaverat,
1761 3168 2011 3223 solemne
2093 3158 2298 3230 corripi
2348 3163 2612 3231 Pomel'it-
2669 3163 2772 3217 Rei
2827 3167 3086 3236 congruit
3131 3167 3488 3224 Υηίνίίιτοίιιιη·
3547 3171 3704 3237 Qnia

407 3257 712 3310 missarum
737 3256 965 3310 interim
993 3256 1268 3310 differtur.
1299 3257 1436 3310 Post
1467 3255 1794 3327 aliquandiu
1823 3274 1952 3311 vero
1982 3275 2012 3312 e
2097 3247 2246 3301 οῖ]ῖηῖ
2269 3265 2440 3303 sacrm
2462 3250 2762 3321 Scriptum?
2791 3251 3022 3308 diV'el‘SiS
3060 3255 3118 3308 ίη
3165 3256 3300 3310 Ῑοοίδ
3338 3273 3486 3312 nunc
3516 3259 3704 3316 delin-

409 3344 695 3398 communi
719 3343 974 3407 consilio,
995 3361 1066 3398 ne
1081 3344 1215 3414 quid
1229 3349 1398 3398 tantae
1425 3343 1535 3396 diei
1563 3343 2006 3403 subtraheretur.
2097 3338 2387 3406 quentium
2416 3340 2651 3406 cmCitaS,
2672 3357 2821 3395 nunc
2841 3341 3066 3397 Domini
3089 3347 3360 3415 Ρΐοῐθοῑίο
3391 3348 3695 3418 ﬁguratur,

409 3430 542 3487 ‘dum
572 3433 778 3508 veniat,
800 3433 1078 3486 initiatur.
1111 3433 1290 3486 Tanta
1315 3449 1444 3486 vero
1474 3433 1820 3501 morositate,
1853 3441 2011 3490 tanta
2088 3425 2218 3494 iure
2256 3427 2361 3481 hoc
2388 3427 2445 3481 in
2483 3429 2606 3499 ipsa
2640 3429 2788 3484 ηυδε
2812 3431 3283 3502 Prmtendebatur.
3319 3435 3460 3490 Hinc
3488 3449 3700 3508 nempe

490 3503 697 3576 factum
728 3529 814 3576 est
841 3521 1154 3587 devotione,
1190 3525 1254 3576 ut
1272 3538 1386 3576 non
1415 3522 1619 3576 mirum
1648 3523 1780 3576 totis
1807 3523 2011 3579 animis
2092 3513 2496 3570 insensibiliter
2521 3517 2828 3573 furentium
2859 3520 3134 3588 nubilum,
3180 3524 3335 3578 velut
3380 3526 3570 3580 fumus
3609 3543 3704 3583 as-

403 3606 622 3666 hos'te'm
661 3611 885 3680 generis
923 3609 1158 3664 humani
1199 3610 1268 3664 ad
1318 3611 1462 3664 hanc
1489 3611 1744 3666 laetitiam
1774 3611 2008 3667 turban-
2092 3604 2352 3669 centiens.
2385 3606 2583 3662 diVina?
2601 3609 2800 3677 gratia!
2820 3625 3081 3664 serenum
3103 3611 3387 3666 turbabat.
3412 3615 3555 3669 Hinc
3575 3631 3702 3671 ma-

403 3695 534 3754 iiam
563 3701 858 3770 exarsisse,
889 3699 986 3770 qui
1014 3699 1257 3754 maximo
1283 3699 1388 3753 sibi
1411 3701 1565 3754 lucro
1597 3701 1832 3755 credidit
1856 3719 2007 3757 acce-
2089 3707 2225 3746 num
2257 3693 2478 3748 Domini
2502 3704 2662 3751 reatu
2693 3697 2941 3768 ipsorum
2972 3698 3043 3753 ad
3071 3699 3383 3756 feriendum
3416 3717 3698 3773 provoca-

402 3781 556 3854 dere,
583 3789 663 3844 sic
681 3789 818 3842 illud
845 3805 1058 3842 veneno
1087 3805 1201 3844 suae
1229 3789 1490 3860 nequitiae
1527 3795 1750 3860 tempus
1778 3791 2006 3846 inﬁcere
2087 3788 2203 3835 tam
2231 3789 2458 3837 sanctus
2487 3785 2790 3840 Αυάοοηυε
2815 3787 3032 3842 meritis
3057 3788 3172 3842 Silis
3193 3793 3537 3862 protegendo
3549 3809 3695 3849 con-

407 3871 560 3950 quod
593 3877 821 3932 interim
867 3875 973 3931 sibi
1021 3877 1246 3932 dolebat
1291 3878 1564 3948 deperire.
1597 3879 1780 3934 Finito
1810 3879 2000 3951 itaque
2085 3869 2318 3926 tinebat.
2353 3871 2510 3927 Dicto
2539 3873 2680 3928 nihil
2711 3873 2964 3946 subrepit
2993 3877 3140 3946 quod
3170 3878 3504 3949 refragetur.
3533 3883 3694 3938 Tan-

403 3967 606 4022 clez'son
634 3984 760 4022 cum
791 3965 1008 4022 duobus
1046 3966 1326 4039 rhythmis
1361 3972 1554 4021 exacto
1593 3969 1781 4022 Gloria
1812 3972 1874 4023 in
1915 3987 2001 4024 ea:-

2115 3972 2200 4012 um
2223 3959 2366 4014 ratio
2394 3960 2518 4031 ipsa
2537 3977 2572 4016 a
2594 3967 2713 4016 toto
2739 3963 2988 4034 pendens
3015 3963 3375 4036 suifragatur.
3408 3969 3524 4039 Ipsi
3547 3987 3692 4027 sane

405 4059 557 4112 celsis
585 4059 709 4122 υεο,
759 4057 906 4128 quod
955 4055 1260 4127 inemptum
1299 4055 1369 4110 ab
1408 4056 1610 4110 abbate
1638 4057 1878 4112 Ricardo
1907 4059 2004 4113 Sa-
2083 4049 2245 4118 cujus
2266 4048 2537 4119 patientia
2581 4051 2656 4104 sit
2683 4050 2990 4106 altissimus
3016 4053 3284 4118 redditor,
3316 4057 3604 4114 aestimare
3626 4061 3693 4116 li-

399 4135 581 4217 giensi
610 4142 812 4200 chorus
829 4143 1190 4200 celeberrime
1210 4146 1394 4200 fuerat
1409 4151 1702 4200 exsecutus
1730 4163 1858 4200 cum
1887 4147 2002 4202 lau-

2115 4137 2307 4200 uisset,
2331 4139 2408 4204 ni,
2443 4155 2502 4192 se
2540 4139 2599 4192 in
2629 4157 2731 4194 sua
2755 4141 3066 4212 pertinacia
3091 4144 3405 4211 continens,
3439 4163 3474 4200 a
3505 4150 3692 4204 consi-

403 4233 569 4307 dibus
597 4235 748 4297 suis;
782 4233 839 4287 id
867 4250 997 4288 vero
1026 4239 1207 4288 totum
1242 4233 1660 4304 expendebatur
1677 4233 1737 4287 in
1767 4241 2002 4305 Ριοεῃειο-
2082 4223 2372 4280 derationc
2407 4226 2644 4282 rationis
2669 4228 2923 4282 animum
2953 4239 3284 4286 revocasset.
3320 4233 3429 4288 Sed
3469 4235 3692 4291 animo-

383 4300 610 4377 llatione
639 4321 1065 4393 archipraesulis.
1099 4321 1239 4377 Ecce
1271 4300 1533 4388 accurrit,
1561 4329 1621 4376 ut
1653 4322 1816 4377 turbo
1855 4328 1998 4378 tem-
2016 4345 2063 4396 λ
2081 4313 2264 4368 Sitatis
2296 4317 2416 4386 ejus
2447 4317 2776 4372 animOSitaS
2805 4334 2917 4372 non
2942 4319 3159 4374 destitit
3186 4337 3251 4374 eo
3283 4337 3460 4393 usque
3493 4335 3606 4396 (λυο
3627 4316 3688 4380 Se

397 4411 637 4484 pestatis
657 4373 881 4464 omnem
909 4411 1255 4464 confundens
1273 4409 1426 4464 illius
1444 4409 1684 4480 gratiam
1706 4411 1999 4466 celebrita-
2016 4373 2064 4432 Β
2081 4402 2350 4458 invehens
2375 4404 2431 4458 ίῐι
2458 4423 2538 4473 se,
2567 4407 2732 4461 ίῐτυίῖ
2757 4405 2816 4460 in
2839 4424 2918 4461 εει

401 4495 496 4552 tis.
530 4495 632 4552 Hic
659 4502 903 4569 namque
931 4503 1110 4552 totam
1125 4500 1328 4553 mentis
1348 4498 1789 4569 indignationem
1813 4502 2000 4556 animo

403 4584 720 4656 concipiens
751 4587 894 4656 quod
919 4603 1031 4640 non
1059 4603 1237 4657 usque
1262 4604 1482 4658 quaque
1509 4587 1694 4642 fuerat
1715 4597 2000 4661 exspecta-

376 4679 514 4741 .tus,
539 4675 710 4730 torvis
739 4675 913 4730 oculis
939 4692 1034 4730 ore
1070 4675 1372 4730 furibundo
1425 4673 1639 4732 cunctis
1685 4679 1995 4744 maledixit,

402 4759 814 4834 conversusque
826 4763 1058 4836 adipsos
1085 4765 1388 4818 monachos
1403 4767 1906 4824 excommunicavit
1935 4785 2000 4822 ex

401 4853 737 4906 auctoritate
771 4851 868 4905 Dei
889 4857 944 4906 et
967 4868 1090 4921 sua,
1122 4850 1366 4904 ofﬁcium
1397 4851 1996 4922 praesensinterdicens

397 4933 618 4996 cessare
653 4939 800 4996 fecit.
829 4937 1102 4994 Abbatcm
1125 4939 1194 4993 ab
1223 4940 1388 4994 altari
1412 4942 1652 4996 evellens
1672 4943 1728 4996 di
1741 4944 1845 4997 :ini
1879 4945 1996 4999 ofﬁ-

392 5030 547 5086 ‘eium
575 5029 874 5084 ministerii
901 5027 1205 5102 prohibuit.
1231 5027 1357 5100 Ipse
1386 5029 1456 5083 ad
1474 5030 1864 5102 complendum
1877 5033 1994 5088 oili-

395 5121 545 5176 cium
577 5137 636 5174 se
667 5124 978 5190 praeparat;
1000 5119 1216 5173 clericis
1245 5118 1361 5174 suis
1385 5124 1448 5172 ut
1475 5135 1509 5172 a
1535 5119 1656 5174 loco
1679 5120 1991 5195 intercepto

391 5203 730 5282 peragerent
755 5208 1012 5278 imperat.

464 5299 616 5353 Nihil
663 5298 755 5351 hic
789 5293 1138 5350 reticendum
1165 5296 1284 5350 fore
1310 5297 1648 5363 censuimus,
1679 5299 1826 5370 quod
1853 5299 1987 5354 dum

388 5387 559 5443 alteri
581 5387 730 5458 parti
757 5387 991 5440 favendo
1021 5385 1460 5452 dissimulamus,
1493 5387 1654 5440 alteri
1681 5394 1864 5442 totum
1892 5387 1986 5444 de-

383 5477 636 5549 rogando
659 5477 938 5548 imputare
972 5475 1283 5530 videamur.
1320 5475 1520 5530 Verum
1552 5476 1679 5530 falsi
1707 5477 1982 5549 astipula-

2153 4494 2334 4564 lgitur
2363 4494 2664 4550 vieeeomes
2697 4497 2936 4552 civitatis
2959 4497 3440 4572 archiepiscopum
3469 4504 3551 4557 sic
3583 4504 3691 4559 cir-

2082 4590 2415 4639 conventum
2457 4585 2521 4640 ut
2564 4585 2810 4656 agnovit,
2847 4586 3056 4641 veritus
3085 4603 3155 4643 ne
3197 4589 3332 4660 quid
3363 4581 3688 4648 inconsulto

2083 4672 2348 4728 adversus
2373 4674 2558 4744 ipsum
2596 4682 2880 4744 ageretur,
2911 4682 2967 4730 et
2993 4677 3114 4748 ipse
3145 4675 3272 4748 post
3298 4695 3368 4733 ne
3399 4697 3688 4752 arguere-

2080 4767 2192 4828 tur,
2223 4762 2527 4816 militarem
2559 4780 2789 4818 manum
2819 4765 2984 4836 cogit,
3019 4767 3168 4837 regis
3211 4763 3461 4823 bannum
3491 4771 3686 4826 omni-

2081 4850 2185 4904 bus
2213 4853 2528 4922 praetendit,
2553 4854 2840 4924 suppetias
2867 4855 3128 4909 accurrit.
3151 4855 3272 4910 Jam
3296 4859 3376 4911 nil
3395 4859 3687 4916 reluctan-

2077 4943 2213 5006 tem,
2248 4939 2358 4993 imo
2388 4940 2611 5010 penitus
2632 4941 3000 5007 diffidentem,
3027 4945 3274 5016 periculo
3305 4939 3522 5002 eximit.

2145 5028 2369 5082 Fratres
2416 5029 2474 5082 in
2514 5029 2821 5083 crastinum
2862 5029 2930 5084 de
2977 5029 3094 5085 suis
3125 5030 3358 5102 eligunt,
3391 5033 3496 5102 per
3531 5051 3681 5107 quos

2071 5115 2262 5172 abbati
2290 5131 2390 5172 suo
2421 5118 2566 5188 quod
2597 5117 2806 5171 factum
2852 5117 3035 5172 fuerat
3071 5117 3466 5186 innotesceret,
3500 5131 3558 5176 et
3577 5123 3676 5178 re-

2068 5223 2194 5278 gem
2237 5221 2406 5277 super
2443 5207 2548 5260 hoc
2584 5209 2952 5276 suggestums
2988 5205 3190 5261 adiret.
3235 5209 3344 5262 Sed
3382 5210 3676 5283 archiepi-

2069 5295 2220 5368 ερορί
2246 5295 2478 5350 nuntius
2507 5297 2886 5366 praecesserat,
2908 5295 3173 5350 invidiam
3198 5310 3423 5352 omnem
3455 5295 3515 5354 in
3539 5315 3673 5356 mo-

2067 5387 2276 5440 nachos
2305 5389 2626 5439 retorserat.
2656 5385 2746 5439 Sic
2783 5383 2988 5439 infecto
3014 5385 3239 5456 negotio
3276 5387 3524 5442 reditum
3555 5395 3666 5445 est.

2065 5477 2205 5543 Rex,
2243 5476 2374 5530 licet
2399 5480 2529 5548 post
2562 5472 2738 5545 ipsius
2768 5472 3171 5546 archiepiscopi
3199 5481 3256 5530 et
3284 5471 3666 5548 quorumdam

369 5543 532 5622 tibiis
576 5553 690 5620 ἔιοῇ
725 5543 958 5635 indiget.
991 5555 1243 5632 Fratres,
1271 5563 1378 5619 etsi
1407 5560 1667 5620 decorem
1697 5565 1804 5620 sibi
1819 5543 1978 5625 tanti
2059 5565 2372 5623 aulicorum
2399 5543 2704 5632 "instinctu,
2755 5543 2978 5620 ammo—
2999 5563 3059 5619 in
3110 5543 3416 5621 monac—hds
3443 5559 3659 5638 ωοὲῆς,
