3902 6166
260 259 369 320 589

1314 266 1389 318 IN
1432 263 1655 318 EPIST.
1697 265 1760 319 B.
1804 263 2216 316 LANFRANCI
2257 263 2487 318 ΝΟΤᾹΞ.

3433 259 3538 326 590

259 403 378 438 rem
408 392 600 439 tamen
641 404 705 439 ex
749 403 906 456 ωειυο
955 404 1216 455 pensans,
1263 388 1392 440 hinc
1433 389 1859 440 immmleratam
1879 392 1925 447 A
1949 389 2150 440 nedum
2171 388 2622 455 religiosismefas
2646 390 3077 444 csttuendorum
3104 398 3292 456 3356
3311 394 3541 463 privile-

258 476 666 544 arrogantiam,
721 476 848 528 hinc
897 476 1274 528 intonsultum
1335 479 1637 530 tumultum
1693 477 1860 545 justis

257 563 696 617 liberationilms
732 565 1140 634 prmponderat.
1179 565 1343 618 Jubet
1373 567 1542 632 igitur
1573 567 1859 617 ecclesian'i

257 655 452 706 statim
484 653 553 706 ab
572 655 988 723 ﬂI‘Cilit‘l'IiStNIPO
1012 655 1544 717 reconciliari.Quod
1569 672 1692 706 cum
1726 654 1861 706 satis

256 742 403 794 irato
437 749 492 794 et
533 743 832 795 reluctanti
888 742 1075 795 animo
1124 742 1415 802 abnueret.
1457 760 1550 794 rex
1605 742 1861 795 Michaeli

258 831 518 900 episcopo
551 831 942 884 Abrincacensi
987 831 1092 884 loci
1131 833 1638 884 reconciliationem
1670 831 1861 899 injun—

257 920 358 978 xit,
390 920 665 989 pudorem
697 938 825 973 vero
858 937 1042 983 suum,
1085 921 1140 974 in
1171 922 1357 974 futuro
1387 921 1685 973 vindictam
1721 937 1862 989 prze-

256 1007 518 1073 tendens,
569 1009 957 1062 dissimulavit.
1017 1010 1272 1073 Quatuor
1324 1010 1497 1078 igitur
1563 1011 1863 1062 monachos

257 1096 388 1160 loci,
412 1115 552 1167 quos
576 1105 630 1150 et
649 1098 900 1151 factionis
918 1105 1172 1152 auctores
1193 1100 1708 1159 audicrat,totidem
1734 1099 1865 1150 alio-

261 1201 388 1238 rum
415 1187 794 1240 cmnobiorum
829 1188 1122 1241 abbatibus
1173 1188 1452 1240 commisit
1487 1194 1763 1257 quatenus
1807 1193 1862 1238 et

260 1275 652 1344 achiepiscopo
685 1277 1050 1341 satisfaceret,
1105 1283 1159 1328 et
1189 1278 1270 1329 illi
1304 1278 1362 1329 in
1412 1277 1861 1347 peregrinatione

261 1381 365 1416 sua
394 1364 616 1417 luerent
647 1365 793 1433 quod
844 1366 1028 1418 minus
1072 1367 1312 1419 consulti
1358 1374 1700 1435 peccassent.
1738 1366 1861 1417 Non

261 1455 439 1504 multo
473 1459 598 1522 post
627 1461 838 1516 tamen,
878 1462 931 1507 et
961 1456 1193 1507 rationis
1215 1456 1659 1507 consideratione
1689 1462 1738 1506 et
1765 1472 1861 1523 pc-

257 1541 370 1593 titu
401 1542 622 1594 abbatis
664 1543 912 1613 ipsorum
955 1547 1146 1602 flexus,
1178 1545 1231 1595 in
1277 1545 1629 1612 j‘ii‘zesentiam
1664 1543 1747 1594 sui
1771 1559 1864 1594 eos

261 1633 563 1692 revocavit,
590 1639 644 1683 et
683 1632 940 1684 Ecclesia:
971 1633 1356 1684 reconciliatos
1391 1633 1650 1684 reddidit.
1687 1631 1748 1683 In
1777 1631 1860 1682 his

1941 478 2160 544 giorum
2193 477 2393 546 gratia,
2423 477 2690 529 violentas
2719 493 2916 531 manus
2937 483 3153 547 (contra
3187 481 3540 552 Psalmogra-

1943 567 2036 634 phi
2073 572 2441 636 prteceptum:
2470 567 2646 618 Nolite
2679 572 2896 633 tangere
2929 572 3166 622 Christus
3189 575 3536 638 77100.?)(1’301.

1944 669 2045 717 CIV,
2080 655 2157 714 15)
2192 656 2248 707 in
2295 661 2490 708 unctos
2539 656 2778 719 Domini,
2822 658 3108 728 episcopos
3137 660 3396 729 injicere;
3443 664 3541 732 qui

1945 744 2013 796 ab
2044 745 2327 813 Apostolo,
2356 761 2455 814 per
2477 747 2942 808 antonomasiam,
2971 748 3212 801 ministri
3236 751 3466 815 Christi,
3485 758 3542 806 et

1945 834 2360 904 dispensatores
2405 833 2798 902 mysteriorum
2842 835 2941 887 Dei
2975 837 3025 901 (Ι
3055 840 3175 889 Cor.
3219 853 3289 903 Iv,
3330 838 3398 905 'l),
3435 841 3542 894 hoc

1946 930 2026 974 est
2057 923 2490 992 praedicationis,
2545 922 2839 975 sacerdotii
2884 929 2938 975 et
2984 925 3220 979 aliorum
3254 945 3542 982 sacrorum

1945 1012 2202 1063 ordinum
2252 1019 2330 1072 tut
2377 1011 2487 1063 fert
2515 1012 2702 1080 glossa
2732 1011 2797 1064 Β.
2854 1013 3162 1074 Lanfranci)
3196 1033 3542 1072 successores

1946 1107 2076 1152 sunt
2107 1101 2507 1170 apostolorum,
2542 1101 2821 1170 principes
2855 1103 3129 1164 Ecclesiae,
3166 1107 3372 1175 angeli,
3401 1105 3501 1161 dii.

2017 1193 2156 1255 Quid.
2212 1205 2296 1242 t'os
2347 1192 2597 1250 oderunt,
2649 1195 2693 1241 et.
2754 1193 3198 1257 capro/utrcrmzt,
3247 1199 3538 1260 «jcccrunft.

1945 1277 2276 1346 Quanquam
2315 1278 2574 1346 superius
2603 1277 2835 1330 dixerim
2871 1281 3171 1332 monachos
3199 1282 3255 1334 S.
3285 1284 3541 1337 Audoeni

1945 1372 2174 1432 tangere
2197 1367 2372 1419 hacin
2407 1367 2639 1435 epistola
2667 1366 2728 1418 Β.
2763 1368 3155 1433 Lanfrancum,
3179 1371 3545 1425 nihilominus

1946 1455 2255 1525 presbyteri
2301 1455 2391 1525 qui
2441 1457 2711 1508 Joannem
2744 1456 3225 1527 archiepiscopum
3265 1461 3544 1529 lapidibus

1947 1545 2230 1612 appetierc
2263 1551 2499 1612 possunt
2526 1544 2762 1611 intelligi
2789 1564 2799 1608 ς
2836 1547 2979 1613 quod
3005 1547 3188 1615 prodit
3221 1548 3542 1612 ()rdericus,

1944 1633 2046 1689 lib.
2087 1647 2155 1697 1v,
2190 1651 2242 1702 p.
2293 1631 2391 1685 507
2425 1651 2434 1684 :
2477 1653 2497 1681 α
2551 1631 2790 1685 Multum
2832 1643 3024 1686 contra
3071 1635 3383 1704 impudicos
3423 1655 3546 1707 pre-

262 1719 524 1772 omnibus
547 1737 770 1790 semper
791 1723 933 1790 apud
963 1722 1144 1790 ipsum
1165 1729 1390 1774 cautum
1408 1721 1619 1774 exstitit
1641 1738 1707 1781 ue
1731 1721 1860 1789 quid
1882 1706 1925 1764 Β
1946 1719 2200 1789 51))’ῐοΡο8
2231 1738 2330 1790 pro
2371 1721 2686 1772 auferendis
2722 1720 3009 1789 pellicibus
3050 1722 3323 1776 laboravit
3357 1725 3549 1790 (Joan-

265 1806 369 1859 sibi
408 1807 882 1878 archiepiscopus,
923 1810 1080 1879 quasi
1116 1809 1218 1862 sub
1250 1809 1624 1862 ecclesiastico
1657 1809 1861 1876 vigore,

261 1896 319 1949 in
348 1897 531 1950 causis
555 1893 722 1966 hujus
750 1897 995 1950 ecclesiae
1027 1899 1708 1966 insolenterarrogaverit.
1747 1897 1864 1948 lino

217 1993 562 2055 'postquam
619 1987 669 2038 ei
716 1988 942 2055 gemino
999 1988 1233 2040 fratrum
1294 1989 1617 2040 eorumdem
1676 1987 1866 2038 exsilio

267 2075 561 2132 satisfecit.
595 2091 712 2127 rem
744 2076 799 2128 in
833 2077 1126 2128 consilium
1157 2076 1331 2146 ponit,
1368 2076 1664 2128 concilium
1696 2075 1864 2143 cogit,

266 2163 410 2231 quod
457 2163 743 2216 abbatiam
791 2181 948 2216 suam
980 2165 1124 2217 irato
1165 2171 1220 2216 et
1267 2165 1647 2217 tumultuante
1680 2163 1868 2215 animo

262 2251 553 2316 intrasset,
590 2254 734 2322 quod
771 2253 944 2304 turbae
969 2270 1137 2305 causa
1170 2259 1224 2304 et
1257 2253 1493 2305 materia
1541 2252 1861 2315 exstitisset,

267 2341 412 2405 quod
444 2341 552 2393 loci
585 2342 1095 2394 reconciliationem
1133 2341 1236 2394 sibi
1269 2343 1620 2409 denegasset,
1655 2341 1866 2408 judicio

263 2431 572 2499 primatum
606 2445 835 2482 suorum
879 2438 1159 2484 trecentas
1209 2431 1380 2483 libras
1414 2431 1622 2498 exegit.
1671 2429 1864 2481 Delicti

273 2519 406 2570 satis
443 2519 549 2571 hac
576 2519 822 2572 vindicta
851 2521 1191 2584 exsolvisset,
1301 2520 1494 2572 intime
1533 2519 1662 2571 facti
1694 2518 1868 2589 pteni-

271 2608 492 2670 tuisset,
537 2609 874 2678 Dominique
924 2610 1253 2679 patientiam
1315 2627 1424 2662 non
1476 2609 1863 2676 negligentiam

269 2703 545 2766 putasset.
583 2697 691 2751 Sed
723 2698 895 2750 animi
924 2715 1236 2762 rancorem,
1273 2715 1372 2751 nec
1401 2706 1589 2750 tamen
1621 2698 1864 2766 primum

264 2788 535 2840 adversus
585 2786 642 2839 S.
689 2787 939 2840 Audoeni
984 2789 1289 2841 comobitas
1336 2792 1644 2856 acceperat,
1681 2787 1870 2838 ethoc

264 2875 425 2926 modo
461 2875 647 2944 potuit
678 2876 862 2945 potius
893 2878 1220 2945 exaggerari
1252 2894 1417 2946 quam
1464 2876 1643 2928 leniri.
1678 2874 1867 2926 Trium

264 2977 543 3016 annorum
578 2965 820 3034 Spatium
853 2966 1135 3017 evolutum
1168 2973 1306 3030 erat,
1334 2971 1388 3017 et
1420 2981 1643 3034 semper
1681 2963 1868 3032 repul-

1948 1825 2062 1866 nes;
2105 1828 2113 1859 :
2153 1827 2185 1861 a
2219 1809 2420 1878 quibus
2447 1810 2579 1862 dum
2611 1811 2669 1861 in
2712 1809 2922 1879 synodo
2958 1810 3295 1864 concubinas
3331 1813 3410 1865 eis
3439 1813 3542 1866 sub

1949 1898 2305 1950 anathemate
2325 1898 2664 1968 prohiberet,
2692 1898 2969 1967 lapidibus
2992 1916 3287 1968 percussus
3306 1902 3544 1970 aufugit,

1947 1986 2280 2056 fugiimsque
2335 1987 2403 2038 de
2443 1987 2696 2046 ecclesia,
2749 1989 2886 2039 Deus
2945 1995 3212 2040 venerunt
3250 1996 3429 2056 gentes
3484 1994 3548 2043 in

1953 2076 2315 2127 llt't’lY'l’flalt’lll
2346 2082 2498 2127 tuam
2525 2078 2686 2148 {PsaL
2719 2089 2943 2138 LXXVIII,
2973 2076 3050 2145 1),
3098 2077 3318 2131 fortiter
3345 2079 3550 2132 clama-

1950 2165 2046 2217 vit.
2083 2182 2109 2216 ιι

2488 2271 2556 2306 ΑΙ)
2589 2269 2885 2308 EPISTULA}!
2920 2272 2987 2306 XV
2996 2295 3006 2306 .

2022 2344 2158 2394 Peri!
2167 2341 2282 2392 irixx
2291 2344 2361 2391 im
2370 2359 2411 2392 :1:
2430 2343 3421 2413 congregatim1's.Congregationem,
3445 2347 3550 2400 hoc

1949 2432 2067 2483 loco
2102 2431 2402 2482 monachos
2435 2431 2610 2483 sancti
2642 2431 2893 2484 Audoeni
2918 2432 3076 2485 innui
3105 2433 3360 2500 videtur;
3388 2451 3548 2505 quos,

1950 2520 2133 2572 laxata
2155 2521 2464 2572 monastica
2502 2521 2816 2589 disciplina,
2855 2521 3228 2575 dissolutioris
3266 2523 3386 2576 vitae
3428 2534 3551 2577 tum

1953 2610 2229 2662 exstitisse
2275 2619 2606 2676 argumento
2659 2616 2743 2662 est
2792 2610 3089 2663 subsecuta
3117 2612 3351 2664 coenobii
3383 2615 3553 2666 refor-

1952 2699 2127 2750 matio
2160 2697 2261 2750 sub
2292 2699 2527 2766 Ilelgoto
2558 2699 2790 2752 Cadomi
2839 2701 3042 2769 priore.
3079 2700 3294 2753 Nicolai
3325 2715 3548 2754 succes-

1955 2803 2076 2838 sore
2105 2805 2115 2850 ;
2149 2788 2293 2855 quod
2332 2789 2615 2840 memoria:
2647 2789 2893 2858 prodidit
2943 2789 3216 2840 Robertus
3247 2789 3314 2841 de
3358 2790 3550 2843 Monte

1953 2873 2008 2924 in
2044 2875 2318 2927 Chronico
2353 2894 2454 2932 ms.
2505 2886 2628 2946 post
2676 2877 3040 2946 appendicem
3073 2879 3143 2931 ad
3185 2879 3548 2947 Sigibertum,

1953 2960 2181 3014 abbates
2212 2981 2506 3017 recensens
2538 2966 2861 3018 monasterii
2899 2967 3180 3035 praedicti;
3215 2970 3314 3020 llic
3337 2971 3556 3039 (Helgo-

266 3068 384 3104 sam
419 3053 507 3105 sui
551 3053 798 3106 dolorem
845 3055 1109 3107 continuo
1140 3071 1325 3106 secum
1360 3052 1709 3118 corrodebat,
1744 3019 2062 3116 con-ctus)
2096 3053 2340 3104 ordinem
2373 3056 2696 3107 cnicndarit.

260 3142 484 3208 gruenti
525 3155 659 3194 sane
705 3143 955 3211 exemplo
995 3159 1322 3212 suspensus,
1360 3142 1509 3193 velut
1540 3139 1869 3209 evangelica:

263 3227 412 3280 illitis
452 3231 710 3282 ficulnea)
735 3229 1125 3284 fructus.unde
1156 3232 1235 3283 sic
1264 3232 1518 3300 quaedam
1552 3234 1870 3299 exspectata

261 3317 439 3370 tribus
471 3320 719 3371 fructum
753 3336 860 3371 non
894 3320 1085 3372 attulit
1113 3320 1297 3373 annis.
1335 3322 1472 3372 Cum
1498 3326 1623 3388 post
1654 3319 1707 3370 id
1731 3324 1869 3370 tem-

262 3407 430 3474 poris,
460 3408 730 3460 redeunte
755 3410 949 3462 eadem
974 3410 1294 3474 festivitate,
1330 3410 1521 3480 paucis
1548 3414 1677 3461 ante
1713 3424 1872 3460 men-

264 3493 416 3546 sibus
438 3497 686 3566 paralysi
709 3500 1012 3566 perculsus,
1048 3500 1143 3552 sed
1172 3500 1240 3552 ab
1263 3501 1370 3553 hac
1400 3499 1728 3551 infirmitate
1753 3498 1869 3566 jam

264 3584 550 3653 respirans
605 3586 674 3637 ad
724 3588 1135 3641 solemnitatem
1187 3589 1353 3650 venit,
1383 3595 1438 3640 et
1490 3588 1620 3657 quia.
1674 3603 1772 3656 per
1807 3605 1865 3639 sc

263 3672 492 3725 missam
527 3673 808 3727 celebrare
843 3694 948 3728 non
974 3677 1520 3746 potuit.Vaslcberto
1549 3676 1865 3728 Ebroiccnsi

264 3760 522 3832 episcopo
551 3764 698 3815 vices
727 3781 858 3816 suas
886 3766 1183 3818 commisit.
1228 3768 1351 3835 Ipse
1385 3766 1440 3817 in
1468 3765 1649 3817 mulio
1681 3771 1868 3816 canto-

263 3865 387 3902 rum
414 3853 598 3920 specie
631 3856 989 3922 przecentoris
1021 3857 1193 3908 stetit.
1218 3855 1464 3908 Tandem
1494 3853 1640 3918 regia
1682 3861 1868 3906 aucto-

265 3947 452 3999 ritate,
488 3942 604 3993 imo
636 3943 895 3996 consultu
937 3946 1188 3997 omnium
1241 3945 1495 4014 pulsatus
1543 3944 1864 4011 t'plSCUptltu

263 4025 428 4086 Cedit,
455 4035 510 4081 et
532 4031 601 4082 ad
636 4033 934 4100 quamdam
964 4036 1048 4086 sui
1077 4034 1399 4104 patrimonii
1433 4033 1638 4095 villam,
1690 4032 1865 4083 sancti

259 4115 554 4170 Philiberti
582 4119 692 4180 die,
725 4122 933 4175 secedit
958 4141 968 4190 ;
1022 4122 1114 4174 ubi
1143 4130 1198 4175 et
1227 4122 1632 4192 alic‘luantisper
1669 4137 1865 4189 super-

262 4206 414 4258 vixit.
445 4208 787 4262 Duodecimo
828 4228 954 4263 vero
1000 4212 1086 4264 sui
1133 4213 1464 4282 prmsulatus
1519 4227 1686 4272 anno,
1719 4209 1864 4262 viam

265 4296 538 4349 'universze
595 4299 777 4350 carnis
825 4299 1129 4369 ingressus,
1184 4301 1465 4353 hominem
1515 4299 1682 4351 cxuit.
1730 4298 1863 4351 Inde

263 4391 450 4439 tanien
481 4387 550 4438 ad
586 4388 870 4458 propriam
900 4389 1087 4442 sedem
1120 4392 1378 4454 refertur,
1410 4395 1466 4442 et
1486 4388 1787 4441 honorifice
1811 4387 1865 4439 in

259 4474 385 4544 ipsa
411 4476 645 4528 ecclesia
668 4479 978 4530 tuu'iulatus
1011 4486 1112 4531 est.

333 4566 622 4618 Hactenus
643 4584 957 4636 anonymus
985 4568 1073 4619 ille
1101 4585 1163 4620 ex
1183 4568 1540 4634 chronologia
1572 4583 1674 4619 ms.
1701 4566 1868 4619 abba-

258 4653 355 4705 tia-
387 4653 445 4706 S.
479 4655 755 4709 Audoeni.
791 4657 858 4708 Et
885 4657 1000 4709 lucc
1031 4658 1343 4710 eruditione
1376 4675 1530 4726 teque
1563 4675 1623 4709 ac
1660 4658 1866 4726 pietate

260 4743 323 4794 C.
379 4742 450 4794 γ.
495 4741 727 4796 Joannis
781 4743 830 4796 le
884 4747 1084 4798 Prev'ot
1133 4747 1334 4798 indicio
1384 4753 1437 4798 ct
1481 4745 1744 4798 beneficio
1804 4762 1866 4796 ex

257 4836 427 4900 parte
449 4832 719 4886 debemus
746 4853 756 4898 ;
789 4851 911 4903 qua:
931 4842 985 4888 et
1010 4835 1227 4904 integra
1253 4834 1398 4887 inter
1427 4835 1685 4903 antiquas
1709 4834 1866 4885 sche-

257 4920 362 4972 das
396 4921 466 4972 ad
495 4921 788 4975 historiam
824 4923 1035 4976 ordinis
1082 4924 1259 4976 nostri
1301 4930 1524 4993 paratas
1554 4940 1863 4975 ocem'rerc.

256 5009 557 5062 Concisius
584 5011 919 5081 descriptam
940 5013 1283 5083 superiorem
1308 5013 1598 5065 historiam
1624 5012 1868 5082 reperies

255 5097 318 5150 in
353 5098 632 5152 Chronico
664 5101 718 5153 S.
754 5100 1020 5171 Stephani
1054 5093 1287 5155 Cadom.
1333 5101 1398 5153 ad
1441 5103 1644 5153 calcem
1679 5102 1868 5170 script.

255 5180 370 5239 vet.
409 5186 674 5240 Historia.»
711 5191 1041 5242 Nortlnnan.
1094 5191 1159 5242 ad
1197 5207 1406 5242 annum
1448 5189 1593 5244 Ιθῖίῖ.
1631 5192 1866 5243 Matiueo

255 5277 485 5338 Paride,
518 5286 573 5330 et
597 5279 872 5348 Florilch
904 5282 972 5332 ad
1005 5280 1148 5333 hunc
1176 5297 1405 5332 annum.
1433 5281 1726 5337 Czetcrum,
1764 5279 1867 5331 etsi

255 5365 509 5419 Joannes
535 5367 810 5437 (alioquin
866 5369 1132 5437 religione
1173 5375 1229 5422 et
1274 5368 1508 5421 scientia
1557 5369 1761 5432 clarus)
1790 5369 1870 5420 in-

255 5456 521 5526 consulte
551 5463 607 5510 et
638 5475 835 5528 parum
861 5459 1182 5528 prudenter,
1211 5457 1343 5528 quin
1367 5463 1421 5510 et
1440 5458 1523 5509 ira
1547 5471 1864 5521 succi‘ensus,

256 5541 375 5598 hac
405 5537 465 5599 in
516 5543 579 5600 re
621 5545 744 5601 sese
791 5547 1048 5617 gesserit,
1102 5547 1234 5600 viris
1277 5551 1468 5601 tamen
1509 5546 1865 5615 Christianis,

1882 4340 1930 4396 D

2023 3142 2272 3208 Episcopi
2314 3141 2650 3209 linit-licunt,
2701 3160 2798 3196 seu
2843 3145 3197 3202 \Valchelmi.
3244 3148 3551 3202 Bibliothe-

1955 3229 2141 3281 carius
2172 3230 2530 3283 Malmesbur.
2575 3232 2628 3283 in
2671 3233 2945 3303 episcopis
2987 3235 3357 3300 Vintoniens.,
3391 3238 3485 3289 lib.
3514 3239 3550 3291 i1

1955 3317 2034 3370 De
2066 3318 2260 3387 pontif.
2298 3338 2322 3370 «
2367 3321 2634 3389 Stigando
2683 3321 2935 3392 deposito
2981 3326 3248 3378 successit
3288 3327 3553 3380 Valchel-

1955 3424 2100 3472 mus,
2137 3425 2167 3460 a
2219 3407 2498 3460 Willelmo
2558 3427 2688 3478 rege
2752 3413 2936 3477 datus,
2988 3413 3144 3482 cujus
3199 3411 3344 3468 bona
3382 3432 3554 3485 opera

1956 3497 2162 3549 famam
2195 3497 2467 3550 vincentia
2499 3499 2716 3552 senium
2745 3517 2776 3552 a
2807 3518 2865 3554 se
2899 3503 3220 3556 vestustatis
3257 3505 3548 3574 repellent,

1951 3585 2198 3655 quandiu
2242 3587 2377 3640 inibi
2428 3588 2586 3640 sedes
2631 3590 2960 3659 episc0palis
3003 3591 3245 3645 durabit.
3276 3594 3346 3646 Et
3371 3595 3552 3664 primo

1953 3676 2177 3744 quidem
2203 3677 2413 3730 advena
2446 3694 2618 3730 novus
2649 3680 2949 3732 monachos
2979 3691 3178 3735 exosus
3198 3683 3418 3750 fuerat;
3454 3684 3553 3738 sed

1949 3764 2110 3817 facile
2131 3773 2412 3818 correctus
2436 3767 2805 3820 umbraticum
2832 3770 2964 3822 illud
2990 3771 3179 3824 odium
3201 3788 3346 3841 saepe
3367 3773 3555 3844 deplo-

1949 3853 2108 3914 ravit,
2157 3855 2414 3924 deinceps
2442 3857 2632 3908 fovens
2665 3874 2758 3909 eos
2787 3865 2850 3910 ut
2881 3860 3044 3919 ﬁlios,
3077 3861 3313 3929 diligens
3345 3867 3408 3915 ut
3435 3863 3552 3916 fra-

1950 3949 2084 3995 tres.
2117 3945 2395 3995 honorans
2420 3959 2479 3996 ut
2511 3946 2786 3998 dominos.
2818 3947 3003 4000 Unum
3037 3957 3120 4001 est
3141 3951 3550 4018 permaximum

1949 4031 2006 4081 in
2041 4047 2148 4098 quo
2188 4030 2432 4100 peccavit
2473 4033 2618 4100 quod
2673 4034 2742 4085 ad
2779 4038 3057 4087 trecentas
3097 4036 3329 4089 libratas
3366 4044 3549 4091 terras

1949 4119 2238 4170 monachis
2268 4119 2550 4187 auferens,
2579 4120 2694 4173 suis
2725 4127 2782 4174 et
2811 4135 3194 4175 successorum
3223 4123 3416 4178 usibus
3439 4127 3548 4180 im-

1948 4207 2158 4275 plicuit.
2202 4228 2222 4257 ι

2021 4300 2086 4350 In
2121 4299 2374 4349 omnibus
2397 4299 2608 4349 obedire
2647 4300 2865 4350 etiamsi
2888 4299 3012 4364 ipse,
3034 4301 3176 4365 quod
3189 4303 3361 4356 absit!
3381 4305 3549 4355 aliter

1949 4392 2093 4451 (lg/at.
2128 4386 2395 4456 Amiosite
2426 4387 2570 4440 hunc
2600 4387 2780 4439 locum
2820 4389 2879 4440 Β.
2916 4388 3210 4442 Lanfranci
3245 4391 3550 4462 discipulus

1949 4475 2248 4527 Anselmus
2285 4475 2529 4527 illustrat
2568 4475 2663 4527 lib.
2700 4493 2751 4528 IlI
2785 4477 2948 4546 epist.
2994 4478 3058 4530 39
3089 4479 3157 4530 ad
3195 4479 3499 4534 Beccenses
3532 4499 3544 4532 :

1952 4582 1978 4612 ι(
2013 4565 2248 4615 Necesse
2297 4572 2382 4615 est
2429 4571 2506 4625 ut,
2555 4571 2748 4617 sancta
2787 4567 3157 4620 unanimitate
3197 4569 3461 4638 colligati,
3497 4576 3554 4623 et

1949 4654 2114 4705 corde
2137 4659 2192 4705 et
2213 4655 2500 4705 voluntate
2531 4655 2760 4723 praelato
2783 4663 2967 4708 vestro
2999 4657 3293 4719 obediatis,
3320 4658 3467 4712 facta
3497 4667 3553 4714 et

1949 4741 2099 4794 dicta
2144 4742 2264 4810 ejus
2312 4759 2422 4794 non
2448 4742 2783 4809 dijudicetis,
2820 4744 2917 4796 sed
2948 4744 3068 4796 sine
3101 4745 3250 4798 omni
3283 4755 3552 4802 retracta-

1950 4829 2119 4894 tione,
2164 4831 2322 4900 quasi
2367 4831 2634 4884 divinitus
2670 4832 2962 4902 inspirata,
3010 4836 3326 4889 venerando
3365 4845 3555 4892 mente

1949 4920 2193 4987 benigna
2231 4920 2480 4973 servetis.
2544 4921 2648 4973 Ubi
2688 4921 2833 4973 enim
2873 4921 3084 4992 praelati
3129 4925 3348 4993 judices
3413 4929 3556 4980 ﬁunt

1961 5009 2240 5078 (subjecti)
2270 5015 2461 5078 aperte
2493 5009 2592 5061 Dei
2631 5011 2968 5063 ordinationi
3007 5013 3311 5066 detrahunt
3344 5020 3399 5066 et
3429 5031 3555 5067 Con-

1955 5100 2257 5154 tradicunt.
2277 5099 2475 5168 quibus
2508 5099 2652 5150 Deus
2680 5105 2735 5152 et
2765 5109 2877 5153 suae
2897 5101 3317 5168 gubernationis
3339 5103 3556 5155 subtra-

1953 5191 2036 5242 hit
2071 5189 2359 5241 auxilium.
2395 5195 2448 5240 et
2484 5205 2575 5239 eos
2625 5188 2678 5240 in
2716 5190 2925 5258 proprii
2976 5193 3180 5242 erroris
3223 5192 3555 5260 praecipitari

1954 5278 2230 5348 pern'iittit
2259 5277 2582 5341 consdium;
2616 5276 2708 5328 ubi
2741 5293 2868 5328 vero
2900 5279 3160 5345 przelatus
3184 5293 3306 5329 cum
3332 5295 3556 5332 venera-

1952 5368 2400 5433 tione,tanquam
2434 5366 2708 5427 Christus,
2743 5365 3082 5434 suscipitur;
3119 5365 3197 5416 ita
3220 5372 3332 5418 tota
3356 5367 3557 5420 domas

1955 5456 2161 5512 Christi
2195 5454 2410 5523 regitur
2429 5455 2678 5519 consilio,
2706 5460 2762 5507 et
2785 5452 3095 5522 protegitur
3123 5459 3180 5506 et
3207 5457 3558 5511 Sustentatur

1955 5545 2182 5609 auxilio,
2220 5567 2244 5596 »
2278 5551 2382 5597 etc.
