3902 6166
1688 281 1922 338 DOMNI
1963 279 2171 334 LUCE
2209 281 2556 339 DACHERII
3617 299 3710 356 592

961 422 1032 462 Αι)
1072 419 1379 463 EPISTOLAM
1418 420 1581 462 xvm.
2092 402 2146 462 A
2239 406 2678 472 Quem'moniadc
2703 411 2912 464 clericis
2949 413 3159 466 abbatis
3199 415 3468 472 Balduini.
3497 421 3573 476 Ne
3595 424 3712 493 jura

556 501 789 554 Obserno
818 500 983 565 digno
1011 499 1272 550 antistiti.
1310 494 1548 550 Obserni
1568 510 1770 548 nomen
1793 491 2070 547 ascribere
2161 495 2567 568 privilegiaque
2605 499 2855 553 ccenobio
2887 499 2944 554 S.
2972 501 3244 557 Edmundi
3274 521 3307 558 a
3331 510 3550 563 summis
3585 491 3710 581 pon-

478 587 736 659 episcopo
769 586 847 640 illi
892 585 1370 656 Exoniensemque
1420 584 1602 654 ipsum
1641 583 1920 636 afﬁrmare
1957 599 2070 636 non
2153 583 2398 639 tiﬁcibus
2425 603 2685 641 concessa
2713 589 2950 643 ulterius
2979 589 3245 660 infringat
3268 594 3563 664 Ilerfastus,
3592 617 3714 670 prs:-

475 676 829 742 dubitamus;
865 676 1070 746 quippe
1098 675 1154 728 id
1184 681 1304 728 tum
1338 690 1402 727 ex
1424 670 2069 744 epistolaecontextu,ubi
2155 672 2292 743 cipit
2320 674 2425 728 hac
2468 675 2524 729 in
2572 677 2808 746 epistola
2855 678 2917 732 B.
2958 679 3319 736 Lanfrancus.
3369 685 3464 738 Ille
3502 689 3706 754 etenim,

473 781 587 819 una
617 782 742 820 cum
776 765 837 819 B.
872 765 1183 818 Lanfranco
1213 763 1318 828 (cui
1348 763 1507 832 regni
1538 778 1779 826 summa,
1808 777 1938 830 rege
1967 760 2066 813 ab-
2152 778 2298 831 aegre
2341 764 2525 818 ferens
2567 765 2839 834 ejusmodi
2869 766 3271 837 immunitates,
3321 773 3556 842 qualibet
3595 777 3708 832 data

471 859 651 919 sente,
683 853 1022 908 demandata
1051 853 1195 922 erat)
1222 853 1291 905 ad
1330 851 1738 905 decernendum
1778 849 2064 918 negotium
2150 852 2438 907 occasione
2458 870 2731 924 usurpare
2752 855 3007 910 tentabat
3035 859 3163 912 :sed
3185 866 3406 915 ventum
3427 864 3708 933 ponderare

467 943 808 1008 admittitur,
839 949 962 997 tum
991 960 1055 996 ex
1085 943 1155 996 iis
1186 959 1307 1012 quae
1333 941 1402 994 de
1431 941 1681 995 Obserno
1722 939 1891 992 habet
1919 938 2065 1026 Malf
2149 939 2475 1008 videbatur;
2528 959 2658 996 nam
2693 944 2998 999 Balduinus
3025 963 3149 1000 sese
3175 948 3352 1003 eidem
3382 956 3594 1007 strenue
3621 971 3707 1026 op-

467 1031 888 1097 mesburiensis,
922 1031 1017 1084 lib.
1061 1045 1099 1084 Il
1131 1031 1210 1084 De
1236 1029 1458 1100 pontif.,
1497 1027 1647 1081 haud
1693 1026 1862 1080 dubie
1890 1025 2062 1079 statui

464 1125 652 1191 potest
683 1139 694 1173 :
751 1140 780 1170 α
819 1119 1098 1174 Successit
1123 1118 1389 1183 Leofrico,
1424 1116 1607 1186 inquit
1635 1116 1747 1176 ille.
1777 1115 2061 1170 Obsernus

463 1209 613 1279 regis
640 1209 908 1263 Willelmi
931 1215 1202 1279 tempore,
1227 1207 1452 1260 natione
1484 1205 1928 1269 Northmannus,
1951 1205 2061 1258 fra—

462 1301 551 1350 ter
595 1297 866 1352 Willelmi
918 1296 1285 1367 praecellentis
1333 1294 1570 1357 comitis,
1620 1294 1678 1347 in
1726 1293 1928 1363 Anglia
1954 1292 2057 1346 sub

461 1385 723 1441 Eduardo
746 1404 876 1457 rege
905 1387 1209 1440 liberaliter
1239 1390 1295 1439 et
1323 1384 1624 1438 domestice
1657 1388 2052 1449 conversatus;

461 1475 666 1546 quippe
696 1477 790 1546 qui
839 1476 1227 1546 cognationem
1270 1473 1484 1544 regiam
1525 1472 1706 1526 vicino
1753 1471 2058 1542 attingeret
2209 1475 2346 1529 Cum
2377 1477 2593 1530 nulli-us
2622 1483 2748 1530 esset
2780 1482 3012 1534 ordinis.
3060 1482 3456 1554 Receptissima
3483 1485 3579 1541 fuit
3604 1487 3697 1542 ista

455 1564 656 1632 gradu,
692 1582 718 1618 ι
748 1571 851 1618 etc.
2133 1565 2478 1619 consuetudo
2509 1565 2565 1618 in
2599 1565 2859 1632 Ecclesia,
2884 1574 2946 1622 ut.
2971 1570 3159 1624 nullus
3188 1572 3298 1626 nisi
3326 1591 3358 1627 a
3379 1575 3611 1630 minimis
3635 1578 3695 1632 ad

528 1655 770 1707 mebio
789 1651 843 1706 S.
878 1654 1187 1707 Edmundi.
1222 1651 1378 1706 Illius
1408 1650 1715 1704 meminere
1751 1649 2110 1737 scriptores“
2132 1654 2375 1723 majores
2421 1654 2691 1709 evehatur
2732 1656 2976 1710 ordines.
3021 1659 3187 1713 Caius
3230 1678 3375 1732 papa
3416 1665 3573 1718 Felici
3600 1666 3695 1737 epi-

453 1739 1536 1812 quamplurimi.Guillelm.Malmesbur.
1552 1739 1632 1793 De
1655 1743 1798 1807 gest.
1821 1739 2046 1809 Anglo.,
2066 1721 2111 1780 Β
2131 1721 2381 1824 scopoJm
2415 1743 2558 1797 lllud
2589 1758 2693 1798 nos
2723 1751 3035 1800 statuentes
3067 1721 3575 1808 vobiset-omnibus
3595 1721 3692 1809 ser-

450 1828 575 1883 libr.
629 1845 689 1895 II,
742 1847 862 1902 cap.
911 1831 997 1894 lt,
1045 1836 1104 1884 et
1140 1830 1234 1883 lib.
1260 1845 1297 1883 ιι
1341 1830 1420 1883 De
1458 1828 1646 1899 pontif
1687 1827 1742 1880 in
1775 1827 2045 1898 episcopis
2132 1848 2263 1885 vare
2295 1832 2716 1896 mandamus,ut
2745 1834 2814 1887 ad
2845 1835 3068 1890 ordines
3094 1839 3490 1895 ecclesiasticos
3521 1843 3592 1897 sic
3612 1861 3690 1898 as-

450 1917 746 1982 Oriental.;
779 1919 1113 1990 Harpsfeld.,
1137 1919 1336 1972 58301110
1371 1933 1408 1971 ιι
1437 1934 1560 1988 cap.
1587 1916 1671 1981 t7,
1698 1915 1755 1968 in
1787 1916 1914 1974 ﬁne.
1948 1916 2045 1986 qui
2132 1920 2376 1974 cendant
2411 1921 2466 1973 in
2505 1921 2749 1974 Ecclesia
2779 1922 2872 1991 qui
2913 1922 3159 1978 ordinari
3197 1934 3497 1994 merentur,
3524 1931 3576 1984 id
3598 1938 3686 1998 est,

446 2005 517 2060 de
546 2007 782 2062 cmnobii
833 2009 1022 2062 Sancti
1054 2007 1332 2062 Edmundi
1376 2005 1664 2078 privilegio
1719 2003 1945 2059 disserit
1985 2005 2043 2058 in
2129 2009 2175 2062 si
2207 2009 2331 2078 quis
2358 2009 2648 2080 episcopus
2696 2027 2818 2064 esse
2847 2019 3114 2080 meretur,
3156 2015 3234 2069 sit
3269 2018 3505 2088 primum
3543 2021 3688 2075 ostia-

445 2095 595 2150 hunc
623 2097 852 2151 modum
889 2115 936 2150 ε(
955 2097 1282 2151 Edmundus
1303 2113 1396 2149 rex
1419 2093 1641 2163 Edgarii
1675 2099 1835 2164 pater
1863 2111 2043 2148 coeno-
2127 2098 2264 2160 rius,
2301 2097 2503 2150 deinde
2534 2097 2724 2164 lector,
2758 2105 2953 2169 postea
2979 2104 3273 2170 exorcista,
3305 2105 3433 2160 inde
3462 2114 3686 2162 sacretur

445 2183 597 2239 bium
627 2203 662 2240 a
689 2185 923 2256 publicis
953 2185 1211 2240 omnibus
1239 2183 1464 2238 tributis
1483 2189 1540 2236 et
1567 2182 1719 2236 omni
1745 2182 2042 2253 episc0po-
2123 2186 2436 2258 acolythus,
2472 2186 2696 2240 demum
2727 2204 2856 2241 vero
2886 2189 3285 2259 subdiaconus,
3311 2195 3505 2250 deinde
3528 2196 3685 2252 diaco-

441 2291 568 2328 rum
585 2275 973 2346 jurisdictione
992 2275 1212 2330 liberat.
1248 2294 1270 2324 ι
1302 2275 1371 2328 Et
1393 2277 1521 2344 post
1547 2271 1658 2324 alia
1690 2290 1738 2324 ια
1772 2271 2039 2326 Solebant
2122 2292 2248 2339 nus,
2278 2279 2334 2329 et
2363 2280 2556 2346 postea
2587 2275 2900 2346 presbyter,
2915 2283 2972 2332 et
2991 2279 3210 2344 exinde,
3243 2283 3291 2336 si
3321 2291 3573 2352 meretur,
3586 2287 3684 2358 epi-

439 2363 752 2434 antiquitus
784 2381 944 2434 reges
963 2363 1222 2418 diadema
1253 2379 1416 2416 suum
1443 2379 1508 2416 eo
1543 2360 1787 2426 mittere,
1820 2367 2036 2431 postea-
2117 2380 2318 2434 scopus
2343 2363 2653 2419 ordinetur.
2692 2386 2714 2414 »

435 2468 545 2522 que
570 2470 773 2524 magno
802 2453 980 2525 pretio
1005 2453 1306 2510 redimere.
1348 2471 1376 2503 ι)
2186 2453 2552 2506 Diaconatmn
2593 2456 2644 2506 ei
2683 2456 2916 2521 auferte.
2965 2457 3252 2520 Quantum
3292 2461 3362 2515 ad
3383 2462 3677 2518 exercitium

503 2543 762 2596 Abbatem
793 2545 1134 2597 Balduinum
1163 2543 1391 2595 detineo.
1413 2539 1555 2603 Quia
1581 2538 1834 2610 apprime
1855 2539 2026 2594 medi-
2107 2541 2382 2607 videlicet,
2419 2557 2530 2595 non
2570 2543 2752 2612 quoad
2780 2549 3008 2598 statum.
3044 2545 3132 2600 Ita
3165 2550 3371 2618 passim
3401 2552 3680 2624 loquuntur

426 2630 609 2686 cinam
641 2638 819 2686 artem
852 2631 1090 2686 callebat
1116 2631 1239 2684 iste.
1267 2631 1330 2684 In
1360 2629 1620 2699 Angliam
1641 2630 1806 2698 jussu
1845 2629 2022 2683 sancti
2105 2628 2302 2682 Patres
2342 2629 2399 2682 in
2447 2628 2696 2684 Decretis
2743 2630 2989 2686 distinct.
3021 2633 3089 2690 50
3121 2649 3132 2683 :
3167 2637 3430 2692 Accedens
3456 2643 3525 2694 ad
3565 2642 3678 2695 Gor-

427 2721 672 2775 Eduardi
720 2722 870 2791 regis
917 2719 1317 2784 transfretavit,
1372 2723 1437 2772 ut
1492 2717 1786 2772 Leftanum
1831 2718 2021 2772 Sancti
2103 2734 2331 2784 genum,
2359 2723 2417 2771 et
2442 2717 2876 2788 glossainidem
2907 2739 3029 2792 cap.
3056 2723 3413 2782 Difﬁcultatis
3440 2729 3676 2783 huncno—

425 2809 707 2863 Edmundi
748 2809 1264 2874 archimandritam,
1307 2807 1400 2878 qui
1449 2807 1772 2860 curiositate
1811 2812 2014 2871 motus,
2103 2805 2235 2859 dum
2267 2807 2428 2860 docte
2457 2807 2621 2860 solvit
2650 2808 2836 2862 Estius
2867 2809 2922 2863 in
2949 2810 2980 2866 4
3022 2812 3301 2885 Sentent.,
3327 2816 3560 2872 distinct.
3591 2816 3667 2880 ‘25,

422 2897 521 2952 ubi
555 2905 811 2952 sanctum
845 2897 1093 2968 ejusdem
1132 2913 1333 2967 corpus
1377 2901 1678 2950 attrectare
1709 2912 2020 2966 praesump-
2103 2893 2131 2965 §
2161 2892 2212 2949 6.
2244 2896 2310 2949 Et
2339 2895 2408 2949 de
2431 2895 2516 2948 his
2549 2896 2641 2966 qui
2672 2899 3062 2967 praetermissis
3100 2901 3456 2960 inferioribus
3500 2907 3565 2960 ad
3596 2922 3674 2959 su-

420 2987 604 3054 sisset,
641 2987 933 3041 ambarum
965 3003 1233 3040 manuum
1257 2985 1420 3054 digiti
1444 2984 1640 3038 retorti
1671 2989 1804 3037 sunt
1859 3003 1884 3035 «
1919 2983 2018 3037 ille
2041 3045 2074 3054 _
2101 2983 2350 3052 periores
2389 2983 2614 3037 ordines
2636 2987 3037 3054 provehuntur,
3065 2989 3318 3046 distinct.
3340 2995 3408 3049 52
3438 3013 3449 3046 :
3487 3015 3508 3044 ι
3535 2993 3672 3048 Solli-

417 3045 758 3131 Balduinum
791 3076 847 3130 S.
881 3075 1131 3146 Dionysii
1161 3045 1494 3128 monachum
1516 3075 1637 3144 ejus
1667 3073 1806 3126 artis
1825 3045 2076 3138 (medi-C
2099 3045 2288 3126 citudo
2319 3045 2770 3128 dilectionis-ture
2809 3045 3246 3134 studuit'utrum
3280 3045 3524 3153 portator

415 3165 582 3235 cinae)
611 3165 851 3236 peritum
881 3163 1233 3233 dirigendum
1262 3163 1491 3217 curavit.
1527 3163 1633 3226 Qui
1663 3178 1790 3214 cum
1820 3161 1878 3214 in
1907 3179 2014 3215 cae-
2097 3177 2222 3214 rum
2245 3161 2561 3216 litterarum
2577 3163 2906 3218 diaconatus
2929 3171 2985 3219 et
3006 3167 3427 3240 presbyteratus
3446 3171 3666 3225 cilicium

413 3254 551 3308 teris
581 3254 770 3324 probe,
814 3253 870 3307 in
899 3253 1205 3322 digitorum
1235 3252 1522 3307 curatione
1552 3251 1694 3304 nihil
1721 3268 2013 3321 promove-
2095 3250 2330 3304 idoneus
2360 3251 2434 3304 sit
2479 3268 2765 3323 peragere,
2811 3270 3018 3322 necne;
3069 3274 3196 3311 cum
3247 3259 3304 3312 id
3353 3266 3666 3331 praepostero

412 3348 520 3408 ret,
554 3343 748 3397 mirari
777 3342 943 3413 carpit
966 3343 1162 3408 homo;
1189 3341 1287 3395 sed
1319 3358 1544 3395 causam
1569 3340 1747 3394 morbi
1777 3357 1809 3393 a
1838 3340 2012 3394 scien-
2094 3356 2280 3398 cursu,
2313 3339 2747 3395 subdiaconatus
2777 3343 2972 3396 ordine
3000 3347 3330 3416 postposito,
3350 3349 3666 3418 negligentia

410 3431 562 3485 tibus
591 3432 839 3495 edoctus,
876 3432 935 3484 in
982 3431 1100 3484 loco
1138 3430 1432 3496 remansit,
1461 3446 1710 3483 amorem
1744 3429 2009 3500 martyris
2091 3429 2279 3499 potius
2307 3446 2476 3500 quam
2507 3430 2770 3499 superbia
2793 3439 3165 3501 cognoscatur
3185 3436 3662 3493 ascendisse.Unde

410 3520 545 3573 totis
582 3519 901 3590 praecordiis
929 3519 1240 3589 amplexus.
1258 3518 1490 3572 Leftano
1519 3533 1630 3571 non
1651 3523 1768 3571 tam
1794 3534 2008 3571 succes-
2091 3535 2201 3571 non
2223 3518 2565 3571 consulendo
2583 3518 2843 3573 charitati
2864 3523 3327 3579 tuaamandamus
3351 3531 3413 3579 ut
3435 3525 3501 3580 ab
3528 3524 3661 3579 omni

407 3608 481 3662 sit
513 3625 681 3678 quam
709 3608 945 3662 accessit
972 3607 1162 3672 abbas,
1188 3606 1282 3660 illo
1313 3607 1608 3660 amittente
1629 3605 1725 3678 [f.,
1749 3622 2004 3660 annuen-
2088 3607 2270 3660 ofﬁcio
2307 3606 2639 3660 sacerdotali
2689 3623 2817 3660 eum
2862 3609 3180 3678 prohibeas,
3228 3613 3404 3668 donec
3433 3613 3658 3686 proximo

407 3702 483 3762 te,
508 3698 609 3750 Eo.
645 3697 758 3766 P.],
791 3714 922 3766 rege
953 3697 1188 3749 volente.
1224 3694 1338 3749 Sub
1368 3712 1433 3749 eo
1468 3700 1524 3748 et
1552 3711 1652 3765 per
1679 3711 1807 3748 eum
1840 3694 2006 3748 liber—
2088 3695 2342 3758 Quatuor
2359 3696 2698 3766 Temporum
2715 3697 2935 3766 jejunio
2961 3697 3399 3757 subdiaconatus
3429 3703 3658 3757 ministe-

405 3789 491 3838 tas
546 3785 873 3840 monasterii
911 3784 980 3837 ab
1023 3785 1338 3837 Alexandro
1387 3801 1530 3854 papa
1578 3784 1816 3841 data.ut
1861 3784 2002 3838 nulli
2086 3785 2234 3838 rium
2261 3784 2365 3837 sibi
2398 3784 2502 3837 rite
2531 3784 2806 3854 imponas,
2856 3786 2935 3839 sic
2965 3792 3021 3840 et
3049 3787 3312 3861 deinceps
3349 3791 3420 3844 ad
3464 3791 3657 3860 majora

403 3873 663 3945 episcopo
695 3875 847 3928 locus
868 3874 960 3927 ille
989 3872 1262 3926 subdatur
1290 3872 1348 3926 in
1363 3873 1574 3943 aliquo,
1602 3872 2001 3942 archiepiscopi
2087 3873 2268 3928 ofﬁcia
2315 3889 2444 3926 eum
2484 3873 2667 3927 redire
2709 3875 2998 3929 concedas.
3055 3896 3080 3926 υ
3126 3878 3275 3942 Quid
3311 3896 3472 3950 porro
3500 3894 3654 3950 poenae

482 284 583 342 591

2146 1029 2406 1098 ponebat,
2439 1030 2697 1102 illiusque
2718 1039 2951 1088 conatus
2978 1035 3126 1090 haud
3148 1036 3382 1108 impigre
3410 1043 3705 1112 metropoli-

2144 1122 2310 1171 tanus
2342 1119 2704 1186 Lanfrancus,
2721 1123 2853 1192 quin
2877 1123 3046 1176 etiam
3071 1130 3128 1178 et
3147 1125 3444 1197 Gregorius
3469 1144 3537 1184 vn
3556 1148 3700 1203 papa,

2143 1205 2452 1275 illidebant,
2473 1215 2535 1262 ut
2554 1216 2711 1280 patet
2738 1227 2802 1264 ex
2833 1212 3085 1282 ejusdem
3115 1216 3368 1285 Gregorii
3389 1217 3609 1289 epistola
3623 1238 3701 1275 se-

2143 1296 2357 1366 quenti.

2644 1401 2719 1442 AD
2760 1403 3066 1446 EPISTOLAM
3095 1407 3209 1447 XXI.

402 3963 795 4018 tantummodo
829 3969 1029 4016 nutum
1072 3961 1128 4014 in
1178 3961 1440 4032 legitimis
1490 3967 1673 4028 δεῖ
1716 3967 2001 4031 spectatu-

397 4067 520 4108 rus.
561 4071 588 4104 υ
639 4051 724 4106 Ita
760 4050 1295 4114 Malmesburiensis,
1347 4051 1466 4105 loco
1507 4049 1757 4121 proxime
1788 4050 1992 4117 citato;

396 4140 644 4196 Florent.
677 4141 908 4212 Vigorn.
941 4143 1007 4194 A.
1050 4142 1118 4196 C.
1175 4138 1327 4196 1097.
1383 4140 1484 4194 Est
1519 4139 1590 4194 ad
1635 4139 1990 4206 Balduinum,

395 4231 573 4286 sancti
602 4231 852 4286 Anselmi
880 4229 976 4284 lib.
1009 4245 1066 4296 ιι,
1101 4230 1266 4300 epist.
1299 4229 1354 4283 4.

915 4335 986 4373 ΑΙ)
1024 4333 1324 4374 EPISTOLAM
1364 4334 1476 4373 ΧΙΧ.

466 4410 718 4476 [lar/asto
765 4411 1022 4476 episcopo.
1081 4408 1243 4462 Hunc
1299 4407 1546 4479 primum
1592 4405 1757 4460 Becci
1797 4423 1994 4461 mona-

395 4498 584 4561 chum,
617 4505 786 4568 atque
817 4497 953 4550 inibi
983 4497 1200 4551 litteras
1229 4496 1488 4550 didicisse
1517 4512 1794 4561 asserens,
1818 4495 1994 4567 turpi-

395 4593 484 4641 ter
512 4587 852 4640 allucinatur
887 4585 1209 4645 Godwinus,
1244 4585 1338 4639 lib.
1384 4585 1464 4639 De
1495 4585 1822 4655 praesulibus
1870 4587 1988 4638 An-

392 4676 538 4746 glize.
571 4676 826 4746 Namque
855 4681 912 4729 et
940 4675 994 4728 id
1023 4674 1192 4728 silent
1219 4674 1520 4744 scriptores
1541 4689 1754 4739 omnes,
1779 4678 1837 4726 et
1860 4690 1984 4744 per-

393 4763 549 4818 hibet
575 4764 698 4818 luce
727 4763 1040 4817 meridiana
1069 4761 1274 4816 clarius
1321 4761 1658 4816 Chronicum
1689 4761 1984 4827 Beccense,

391 4868 496 4907 nec
526 4869 638 4908 non
669 4859 726 4906 et
755 4853 825 4910 B.
859 4850 1155 4906 Lanfranci
1193 4850 1342 4911 Vita,
1389 4855 1521 4904 ante
1557 4850 1862 4920 ipsummet
1890 4867 1982 4903 ar-

389 4942 806 5014 chiepiscopum
865 4940 1081 4995 scholas
1127 4939 1431 5011 aperuisse,
1484 4939 1568 4992 vel
1597 4938 1852 4993 docuisse
1882 4954 1985 4993 ne-

388 5032 620 5087 minem.
653 5031 754 5085 Ille
776 5036 862 5084 est
908 5030 1220 5094 Herfastus,
1262 5028 1358 5100 qui
1396 5028 1628 5082 concilio
1657 5027 1980 5096 Londonize,

386 5139 478 5177 an.
523 5121 673 5183 1075,
707 5119 963 5174 interfuit
992 5137 1003 5172 :
1039 5139 1061 5170 α
1096 5119 1165 5172 Et
1194 5135 1262 5172 ne
1295 5117 1432 5171 nihil
1471 5117 1665 5171 fecisse
1696 5116 1981 5170 videretur

384 5210 578 5282 (verba
607 5215 740 5264 sunt
769 5207 1056 5263 Guillelmi
1083 5205 1396 5269 Malmesb.,
1422 5205 1517 5262 lib.
1553 5218 1588 5260 ιι
1622 5206 1701 5258 De
1731 5204 1972 5275 pontit.),

383 5308 450 5355 ut
476 5306 609 5354 sunt
659 5296 1032 5352 Northmanni
1065 5296 1226 5349 famae
1255 5296 1312 5349 in
1342 5295 1593 5348 futurum
1637 5293 1976 5347 studiosissi-

380 5391 479 5457 mi,
510 5390 894 5462 episcopatum
924 5387 992 5440 de
1021 5386 1355 5440 Halmaham
1386 5383 1677 5438 transtulit
1715 5383 1781 5437 ad
1823 5384 1970 5437 The-

379 5479 648 5535 tfordum.
682 5479 868 5533 Parca
915 5475 999 5549 (ut
1039 5475 1216 5540 aiunt)
1262 5473 1468 5527 mentis
1497 5473 1684 5539 homo,
1734 5480 1792 5528 et
1827 5490 1966 5527 non-

375 5568 533 5624 nulla
559 5583 625 5623 ex
653 5572 814 5639 parte
839 5564 1042 5622 litteris
1071 5563 1342 5620 eruditus.
1378 5582 1406 5614 ››

2084 3962 2360 4034 prolapsis
2391 3962 2450 4016 in
2479 3963 2664 4016 carnis
2702 3963 2896 4017 vitium
2929 3964 3274 4035 imponatur,
3308 3969 3503 4022 docent
3524 3969 3655 4020 inter

2085 4052 2222 4106 alios
2244 4067 2442 4104 canon.
2477 4051 2714 4121 apostol.
2739 4050 2806 4104 25
2843 4069 2853 4104 :
2893 4071 2917 4102 α
2948 4051 3004 4106 Si
3035 4053 3161 4124 quis
3192 4056 3496 4126 episcopus,
3539 4069 3652 4125 pre-

2079 4141 2288 4212 sbyter,
2314 4145 2413 4194 aut
2437 4139 2860 4211 diaconus,post
2875 4140 3116 4195 diaconii
3131 4145 3374 4213 gradum
3388 4148 3651 4214 acceptum

2077 4229 2249 4284 fuerit
2284 4229 2608 4293 fornicatus,
2631 4234 2732 4282 aut
2771 4230 3102 4293 mmchatus,
3124 4232 3456 4304 deponatur,
3483 4237 3552 4297 et,
3589 4228 3650 4284 ab

2010 4319 2060 4378 D
2078 4319 2308 4373 ecclesia
2333 4319 2637 4388 projectus,
2669 4317 2818 4371 inter
2857 4319 3026 4372 laicos
3050 4326 3185 4390 agat
3212 4321 3602 4393 poenitentiam.
3626 4339 3645 4369 ο

2077 4409 2144 4462 D.
2175 4407 2481 4476 Gregorius
2509 4407 2777 4460 Januario
2816 4407 3076 4478 episcopo
3111 4410 3452 4475 Calaritano,
3478 4409 3567 4463 lib.
3595 4421 3648 4462 ιιι

2076 4496 2238 4567 epist.
2263 4493 2332 4551 ‘26
2375 4514 2387 4549 :
2438 4494 2603 4558 «Qui
2649 4499 2774 4565 post
2819 4503 3108 4566 acceptum
3144 4515 3366 4554 sacrum
3414 4497 3645 4552 ordinem

2075 4585 2264 4656 lapsus
2305 4585 2361 4638 in
2406 4589 2695 4654 peccatum
2743 4584 2927 4638 carnis
2975 4585 3148 4640 fuerit
3175 4605 3335 4642 sacro
3365 4587 3550 4642 ordine
3578 4583 3645 4637 ita

2071 4679 2261 4728 careat
2289 4679 2352 4727 ut
2379 4674 2449 4726 ad
2481 4672 2675 4726 altaris
2702 4673 3072 4728 ministerium
3094 4675 3338 4731 ulterius
3367 4693 3475 4730 non
3504 4688 3644 4729 acce-

2067 4764 2184 4817 dat.
2225 4781 2251 4814 n
2290 4761 2550 4816 Distinct.
2584 4759 2672 4824 50,
2707 4779 2755 4815 c.
2796 4761 2864 4814 16
2893 4779 2904 4814 :
2943 4781 2969 4814 ‹‹
3007 4763 3065 4820 Si
3093 4765 3218 4835 quis
3239 4765 3440 4819 amodo
3459 4763 3645 4835 episcoo

2068 4869 2174 4923 pus
2203 4851 2514 4922 presbyter,
2550 4851 2634 4904 vel
2662 4850 2932 4904 diaconus
2969 4851 3238 4908 feminam
3269 4854 3536 4926 acceperit
3566 4848 3642 4903 vel

2065 4946 2352 5012 acceptam
2382 4939 2698 5005 retinuerit,
2728 4940 2954 5011 proprio
2990 4942 3172 5011 gradu
3215 4943 3447 5007 decidat,
3481 4953 3639 5010 usque

2065 5031 2198 5084 dum
2228 5029 2298 5082 ad
2337 5027 2772 5082 satisfactionem
2798 5027 3002 5082 veniat.
3035 5048 3061 5081 ι

2145 5121 2225 5171 l’cl
2256 5121 2317 5170 in
2346 5119 2578 5186 synodo.
2607 5117 2733 5171 Non
2761 5116 3007 5171 modoob
3027 5118 3462 5183 crimen,verum
3482 5117 3635 5170 etiam

2058 5207 2265 5277 injuste
2303 5205 2605 5276 depositos,
2630 5204 2817 5259 media
2844 5205 2904 5259 in
2936 5207 3171 5278 synodo,
3212 5213 3382 5279 atque
3417 5207 3519 5260 hac
3560 5219 3636 5258 ra-

2058 5296 2213 5350 tione
2241 5295 2615 5348 restituendos
2644 5293 2931 5364 episcopos
2963 5295 3339 5367 presbyteros,
3368 5295 3628 5356 diaconos,

2054 5390 2111 5439 et
2141 5383 2529 5449 subdiaconos,
2560 5381 3175 5453 praescribitconcilium
3193 5385 3443 5439 Toletan.
3474 5397 3524 5436 Iv
3538 5379 3630 5434 sub

2053 5473 2300 5528 Honorio
2329 5487 2367 5538 ι,
2399 5489 2521 5543 cap.
2544 5470 2648 5528 28:
2677 5491 2700 5522 ‹
2726 5472 3049 5543 Episcopus,
3065 5472 3630 5544 presbyter,diaconus

2052 5566 2153 5618 aut
2173 5561 2566 5628 subdiaconus,
2597 5560 2645 5615 si
2672 5576 2708 5614 a
2733 5560 2916 5632 gradu
2943 5577 3046 5618 suo
3065 5561 3277 5634 injuste
3303 5561 3549 5632 dejectus
3575 5558 3625 5613 in
