3864 6176
213 322 315 381 593
1273 330 1350 385 IN
1391 332 1612 396 EPIST.
1655 337 1718 390 Β.
1762 335 1792 389 Ι

1883 335 2176 391 JFRANCI
2215 335 2447 390 NOTZE.
3397 329 3504 388 594

211 449 468 505 secunda
498 452 712 524 synodo
737 453 1005 508 innocens
1034 455 1330 526 reperitur,
1362 473 1474 512 non
1507 464 1689 530 potest
1703 463 1886 520 esseA
1978 463 2044 515 In
2067 463 2294 515 decretis
2326 462 2548 526 tegitur.
2583 457 2819 512 Decreta
2849 456 3134 526 intelligit.
3185 460 3249 510 ut
3289 472 3380 510 res
3408 457 3502 510 do-

211 540 358 608 quod
419 541 626 607 fuerat,
672 542 779 597 nisi
807 543 1018 614 gradus
1055 545 1292 599 amissos
1348 547 1582 619 recipiat
1632 567 1819 604 coram
1903 555 2007 604 cet.
2041 555 2163 604 tum
2196 565 2544 602 summorum
2576 547 2899 618 pontiﬁcum
2947 546 3212 616 epistolas
3253 547 3501 600 decreta-

209 628 436 694 altario,
493 630 563 683 de
619 647 790 685 manu
842 633 1086 704 episc0pi
1140 634 1409 702 orarium,
1451 639 1723 693 annulum
1765 646 1822 694 et
1901 639 2145 703 les,tum
2169 639 2340 692 etiam
2371 636 2640 708 synodica
2668 636 3032 689 conciliorum
3071 635 3332 701 decreta;
3377 654 3500 707 qua:

207 717 501 772 baculum.
540 719 598 774 Si
647 721 959 793 presbyter,
993 722 1243 777 orarium
1296 730 1354 778 et
1410 727 1694 796 planetam
1731 729 1817 794 ;si
1901 726 2118 800 Corpus
2145 745 2423 782 canonum
2453 727 2724 794 continet,
2771 725 2928 794 cujus
2951 723 3210 778 meminit
3236 724 3499 778 Nicotaus

208 806 484 862 diaconus
515 809 764 863 orarium
797 816 854 864 et
879 810 1097 878 albam;
1151 812 1198 866 si
1245 813 1618 870 subdiaconus
1664 824 1818 888 pate-
1899 817 1944 882 Ι,
1969 817 2097 874 dist.
2143 817 2244 873 l9:
2287 817 2350 873 Si
2375 819 2770 871 Romanorum.

207 911 335 951 nam
367 893 710 953 et'calicem.
733 918 759 951 »
791 900 1114 955 Notandum
1144 917 1273 956 vero
1304 909 1389 956 est
1417 905 1816 974 posterioribus
1969 907 2035 959 In
2073 909 2204 959 aliis
2233 907 2663 959 orthodomorum
2693 905 2927 957 Patrum
2956 901 3288 955 authenticis
3312 903 3494 957 libris.

206 986 450 1053 saeculis,
483 992 654 1058 atque
685 988 1017 1054 etiamnum,
1065 991 1248 1045 solum
1281 1009 1484 1063 papam
1516 995 1814 1051 restituere
1897 994 2053 1048 Inter
2076 995 2214 1049 alios
2241 995 2576 1048 liincmarus
2599 991 2890 1046 Remensis
2904 991 3352 1062 archiepiscopus
3373 991 3499 1062 plu-

207 1073 497 1145 depositos
537 1075 590 1140 2,
643 1083 862 1148 quiest,
897 1078 948 1146 6,
982 1077 1116 1134 Ideo
1142 1086 1199 1135 et
1223 1081 1411 1152 glossa
1473 1099 1644 1155 super
1687 1102 1808 1156 cap.
1896 1082 2050 1137 ribus
2077 1083 2145 1137 de
2173 1083 2476 1154 primatum
2508 1087 2678 1151 atque
2697 1080 3242 1151 archiepiscoporum
3267 1081 3395 1150 jure
3414 1081 3496 1135 di-

209 1164 373 1235 episc.
417 1164 505 1232 ll,
532 1172 730 1237 quast.
758 1166 814 1221 3.

710 1273 781 1310 AD
807 1272 1110 1313 EPISTOLAM
1150 1272 1307 1314 XXIII.

273 1344 569 1398 Ilereberto
598 1345 871 1413 Episcopo.
906 1348 1086 1417 Hujus
1138 1348 1386 1418 epistolae
1420 1349 1587 1404 titulo
1632 1351 1808 1406 Here-

207 1428 347 1483 berti
398 1447 613 1486 nomen
657 1433 983 1500 indidimus,
1034 1437 1472 1506 quantoquidem
1504 1444 1560 1492 et
1586 1443 1809 1510 tempus

1894 1177 2087 1242 sputat
2116 1172 2384 1243 opusculo
2415 1169 2504 1234 44,
2536 1170 2606 1223 ad
2642 1170 2930 1240 episc0pos
2959 1169 3029 1223 de
3053 1170 3182 1238 jure
3211 1175 3492 1241 metropo-

1891 1260 2216 1326 litanorum,
2251 1278 2385 1332 pag.
2417 1258 2523 1315 719
2553 1265 2699 1317 tom.
2741 1258 2818 1313 II.

2388 1366 2458 1402 AD
2498 1359 2749 1402 EPISTOLA
2759 1364 2796 1401 Μ
2837 1362 2964 1401 XXIV
2975 1389 2986 1401 .

1960 1439 2228 1491 Mauritio
2256 1441 2511 1491 salutem.
2544 1438 2611 1489 A.
2638 1437 2698 1490 Ο.
2723 1436 2946 1489 circiter
2998 1435 3152 1501 1089,
3213 1439 3487 1506 regnante

207 1525 258 1572 et
278 1520 524 1591 resipsaa
543 1522 904 1576 concordant.
949 1523 1032 1577 Ea
1073 1530 1407 1595 tempestate
1432 1527 1602 1580 vitam
1625 1529 1807 1598 egisse
1893 1526 2194 1580 Guillelmo
2224 1527 2387 1590 Rufo,
2445 1527 2654 1580 electus
2713 1531 2798 1578 est
2835 1525 3138 1579 Mauritius
3187 1524 3490 1579 Londonize

207 1608 583 1664 Herebertum
603 1612 925 1683 episc0pum
944 1613 1364 1680 Norvicensem,
1399 1632 1500 1670 nec
1531 1633 1640 1670 non
1673 1623 1730 1671 et
1747 1619 1803 1673 S.

1891 1615 2058 1686 episc.
2088 1634 2110 1666 ι
2139 1615 2361 1686 Hugoni
2391 1615 2660 1669 successit
2683 1613 2986 1667 Mauritius
3027 1615 3235 1683 (inquit
3265 1613 3496 1667 Malme-

207 1697 486 1752 Edmundi
516 1699 758 1753 caanobii
805 1701 971 1772 (quod
1007 1702 1076 1755 ad
1101 1702 1381 1758 diaecesim
1409 1706 1806 1763 Norvicensem
1889 1703 2039 1758 sbur.
2070 1704 2165 1757 lib.
2201 1719 2243 1758 II
2269 1705 2348 1759 De
2373 1704 2614 1775 pontif.),
2641 1702 2788 1772 regis
2817 1702 3206 1766 cancellarius’,
3236 1702 3494 1771 quamvis

206 1787 463 1857 pertinet)
497 1788 632 1858 jura
673 1789 788 1842 sive
839 1789 1131 1861 privilegia
1186 1792 1492 1864 infringere
1547 1795 1803 1862 voluisse,
1831 1794 1943 1881 Bin
1980 1792 2313 1864 quibusdam
2328 1792 2803 1864 prosperaafamae,
2823 1789 3191 1861 praedicabilis
3208 1789 3488 1855 efﬁcacia,

207 1881 391 1930 notum
415 1882 610 1943 8-53
633 1884 797 1932 estex
819 1878 1078 1933 Eadmeri
1110 1881 1253 1935 Hist.
1278 1881 1376 1936 lib.
1430 1900 1504 1937 ιιι.
1539 1884 1809 1939 Ilereber—
1833 1878 1868 1881 "
1890 1883 2373 1951 magnanimitatis
2420 1888 2570 1936 certe
2619 1881 2796 1952 ipsius
2825 1886 2911 1934 est
2937 1879 3204 1933 indicium
3261 1878 3492 1932 basilica

209 1967 318 2018 tum
369 1971 592 2030 autem,
624 1967 1004 2038 voluptatibus
1035 1969 1272 2024 nimium
1322 1971 1708 2042 indulgentem
1743 1992 1807 2028 ac
1889 1971 1949 2024 Β.
1986 1972 2145 2025 Pauli
2177 1988 2346 2042 quam
2377 1970 2660 2024 inchoavit
2701 1968 3040 2034 Londoniae;
3094 1973 3255 2021 tanta
3284 1971 3370 2020 est
3399 1967 3493 2021 de-

211 2052 534 2108 Simoniacze
580 2055 808 2110 haeresis
829 2057 954 2110 labe
985 2074 1296 2128 aspersum,
1348 2061 1446 2115 sed
1494 2063 1806 2132 juventutis
1889 2060 2033 2114 coris
2066 2060 2483 2130 magniﬁcentia
2502 2064 2567 2113 ut
2595 2058 2796 2112 merito
2831 2059 2976 2111 inter
3006 2057 3275 2128 praeclara
3294 2073 3493 2110 nume-

209 2144 381 2197 calore
410 2144 695 2215 tepefacto
716 2146 786 2199 ad
809 2147 1246 2202 emendatiorem
1275 2149 1444 2204 vitam
1482 2151 1803 2206 traductum

210 2232 401 2284 asserit
456 2232 688 2290 Guillel.
740 2233 1131 2299 Malmesbur..
1165 2238 1244 2291 De
1272 2239 1476 2309 pontif.
1517 2239 1614 2293 lib.
1646 2254 1708 2304 ιι,
1744 2241 1801 2294 in

212 2319 477 2388 episcopis
492 2319 857 2375 orientalium
875 2324 1203 2392 Anglorum.
1223 2326 1502 2380 Luctuosa
1517 2327 1682 2398 plane
1713 2343 1803 2381 res

210 2411 288 2458 est
304 2408 594 2463 antistites
614 2409 823 2464 intueri
844 2414 1162 2478 nonnullos,
1189 2415 1302 2484 qui,
1329 2416 1530 2469 animae
1561 2433 1625 2469 ac
1655 2417 1802 2470 diua-

214 2510 389 2550 ceseos
410 2514 554 2551 cura
583 2501 980 2569 praetermissa.
1023 2503 1095 2556 ad
1145 2503 1495 2573 abrogandas
1527 2511 1804 2559 monaste-

213 2583 410 2640 riorum
441 2587 759 2654 libertates,
819 2605 854 2642 a
904 2591 1111 2645 sanctis
1167 2593 1424 2648 Ecclesiae
1471 2593 1803 2666 praisulibus

213 2673 296 2742 pia
312 2681 366 2728 et
381 2677 544 2744 justa
567 2677 637 2730 de
663 2694 834 2732 causa
854 2696 1166 2748 concessas,
1209 2682 1460 2736 animum
1491 2684 1796 2754 appellant,

212 2767 489 2834 totamque
518 2765 858 2820 industriam
910 2775 967 2821 et
1007 2770 1194 2822 oleum
1231 2770 1578 2842 impendant,
1613 2771 1798 2825 verius

207 2849 394 2915 dicam,
438 2854 772 2924 deperdant,
799 2857 881 2910 uti
913 2858 1382 2925 Herebertusille,
1411 2866 1468 2914 et
1483 2861 1797 2915 Richardus

213 2939 594 2998 Dunelmensis
633 2946 943 3016 episcOpus,
976 2949 1138 3018 cujus
1180 2948 1562 3004 miserandum
1589 2950 1795 3004 exitum

211 3044 420 3086 cernere
447 3038 538 3086 est
566 3034 716 3104 apud
738 3033 938 3090 Matth.
955 3037 1237 3104 Paridem,
1260 3039 1491 3105 Histor.,
1517 3055 1644 3111 pag.
1671 3039 1794 3102 2|5,

212 3133 352 3173 num.
395 3120 443 3186 l,
479 3127 542 3176 et
563 3121 690 3187 2‘29,
721 3140 873 3178 num.
911 3123 958 3192 1,
991 3127 1206 3181 ultimae
1231 3128 1509 3182 editionis.

269 3209 496 3264 Divinas
558 3213 772 3268 litteras
815 3216 939 3280 lege,
992 3221 1098 3269 etc.
1153 3216 1417 3287 Vestigiis
1471 3223 1796 3272 sanctorum

210 3295 425 3353 Patrum
458 3301 703 3355 ﬁrmiter
730 3303 1101 3375 religioseque
1115 3305 1397 3360 inhaerens
1417 3308 1480 3360 B.
1513 3307 1795 3378 archiepi-

211 3401 390 3457 sc0pns
419 3389 800 3445 Herebertum
830 3393 1115 3458 admonet,
1139 3396 1334 3450 concil.
1361 3397 1538 3450 Tolet.
1557 3411 1640 3462 ιιι,
1667 3412 1787 3467 cap.

212 3472 270 3530 24
293 3495 303 3528 :
325 3499 346 3525 ι
370 3479 722 3549 Ignorantia,
753 3487 936 3536 mater
963 3489 1290 3538 cunctorum
1324 3501 1598 3551 errorum,
1624 3484 1796 3539 maxi-

211 3578 287 3617 me
309 3565 364 3620 in
390 3569 782 3624 sacerdotibus
812 3571 914 3626 Dei
943 3573 1172 3627 vitanda
1202 3580 1304 3639 est,
1329 3576 1424 3646 qui
1445 3576 1680 3631 docendi
1711 3577 1796 3630 of-

215 3652 377 3710 ﬁcium
422 3658 485 3712 in
528 3660 748 3730 populis
774 3668 1161 3732 susceperunt.
1191 3683 1216 3716 ι)
1280 3665 1349 3718 Et
1404 3670 1529 3736 post
1572 3685 1786 3739 pauca:

215 3758 236 3791 ι
260 3743 440 3800 Sciant
469 3747 651 3817 igitur
674 3750 991 3804 sacerdotes
1023 3752 1341 3823 Scripturas
1370 3753 1577 3822 sacras,
1613 3763 1670 3813 et
1697 3776 1791 3814 ca-

213 3844 366 3886 nones
401 3835 772 3902 meditentur,
805 3843 871 3892 ut
899 3856 1064 3894 omne
1090 3857 1230 3912 opus
1274 3859 1469 3896 eorum
1497 3844 1556 3898 in
1587 3848 1792 3916 praedi-

213 3919 405 3976 catione
429 3924 624 3978 divina
654 3931 711 3978 et
728 3925 985 3981 doctrina
1005 3929 1293 3999 consistat,
1320 3936 1489 4002 atque
1515 3933 1792 3989 aidiﬁcent

212 4016 414 4094 cunctos
446 4019 564 4066 tam
591 4014 716 4068 ﬁdei
741 4015 974 4070 scientia
1005 4033 1176 4086 quam
1207 4035 1439 4090 Operam
1471 4021 1785 4094 disciplina.

212 4093 475 4168 Siquidem
507 4107 702 4172 pastor
759 4105 840 4170 (ut
863 4105 1054 4160 aiebat
1102 4107 1158 4161 S.
1203 4109 1530 4181 Antiochus,
1591 4093 1784 4167 homil.

213 4181 321 4272 lli)
342 4195 494 4244 totus
516 4207 677 4245 mens
705 4199 760 4247 et
780 4195 976 4248 oculus
999 4211 1123 4249 esse
1151 4196 1335 4262 debet,
1351 4185 1424 4252 ut
1446 4216 1514 4253 ne
1536 4217 1648 4254 una
1670 4202 1789 4272 qui-

213 4271 318 4328 dem
341 4279 444 4332 sibi
477 4280 693 4334 credita
718 4283 995 4352 pecudum
1034 4285 1269 4340 ridicula
1319 4289 1437 4352 ﬁat,
1469 4294 1525 4342 et
1553 4271 1788 4360 indigna

211 4376 314 4431 quae
334 4369 639 4440 recipiatur
696 4387 730 4424 a
765 4373 1024 4440 Domino,
1052 4393 1074 4425 ι
1131 4381 1236 4430 etc.
1290 4376 1430 4430 Vide
1473 4378 1785 4434 Hormisdae

1887 2154 2044 2204 retur
2067 2149 2320 2204 aediﬁcia.
2346 2169 2371 2201 »
2424 2147 2764 2204 Considebat
2792 2148 2850 2201 in
2897 2146 3131 2201 concilio
3166 2146 3226 2200 in
3259 2146 3491 2201 ecclesia

1888 2239 1945 2293 S.
1980 2239 2128 2292 Petri
2145 2239 2305 2308 juxta
2325 2238 2672 2292 Lundoniam
2699 2253 2832 2291 ann.
2871 2234 3023 2301 1102,
3059 2235 3395 2306 praesidente
3421 2237 3485 2294 Β.

1884 2327 2170 2381 Anselmo.
2221 2327 2514 2394 Edmerus,
2565 2327 2709 2381 Hist.
2747 2341 3018 2380 novorum
3050 2325 3086 2378 l.
3116 2339 3196 2389 In,
3229 2342 3356 2396 pag.
3390 2323 3482 2381 67.

1955 2418 2064 2471 Aut
2083 2420 2355 2484 formatas
2379 2420 2607 2470 litteras.
2642 2415 2704 2470 Id
2729 2431 2909 2484 genus
2940 2415 3257 2468 litterarum
3279 2414 3490 2468 formu-

1886 2505 1997 2558 lam
2021 2505 2196 2558 habes
2224 2511 2350 2576 post
2369 2505 2563 2559 concil.
2607 2504 3059 2559 Chalcedonense
3091 2517 3129 2568 ι,
3163 2519 3266 2556 nec
3293 2519 3405 2556 non
3429 2502 3484 2556 in

1885 2595 2193 2665 appendice
2215 2595 2285 2648 ad
2308 2599 2443 2648 tom.
2470 2595 2521 2648 ΙΙ
2544 2593 2920 2647 Conciliorum
2949 2592 3145 2646 Galliae
3174 2592 3484 2662 permultas

1883 2699 2055 2754 opera
2081 2683 2272 2738 Jacobi
2304 2671 2586 2737 Sirmondi
2617 2682 2862 2752 primum
2893 2681 3202 2751 evulgatas.
3247 2679 3485 2734 Canoni-

1881 2789 1975 2834 cae,
2011 2772 2416 2838 ecclesiasticae,
2449 2771 2942 2834 commendatitiae,
2966 2768 3480 2834 commendatorias,

1881 2866 1938 2913 et
1960 2861 2287 2914 dimissoriae
2317 2861 2692 2931 appellantur.
2724 2861 2793 2913 Et
2832 2875 2963 2911 vero
3012 2857 3326 2927 antiquitus
3364 2857 3484 2910 for-

1881 2949 2048 3003 matis
2076 2951 2279 3004 litteris
2306 2951 2378 3003 ad
2405 2949 2678 3003 unitatem
2732 2947 2985 3001 Ecclesiae
3042 2945 3372 2998 servandam
3397 2945 3482 2998 uti

1882 3037 2138 3092 solebant
2166 3039 2465 3102 antistites,
2497 3037 2641 3090 sicut
2660 3039 2857 3090 auctor
2894 3040 2980 3088 est
3008 3035 3247 3104 Optatus
3267 3033 3484 3087 Milevi-

1818 3101 2045 3182 atauus
2073 3133 2268 3181 contra
2296 3128 2507 3190 Parm.,
2544 3125 2645 3184 lib.
2685 3139 2746 3190 Π,
2788 3124 2856 3178 de
2886 3124 3153 3177 Romanis
3197 3122 3479 3176 disserens

1879 3217 2236 3287 pontiﬁcibus
2262 3216 2350 3269 his
2380 3215 2600 3269 verbis:
2639 3235 2661 3265 ι
2688 3215 2826 3268 Cum
2871 3229 2981 3284 quo
3026 3211 3268 3280 (Siricio)
3318 3211 3481 3264 nobis

1878 3311 2030 3360 totus
2046 3306 2196 3359 orbis
2225 3305 2560 3359 commercio
2591 3303 2986 3364 formatarum,
3008 3302 3065 3354 in
3087 3317 3202 3355 una
3225 3316 3477 3355 commu-

1877 3395 2060 3449 nionis
2075 3395 2342 3448 societate
2357 3393 2676 3455 concordat,
2701 3412 2722 3444 ι
2753 3404 2865 3448 etc.
2895 3391 2960 3444 D.
2985 3389 3286 3460 Augustin,
3309 3390 3478 3443 Eleu-

1877 3471 2428 3554 sin-disputationem
2449 3500 2616 3554 quam
2643 3499 2768 3536 cum
2800 3480 3069 3535 Fortunio
3098 3478 3375 3532 habuerat
3393 3495 3479 3532 re-

1878 3575 2080 3639 ferens,
2110 3574 2272 3644 epist.
2308 3570 2427 3638 163,
2455 3577 2579 3643 post
2606 3571 2851 3637 initium,
2880 3571 2961 3624 sic
2988 3569 3263 3640 loquitur:
3290 3568 3479 3632 «Quae-

1875 3662 2067 3717 rebam
2090 3669 2280 3716 utrum
2314 3662 2581 3736 epistolas
2609 3660 3156 3725 communicatorias,
3189 3675 3329 3730 quas
3367 3659 3477 3713 for-

1874 3758 2055 3805 matas
2078 3752 2336 3817 dicimus,
2362 3757 2550 3822 posset
2588 3767 2697 3820 quo
2728 3749 2926 3803 vellem
2959 3749 3113 3814 dare,
3142 3755 3199 3802 et
3222 3748 3475 3802 afﬁrma-

1871 3839 1998 3895 bam
2021 3841 2170 3912 quod
2201 3840 2557 3895 manifestum
2586 3845 2711 3893 erat
2738 3837 3018 3903 omnibus,
3057 3858 3079 3888 ι
3114 3843 3218 3892 etc.

1943 3928 2098 3984 Sicut
2127 3947 2357 3985 canon-es
2387 3931 2604 3998 jubent.
2654 3927 2869 3981 Canon.
2925 3927 3311 3997 apostolorum
3352 3924 3419 3982 32
3453 3944 3467 3980 :

1872 4020 2082 4086 Μηδένα
2108 4026 2208 4072 τῶν
2240 4019 2372 4082 ξένον
2398 4015 2698 4080 ἐπισκόπων,
2782 4017 3141 4086 πρεσϐυτέρων,
3176 4016 3205 4082 ἤ
3231 4013 3472 4067 ’διακόνων

1872 4107 1984 4161 ἄνευ
2041 4114 2342 4161 συστατικῶν
2399 4107 2796 4177 προσδέχεσθαι,
2855 4105 2935 4156 καὶ
2995 4101 3358 4173 ἐπιφερομένων
3416 4103 3471 4154 δὲ

1873 4195 2052 4261 αὐτῶν,
2107 4194 2547 4268 ἀνακρινέσθωσαν.
2605 4195 2685 4247 καὶ
2737 4191 2774 4246 εἰ
2826 4193 2912 4265 μὲν
2966 4183 3085 4244 ὦσιν
3133 4193 3334 4261 κήρυκες
3383 4197 3470 4256 τῆς

1873 4284 2155 4350 Εὐσεεεέας,
2190 4287 2657 4358 προσδεχέσοωσαν.
2693 4281 2732 4335 εἰ
2762 4283 2815 4335 δὲ
2848 4285 2916 4354 μή
2945 4300 3020 4353 γε,
3053 4281 3114 4333 τὰ
3142 4277 3264 4351 πρὸς
3297 4280 3471 4351 χρείας

1869 4372 2030 4436 αὐτοῖς
2081 4372 2550 4446 ἐπιχορηγήσαντες,
2601 4371 2665 4434 εἰς
2715 4373 2972 4425 κοινωνίαν
3017 4367 3188 4431 αὐτοὺς
3230 4368 3295 4440 μὴ
3340 4387 3469 4439 προ-

208 4454 349 4521 epist.
377 4458 431 4522 4,
453 4475 575 4530 cap.
617 4459 663 4524 l,
693 4461 762 4514 ad
793 4462 961 4533 episc.
996 4464 1262 4535 Hispan.;
1295 4465 1620 4521 Turonense
1644 4485 1778 4523 con-

1883 4464 2113 4530 τδέξησοε.
2163 4461 2328 4515 πολλὰ
2369 4461 2463 4533 γὰρ
2503 4461 2627 4515 κατὰ
2663 4460 2978 4531 συναρπαγὴν
3016 4461 3218 4530 γίνεται,
3261 4457 3319 4511 id
3360 4461 3467 4523 est,

205 4539 281 4628 cii.
315 4558 394 4613 III,
426 4549 562 4616 e.4;
608 4550 832 4605 Nicena:
872 4553 1071 4622 synod.
1127 4567 1186 4622 II,
1237 4571 1292 4610 c.
1325 4554 1401 4622 ‘2;
1445 4556 1502 4610 S.
1546 4558 1784 4628 Gregor.

206 4627 286 4687 lib.
315 4649 404 4702 vn,
437 4637 606 4707 epist.
637 4637 761 4694 110.
785 4641 949 4695 Solus
979 4642 1272 4697 Salvianus
1297 4645 1628 4701 Massiliens.
1656 4627 1787 4718 pre,

205 4718 375 4789 sbyter
401 4726 766 4795 producatur,
800 4746 1089 4802 ep:sc0pos
1119 4732 1199 4785 sic
1238 4733 1548 4804 alloquens,
1584 4735 1710 4790 libr.
1743 4750 1786 4790 II

205 4807 266 4862 8d
308 4811 512 4868 Eccles.
561 4817 765 4871 cathol.
818 4828 943 4890 post
985 4821 1131 4874 med.
1172 4821 1502 4893 :Quidquid
1558 4825 1627 4878 de
1661 4826 1784 4880 aliis

205 4901 442 4957 omnibus
470 4904 684 4959 dictum
716 4913 818 4973 est,
852 4910 1032 4979 magis
1073 4909 1284 4981 absque
1339 4911 1508 4966 dubio
1557 4914 1628 4968 ad
1687 4931 1783 4968 eos

207 4990 428 5054 pertinet
455 4993 551 5062 qui
571 4997 826 5066 exemplo
855 4997 1116 5053 omnibus
1147 5016 1268 5054 esse
1297 5000 1519 5064 debent,
1551 5010 1607 5056 et
1641 5020 1782 5073 quos

206 5075 377 5147 utique
430 5089 592 5136 tanto
636 5091 920 5141 antestare
967 5089 1182 5144 caeteris
1230 5095 1452 5161 oportet
1487 5091 1781 5146 devotione

205 5173 391 5231 quanto
419 5177 708 5226 antestant
728 5175 987 5231 omnibus
1023 5176 1318 5248 dignitate.
1341 5179 1497 5232 Nihil
1525 5179 1672 5234 enim
1696 5184 1783 5233 est

204 5256 401 5324 turpius
425 5275 596 5329 quam
623 5263 983 5319 excellentem
1009 5283 1132 5321 esse
1163 5267 1473 5338 quemlibet
1510 5269 1778 5336 culmine,

205 5347 253 5394 et
275 5343 663 5416 despicabilem
684 5352 916 5408 vilitate.
949 5354 1094 5420 Quid
1124 5362 1210 5412 est
1239 5357 1389 5411 enim
1433 5357 1586 5411 aliud
1627 5359 1785 5428 prin-

205 5429 400 5500 cipatus
429 5437 550 5491 sine
572 5441 900 5497 meritorum
932 5445 1299 5510 sublimitate.
1331 5447 1439 5506 nisi
1464 5447 1698 5501 honoris
1718 5446 1787 5500 ti-

204 5520 336 5618 tulus
362 5524 479 5578 sine
509 5527 734 5584 homine
751 5532 775 5584 ?
793 5533 908 5588 Aut
929 5535 1062 5606 quid
1085 5543 1171 5591 est
1186 5537 1432 5618 dignitas
1448 5537 1506 5607 in
1532 5535 1784 5605 indigno:

209 5617 301 5667 nisi
315 5623 702 5674 ornamentum
729 5621 788 5675 in
817 5623 983 5678 luto?
1008 5646 1029 5677 ο
1067 5631 1173 5696 etc.
1269 5617 1275 5624 ’

1873 4573 1898 4604 «
1932 4553 2133 4623 Nullus
2157 4551 2584 4622 peregrinorum
2631 4550 3020 4621 episcoporum
3058 4547 3144 4601 vel
3174 4545 3468 4618 presbyte-

1870 4639 2553 4705 rorum,veldiaconorum
2580 4639 2699 4692 sine
2725 4636 3201 4692 commendatitiis
3234 4634 3468 4706 recipia-

1869 4737 1964 4785 tur
1991 4749 2002 4784 :
2037 4734 2094 4783 et
2123 4746 2218 4783 eas
2247 4729 2381 4782 dum
2413 4745 2603 4782 secum
2650 4730 2842 4782 ferunt
2881 4727 2988 4799 ipsi
3018 4726 3318 4796 diligenter
3345 4740 3470 4778 exa-

1866 4820 2174 4885 minentur,
2209 4819 2341 4872 etsi
2380 4818 2606 4888 quidem
2652 4817 2863 4871 fuerint
2890 4832 3173 4888 praecones
3216 4811 3467 4886 pietatis,

1865 4909 2212 4980 recipiantur
2235 4925 2248 4974 ;
2271 4906 2358 4960 sin
2396 4906 2602 4972 minus,
2644 4905 2757 4960 illis
2796 4906 2867 4960 ad
2899 4905 3102 4960 victum
3150 4903 3471 4958 necessaria

1865 5016 1992 5053 cum
2043 4996 2411 5068 praebueritis,
2443 4995 2681 5049 ulterius
2721 4995 2871 5067 ipsos
2915 4995 2974 5049 in
3020 4993 3366 5048 consortium
3396 5007 3469 5044 ne

1867 5087 2178 5158 recipiatis;
2230 5085 2411 5140 multa
2438 5085 2588 5138 enim
2645 5101 2746 5156 per
2792 5083 3214 5155 subreptionem
3244 5084 3406 5155 ﬁunt.
3438 5099 3463 5129 ι

1869 5176 2128 5247 Synodus
2185 5175 2545 5238 Chalcedon.,
2589 5191 2714 5228 can.
2763 5173 2853 5239 13,
2887 5174 3036 5226 idem
3082 5170 3345 5243 praecipit.
3402 5168 3470 5220 Et

1871 5265 2067 5337 synod.
2103 5278 2159 5318 v1
2190 5264 2248 5318 in
2279 5264 2490 5328 Trullo,
2512 5280 2632 5318 can.
2659 5264 2727 5318 17
2765 5282 2778 5318 :
2813 5265 3005 5328 359
3043 5260 3308 5329 Ὁρίζομεν
3339 5257 3468 5307 ὥστε

1874 5357 2061 5427 μηδένα
2087 5359 2188 5405 τῶν
2215 5352 2446 5406 ἁπάντων
2475 5354 2739 5422 κληριχῶν,
2771 5351 2860 5420 κᾷν
2891 5348 2938 5403 ἐν
2968 5349 3246 5418 οἷῳδήποτε
3275 5343 3469 5416 τυγχά-

1872 5466 1929 5516 νῃ
1978 5445 2171 5514 βαομῷ,
2221 5440 2388 5494 ἄδειαν
2434 5443 2584 5515 ἔχειν,
2632 5437 2764 5501 ἐκτὸς
2804 5446 2890 5506 τῆς
2926 5443 3013 5490 τοῦ
3055 5433 3231 5488 οἰκείου
3272 5431 3471 5486 ἐπισκό-

1872 5553 1966 5586 που
2036 5530 2278 5602 ἐγγράφου
2352 5526 2678 5598 ἀπολυτικῆς,
2761 5525 2806 5580 ἐν
2883 5527 3024 5597 ἑτέρᾳ
3087 5522 3469 5577 κατατάττεσθαι

1885 5622 2176 5689 Ἐκκλησία·
2229 5619 2330 5674 ἐπεὶ
2380 5619 2407 5672 ὁ
2456 5620 2522 5690 μὴ
2567 5625 2710 5672 τοῦτο
2757 5613 3260 5689 παραφυλαττόμενος
3299 5613 3473 5666 καθαι-
