3902 6166
255 184 341 247 597

1208 170 1225 186 ’
1282 194 1364 249 IN
1404 195 1629 255 EPIST.
1672 197 1736 253 B.
1779 198 2193 279 LANFRANGI
2229 200 2463 257 nom.

3400 202 3508 264 ἔω

248 309 403 405 libera
432 312 737 385 securitate
762 332 996 393 quaeque
1026 318 1095 375 ad
1128 318 1259 388 jura
1290 319 1549 374 Ecclesiae
1577 322 1826 381 Cantua-
1916 341 2015 394 per
2044 342 2104 378 se
2134 327 2417 388 clauserit,
2448 325 2634 383 minor
2655 325 2823 380 clavis
2871 325 3091 396 aperire
3118 341 3229 385 non
3260 327 3504 391 valebit;

248 397 421 477 riensis
446 402 787 479 pertinentia
813 405 1004 481 potiri,
1053 423 1198 477 szepe
1218 408 1366 461 fatus
1386 409 1828 467 PatcrLanfran-

247 506 326 573 rius
351 481 676 580 intenderit,
710 482 767 580 et
795 484 864 551 eri
918 495 987 549 iis
1019 512 1140 573 quae
1199 497 1636 567 designavimus,
1670 506 1727 554 et
1763 518 1828 575 es

246 558 458 669 epistola
481 568 650 650 quam
670 558 797 667 ecce
814 582 1252 657 subscribemus,
1270 586 1443 641 cuivis
1461 588 1602 642 scire
1623 589 1827 644 volenti

244 662 411 737 patere
442 662 578 749 satis
607 662 735 737 erit,
768 690 792 723 »
832 677 939 743 etc.
1018 664 1021 671 ’

298 783 560 850 Stigando
593 788 939 843 Cicestren-si.
991 807 1015 839 ι
1080 789 1386 859 Stigandus
1441 808 1555 846 non
1608 793 1701 846 ille
1732 794 1831 863 (ait

241 872 761 943 Malmesburiensis,
823 877 922 953 lib.
966 893 1007 932 11
1059 876 1139 933 De
1191 881 1389 949 pontif.
1430 882 1487 935 in
1526 883 1691 951 calce)
1734 883 1827 953 qui

241 970 412 1033 postea
448 964 560 1018 fuit
607 966 903 1036 episcopus
944 967 1347 1036 Vintoniensis,
1380 976 1438 1023 et
1464 971 1828 1042 archiepisco-

241 1068 328 1122 pus
353 1052 795 1107 Cantuariensis.
829 1055 932 1110 Hic
980 1056 1285 1125 Stigandus
1310 1075 1344 1111 a
1383 1059 1664 1113 Willelmo
1693 1077 1825 1129 rege

240 1138 302 1193 ibi
328 1139 505 1195 factus
544 1142 859 1213 episcopus,
918 1146 1157 1199 mutavit
1184 1146 1372 1200 sedem
1419 1148 1479 1201 in
1519 1148 1822 1202 Cicestram

241 1228 473 1282 dimcesis
503 1247 621 1284 sua:
652 1232 934 1286 civitatem
968 1251 1141 1305 prope
1177 1252 1353 1301 mare,
1387 1236 1483 1290 ubi
1513 1238 1824 1307 antiquitus

1914 420 1967 466 ct
1999 416 2147 485 quod
2196 416 2501 485 aperuerit,
2536 415 2795 479 claudere
2841 432 2952 469 non
2991 415 3215 470 valebit.
3247 415 3507 487 Misimus

1910 519 2042 573 ergo
2064 505 2360 574 quemdam
2383 504 2630 574 praedicti
2653 505 2979 565 monasterii
3007 506 3237 571 fratrem
3267 523 3509 577 praesen-

1910 586 2048 653 tium
2080 587 2346 661 laborem,
2382 588 2478 658 qui
2506 588 2727 658 plenius
2758 592 2815 665 et
2850 589 3149 659 specialius
3174 606 3245 653 ea
3286 606 3408 660 qua:
3433 591 3507 651 li:-

1908 674 2093 751 berari
2128 687 2185 731 et
2214 677 2436 739 defendi
2483 677 2791 747 apostolica
2847 678 3179 757 auctoritate
3224 679 3500 745 convenit,

1908 765 2243 819 nominatim
2273 766 2647 832 determinet;
2682 771 2738 819 et
2768 766 3144 821 instrumenta
3170 768 3505 829 conﬁrmare

1912 854 2003 923 [f.,
2029 855 2392 925 confirmatae]
2422 854 2697 923 libertatis
2724 854 3179 925 nobisreportet.

1980 944 2264 997 Hactenus
2296 943 2484 1001 Ivonis
2509 944 2748 1014 epistola
2783 960 2814 997 e
2850 944 3070 1009 scriniis
3112 946 3174 1000 B.
3201 944 3393 1007 Maria
3431 948 3502 1006 de

1907 1030 2176 1107 Ebronio.
2211 1033 2463 1102 dicepesis
2483 1032 2943 1099 Cenomanensis,
2963 1040 3168 1097 nostrae
3193 1051 3501 1109 congrega-

1904 1121 2074 1174 tionis
2098 1122 2442 1185 monasterii.
3074 1176 3081 1181 .
3244 1194 3257 1200 -

1979 1212 2102 1276 Quar
2114 1215 2448 1279 antiquitus,
2464 1211 2758 1277 etc.Quam
2778 1211 3015 1266 viriliter
3034 1217 3160 1278 33
3176 1219 3212 1278 I
3251 1206 3386 1274 sane
3404 1220 3496 1273 at-

243 1325 288 1370 et
313 1317 362 1369 S.
400 1318 556 1372 Petri
586 1322 994 1376 monasterium
1027 1329 1085 1376 et
1131 1325 1490 1394 congregatio
1531 1327 1799 1380 sanctimo

1910 1315 2018 1369 que
2035 1300 2102 1354 ad
2125 1300 2322 1354 horam
2345 1318 2379 1355 a
2401 1301 2463 1369 Β.
2485 1300 2796 1367 Lanfranco
2820 1301 3076 1365 Ecclesiae
3106 1302 3501 1363 Cantuariensi

242 1405 459 1461 nialium
490 1407 691 1476 fuerat,
732 1430 754 1461 ›
799 1416 910 1467 etc.
950 1412 1030 1466 De
1079 1413 1349 1483 Stigando
1404 1414 1475 1468 ad
1525 1415 1820 1485 epistolam

234 1492 306 1559 23,
336 1495 390 1550 d.

294 1603 706 1662 Archidz'aconi.
741 1607 885 1670 Quid
919 1624 1105 1678 agere,
1140 1609 1273 1680 quid
1312 1625 1506 1664 cavere
1556 1610 1814 1680 debeant,

237 1691 379 1747 docet
412 1695 770 1763 Hincmarus,
805 1704 939 1752 tom.
975 1701 1017 1753 1.
1044 1716 1172 1769 pag.
1210 1699 1330 1765 738,
1364 1700 1421 1753 in
1447 1701 1705 1772 capitulis
1734 1706 1820 1757 ar-

232 1782 631 1840 chidiaconibus
654 1788 902 1859 presbyt.
962 1789 1148 1855 datis;
1206 1778 1466 1851 maxime,
1502 1807 1624 1861 cap.
1662 1792 1711 1857 5,
1747 1810 1817 1846 ne

231 1874 477 1941 pecunias
509 1894 544 1929 a
604 1877 947 1947 presbyteris
1005 1878 1233 1951 exigant
1280 1879 1579 1933 interdicit.
1610 1882 1675 1934 Et
1719 1883 1811 1936 Ivo

233 1960 574 2017 Carnotensis
595 1966 888 2036 episcopus
909 1970 973 2020 ut
986 1967 1287 2020 monachos
1310 1968 1365 2021 S.
1386 1968 1538 2022 Petri
1556 1970 1808 2045 ejusdem

230 2052 446 2106 civitatis
490 2054 561 2107 ab
601 2056 1123 2110 archidiaconorum
1158 2055 1445 2111 vexatione
1478 2059 1805 2127 vindicaret,

228 2140 431 2196 illorum
462 2150 519 2196 et
547 2145 723 2215 quieti
756 2147 814 2198 in
853 2154 1141 2216 posterum
1189 2147 1522 2215 consuleret,
1557 2148 1808 2203 Paschali

226 2246 362 2300 papae
392 2231 492 2284 dat
522 2232 739 2287 litteras
764 2235 822 2288 in
852 2236 1000 2288 hunc
1030 2236 1257 2289 modum
1291 2254 1302 2288 :

284 2346 552 2402 PASCHALI
575 2366 796 2405 summo
829 2352 1080 2421 pontiﬁci
1129 2351 1223 2406 Ivo
1282 2353 1510 2431 humilis
1555 2355 1808 2411 Ecclesiae

232 2434 573 2491 Carnotensis
603 2438 877 2515 minister,
920 2459 1047 2495 cum
1073 2441 1259 2521 debita
1311 2442 1624 2497 obcdientia
1654 2446 1810 2516 quid-

228 2521 341 2590 quid
372 2525 430 2577 in
462 2528 705 2581 terrenis
736 2533 791 2581 et
815 2529 1132 2584 coelestibus
1161 2530 1480 2585 desiderare
1511 2537 1567 2585 et
1583 2550 1807 2607 sperare

223 2615 387 2677 potest
414 2629 574 2667 mens
602 2615 865 2670 humana.

284 2718 417 2795 Cum
450 2722 787 2801 auctoritate
815 2727 1122 2799 apostolica
1150 2727 1349 2781 moniti
1380 2733 1435 2781 et
1465 2728 1691 2798 muniti,
1712 2746 1805 2799 pa-

222 2805 262 2857 ci
282 2806 666 2867 ecclesiasticae
713 2822 771 2868 et
816 2816 991 2885 quieti
1042 2818 1365 2872 monasticae
1404 2835 1629 2893 operam
1669 2818 1804 2873 dare

225 2894 493 2965 debemus,
527 2904 585 2953 in
616 2903 820 2972 quibus
847 2905 918 2958 ad
950 2906 1051 2959 hoc
1070 2906 1416 2976 implendum
1440 2906 1804 2971 nisibus,nos-

1910 1389 2227 1443 consultum
2261 1391 2375 1445 est!
2405 1391 2611 1461 quippe
2640 1392 2797 1459 cujus
2823 1392 3205 1461 possessiones
3232 1392 3303 1447 ab
3321 1395 3501 1451 omni-

1901 1476 2005 1553 bus
2065 1479 2408 1549 (praesertim,
2446 1480 2830 1550 OptimatinS)
2874 1480 3333 1541 distrahebantur
3367 1487 3501 1555 ante

1901 1569 2022 1639 ejus
2053 1568 2111 1621 in
2137 1569 2397 1639 Angliam
2427 1570 2747 1631 adventum,
2766 1573 2823 1622 et
2851 1568 3141 1631 libertates
3169 1586 3268 1645 seu
3295 1570 3502 1629 immu-

1801 1657 2106 1738 ZBnitates
2141 1659 2260 1730 jam
2300 1658 2493 1712 multis
2512 1664 2661 1712 retro
2691 1658 2855 1724 annis
2877 1674 3086 1727 susque
3117 1659 3299 1729 deque
3330 1658 3500 1717 habe-

1904 1745 2135 1814 bantur;
2169 1764 2269 1818 pro
2297 1746 2498 1818 quibus
2526 1746 2873 1817 inquirendis
2898 1752 3066 1817 atque
3097 1747 3168 1808 ad
3217 1764 3384 1824 usum
3414 1765 3499 1806 re:

1898 1836 2179 1900 vocandis,
2211 1836 2517 1891 immensos
2561 1835 2778 1897 labores
2818 1841 2876 1889 et
2922 1837 3156 1899 sudores
3180 1838 3497 1897 exantlasee

1898 1925 2183 1979 memoria;-
2205 1924 2549 1993 consignavit
2570 1925 2896 1990 Eadmerus,
2919 1923 3038 1977 loco
3068 1924 3258 1991 citato,
3291 1942 3420 1995 pag.
3437 1922 3490 1993 9,

1890 2012 1986 2065 ubi
2010 2013 2258 2069 Odonem
2283 2013 2429 2082 regis
2457 2014 2709 2076 fratrem,
2752 2012 3074 2082 episcopum
3105 2014 3491 2081 Bajocensem,

1891 2084 1947 2154 et
1979 2102 2190 2156 Cantia
2220 2103 2505 2163 comitem,
2537 2102 2608 2154 ad
2638 2101 3031 2175 disceptandas
3070 2102 3492 2164 Cantuariensis

1890 2190 2148 2245 Ecclesiae
2171 2208 2367 2249 causas
2397 2207 2582 2259 coram
2614 2190 2772 2260 regni
2818 2190 3179 2260 primoribus,
3204 2192 3369 2262 jussu
3400 2210 3492 2250 re-

1886 2280 1992 2349 gis,
2023 2285 2351 2353 provocarat
2370 2296 2608 2350 magnus
2630 2279 3004 2348 Lanfrancus:
3035 2298 3060 2333 α
3083 2280 3330 2341 Tandem
3351 2283 3493 2339 vali-

1891 2368 1963 2421 da
1984 2369 2199 2423 ratione
2221 2370 2506 2439 subnixus,
2533 2384 2601 2424 ex
2630 2370 2911 2436 communi
2943 2370 3195 2431 omnium
3228 2371 3495 2442 astipula-

1889 2457 2042 2511 tione
2064 2465 2119 2512 et
2143 2459 2374 2530 judicio,
2410 2458 2484 2511 ibi
2514 2464 2715 2512 cuncta
2735 2458 3086 2536 recuperavit
3113 2476 3235 2529 qua:
3265 2465 3492 2531 ostensa

1889 2552 2024 2600 sunt
2043 2548 2355 2617 antiquitus
2373 2546 2444 2603 ad
2459 2548 2592 2616 jura
2608 2546 2863 2607 Ecclesiae
2889 2547 3091 2608 Christi
3112 2548 3488 2623 Cantuariene

1888 2632 1963 2687 sis
1981 2636 2338 2707 pertinuisse,
2364 2642 2478 2690 tam
2498 2635 2556 2688 in
2600 2634 2785 2699 terris,
2813 2653 2981 2707 quam
3007 2636 3065 2690 in
3086 2636 3323 2695 diversis
3350 2654 3486 2695 con-

1886 2725 2299 2791 suetudinibus,
2320 2747 2344 2772 υ
2370 2729 2478 2778 etc.
2512 2723 2604 2785 Ad
2624 2724 2915 2795 privilegia
2935 2725 3358 2782 Cantuariensis
3382 2727 3489 2782 Ec-

1885 2812 2065 2866 clesiae
2095 2814 2242 2883 quod
2266 2816 2486 2877 attinet,
2516 2812 2733 2871 solebat
2759 2813 3484 2885 archiepiscopus,quacun-

1885 2918 1993 2970 que
2014 2902 2072 2959 in
2099 2903 2323 2957 dioecesi
2377 2903 2519 2957 villa:
2563 2903 2713 2956 illius
2759 2910 2817 2959 et
2872 2904 3117 2973 ecclesia:
3156 2904 3481 2975 existerent,

219 2985 303 3037 tris
334 3004 443 3041 non
480 2991 813 3073 sufﬁcimus,
846 2995 1208 3064 apostolicam
1262 2995 1451 3067 sedem
1510 2996 1798 3071 consulere
1819 2990 1863 3071 β
1886 2991 2221 3063 episcopalia
2235 2991 2365 3062 jura
2381 2991 2718 3061 tanquamin
2749 2992 2978 3062 Propria
3005 3009 3297 3060 exercere;
3329 2993 3485 3050 velut

217 3078 473 3144 cegimur,
500 3088 565 3133 ut
588 3098 714 3157 eam
740 3084 1050 3137 sentiamus
1089 3084 1469 3163 adjuvantem,
1504 3101 1672 3159 quam
1700 3085 1801 3138 ha-
1882 3078 2029 3143 inter
2049 3097 2215 3153 quam
2245 3080 2518 3152 plurimos
2536 3081 2965 3143 auctoresdqcet
2986 3082 3352 3139 S.Anselmus
3377 3083 3477 3139 lib.

220 3159 424 3219 buimus
454 3167 849 3251 imperantem,
884 3181 1161 3243 quatenus
1206 3159 1545 3231 excellentiae
1575 3182 1799 3246 aposto-
1882 3182 1963 3235 In,
1996 3170 2156 3239 epist.
2187 3168 2249 3226 19
2282 3189 2293 3223 :
2335 3190 2356 3221 ι
2389 3170 2623 3239 Semper
2662 3170 3115 3241 archiepiscopus
3159 3171 3480 3239 Cantuariis

217 3249 317 3305 lica:
346 3272 456 3310 non
488 3249 796 3329 incongrue
843 3261 1095 3337 dicamus
1127 3281 1138 3315 :
1179 3282 1199 3313 ι
1235 3264 1319 3317 Da
1349 3263 1497 3334 quod
1515 3263 1701 3332 jubcs,
1742 3268 1799 3316 et

214 3340 336 3408 jube
367 3334 521 3415 quod
548 3349 649 3401 vis.
687 3369 707 3400 θ
745 3336 903 3413 Quod
934 3334 1061 3404 ideo
1085 3352 1400 3405 celsitudini
1430 3360 1627 3406 vestra:
1652 3369 1795 3422 prae-

215 3427 512 3503 libavimus,
548 3438 681 3508 quia
710 3439 967 3495 volumus
1012 3446 1209 3519 notum
1269 3458 1390 3494 esse
1432 3440 1795 3495 sollicitudini

212 3532 387 3578 vestrae
416 3526 475 3579 in
505 3528 772 3582 suburbio
793 3530 1123 3584 Carnotensi
1152 3531 1323 3585 situm
1354 3548 1473 3585 esse
1510 3538 1793 3586 monaste-

213 3609 342 3665 rium
373 3614 431 3667 in
488 3617 701 3671 honore
731 3619 793 3671 B.
826 3620 999 3697 l’etri,
1051 3619 1121 3673 ab
1177 3620 1624 3675 antecessoribus
1652 3620 1792 3674 meis

210 3696 512 3771 fundatum,
547 3712 602 3759 et
649 3707 717 3760 de
756 3696 912 3761 bonis
943 3707 1304 3785 Carnotensis
1334 3709 1596 3773 ecclesiae,
1629 3715 1796 3781 prout

208 3787 426 3846 facultas
457 3793 603 3849 ferre
634 3784 838 3866 potuit,
870 3782 1221 3868 ampliatum,
1254 3798 1312 3873 in
1352 3815 1463 3867 quo
1492 3798 1793 3873 aliquando

203 3879 384 3950 religio
398 3884 593 3954 viguit,
614 3885 919 3956 aliquando
936 3874 1138 3958 tepuit,
1172 3904 1322 3953 cum,
1355 3888 1498 3941 sicut
1529 3904 1649 3940 mos
1680 3894 1783 3952 est,

204 3965 478 4026 deﬁciente
544 3958 871 4045 integritate
934 3978 1314 4048 praelatorum,
1356 3976 1620 4046 subsequi
1674 3992 1787 4030 non

202 4058 372 4122 potuit
401 4056 623 4137 sanitas)
667 4052 1038 4139 subditorum.
1073 4066 1182 4119 Sed
1229 4065 1378 4136 quia,
1428 4065 1544 4118 Deo
1582 4081 1787 4139 praeve-

204 4140 395 4212 niente,
430 4157 483 4237 et
534 4153 805 4239 nonnullo
858 4138 1043 4208 studio
1093 4162 1284 4227 nostro
1339 4160 1693 4227 cooperante,
1724 4154 1785 4225 in

204 4237 448 4301 przedicto
480 4237 825 4297 monaSterio
858 4243 1143 4319 religionis
1186 4244 1339 4319 vigor
1369 4243 1641 4317 refloruit,
1682 4260 1784 4296 ne-

200 4327 483 4381 cessariam
510 4314 867 4409 monasteriis
893 4332 1140 4402 quietem
1172 4318 1438 4409 vellemus
1459 4332 1639 4386 eidem
1662 4349 1784 4405 mo-

196 4418 429 4471 nasterio
461 4402 757 4505 providere
782 4437 794 4483 ;
824 4426 879 4473 et
908 4419 976 4473 ab
1003 4421 1251 4490 angariis
1272 4428 1329 4477 et
1341 4421 1778 4493 gravaminibus,

196 4518 308 4571 qua:
334 4523 436 4585 sua
466 4504 784 4578 quaerentes
817 4509 1197 4589 archidiaconi
1320 4504 1507 4565 facere
1537 4510 1780 4571 moliun-

191 4598 296 4659 tur,
324 4596 551 4681 penitu’s
581 4595 850 4675 liberare;
899 4598 1048 4681 quod
1077 4598 1249 4652 etiam
1282 4594 1506 4673 quidam
1537 4605 1782 4663 autcaes-

190 4674 346 4737 sores‘
367 4668 545 4755 nostri
577 4680 637 4738 se
668 4674 860 4739 fecisse
882 4668 1238 4767 putaverunt,
1283 4689 1381 4742 sed
1426 4688 1653 4761 libertas

188 4762 428 4843 integras
452 4766 601 4828 vires
631 4790 745 4828 non
786 4762 1003 4845 habuit,
1036 4776 1169 4846 quia
1199 4778 1502 4848 apostolica
1542 4778 1781 4853 auctori:

184 4869 292 4949 tate
312 4852 549 4947 munita
575 4880 689 4949 non
720 4862 843 4947 fuit.
879 4851 1135 4951 Postulat
1156 4866 1347 4939 itaque
1385 4851 1640 4937 praedicti,
1656 4885 1779 4937 mp-

182 4952 405 5025 nasterii
429 4960 550 5006 tota
570 4954 929 5031 congregatio
958 4961 1039 5017 ut,
1068 4972 1169 5031 per
1195 4955 1550 5031 mediationis
1573 4962 1778 5015 nostra;

181 5028 817 5115 mediocritatem,idem
841 5028 1243 5105 monasterium
1263 5062 1390 5099 cum
1419 5046 1534 5098 suis
1562 5062 1776 5119 appen-

180 5129 329 5183 diciis
357 5132 459 5184 sub
487 5122 726 5184 tutelam
756 5120 960 5185 sanctae
1009 5133 1275 5189 Romanae
1305 5133 1568 5211 Ecclesiae
1598 5138 1775 5192 susci-

178 5221 396 5289 piatur;
427 5227 484 5273 et
512 5220 761 5293 libertas,
801 5238 969 5292 quam
1001 5223 1437 5292 prmdecessores
1468 5228 1770 5280 nostrimo-

180 5310 424 5391 nasterio
492 5314 549 5389 et
609 5296 1058 5391 possessionibus
1122 5314 1445 5385 monasterii
1483 5332 1768 5381 concesse-

177 5390 324 5461 runt,
388 5378 549 5469 salvo]
587 5399 732 5473 jure.
764 5378 1124 5479 Carnotensis
1167 5402 1427 5474 episcopi,
1469 5404 1771 5479 apostplica

177 5477 507 5575 δυοιοτίεξιὲρ
525 5474 1036 5591 ξοῖοξῖθίξὲξῖρῑὲρβι
1066 5490 1217 5567 θηὲμλ
1247 5472 1572 5566 ρείηρὲρξιιίὲ
1600 5476 1781 5557 clavis.

1884 3259 2025 3331 hanc
2048 3260 2247 3329 habuit
2274 3265 2612 3331 potestatem
2648 3265 2705 3315 et
2728 3261 3213 3331 consuetudinem,
3238 3268 3303 3319 ut
3327 3264 3480 3318 intra

1879 3351 2259 3421 cujuscunque
2275 3349 2519 3420 episcopi
2535 3348 2815 3413 dioecesim
2835 3348 3069 3405 haberet
3084 3350 3477 3406 EcclesiaCan-

1877 3440 2075 3497 tuarize
2105 3440 2288 3494 villam
2322 3445 2420 3505 aut
2449 3438 2760 3497 ecclesiam.
2781 3454 2905 3508 quae
2935 3439 3189 3508 ejusdem
3205 3440 3478 3512 archiepi.

1876 3529 2028 3601 scopi
2045 3529 2256 3600 proprii
2272 3528 2419 3599 juris
2436 3527 2922 3597 essent,quidquid
2941 3527 3011 3581 de
3031 3528 3230 3599 eadem
3253 3528 3479 3585 villavel

1875 3618 2108 3673 ecclesia
2138 3617 2448 3689 pertineret
2503 3617 2574 3671 ad
2622 3616 2936 3686 episcopale
2979 3616 3244 3675 officium.
3276 3618 3476 3687 Adhuc

1876 3707 2069 3779 vivunt
2096 3706 2532 3777 innumerabiles
2578 3705 2835 3769 homines
2879 3704 2977 3775 qui
3022 3704 3283 3761 viderunt
3311 3712 3476 3760 ante-

1877 3784 2153 3855 cessorem
2185 3812 2394 3865 meum,
2437 3792 3069 3863 venerabilismemoriae
3094 3792 3474 3851 Lant‘rancum

1872 3884 2132 3946 dedicare
2154 3884 2414 3938 ecclesias
2444 3884 2705 3938 villarum
2745 3898 2972 3939 suarum
3017 3882 3169 3940 intra
3204 3882 3475 3953 dimceses

1870 3972 2107 4046 aliorum
2127 3970 2679 4044 episcoporum,ipsis
2693 3971 2999 4033 scientibus
3019 3971 3147 4028 sine.
3162 3971 3465 4043 calumnia.

1869 4060 2030 4138 Quod
2058 4060 2226 4114 etiam
2250 4061 2305 4115 S.
2328 4061 2675 4127 Dunstanus,
2720 4078 2744 4109 ι
2779 4065 2884 4123 etc.
2910 4126 2913 4129 _

2351 4191 2421 4227 AD
2451 4189 2747 4228 EPISTOLAM
2769 4186 2959 4227 XXVIII.

1802 4307 1853 4369 D
1937 4284 2225 4352 Stz‘gando.
2252 4282 2333 4336 De
2362 4297 2471 4352 quo
2499 4280 2710 4335 dictum
2741 4288 2826 4333 est
2854 4278 3107 4365 proxima
3134 4277 3389 4373 epistola.

2376 4416 2447 4469 AD
2472 4412 2775 4457 EPISTOLAM
2791 4412 2939 4457 χχιχ.

1934 4510 2155 4567 Roberto
2187 4507 2474 4569 Cestrensi.
2511 4507 2693 4575 Hujus
2722 4504 2973 4575 epistola
3027 4503 3194 4563 titulo
3248 4518 3464 4561 nomen.

1862 4596 2274 4659 restituendum
2305 4596 2458 4661 duxi,
2495 4594 2771 4665 siquidem
2794 4594 3039 4655 litteram
3066 4593 3129 4647 Ρ.
3153 4593 3456 4664 Ριζωῶιωη,

1861 4688 2077 4751 librarii
2098 4688 2322 4751 inscitia
2338 4686 2602 4757 scriptam
2620 4684 2784 4747 facile
2814 4683 3189 4754 apudomnes
3219 4682 3469 4753 scriptos.

1863 4794 1954 4849 res
1969 4776 2346 4847 deprehendi;
2382 4775 2478 4846 qui
2506 4774 2575 4828 de
2604 4773 2696 4833 hic
2722 4773 2963 4835 exaratis
2985 4773 3097 4829 aB.
3122 4772 3456 4839 Lana-anno,

1861 4882 1931 4919 ne
1952 4865 2243 4919 verbulum
2275 4864 2498 4935 quidem
2543 4861 2832 4916 ascribunt
2887 4863 3054 4919 Petro
3088 4864 3279 4932 (quem
3305 4862 3456 4934 indi:-

1859 4970 1986 5007 care
2015 4954 2236 5007 videtur
2258 4954 2342 5020 P.)
2368 4952 2471 5015 sed,
2492 4952 2745 5015 Roberto,
2766 4951 2918 5011 illius
2948 4950 3273 5016 successori,
3306 4951 3455 5021 quod

1858 5058 1892 5095 a
1912 5042 2072 5097 nobis
2093 5041 2471 5107 declarabitur,
2496 5041 2645 5095 infra
2676 5064 2687 5096 :
2729 5060 2750 5090 ι
2788 5041 2897 5095 illa
2924 5045 3121 5111 autem.
3144 5040 3456 5097 Castrensis

1856 5113 2069 5201 civitas,
2117 5131 2219 5199 (ait.
2260 5129 2618 5195 Malmesbur.
2651 5128 2752 5191 lib,
2792 5144 2864 5192 1v,
2898 5129 2979 5187 De
3008 5128 3465 5207 pontiﬁ).Gestro.

1855 5219 2142 5289 legionum
2170 5220 2394 5284 dicitur,
2442 5218 2590 5289 quod
2620 5217 2698 5271 ibi
2748 5217 2966 5281 emeriti
2995 5217 3281 5286 legionum
3309 5230 3459 5272 rese:

1851 5316 2002 5382 dere,
2036 5337 2058 5367 ι
2087 5323 2175 5372 etc
2188 5363 2201 5374 .

1925 5407 2168 5461 Canobio
2190 5407 2558 5461 Contenti-cio.
2597 5405 2707 5459 Seu
2728 5401 3129 5466 Conventreiaa;
3160 5400 3321 5470 cujus
3334 5400 3450 5455 orib-

1844 5495 2317 5565 ginemexplicat
2353 5494 2504 5551 idem
2558 5497 2755 5565 auctor,
2809 5489 3020 5556 eodem.
3052 5490 3218 5545 loco:
3258 5509 3286 5540 α
3316 5489 3463 5556 Erat
