3902 6166
366 241 474 296 599
1518 237 1724 291 DOMN
1731 238 1752 291 Ι
1793 236 2001 292 LUCIE

2112 232 2383 290 tCHERlI
3492 221 3583 281 600

367 362 427 416 in
447 361 672 416 diceeesi
692 358 972 417 Cestrensi
999 357 1380 413 Conventreiae
1410 356 1745 421 cmnobium,
1787 374 1821 411 a
1852 374 1968 411 ma-
1987 357 2208 419 Afuere
2239 354 2538 410 Hilduinus
2568 358 2637 407 de
2658 347 3593 415 Rameru,GuillelmuscomesSues-

373 452 837 523 gniﬁcentissimo
894 449 1096 502 comite
1150 447 1398 502 Leofrico
1456 454 1514 501 et
1553 464 1722 502 uxore
1755 448 1972 502 Godiva.
2055 446 2350 509 sionensis,
2368 444 2463 514 qui
2492 441 2689 513 genuit
2716 440 3051 505 Renaldum,
3078 443 3134 492 et
3160 438 3595 502 Joannem,etMa~

377 548 780 604 constructum,
813 545 968 592 tanto
998 537 1121 591 auri
1175 543 1232 591 et
1284 537 1508 606 argenti
1553 537 1871 607 spectaculo
1910 542 1975 590 ut
2057 552 2281 590 nassem
2313 534 2407 604 qui
2445 532 2550 587 fuit
2581 531 2872 603 episcopus
2901 526 3323 591 Suessionensis,
3356 545 3381 578 ι
3403 530 3497 580 etc.
3525 525 3595 581 Ob

372 629 599 698 angusti
629 627 949 680 viderentur
965 625 1068 696 ipsi
1102 625 1342 696 parietes
1364 625 1730 678 Ecclesiarum
1753 625 1976 680 thesau-
2058 641 2258 697 pravos
2291 639 2473 676 mores
2494 620 2676 675 verbis
2701 616 3199 674 vehementioribus
3221 615 3598 687 increpatum(a

375 732 564 770 rerum
597 714 981 785 receptaculis,
1019 713 1290 767 miraculo
1317 728 1484 784 porro
1523 712 1820 766 visentium
1850 729 1979 767 ocu-
2060 715 2117 769 S.
2152 713 2420 767 Brunone
2465 710 2963 766 Carthusianorum
3020 706 3329 761 institutore
3368 703 3596 769 maxime,

376 804 461 860 lis.
494 823 516 854 ι
2060 801 2150 856 cui
2193 808 2248 856 et
2296 817 2490 854 ansam
2529 797 2835 870 praebuere,
2859 800 2924 851 ut
2951 794 3160 850 mundo
3187 799 3475 847 extremum
3500 793 3601 846 vale

447 895 618 947 Arcas
646 907 837 945 eorum
868 893 1104 958 fregisti,
1163 896 1267 944 etc.
1303 890 1656 961 Dilapidasse
1686 891 1978 945 facultates
2061 891 2292 956 diceret)
2315 905 2649 960 suspensum
2675 885 2973 941 actandem
2997 882 3307 955 depositum
3325 881 3604 936 Manassem

377 981 613 1036 εαξηοῦἰί
643 980 1025 1035 Conventreiae
1046 979 1348 1033 Robertum
1385 981 1632 1050 sugillat,
1667 980 1764 1034 ubi
1808 997 1979 1050 supra
2063 997 2172 1034 non
2203 979 2378 1033 semel
2405 977 2541 1031 dicit
2561 977 2722 1046 Hugo
2751 972 3198 1037 Flaviniacensis,
3219 970 3368 1025 testis
3393 969 3607 1040 locuples

378 1069 900 1124 Malmesburiensis
935 1087 946 1122 :
994 1094 1018 1121 ε
1059 1070 1136 1122 Ex
1187 1086 1299 1122 una
1350 1069 1530 1132 trabe,
1575 1069 1779 1140 inquit,
1821 1069 1980 1139 quin-
2063 1070 2118 1123 in
2148 1067 2396 1123 Historia
2416 1083 2520 1120 ms.
2557 1085 2580 1117 ι
2615 1067 2921 1119 Accusatus
2957 1062 3038 1116 ait
3063 1061 3172 1126 ille,
3214 1060 3270 1113 in
3289 1058 3469 1112 eodem
3496 1073 3609 1112 con-

378 1167 578 1231 gentas
609 1177 825 1214 marces
855 1161 1076 1229 argenti
1112 1159 1349 1214 corrasit
1377 1177 1501 1230 quae
1531 1160 1735 1214 scrinia
1764 1165 1980 1214 susten-
2061 1159 2187 1212 cilio
2236 1155 2642 1226 (Lugdunensi)
2699 1151 2990 1207 Remensis
3036 1148 3284 1205 Ecclesiae
3327 1147 3528 1200 invasor
3545 1146 3613 1200 Si-

381 1249 596 1302 tabant.
634 1250 830 1302 Plures
859 1248 935 1302 ibi
966 1254 1217 1302 moratus
1273 1264 1470 1314 annos,
1505 1249 1644 1302 nihil
1685 1248 1981 1319 probitatis
2063 1247 2352 1302 moniacus
2382 1247 2668 1300 Manasses
2705 1259 2738 1296 a
2793 1241 3009 1295 clericis
3036 1236 3412 1300 Remensibus,
3451 1241 3502 1290 et
3531 1252 3613 1290 su-

385 1338 638 1392 exhibuit
666 1339 785 1391 loco
821 1341 842 1360 ⁶
867 1338 1006 1391 adeo
1041 1354 1228 1392 sacras
1256 1355 1389 1408 opes
1420 1338 1733 1408 dilapidans
1766 1339 1984 1408 pecula-
2065 1353 2300 1409 spensus
2331 1334 2400 1388 ab
2425 1333 2607 1388 ofﬁcio
2632 1352 2644 1400 ;
2674 1332 2768 1402 qui
2801 1331 3100 1384 advocatus
3129 1327 3197 1381 ad
3249 1325 3539 1388 concilium,
3565 1330 3619 1378 ut

383 1433 478 1480 tus
503 1427 712 1480 crimen
767 1426 1024 1492 incurrit,
1079 1427 1519 1497 repetundarum
1572 1444 1703 1481 reus
1761 1429 1985 1481 futurus
2068 1444 2128 1481 se
2158 1428 2443 1498 purgaret,
2479 1439 2590 1476 non
2619 1421 2789 1474 venit.
2822 1420 2952 1484 Qui,
2975 1434 3100 1473 cum
3131 1415 3402 1470 canonicis
3416 1415 3620 1468 Remen-

387 1515 698 1586 episcopus,
723 1516 768 1568 si
791 1521 934 1569 esset
956 1521 1247 1568 accusator
1263 1521 1516 1586 paratus.
1558 1516 1857 1570 Monachos
1890 1515 1990 1569 mi-
2071 1516 2148 1570 sis
2169 1513 2422 1568 Ecclesia:
2451 1508 2868 1566 accusatoribus
2900 1507 3034 1570 suis,
3066 1524 3097 1560 a
3121 1504 3349 1560 concilio
3381 1502 3622 1557 redeunti-

389 1603 619 1657 serabili
648 1603 792 1674 stipe
822 1604 1016 1657 cibans
1044 1620 1146 1658 nec
1179 1605 1456 1674 regularis
1500 1605 1711 1660 ordinis
1739 1622 1988 1658 amorem
2071 1603 2196 1671 bus,
2229 1603 2500 1674 plurimas
2526 1605 2778 1673 parasset
2806 1597 3058 1662 insidias,
3087 1595 3311 1649 demum
3338 1592 3516 1646 domos
3542 1607 3623 1646 eo-

387 1693 602 1746 curavit
619 1693 939 1758 accendere,
973 1709 1076 1746 nec
1095 1693 1202 1746 nisi
1234 1693 1306 1746 ad
1336 1695 1664 1764 popularem
1711 1678 2052 1749 litteratu-B
2073 1710 2198 1748 rum
2229 1692 2417 1762 fregit.
2449 1689 2776 1761 praebendas
2797 1702 2991 1741 eorum
3018 1683 3284 1742 vendidit,
3323 1687 3379 1736 et
3403 1680 3534 1734 bona
3552 1696 3626 1733 eo-

389 1798 511 1836 ram
535 1797 736 1852 passus
765 1787 853 1835 est
881 1782 1154 1852 aspirare,
1190 1799 1260 1836 ne
1298 1784 1504 1853 regulae
1531 1783 1700 1854 rigor,
1736 1790 1792 1837 et
1816 1784 1992 1838 scien-
2074 1799 2201 1836 rum
2228 1773 2480 1851 diripuit.
2516 1777 2653 1833 Inde
2671 1793 2796 1830 cum
2823 1792 2857 1828 a
2878 1775 3058 1829 Roma
3085 1773 3301 1828 litteras
3338 1769 3625 1840 accepisset,

387 1872 481 1925 tiae
510 1871 668 1940 vigor
695 1871 959 1924 redderet
988 1873 1165 1925 elatos
1195 1879 1391 1926 contra
1419 1890 1498 1937 se,
1529 1893 1550 1923 ι
1587 1881 1698 1929 etc.
2076 1877 2134 1926 et
2158 1876 2224 1926 ut
2249 1871 2305 1924 in
2334 1868 2566 1923 concilio
2597 1883 2725 1921 cum
2757 1882 2851 1919 sex
2880 1880 2940 1918 se
2968 1865 3238 1934 purgaret
3265 1857 3629 1931 episcopis,Ro-

464 1960 601 2014 Cum
627 1961 856 2026 familia
887 1965 983 2013 tua
1035 1978 1359 2014 consumens
1401 1964 1537 2014 bona
1573 1963 1990 2015 monachorum.
2077 1977 2227 2014 mam
2249 1959 2366 2012 ivit.
2405 1977 2433 2011 »
2464 1957 2530 2011 Et
2559 1961 2685 2028 post
2712 1954 2908 2014 multa,
2937 1953 3006 2006 de
3049 1950 3282 2005 concilio
3309 1951 3630 2018 congregato,

393 2047 770 2112 Quamobrem
803 2049 1102 2103 concilium
1134 2049 1924 2121 HerdensepontiﬁceJoanne
1943 2050 1990 2114 Ι,
2077 2048 2166 2102 cui
2199 2044 2530 2119 praesidebat
2579 2045 2741 2113 Hugo
2786 2040 3004 2096 Diensis
3053 2039 3362 2110 episcopus,
3407 2036 3630 2106 loquens,

393 2157 447 2192 Α.
469 2150 521 2190 c.
554 2135 662 2192 2'24
694 2155 704 2190 :
745 2155 770 2188 (ι
794 2137 872 2191 Ea
901 2154 1022 2208 quae
1052 2138 1106 2191 in
1142 2140 1270 2209 jure
1301 2139 1626 2193 monasterii
1658 2139 1726 2192 de
1757 2140 1994 2194 faculta-
2078 2136 2190 2190 ait:
2220 2134 2526 2207 «Synodali
2541 2132 2754 2203 judicio
2786 2137 2872 2186 est
2898 2128 3186 2200 depositus
3203 2127 3508 2193 (Manasses)
3523 2123 3634 2194 quia

394 2226 548 2280 tibus
568 2226 966 2290 otl'eruntur,in
992 2228 1145 2280 nullo
1158 2227 1470 2282 diaecesana
1493 2228 1613 2298 lege
1633 2227 1702 2281 ab
1724 2228 1998 2299 episc0pis
2079 2243 2139 2280 se
2174 2241 2416 2296 purgare
2442 2222 2658 2288 noluit;
2692 2227 2812 2275 tum
2843 2219 2976 2290 quia
3001 2217 3344 2272 audientiam
3375 2213 3633 2277 Eduensis,

393 2316 812 2384 contingantur.
847 2336 875 2367 ι)
909 2317 1119 2370 Concil.
1156 2317 1634 2382 Herudfordense,
1689 2317 1776 2370 cui
1810 2317 2004 2388 praesi-
2082 2314 2444 2378 Pictavensis,
2479 2319 2535 2367 et
2555 2312 2730 2383 ipsius
2763 2307 3154 2380 Lugdunensis
3182 2303 3523 2375 subterfugit.
3549 2321 3574 2354 n

397 2403 568 2456 debat
593 2404 918 2457 Theodorus
949 2403 1391 2470 Cantuariensis,
1424 2407 1591 2471 Hist,
1624 2422 1745 2476 cap.
1780 2406 1834 2472 5,
1867 2423 1999 2476 pran—
2151 2407 2345 2471 Regius
2373 2420 2438 2456 ac
2464 2407 2644 2456 noster
2669 2401 2845 2464 homo,
2887 2405 2991 2453 etc.
3025 2397 3088 2452 B.
3116 2396 3407 2451 Anselmus
3434 2399 3542 2448 tum
3556 2391 3640 2446 ab-

401 2491 668 2562 cipitcap.
689 2490 720 2547 3
740 2511 785 2544 ς(
808 2493 879 2546 Ut
893 2509 1126 2563 quaeque
1150 2494 1489 2547 monasteria
1536 2495 1636 2548 Dei
1678 2503 2001 2548 consecrata
2081 2493 2181 2547 bas
2207 2492 2516 2556 Beccensis,
2543 2491 2638 2544 lib.
2670 2507 2707 2552 ι,
2741 2489 2902 2561 epist.
2953 2486 3042 2555 46,
3091 2487 3302 2540 furtum
3323 2483 3465 2538 istud
3487 2481 3644 2554 aperit

402 2581 543 2634 nulli
575 2580 964 2652 episcoporum
991 2582 1158 2636 liceat
1177 2599 1243 2636 ea
1267 2583 1322 2636 in
1345 2583 1861 2654 aliquoinquietare
1882 2600 2001 2637 mo-
2091 2583 2168 2647 (ni
2202 2583 2391 2651 fallor)
2419 2581 2506 2635 his
2530 2579 2712 2633 verbis
2737 2597 2748 2632 :
2779 2598 2801 2628 ι
2835 2578 2974 2631 Tam
3004 2575 3246 2630 crudelis
3266 2580 3484 2644 tamque
3511 2571 3646 2624 etfre-

405 2671 634 2737 nachos,
663 2687 764 2724 nec
791 2671 1097 2741 quidquam
1124 2672 1193 2725 de
1219 2689 1412 2726 eorum
1438 2673 1603 2726 rebus
1630 2673 1898 2728 violenter
1916 2673 2010 2726 ab-
2090 2679 2226 2727 nata
2253 2671 2661 2724 malitiosorum
2694 2667 2983 2722 hominum
3015 2666 3074 2720 in
3099 2663 3334 2719 Francia
3373 2661 3647 2716 debaccha-

405 2759 680 2812 strahere.
717 2777 742 2810 ι
778 2759 834 2812 S.
873 2757 1046 2818 Beda,
1073 2759 1198 2813 libr.
1227 2778 1296 2823 IV,
1322 2761 1488 2826 Hist.,
1516 2778 1636 2832 cap.
1670 2763 1753 2816 5::
1779 2761 2009 2815 Discant
2087 2768 2183 2816 tur
2214 2761 2451 2825 saevitas,
2474 2764 2539 2813 ut
2562 2775 2666 2812 nec
2693 2774 2801 2822 me,
2828 2773 2930 2810 nec
2947 2755 3193 2825 aliquem
3227 2752 3652 2815 monachum,aut

406 2865 540 2918 ergo
561 2848 646 2901 vel
666 2848 772 2902 hoc
799 2848 948 2902 illius
995 2849 1240 2920 episcopi
1280 2851 1531 2920 exemplo
1581 2851 1675 2920 qui
1722 2851 1778 2904 in
1812 2867 2008 2904 mona-
2091 2850 2412 2922 quempiam
2439 2849 2685 2920 equitem
2713 2846 2950 2900 audeam
2969 2851 3128 2898 tanto
3159 2842 3499 2897 committere
3526 2837 3651 2910 peri-

411 2937 642 2990 chorum
667 2937 960 3007 privilegia
1012 2937 1315 3002 oblatrant,
1368 2939 1767 3010 ludificantque
1805 2940 1909 2993 hac
1952 2939 2008 2992 in
2027 2996 2062 3010 Α
2091 2942 2236 2995 culo.
2261 2941 2341 2994 Re
2372 2939 2520 2993 enim
2554 2953 2685 2991 vera
2709 2935 2972 2990 dominus
2993 2933 3267 2988 Rodulfus
3295 2946 3416 2985 cum
3441 2935 3493 2984 te
3515 2927 3655 2981 redu-

410 3043 472 3080 re
494 3026 726 3081 Patrum
753 3026 1085 3091 sententias,
1109 3043 1244 3081 num
1272 3027 1554 3082 immerito
1588 3029 1795 3082 summi
1826 3029 2013 3082 Ponti-

411 3116 544 3170 fices
571 3114 881 3169 identidem
905 3115 1154 3169 eximant
1184 3117 1556 3183 monasteria;
1590 3117 1871 3170 enimvero
1897 3120 2015 3186 pri-

413 3207 619 3272 vilegia
646 3204 988 3272 (Gallicanos
1017 3205 1305 3275 episcopos
1332 3205 1464 3259 olim
1496 3207 1888 3276 alloquebatur
1912 3206 2012 3260 Ni-
2096 3207 2201 3262 sub
2231 3204 2632 3277 archiepiscopi
2678 3201 2968 3257 Remensis
3021 3199 3266 3254 tuitione
3295 3198 3374 3252 ire
3399 3197 3656 3252 clamaret.

415 3294 606 3347 colaus
641 3294 685 3356 Ι,
717 3293 878 3364 epist.
911 3291 979 3348 3'2
1010 3295 1080 3346 ad
1111 3294 1399 3364 episcopos
1446 3294 1657 3365 Synodi
1701 3295 2008 3366 Sylvanect.
2098 3296 2205 3360 Qui
2235 3293 2560 3366 aliquandiu
2587 3291 2820 3356 detenti,
2859 3290 2944 3345 vix
2974 3289 3206 3345 tandem
3225 3303 3337 3343 uno
3357 3289 3665 3358 equoreten-

416 3382 520 3436 sub
546 3383 734 3449 ﬁnem)
786 3381 935 3436 sedis
981 3383 1299 3452 apostolicae
1344 3385 1588 3437 tormina
1643 3391 1794 3448 sunt,
1824 3389 1908 3450 (ut
1937 3385 2016 3438 ita
2097 3390 2176 3449 to,
2209 3383 2439 3437 relaxati
2461 3387 2610 3436 sunt.
2650 3403 2672 3433 ι

419 3470 689 3537 dicamus)
725 3470 898 3523 totius
937 3471 1192 3524 Ecclesiae
1233 3471 1554 3539 catholica;
1590 3473 1898 3543 privilegia,
1928 3473 2014 3526 in-
2171 3472 2749 3544 Rosnacmn.Ronnay
2771 3486 2946 3541 pagus
2963 3473 3046 3529 (ut
3063 3466 3278 3539 Opinor)
3300 3465 3408 3520 duo
3425 3459 3662 3518 milliaria

421 3574 612 3629 quam,
644 3557 812 3627 hujus
839 3559 1097 3613 Ecclesiae
1123 3560 1435 3614 munimina
1473 3567 1606 3615 sunt
1651 3562 1800 3616 circa
1827 3579 2022 3615 omnes
2104 3562 2319 3617 distans
2346 3577 2380 3615 a
2411 3561 2620 3617 Remis.

422 3647 665 3717 impetus
697 3647 1090 3717 pravitatum.»
1127 3650 1194 3702 Et
1223 3649 1423 3703 Petrus
1449 3650 1727 3704 Blesensis
1757 3651 1827 3704 de
1856 3651 2020 3722 privi-
2600 3667 2671 3704 AD
2701 3664 3006 3704 amsromu
3036 3661 3180 3702 xxxx.

421 3735 586 3804 legiis
605 3735 915 3790 edisserens
937 3737 1587 3810 monachorum.ep.68:a
1609 3740 1827 3794 Scimus
1861 3739 2021 3811 equi-
2173 3741 2441 3796 Mauritio
2459 3742 2716 3808 episcopo.
2741 3739 2821 3793 De
2843 3755 2951 3810 quo
2964 3738 3177 3792 dictum
3203 3741 3290 3792 est
3317 3733 3385 3790 ad
3406 3727 3670 3805 epistolam

425 3826 554 3878 dem
586 3825 734 3894 quod
756 3824 825 3878 ob
848 3825 1092 3895 quietem
1135 3827 1624 3895 monasteriorum,
1659 3835 1714 3883 et
1735 3830 2024 3900 episcopo-
2102 3828 2193 3895 25,
2223 3845 2344 3900 quae
2367 3827 2547 3882 eidem
2569 3827 2912 3883 inscribitur.

425 3930 551 3968 rum
580 3913 960 3984 tyrannidem,
994 3915 1094 3968 has
1132 3917 1512 3988 exemptiones
1553 3919 1882 3990 plerumque
1919 3919 2026 3974 Ro-
2602 3935 2672 3972 AD
2703 3931 3006 3972 ams'rouu
3027 3921 3195 3972 xxxii.

429 4003 582 4057 mani
609 4003 900 4074 pontifices
922 4003 1299 4060 indulserunt.
1334 4025 1356 4056 ι
1393 4005 1511 4060 Nec
1539 4008 1765 4078 quidem
1791 4015 2025 4079 praeter-
2179 4008 2474 4074 Goisfrcdo,
2500 4007 2614 4061 sive
2626 4007 2872 4061 Goffrido
2893 4007 3238 4062 Constantia:
3270 4006 3331 4061 in
3358 4003 3677 4060 Northman—

429 4092 646 4147 eundus
677 4099 762 4146 est
790 4093 944 4146 locus
975 4093 1208 4164 insignis
1239 4111 1302 4148 ex
1323 4095 1557 4150 concilio
1581 4097 1764 4154 Tolet.
1795 4097 2022 4164 lv,c.51,
2107 4095 2202 4150 nia
2216 4096 2493 4167 episcopo.
2517 4096 2713 4150 Adfuit
2753 4096 2902 4150 inter
2925 4101 3155 4150 caeteros
3187 4095 3405 4166 Angliae
3438 4088 3676 4164 praesules

430 4183 562 4254 quia
581 4182 875 4254 epistolam
907 4183 1050 4236 hanc
1069 4189 1246 4237 totam
1275 4184 1557 4239 illustrare
1586 4185 2026 4240 videtur.cNun-
2107 4185 2343 4240 concilio
2363 4185 2683 4249 Londoniae,
2701 4187 2766 4239 A.
2787 4186 2849 4240 C.
2875 4183 3028 4241 1075.
3070 4183 3207 4238 Milo
3227 4185 3286 4238 in
3312 4183 3441 4238 Vita
3464 4181 3521 4236 B.
3549 4179 3680 4233 Lan-

2094 3037 2182 3084 cto
2210 3028 2440 3089 rediret,
2473 3027 2530 3080 in
2561 3025 3039 3096 archiepiscopatu
3070 3021 3336 3077 Remensi
3362 3035 3482 3074 cum
3501 3017 3658 3071 famu-

2093 3119 2184 3178 lis,
2208 3117 2367 3188 equis
2387 3115 2588 3170 ablatis
2612 3113 2887 3174 omnibus,
2918 3116 3114 3183 captus
3139 3115 3245 3175 est,
3281 3121 3581 3180 quanquam
3607 3119 3658 3158 se

425 4272 633 4326 tiatum
664 4278 749 4326 est
777 4272 1037 4341 praesenti
1069 4273 1301 4327 concilio
1332 4274 1481 4344 quod
1523 4275 1778 4328 monachi
1809 4273 2088 4346 episco-D
2108 4274 2302 4337 franci,
2333 4291 2454 4345 cap.
2482 4273 2565 4337 12,
2590 4291 2714 4344 pag.
2747 4272 2812 4329 13
2845 4293 2858 4339 ;
2893 4273 3207 4328 Gotl'ridum
3241 4273 3321 4328 sic
3350 4265 3680 4326 commendat

429 4360 543 4431 pali
564 4360 802 4431 imperio
832 4360 1018 4414 servili
1046 4362 1201 4430 Operi
1224 4362 1632 4432 mancipantur,
1663 4368 1719 4416 et
1742 4365 1873 4434 jura
1903 4381 2026 4418 mo-

431 4449 830 4515 nasteriorum,
849 4455 1045 4503 contra
1066 4449 1326 4504 instituta
1347 4467 1646 4514 canonum,
1670 4452 1865 4506 illicita
1891 4470 2028 4523 prae-

431 4537 752 4608 sumptione
774 4544 1141 4607 usurpantur,
1174 4539 1254 4592 ita
1282 4545 1346 4594 ut
1366 4556 1508 4610 pene
1540 4557 1605 4594 ex
1633 4541 1886 4595 ccenobio
1905 4559 2026 4613 pos-

429 4626 604 4681 sessio
627 4627 742 4691 fiat,
785 4631 972 4680 autem
995 4627 1228 4682 illustris
1257 4629 1438 4698 portio
1461 4629 1668 4683 Christi
1695 4631 1764 4684 ad
1786 4631 2028 4701 ignomi-

431 4715 584 4769 niam
627 4715 1065 4785 servitutemque
1127 4716 1404 4770 deveniat.
1435 4717 1787 4789 Quapropter
1838 4725 2026 4784 362

433 4820 728 4859 monemus
757 4820 852 4858 eos
885 4804 979 4874 qui
1011 4805 1268 4860 Ecclesiis
1305 4812 1570 4877 praesunt,
1602 4813 1666 4862 ut
1723 4808 1871 4862 ultra
1890 4809 2026 4862 talia

433 4909 546 4947 non
571 4900 934 4964 praesumant,
965 4912 992 4947 »
1027 4898 1140 4951 etc.

946 5000 1016 5036 AD
1055 4997 1354 5039 EPISTOLAM
1383 5000 1514 5038 XXX.

500 5073 754 5127 Remensi
761 5072 1159 5139 archiepiscopo
1176 5074 1436 5126 Manassi.
1449 5073 1564 5127 Hoc
1577 5073 1802 5128 nomine
1821 5074 2024 5146 primo;

430 5178 598 5233 quem
611 5160 793 5216 obiter
807 5161 888 5215 sic
907 5161 1236 5232 perstringit
1259 5161 1545 5216 Albericus
1567 5161 1943 5216 Cistertiensis
1967 5163 2026 5216 in

429 5251 706 5306 Chronico
723 5251 972 5306 nondum
1011 5251 1182 5315 edito,
1205 5251 1273 5304 ad
1309 5267 1440 5304 ann.
1476 5247 1640 5308 [070:
1682 5273 1704 5303 ε
1740 5253 2026 5306 Manasses

428 5339 493 5392 fit
511 5341 806 5411 episcopus
821 5340 1132 5406 Remensis,
1157 5347 1214 5393 et
1233 5340 1391 5394 sedet
1412 5356 1588 5394 annos
1623 5339 1685 5396 16
1706 5359 1718 5407 ;
1751 5341 1898 5394 ﬁlius
1919 5341 2027 5394 fuit

428 5427 701 5482 Manassis
733 5430 901 5483 Calva
915 5430 1087 5484 Asina
1129 5429 1310 5483 dictus
1343 5445 1407 5481 ex
1431 5428 1678 5484 Beatrice
1699 5430 1767 5483 de
1798 5429 2020 5484 Roceio.

425 5516 507 5572 De
535 5533 649 5586 qua
675 5533 807 5573 ann.
869 5517 1026 5587 1031.
1057 5518 1260 5575 fratres
1311 5515 1478 5588 hujus
1524 5517 1801 5574 Manassis
1843 5519 2022 5591 patris

2109 4363 2409 4418 Ordericus
2428 4369 2637 4428 noster,
2656 4362 2752 4416 lib.
2778 4381 2826 4416 ιν
2851 4362 3000 4417 Hist.
3022 4380 3149 4434 pag.
3169 4361 3302 4419 523:
3331 4382 3355 4414 ι
3391 4355 3682 4415 Gautredus

2108 4451 2554 4507 Constantiensis
2580 4453 2872 4522 episcopus
2893 4453 2962 4507 de
2991 4451 3164 4506 nobili
3180 4451 3682 4506 Northmannorum

2111 4540 2379 4611 progenie
2409 4547 2588 4602 ortus,
2622 4539 2718 4610 qui
2749 4541 3047 4594 certamini
3071 4539 3330 4594 Senlacio
3365 4539 3545 4592 fautor
3571 4545 3685 4587 acer

2113 4636 2170 4684 et
2196 4630 2513 4684 consolator
2540 4628 2814 4696 interfuit,
2867 4635 2925 4684 et
2969 4629 3098 4684 aliis
3135 4627 3503 4690 conflictibus,
3527 4643 3554 4676 ι
3587 4626 3680 4675 etc.

2111 4721 2274 4784 Item,
2302 4717 2398 4771 lib.
2433 4732 2512 4783 III,
2548 4735 2674 4788 pag.
2709 4715 2812 4772 493
2845 4735 2856 4771 :
2898 4737 2928 4771 α
2958 4717 3166 4772 Eodem
3209 4723 3464 4788 tempore
3492 4709 3684 4768 North-

2111 4807 2336 4862 mannia
2364 4808 2628 4878 praeclare
2685 4805 2907 4876 vigebat
2952 4805 3299 4878 sapientibus
3345 4803 3686 4859 ecclesiarum

2108 4896 2353 4968 praelatis
2392 4902 2450 4949 et
2477 4895 2882 4966 Optimatibus;
2933 4912 3064 4950 nam
3117 4911 3277 4949 sacer
3329 4890 3610 4948 Maurilius
3628 4901 3688 4940 ex

2111 4985 2385 5039 monacho
2419 4985 2885 5055 metropolitanus
2929 4983 3266 5056 pmsidebat
3292 4981 3566 5037 cathedra:
3595 4977 3690 5030 Ro-

2109 5073 2483 5143 thomagensi,
2518 5079 2620 5127 etc.
2657 5073 2970 5128 Goisfridus
3001 5071 3435 5137 Constantiensi,
3470 5087 3496 5122 ι
3523 5063 3691 5122 etc.Et

2111 5163 2360 5227 tandem,
2385 5161 2480 5215 lib.
2515 5177 2588 5224 IV,
2614 5179 2738 5232 pag.
2773 5161 2897 5216 514.

2183 5253 2446 5317 Quamvis
2459 5252 2638 5304 adhuc
2647 5253 2899 5319 professae
2911 5252 3020 5304 non
3035 5254 3169 5305 sint.
3203 5250 3424 5304 Priscus
3445 5262 3561 5301 mos
3590 5241 3690 5297 fuit

2108 5340 2370 5410 religiose
2408 5338 2751 5401 obscrvatus,
2807 5345 2872 5394 ut
2916 5339 3000 5392 vir
3030 5338 3294 5392 nimirum
3327 5342 3426 5392 aut
3469 5332 3686 5397 femina.

2107 5431 2489 5499 cujuscunque
2512 5433 2693 5483 status
2719 5428 2805 5482 vel
2825 5427 3162 5483 conditionis
3179 5427 3496 5491 existerent,
3530 5419 3688 5480 simul

2105 5535 2172 5574 ac
2199 5524 2409 5574 vestem
2437 5517 2823 5577 monachalem
2877 5517 3210 5587 induissent,
3251 5532 3352 5572 seu
3396 5529 3498 5597 pro
3527 5508 3682 5580 alteri
