3902 6166
221 298 316 356 601

1268 302 1344 357 ΙΝ
1383 299 1605 356 EPIST.
1644 299 1707 356 Β.
1749 297 2163 357 LANFRANCI
2201 297 2441 355 ΝΟΤᾸῦ.

3393 295 3498 356 602

227 426 354 480 stati
398 425 638 482 fuissent
665 442 887 483 summo
914 427 1306 486 universon
1335 426 1593 496 Domino,
1625 425 2039 490 nulla-Ahanc
2063 427 2317 482 chartam
2345 426 2468 483 ﬁeri
2491 429 2548 482 et
2577 425 2792 482 ﬁrmari
2821 424 3056 498 rogavit.
3097 426 3251 502 Sign.
3289 424 3492 480 Becto—

226 522 385 570 tenus
420 516 478 571 in
511 521 798 588 posterum
830 517 912 571 fas
941 525 1090 572 esset
1126 520 1326 589 jugum
1354 524 1629 584 excutere,
1663 518 1816 572 velut

224 605 582 660 conciliorum
613 607 948 662 auctoritate
973 608 1044 662 ad
1075 609 1236 680 epist.
1262 607 1352 670 26.
1375 608 1434 675 d,
1459 607 1815 663 observatum

225 699 341 760 est;
394 711 527 748 nam
577 695 850 766 quidquid
888 696 1027 750 inibi
1057 697 1125 751 de
1155 696 1286 751 viris
1317 697 1619 768 profertur,
1651 698 1815 768 plane

224 783 289 836 de
349 782 570 837 feminis
609 783 777 838 debet
815 784 1074 856 intelligi.
1118 787 1282 840 Patet
1304 785 1361 840 id
1391 801 1454 840 ex
1483 785 1680 839 concil.
1711 788 1816 841 To-

223 870 316 925 let.
367 885 441 937 vI,
489 889 612 942 cap.
646 872 677 927 6
708 891 720 926 :
762 893 785 924 ι
820 873 1085 945 Quisquis
1120 875 1370 929 virorum
1400 875 1484 929 vel
1512 875 1812 930 mulierum

227 959 479 1013 habitum
507 961 681 1016 semel
709 961 959 1016 induerit
985 970 1290 1033 spontanee
1316 964 1640 1035 religiosum
1669 983 1682 1032 ;
1715 970 1815 1020 aut

225 1048 270 1102 si
300 1048 385 1102 vir
425 1049 649 1104 deditus
681 1051 926 1105 ecclesiae
954 1052 1144 1120 choro,
1176 1053 1261 1106 vel
1291 1053 1500 1108 femina
1526 1053 1713 1120 fuerit,
1747 1070 1812 1108 ac

223 1137 327 1192 fuit
376 1139 634 1209 delegata
690 1141 1004 1211 puellarum
1047 1143 1418 1210 monasterio;
1472 1144 1532 1198 in
1573 1149 1812 1214 utroque

225 1243 355 1281 sexu
384 1228 781 1298 praevaricator
807 1230 876 1283 ad
898 1231 1246 1302 propositum
1269 1231 1474 1286 invitus
1502 1232 1706 1286 reverti
1726 1248 1814 1286 co-

223 1323 405 1386 gatur,
426 1325 492 1372 ut
505 1317 589 1372 vir
605 1318 996 1386 detondeatur,
1021 1325 1076 1374 et
1092 1321 1276 1392 puella
1305 1321 1646 1375 monasterio
1666 1321 1814 1375 rein~

225 1412 490 1476 tegretur,
527 1427 550 1458 ι
601 1411 703 1462 etc.
759 1409 847 1462 Ita
893 1425 1015 1480 cap.
1049 1410 1079 1464 4
1109 1410 1327 1464 concilii
1365 1409 1809 1476 Barrinonensis,

223 1512 440 1551 summo
468 1497 734 1568 pontiﬁco
759 1497 1032 1571 Gregorio
1055 1498 1257 1572 Magno
1282 1519 1294 1568 ;
1317 1500 1616 1554 concilium
1637 1501 1812 1555 Aure-

223 1584 468 1640 lianense
494 1604 548 1656 ν,
577 1603 626 1640 c.
663 1585 745 1643 19.

285 1695 478 1747 Altare
497 1699 680 1748 tamen
709 1696 899 1750 oblata?
935 1697 1187 1764 fuerunt.
1222 1697 1301 1752 De
1344 1697 1618 1767 ejusmodi
1652 1695 1808 1751 obla-

1897 518 2004 584 nis,
2038 536 2064 569 »
2098 523 2202 572 etc.

1968 608 2108 662 Item
2134 607 2242 661 alia
2265 605 2445 660 forma
2473 606 2699 660 nomine
2723 607 2903 679 patris
2933 611 2991 661 et
3019 606 3236 660 matris.

1971 699 2112 752 Dum
2145 698 2391 764 lcgaliter
2410 698 2708 761 sancitum,
2728 701 2836 751 etc.
2871 713 2898 748 α
2931 695 3143 750 Idcirco
3164 713 3266 766 ego
3296 696 3488 750 Leudo

1896 785 2045 839 hunc
2073 784 2249 839 ﬁlium
2271 799 2478 847 meum,
2503 784 2728 838 nomine
2743 784 3185 850 Conimbertum,
3214 789 3319 839 etc.
3357 785 3484 856 Sig-

1894 890 2030 928 num
2071 873 2366 938 l.eudonis,
2413 877 2562 939 etc.;
2611 874 2713 943 sig.
2756 873 3034 927 Rothildis
3071 874 3268 928 matris
3320 874 3486 945 ejus;

1894 963 2116 1033 signum
2148 964 2281 1017 item
2315 962 2616 1026 Leudonis,
2652 981 2676 1013 »
2702 967 2809 1016 etc.

1964 1051 2278 1107 Oblationis
2311 1067 2614 1121 puerorum
2636 1052 2818 1105 forma
2846 1051 2958 1106 illis
2979 1053 3156 1106 multo
3187 1052 3482 1123 posterior,

1892 1145 2147 1212 tempore
2192 1140 2446 1193 videlicet
2475 1140 2717 1211 Philippi
2748 1140 2914 1211 primi
2944 1139 3092 1210 regis
3121 1140 3484 1208 Francorum,

1895 1229 2095 1284 iisdem
2122 1245 2264 1300 pene
2292 1227 2474 1282 verbis
2518 1245 2802 1300 expressa,
2853 1245 2919 1284 ex
2943 1229 3286 1284 monasterio
3317 1228 3487 1284 Belli-

1894 1318 2000 1373 loci
2014 1363 2028 1377 .

1968 1410 2111 1462 Dum
2140 1409 2388 1474 Icgaliter
2406 1409 2705 1471 sancitum,
2739 1411 2841 1460 etc.
2883 1426 2904 1456 ι
2940 1404 3176 1472 Idcirco,
3208 1422 3312 1475 ego
3333 1406 3404 1459 N.
3433 1410 3491 1460 et

1892 1512 2034 1550 uxor
2062 1511 2188 1549 mea
2216 1495 2286 1548 N.
2327 1495 2476 1548 hunc
2505 1494 2680 1548 ﬁlium
2711 1499 2988 1558 nostrum,
3019 1511 3134 1548 una
3161 1511 3289 1548 cum
3312 1494 3492 1549 consi-

1892 1583 1968 1638 lio
2011 1588 2308 1655 parentum
2362 1599 2593 1637 suorum
2622 1588 2876 1637 nostrum
2907 1584 2977 1637 N.
3018 1599 3146 1637 cum
3179 1582 3484 1650 oblatione,

1893 1677 1999 1727 etc.
2033 1673 2268 1743 Signum
2299 1673 2368 1727 N.
2401 1670 2470 1725 N.
2512 1672 2716 1726 Actum
2759 1677 3031 1743 regnante
3064 1671 3324 1746 Philippo
3355 1688 3489 1744 rege

219 1781 364 1836 tione
389 1782 604 1837 dictum
626 1787 714 1837 est
739 1783 811 1837 ad
841 1760 1005 1855 epist.
1037 1782 1126 1850 26,
1149 1785 1204 1851 d,
1235 1790 1292 1840 et
1318 1760 1392 1839 ad
1418 1786 1562 1839 hanc
1589 1784 1643 1842 b.
1673 1778 1873 1840 For-8
1893 1760 2260 1855 Frfn‘f?_mm-
2298 1781 2321 1812 ³

222 1869 396 1924 mulas
429 1870 730 1926 oblationis
783 1872 830 1927 si
877 1873 980 1928 hoc
1023 1873 1140 1928 loco
1181 1874 1488 1937 intexuero,
1521 1875 1805 1942 lectorem,

221 1975 398 2030 spero.
426 1976 540 2014 non
572 1961 818 2032 pigebit;
851 1963 986 2018 facit
1012 1963 1160 2017 enim
1190 1964 1260 2017 ad
1283 1965 1545 2035 antiquas
1567 1981 1656 2018 res
1687 1981 1811 2019 mo-

222 2049 461 2104 nasticas
504 2050 866 2106 elucidandas
914 2068 1027 2107 non
1071 2069 1308 2124 parum;
1355 2053 1435 2107 sic
1463 2070 1596 2124 ergo
1627 2070 1686 2108 se
1715 2054 1809 2108 ha-

220 2136 347 2191 bent
366 2155 431 2192 ex
460 2140 853 2196 vetustissimis
893 2141 1234 2197 membranis
1273 2143 1600 2198 monasterii
1632 2143 1812 2198 nostri

224 2226 276 2279 S.
309 2227 547 2299 Remigii
579 2230 892 2285 Remensis.

221 2335 406 2400 κε
433 2337 596 2390 Anno
633 2339 1051 2392 Incarnatz’om's
1075 2341 1300 2394 Domini
1321 2338 1427 2395 868
1454 2353 1549 2394 vm
1573 2341 1805 2395 Kalend.

781 2410 940 2476 Maii,
970 2412 1115 2480 feria
1145 2425 1240 2465 vn.

289 2535 312 2563 ι
339 2514 484 2569 Dum
527 2516 783 2586 legaliter
819 2519 1096 2573 sancitum
1126 2518 1440 2590 antiquitus
1461 2523 1724 2572 teneatur
1751 2524 1810 2573 et

219 2608 442 2658 cautum
483 2621 610 2660 cum
660 2607 1036 2665 oblationibus
1082 2608 1320 2664 Domino
1368 2612 1628 2679 parentes
1674 2622 1806 2660 suos

215 2692 434 2748 tradere
463 2695 607 2750 filios
636 2697 694 2752 in
723 2699 934 2771 templo
962 2698 1185 2754 Domini
1216 2697 1454 2752 feliciter
1474 2695 1798 2762 servituros,

217 2784 409 2852 procul
436 2785 606 2841 dubio
637 2787 740 2843 hoc
752 2789 822 2844 de
839 2790 1047 2845 nostris
1066 2788 1196 2842 ﬁliis
1221 2787 1540 2842 faciendum
1560 2785 1805 2840 salubri-

215 2878 299 2926 ter
346 2875 628 2945 praabetur
677 2880 1014 2951 exemplum.
1063 2879 1307 2948 [Equum
1357 2875 1564 2931 etenim
1620 2874 1807 2939 iudico

218 2963 469 3018 Creatori
490 2972 682 3021 nostro
699 2969 768 3024 de
786 2968 942 3023 vobis
967 2969 1029 3039 [ﬁ
1042 3009 1056 3035 .
1081 2966 1264 3037 nobis]
1283 2965 1516 3021 reddere
1537 2965 1803 3019 fructum.

218 3051 428 3108 Idcirco
448 3071 550 3126 ego
584 3057 967 3129 Hildegrimus
999 3059 1146 3112 hunc
1174 3061 1435 3128 nepotem
1465 3071 1674 3121 meum,
1705 3057 1868 3118 no-C

217 3141 365 3197 mine
396 3143 702 3213 Rifuinum,
735 3164 863 3202 cum
892 3147 1174 3203 oblatione
1193 3147 1252 3200 in
1276 3161 1445 3200 manu
1472 3149 1642 3215 atque
1673 3143 1812 3215 peti-

215 3231 386 3298 tione,
417 3233 611 3289 altaris
641 3237 790 3307 palla
837 3253 1010 3292 manu
1049 3254 1176 3292 mea
1201 3236 1471 3300 involuta,
1503 3235 1574 3288 ad
1603 3249 1809 3288 nomen

217 3322 394 3376 sancti
420 3323 678 3395 Remigii,
702 3327 790 3380 vel
817 3327 888 3380 ad
910 3331 1231 3381 sanctorum
1256 3341 1497 3396 quorum
1527 3323 1696 3379 etiam
1719 3323 1809 3377 hic

215 3411 460 3482 reliquiae
508 3414 884 3480 continentur,
919 3422 976 3471 et
1009 3415 1197 3472 abbati
1223 3415 1485 3488 praesenti
1513 3414 1676 3468 trado
1715 3430 1808 3467 co-

216 3516 329 3554 ram
357 3501 596 3557 testibus
626 3520 1076 3574 permansurum,
1109 3506 1191 3560 ita
1219 3511 1283 3560 ut
1309 3504 1380 3559 ab
1423 3505 1526 3558 hac
1573 3503 1665 3557 die
1693 3519 1809 3557 non

216 3587 377 3643 liceat
404 3590 484 3644 illi
522 3592 727 3647 collum
753 3593 822 3647 de
851 3594 957 3648 sub
981 3596 1124 3665 jugo
1153 3595 1360 3665 regulae
1389 3598 1669 3658 excutere,
1706 3591 1806 3646 sed

218 3679 396 3747 magis
429 3680 681 3749 ejusdem
727 3683 934 3753 regula:
961 3683 1202 3739 ﬁdeliter
1229 3687 1499 3752 agnoscat
1547 3680 1809 3736 instituta

218 3782 459 3834 servare,
499 3776 554 3824 et
586 3771 824 3826 Domino
859 3773 1109 3843 gratanti
1138 3773 1327 3828 animo
1356 3771 1616 3826 militare.
1650 3771 1720 3825 Et
1747 3775 1810 3824 ut

217 3854 328 3911 haec
358 3874 486 3912 mea
533 3860 764 3915 traditio
802 3861 1130 3917 inconvulsa
1158 3866 1506 3933 permaneat,
1540 3859 1808 3932 promitto

210 3945 580 4017 jurejurando
605 3965 793 4004 coram
811 3951 926 4006 Deo
941 3956 998 4006 et
1023 3951 1239 4022 angelis
1260 3952 1379 4021 ejus
1399 3964 1688 4020 nunquam
1707 3964 1809 4019 per

214 4050 321 4102 me,
353 4053 646 4109 nunquam
673 4057 774 4111 per
800 4047 1116 4113 suspectam
1141 4056 1459 4112 personam,
1491 4055 1592 4093 nec
1623 4037 1809 4108 quoli-

215 4121 306 4178 bet
337 4127 503 4180 modo
527 4144 629 4198 per
653 4144 842 4183 rerum
868 4146 1124 4184 mearum
1151 4129 1467 4189 facultates.
1503 4125 1806 4198 aliquando

215 4214 535 4283 egrediendi
568 4216 638 4270 de
688 4219 1028 4274 monasterio
1068 4219 1415 4274 occasionem
1441 4215 1686 4271 tribuam
1713 4231 1726 4278 ;
1752 4221 1809 4269 et

217 4309 284 4356 ut
307 4303 421 4359 haec
448 4322 578 4360 mea
604 4307 834 4362 traditio
863 4310 1029 4362 ﬁrma
1055 4313 1113 4362 et
1154 4308 1422 4364 inviolata
1456 4310 1804 4378 permaneat.

212 4406 384 4447 manu
412 4411 539 4449 mea
560 4396 787 4467 propria
811 4396 1245 4451 subterﬁrmavi.
1268 4395 1311 4470 -ι-
1339 4395 1691 4466 Hildegrimi,
1711 4393 1807 4464 qui
1823 4381 1872 4438 D

209 4481 354 4536 hanc
383 4484 697 4538 chartulam
740 4486 862 4540 ﬁeri
891 4490 949 4541 et
976 4487 1189 4541 ﬁrmari
1221 4485 1454 4557 rogavit.
1487 4483 1531 4557 -ι-
1561 4483 1805 4538 Bovonis

208 4568 398 4626 fratris
431 4574 572 4643 ejus.
594 4574 636 4646 1-
663 4574 958 4630 Walberti.
997 4595 1020 4626 ι

275 4680 406 4734 Alia
432 4680 617 4735 forma
643 4682 816 4736 solius
838 4682 1012 4754 patris
1032 4681 1261 4736 nomine
1285 4681 1451 4736 facta.

203 4790 368 4841 Anno
383 4789 804 4843 Incarnationis
817 4791 1115 4928 Dalpin'ica:
1129 4785 1254 4856 880,
1273 4803 1344 4843 xv
1364 4788 1592 4844 Kalend.
1606 4787 1804 4853 Octob.,

941 4877 1061 4914 cna
1089 4877 1127 4916 ι.

941 4877 1061 4914 cna
1089 4877 1127 4916 1.

274 4967 428 5020 Dum
459 4968 710 5034 legal-iter
733 4969 1033 5032 sancitum,
1063 4972 1166 5021 etc.
1203 4973 1265 5021 ut
1289 4982 1476 5037 supra.
1516 4983 1544 5016 tl
1574 4964 1805 5027 Idcirco,

205 5054 323 5125 Ego
351 5055 653 5109 Achadeus
693 5071 880 5109 comes
933 5056 1082 5110 hunc
1124 5057 1306 5110 ﬁlium
1338 5071 1548 5120 meum,
1581 5054 1811 5108 nomine

206 5143 566 5208 Hilduinum,
597 5159 727 5197 cum
756 5143 1056 5210 oblatione,
1085 5151 1214 5211 etc.,
1250 5144 1480 5199 Rofrido
1509 5142 1806 5214 praeposito

203 5233 464 5301 ejusdem
515 5232 620 5287 loci
663 5233 721 5286 in
752 5233 868 5287 vice
897 5233 1116 5288 abbatis
1147 5234 1405 5305 presenti
1428 5232 1591 5287 trado
1619 5248 1807 5286 coram

203 5321 449 5375 testibus
477 5321 787 5393 supradicti
809 5323 914 5377 loci
939 5324 1227 5378 monachis
1244 5323 1553 5378 Teutboldo
1583 5321 1810 5394 presby-

1963 1851 2033 1905 Et
2061 1850 2171 1904 illa:
2202 1866 2398 1905 omnes
2427 1849 2680 1904 formulae
2709 1866 2776 1904 ex
2801 1849 3124 1921 praescripto
3153 1848 3364 1904 ﬁebant
3393 1865 3484 1906 re-

1889 1940 2036 2012 gulae
2063 1939 2456 2005 Benedictinae,
2489 1955 2611 2010 cap.
2643 1936 2709 1996 58
2741 1944 2798 1993 et
2819 1939 2906 1995 59.

1965 2031 2054 2084 Ad
2069 2031 2398 2083 servandam
2422 2032 2694 2096 regulam.
2720 2025 2810 2081 Ita
2827 2027 2958 2082 olim
2972 2028 3206 2082 concilia
3219 2032 3276 2082 et
3291 2029 3488 2082 Patres

1894 2135 1996 2191 per
2041 2118 2511 2181 antonomasiam,
2543 2117 2639 2171 ubi
2668 2117 2738 2170 de
2770 2117 2964 2188 regula
2993 2117 3171 2170 sancti
3198 2115 3489 2172 Benedicti

1890 2207 2142 2262 facerent
2169 2206 2355 2272 verba,
2409 2222 2535 2261 eam
2573 2224 2599 2258 α
2623 2206 2898 2276 regulam,
2925 2210 3176 2259 sanctam
3205 2205 3480 2275 regulam,

1893 2296 2160 2352 Ordinem
2227 2301 2503 2359 sanctum,
2552 2313 2578 2347 ιο
2624 2295 2894 2365 insignire
2949 2295 3220 2349 solebant.
3273 2294 3484 2349 Concil.

1892 2384 2294 2440 Suessionense
2322 2400 2452 2438 ann.
2483 2381 2606 2447 744,
2636 2399 2756 2454 cap.
2791 2382 2844 2447 3,
2874 2388 3027 2437 torno
3059 2383 3082 2437 Ι
3109 2383 3485 2438 Conciliorum

1891 2472 2088 2528 Galliae
2137 2472 2428 2543 proscribit
2471 2491 2493 2523 ι
2527 2479 2590 2526 ut
2612 2472 2749 2526 ordo
2779 2472 3176 2526 monachorum
3203 2472 3288 2525 vel
3319 2470 3487 2524 ancil-

1886 2562 2071 2616 larum
2104 2561 2197 2616 Dei
2218 2561 2524 2615 secundum
2556 2561 2806 2631 regulam
2836 2566 3089 2614 sanctam
3118 2559 3334 2614 stabilis
3360 2575 3486 2632 per-

1887 2655 2130 2705 maneat.
2163 2670 2185 2700 ι
2212 2651 2379 2704 Conc.
2415 2650 2471 2703 in
2495 2649 2700 2721 palatio
2730 2650 3020 2714 Vernensi,
3047 2666 3180 2704 ann.
3209 2648 3331 2709 755.
3357 2666 3402 2706 c.
3431 2649 3487 2714 5,

1889 2758 1918 2793 ι
1948 2745 2010 2795 ut
2040 2739 2382 2794 monasteria
2410 2744 2526 2793 tam
2568 2739 2813 2793 virorum
2846 2756 3016 2810 quam
3055 2739 3371 2810 puellarum
3395 2754 3485 2792 se-

1887 2830 2130 2884 cundum
2184 2828 2438 2882 ordinem
2482 2827 2820 2897 regulariter
2861 2828 3064 2882 vivant.
3103 2847 3129 2880 »
3186 2828 3255 2881 Et
3286 2826 3479 2880 infra:

1894 2936 1919 2970 «
1967 2918 2026 2972 Si
2068 2917 2242 2972 abbas
2291 2917 2569 2987 ejusmodi
2593 2917 2818 2971 decreto
2847 2917 3214 2982 contradicat,
3261 2921 3490 2970 vocetur

1889 3007 1960 3062 ad
1989 3006 2304 3065 concilium,
2335 3011 2392 3060 et
2410 3006 2540 3059 huic
2552 3006 2866 3060 sufﬁciatur
2889 3006 2984 3077 qui
3005 3005 3311 3059 secundum
3343 3004 3490 3058 ordi-

1890 3112 2018 3150 nem
2039 3102 2290 3149 sanctam
2319 3100 2494 3165 regat.
2532 3113 2557 3147 ιθ
2589 3094 2698 3149 Sed
2729 3111 2801 3148 ne
2829 3093 3060 3148 dubium
3083 3094 3320 3164 alicujus
3332 3109 3486 3148 men-

1889 3191 2004 3240 tem
2035 3185 2241 3257 pulset,
2274 3201 2409 3238 num
2439 3185 2494 3238 in
2527 3183 2640 3238 illis
2669 3183 2906 3237 decretis
2935 3183 3488 3253 subintelligaturre-

1889 3276 2024 3347 gula
2051 3273 2430 3338 Benedictina,
2467 3272 2861 3343 proferendum
2897 3279 2983 3326 est
3026 3289 3148 3343 cap.
3194 3271 3253 3329 i‘l
3285 3271 3486 3325 concil.

1890 3363 2170 3434 Mogunt.,
2205 3362 2309 3416 sub
2358 3363 2543 3416 Leone
2580 3378 2727 3432 papa
2753 3361 2920 3416 tertio
2953 3379 2964 3415 :
3001 3381 3025 3412 (ί
3058 3363 3138 3415 Ac
3163 3360 3365 3414 deinde
3386 3360 3486 3413 de-

1890 3453 2185 3517 crevimus,
2199 3452 2344 3506 sicut
2362 3458 2557 3505 sancta
2576 3451 2771 3521 regula
2789 3451 2942 3514 dicit,
2967 3456 3032 3504 ut
3057 3449 3486 3513 monasterium.

1892 3543 1988 3597 ubi
2016 3543 2134 3596 fieri
2157 3541 2352 3613 possit,
2385 3556 2486 3612 per
2513 3540 2756 3594 decanos
2781 3540 3088 3605 ordinetur,
3118 3539 3250 3611 quia
3269 3554 3490 3610 priapo-

1890 3631 1984 3686 siti
2005 3647 2150 3701 sape
2177 3629 2234 3684 in
2265 3628 2854 3693 elationemincidunt,
2889 3648 2911 3680 ι
2942 3634 3047 3683 etc.
3081 3629 3381 3698 Sumptum
3403 3632 3491 3682 est

1890 3720 1996 3774 hoc
2021 3720 2308 3774 decretum
2339 3735 2404 3773 ex
2432 3718 2640 3789 regulae
2688 3717 2863 3772 sancti
2895 3717 3200 3784 Benedicti,
3234 3733 3356 3788 cap.
3392 3713 3484 3782 65,

1890 3809 2048 3879 cujus
2099 3824 2224 3862 ecce
2263 3807 2472 3862 verba:
2510 3827 2536 3860 α
2567 3807 2782 3878 Saepius
2823 3807 3051 3876 quidem
3101 3805 3487 3875 contingitut,

1890 3914 1993 3970 per
2010 3896 2424 3952 ordinationem
2454 3896 2746 3968 propositi,
2773 3895 3037 3950 scandala
3055 3895 3247 3966 gravia
3278 3895 3338 3948 in
3367 3910 3492 3948 mo-

1889 3986 2150 4042 nasteriis
2171 3987 2446 4050 oriantur,
2481 3985 2616 4039 dum
2647 3985 2761 4040 sint
2787 3985 2958 4055 aliqui
2989 3984 3192 4055 spiritu
3212 3983 3490 4054 superbiae

1890 4076 2043 4141 elati,
2063 4095 2088 4129 s
2123 4079 2232 4130 etc.
2254 4074 2323 4130 Et
2341 4073 2509 4146 paulo
2536 4079 2662 4145 post
2689 4093 2701 4126 :
2730 4092 2756 4124 α
2789 4072 2850 4128 Si
2884 4073 3004 4127 ﬁeri
3034 4078 3236 4144 potest,
3271 4088 3372 4142 per
3391 4071 3491 4124 de-

1889 4181 2057 4220 canos
2086 4163 2398 4230 ordinetur,
2430 4169 2494 4216 ut
2522 4167 2693 4216 antea
2727 4161 3126 4233 disposuimus,
3159 4159 3342 4214 omnis
3372 4159 3489 4213 uti-

1889 4255 2019 4309 litas
2055 4252 2407 4313 monasterii.
2445 4271 2468 4302 ι
2495 4257 2602 4305 etc.

1959 4343 2106 4408 Quia
2133 4359 2262 4396 vero
2287 4343 2343 4395 in
2368 4341 2574 4411 regula:
2605 4338 2977 4394 Benedictinaa
3003 4355 3320 4393 sermonem
3348 4337 3493 4392 inci-

1888 4431 2093 4500 dimus,
2121 4431 2548 4500 audivimusque
2576 4428 2768 4500 paucis
2800 4428 3004 4482 abhinc
3043 4428 3209 4482 annis
3229 4426 3494 4482 subdubi-

1889 4526 2074 4576 tatum
2105 4521 2272 4576 fuisse
2293 4536 2326 4574 a
2350 4519 2468 4573 viro
2486 4518 2735 4589 alioquin
2763 4517 3106 4584 doctissimo,
3128 4522 3323 4572 utrum
3354 4516 3491 4570 olim

1892 4610 2283 4666 universaliter
2303 4625 2403 4679 per
2418 4607 2659 4662 Galliam
2678 4608 2834 4675 (ante
2854 4612 3112 4678 tempora
3131 4606 3489 4678 potissimum

1892 4699 2158 4755 Ludovici
2178 4699 2278 4764 Pii)
2297 4697 2493 4766 regula
2512 4696 2690 4750 sancti
2706 4695 2991 4750 Benedicti
3014 4701 3335 4750 servaretur
3358 4713 3372 4760 ;
3400 4694 3492 4749 cui

1892 4805 2027 4845 sane
2046 4804 2266 4860 possem
2287 4790 2474 4851 304
2494 4785 2678 4839 facere
2693 4784 2832 4838 satis
2853 4784 3019 4838 unica
3049 4786 3154 4840 hac
3183 4785 3495 4855 interroga-

1891 4879 2044 4932 tione
2075 4875 2260 4931 Caroli
2285 4874 2475 4945 Magni
2482 4873 2859 4944 ,imperatoris
2877 4873 2949 4927 ad
2967 4874 3255 4945 episcopos
3270 4873 3486 4940 Galliae,

1891 4965 2187 5037 capitulari
2216 4963 2723 5034 interrogationum
2753 4979 2874 5034 cap.
2904 4962 2990 5028 12,
3020 4969 3177 5018 tomo
3211 4961 3266 5017 Ιῐ
3297 4963 3492 5017 Conci-

1892 5056 2098 5109 liorum
2130 5053 2326 5107 Galliae
2358 5070 2370 5106 :
2418 5072 2440 5103 ι
2483 5052 2564 5106 De
2592 5051 3015 5106 conversatione
3063 5051 3487 5115 monachorum,

1893 5145 2092 5216 inquit,
2114 5149 2170 5198 et
2185 5147 2371 5197 utrum
2391 5141 2565 5211 aliqui
2605 5141 2864 5196 monachi
2890 5157 3013 5195 esse
3031 5146 3258 5212 possent
3287 5144 3491 5211 praeter

1891 5249 1985 5286 eos
2007 5231 2103 5302 qui
2133 5229 2386 5300 regulam
2416 5228 2594 5283 sancti
2624 5229 2909 5284 Benedicti
2952 5228 3266 5282 observant.
3300 5225 3489 5296 Inqui-

1890 5321 2127 5376 rendum
2162 5319 2334 5373 etiam
2365 5318 2410 5372 si
2442 5318 2501 5372 in
2522 5318 2706 5372 Gallia
2734 5317 2991 5372 monachi
3014 5316 3269 5379 fuissent,
3302 5314 3488 5385 prius-

199 5415 345 5470 tero.
386 5410 682 5465 Hardrado
711 5411 1057 5484 presbytero,
1117 5412 1392 5467 Guntario
1444 5417 1500 5466 et
1532 5411 1808 5466 Bernario
1896 5426 2065 5481 quam
2095 5407 2322 5464 traditio
2347 5408 2556 5478 regulae
2587 5407 2764 5461 sancti
2792 5404 3072 5460 Benedicti
3105 5405 3162 5458 in
3191 5404 3294 5458 has
3322 5419 3492 5473 paro-

201 5499 889 5578 diaconibus;Stephano
911 5507 968 5559 et
987 5503 1278 5574 Sigloardo
1308 5501 1762 5568 subdiaconibus,
1786 5519 1808 5551 ι
1896 5500 2048 5555 chias
2087 5497 2451 5570 perveniSset.
2512 5517 2539 5546 ι
2581 5495 2655 5551 Et
2701 5495 2908 5549 ibidem
2955 5493 3012 5548 in
3063 5493 3216 5547 brevi
3255 5492 3484 5574 capitul.

201 5593 338 5658 etc.,
403 5594 466 5647 ut
524 5606 716 5666 supra.
765 5609 792 5644 α
832 5591 1072 5663 Signum
1131 5591 1380 5652 Achadei
1429 5590 1672 5659 comitis,
1715 5589 1812 5662 qui
1896 5605 2016 5662 cap.
2045 5586 2131 5646 t2.
2169 5609 2191 5640 ι
2227 5587 2351 5652 Qua
2388 5586 2584 5657 regula
2613 5583 2872 5640 monachi
2904 5581 3168 5638 vixissent
3189 5581 3249 5638 in
3277 5582 3481 5650 Gallia,
