3864 6176
421 311 526 370 607

1620 314 1852 370 DOMNI
1896 313 2101 370 ΙΛΙΟᾸῦ
2141 315 2486 371 DACHERII

3597 311 3692 373 608

422 435 840 502 lemniacensis,
895 437 1215 493 tirocinium
1269 454 1608 511 persequens
1671 440 2314 513 sanctissimiAregum,
2374 439 2635 496 Clodovei
2680 440 2936 495 videlicet
2985 445 3044 495 et
3099 438 3402 507 Clotharii,
3431 437 3696 510 simulque

423 527 576 583 illius
605 528 748 582 viri:
787 547 813 579 «
846 527 984 583 Cum
1032 529 1223 599 igitur,
1273 529 1476 600 inquit,
1509 531 1578 584 ad
1624 530 1772 584 istud
1822 546 2018 584 mona-

421 618 658 672 sterium
719 618 1204 687 (Solemniacense)
1266 620 1409 674 Tillo
1449 619 1782 684 devenisset,
1838 627 1894 673 et
1949 619 2018 673 ab

423 705 625 761 abbate
652 722 876 761 summa
903 723 1032 761 cum
1075 708 1452 777 gratulatione
1481 715 1772 779 susceptus
1801 708 2013 773 fuisset,

423 793 683 848 tirocinio
736 795 944 849 Christi
1000 795 1318 865 insignitus,
1378 796 1774 850 ardentissimo
1828 811 2019 849 amore

423 883 604 936 solum
634 884 825 938 Jesum
854 883 1200 950 desiderans,
1232 884 1336 938 sub
1379 883 1477 939 SS.
1528 885 1758 940 Patrum
1789 885 2018 940 Colum-

424 969 556 1025 bani
614 977 672 1026 et
717 973 1002 1027 Benedicti
1054 974 1250 1043 regula
1299 975 1448 1028 inter
1497 975 1701 1028 fratres
1765 973 2019 1028 habitare

425 1061 610 1132 carpit.
645 1083 668 1112 ι
705 1061 797 1115 Sic
828 1079 930 1115 ms.
964 1061 1105 1116 liber
1133 1063 1382 1132 ejusdem
1408 1063 1750 1118 monasterii.

496 1149 580 1204 Ex
627 1150 900 1204 Desiderii
942 1151 1312 1206 Cadurcensis
1358 1153 1600 1224 episcopi
1649 1153 1758 1206 vita
1788 1169 1871 1207 ms
1901 1153 2021 1215 (flo-

425 1238 589 1293 rebat
616 1239 762 1293 circa
790 1255 998 1293 annum
1029 1238 1175 1307 639).
1213 1263 1234 1293 ι
1269 1241 1494 1297 Nullum
1533 1241 1759 1312 quidem
1790 1257 1855 1295 eo
1885 1245 2024 1294 tem-

424 1343 560 1398 pore
589 1327 646 1380 in
677 1325 822 1381 urbe
853 1329 1116 1384 Cadurcaz
1147 1331 1494 1401 propositum
1529 1330 1806 1395 monachi,
1840 1346 2022 1399 neque

426 1415 682 1470 habitum
702 1417 1114 1486 religionis,aut
1134 1420 1338 1488 regulae
1357 1419 1679 1473 cmnobialis
1695 1420 2020 1473 intraverat.

427 1504 694 1560 Instituta
733 1506 1018 1560 Benedicti
1065 1523 1175 1560 non
1207 1508 1369 1578 longe
1400 1508 1710 1575 distabant;
1751 1505 2026 1562 Desiderii

428 1599 618 1648 autem
669 1599 923 1664 tempore
969 1596 1085 1649 haec
1131 1603 1283 1650 secta
1323 1598 1654 1668 (Benedicti)
1715 1598 2024 1652 Cadurcum

427 1682 687 1750 intravit;
717 1683 883 1753 hujus
909 1684 1012 1738 sub
1037 1685 1127 1739 die
1150 1686 1266 1740 haec
1286 1688 1481 1757 religio
1502 1687 1818 1741 adolescere
1839 1687 2024 1757 coepit,

2101 530 2398 586 Childerici
2431 536 2487 585 et
2523 531 2849 584 Theodorici
2881 530 3312 600 privilegiorum
3351 528 3697 583 auctoritates

2101 621 2319 686 docent,
2356 638 2420 674 ex
2467 619 2782 691 semetipsis
2828 619 2934 672 sibi
2975 617 3332 690 perennibus
3370 618 3698 689 temporibus

2101 709 2359 765 abbatem
2391 710 2663 779 eligerent
2689 708 2974 780 (monachi
3001 707 3479 772 Fontinellenses)
3513 706 3568 759 in
3601 723 3700 776 quo

2102 800 2272 855 etiam
2311 800 2476 869 justas
2521 797 2862 868 alligationis
2900 795 3067 850 verbo
3101 801 3421 868 praesentes
3468 795 3699 849 futuros-

2102 904 2210 959 que
2257 887 2352 958 qui
2393 885 2601 941 ibidem
2649 884 2943 940 militaturi
2996 891 3168 938 erant
3222 883 3578 953 constringit,
3624 888 3697 947 ut,

2101 978 2264 1031 sicuti
2303 975 2407 1031 sub
2435 977 2556 1046 ejus
2584 974 2874 1045 regimine,
2909 973 2988 1028 ita
3024 979 3083 1028 et
3124 973 3398 1042 deinceps
3428 977 3486 1025 et
3521 972 3622 1042 ipsi
3652 977 3704 1026 et

2102 1066 2311 1137 posteri
2341 1080 2533 1118 eorum
2558 1063 2864 1118 secundum
2889 1063 3151 1132 regulam
3176 1061 3236 1115 S.
3264 1059 3548 1114 Benedicti
3574 1060 3699 1114 ﬁde-

2101 1157 2230 1210 liter
2257 1155 2477 1210 Christo
2500 1153 2861 1216 deservirent,
2901 1171 2926 1204 3
2969 1156 3076 1204 etc.
3103 1151 3354 1205 Exstant
3395 1149 3562 1202 etiam
3593 1148 3698 1200 haec

2104 1245 2252 1300 inter
2278 1243 2515 1298 concilia
2541 1242 2852 1310 Gallicana,
2882 1256 2986 1294 nec
3017 1255 3131 1293 non
3165 1244 3226 1292 et
3256 1238 3410 1292 inter
3434 1236 3702 1307 generalia

2106 1333 2318 1389 ultimae
2347 1331 2609 1386 editionis
2638 1348 2701 1384 ex
2721 1328 3119 1400 Typographia
3139 1327 3344 1396 Regia.
3378 1327 3630 1381 Refertur
3652 1325 3702 1378 in

2106 1423 2233 1477 Vita
2273 1423 2336 1476 B.
2371 1421 2634 1474 Aichadri
2676 1419 2825 1490 apud
2874 1418 3128 1483 Surium,
3185 1417 3282 1470 die
3336 1414 3402 1472 l5
3447 1414 3701 1476 Octobris,

2109 1512 2172 1568 S.
2214 1510 2584 1565 Philibertum
2617 1507 3025 1562 Gemeticensis
3066 1505 3409 1559 monasterii
3441 1503 3699 1567 abbatem,

2108 1617 2235 1654 cum
2260 1600 2484 1654 Ebroini
2505 1597 2950 1670 persecutionem
2971 1596 3345 1659 declinasset,
3364 1592 3704 1663 confugisset-

2111 1706 2217 1760 que
2233 1690 2302 1743 ad
2325 1687 2668 1743 Ansoaldum
2691 1686 3076 1741 Pictavensem
3095 1685 3452 1756 episcopum,
3467 1690 3702 1751 rogatum

425 1784 560 1823 nam
591 1776 648 1824 et
693 1771 1073 1843 Moysiacense
1116 1775 1429 1831 coenobium
1483 1778 1650 1847 hujus
1692 1783 1945 1846 tempore
1991 1762 2180 1832 aBab
2209 1778 2407 1833 eodem
2441 1777 2700 1848 episcopo
2732 1781 3010 1846 quatenus
3055 1772 3395 1827 monasterii
3425 1770 3569 1842 quod
3603 1769 3703 1839 ipse

427 1857 562 1912 viris
582 1859 956 1916 laudabilibus
975 1863 1251 1918 Ansberto
1276 1870 1334 1918 et
1354 1865 1664 1920 Leothadio
1687 1865 2023 1935 completum

428 1953 533 2014 est,
561 1955 618 2002 et
665 1949 722 2003 iu
764 1951 884 2022 ipso
913 1953 1118 2023 oppido
1148 1971 1182 2007 a
1209 1954 1419 2008 sanctis
1449 1955 1582 2008 viris
1621 1953 2026 2008 monasterium

428 2035 516 2089 his
555 2035 754 2091 diebus
801 2039 1134 2094 exorditum.
1179 2042 1306 2095 Alia
1347 2042 1638 2113 complura
1685 2041 2028 2095 monasteria

426 2124 552 2194 ejus
577 2124 681 2179 sub
703 2132 958 2198 tempore
985 2135 1107 2182 sata
1127 2136 1442 2184 creverunt.
1475 2148 1501 2182 »
1533 2131 1608 2184 Ex
1635 2129 1763 2183 Vita
1789 2129 1848 2183 S.
1880 2127 2027 2198 Agili

426 2212 594 2283 primi
611 2213 831 2269 abbatis
846 2216 1213 2272 Resbacensis
1235 2219 1559 2273 monasterii
1573 2219 1658 2289 (S.
1678 2217 2027 2272 Columbano

427 2302 676 2372 aequalis)
689 2305 920 2376 antiqua
937 2314 1106 2378 atque
1123 2308 1335 2379 optima
1348 2325 1518 2362 manu
1534 2313 1763 2362 exarata
1782 2325 1792 2359 :
1821 2326 1846 2359 ι
1867 2306 2028 2378 Apud

430 2407 490 2444 se
516 2392 837 2462 Agnoaldus
871 2396 1056 2462 (Pater
1076 2397 1132 2451 S.
1157 2397 1320 2467 Agili)
1346 2397 1754 2452 Columbanum
1779 2396 2032 2466 aliquan-

429 2479 608 2551 tisper
633 2485 1063 2539 commemorari
1093 2486 1225 2540 fecit
1254 2487 1312 2540 in
1337 2487 1470 2541 villa
1497 2503 1619 2557 quae
1643 2485 2030 2539 Honoriliacus

430 2566 652 2636 dicitur,
667 2587 702 2624 a
720 2587 830 2642 quo
843 2573 1018 2627 voluit
1028 2574 1252 2645 Agilum
1271 2575 1391 2644 jam
1412 2580 1738 2646 septennem
1752 2573 2025 2640 benedici;

431 2655 530 2710 sed
557 2660 839 2730 persuasit
879 2663 1206 2733 parentibus
1235 2671 1299 2718 ut
1328 2681 1564 2736 puerum
1596 2665 1712 2719 Deo
1741 2663 2026 2717 offerrent.

433 2744 540 2799 Die
599 2763 732 2818 ergo
769 2748 1064 2820 designata
1099 2753 1267 2806 Pater
1313 2753 1463 2823 Agili
1518 2752 1802 2824 applicans
1856 2751 2031 2804 sacris

431 2834 704 2891 altaribus
725 2837 954 2894 charam
981 2840 1250 2905 sobolem,
1277 2841 1481 2896 obtulit
1503 2841 1562 2895 in
1583 2841 1729 2895 dicto
1757 2847 2033 2894 monaste-

431 2924 538 2990 rio,
570 2925 816 2996 largiens
847 2945 948 3000 per
983 2930 1210 2985 titulum
1256 2931 1581 2985 testamenti
1629 2931 1846 3001 copiam
1876 2929 2032 2983 fundi

433 3018 491 3067 et
536 3015 782 3070 familiae.
821 3037 843 3067 ι
877 3017 1016 3073 Inde
1062 3037 1192 3074 vero
1237 3021 1370 3092 quid
1421 3021 1683 3090 colligere
1712 3020 1834 3073 est?
1876 3019 2030 3072 illam

2109 1885 2302 1922 recens
2328 1869 2684 1921 exstruxerat
2724 1864 2974 1935 regimen
3004 1865 3328 1934 susciperet
3352 1881 3364 1927 ;
3412 1860 3497 1914 cui
3525 1858 3702 1912 annuit

2110 1958 2167 2012 S.
2199 1956 2540 2010 Philibertus
2586 1971 2653 2009 ea
2702 1955 2825 2025 lege
2879 1955 2928 2007 si
2980 1955 3050 2010 B.
3084 1951 3432 2014 Aichadrus,
3466 1949 3556 2020 qui
3587 1952 3703 2000 tunc

2109 2046 2378 2116 temporis
2411 2045 2750 2098 monasterio
2772 2042 3160 2107 Quintiacensi
3188 2044 3450 2112 praeerat,
3473 2034 3701 2091 coenobio

2111 2133 2487 2188 Gemeticensi
2512 2133 2703 2204 perﬁci
2731 2148 2839 2185 non
2865 2136 3178 2184 recusaret.
3210 2149 3233 2180 ι
3263 2126 3628 2193 Quamobrem
3652 2123 3701 2176 in

2111 2223 2323 2277 somnis
2355 2223 2454 2292 (ait
2485 2221 2784 2275 Fulbertus
2812 2219 2954 2273 Vitae
2979 2224 3198 2278 auctor)
3233 2218 3299 2271 B.
3335 2213 3602 2271 Aichadro
3620 2228 3701 2281 ap-

2112 2316 2451 2383 paruerunt;
2471 2310 2764 2381 episcopus
2777 2309 2987 2378 virgam
3003 2307 3353 2379 pastoralem
3365 2304 3572 2368 ,beatus
3585 2315 3698 2353 vero

2112 2401 2452 2454 Philibertus
2483 2399 2735 2469 regulum
2767 2399 2824 2452 S.
2859 2397 3146 2452 Benedicti
3179 2393 3523 2467 porrigebat.
3553 2388 3699 2444 ambo

2113 2489 2274 2561 quasi
2315 2505 2426 2542 uno
2461 2504 2558 2542 ore
2589 2487 2840 2549 dicentes
2873 2503 2884 2538 :
2921 2486 3124 2555 Surge,
3163 2484 3362 2546 frater,
3395 2487 3452 2534 et
3480 2479 3698 2533 ofﬁcium

2113 2577 2262 2650 quod
2287 2577 2388 2630 tibi
2424 2592 2459 2629 a
2490 2577 2604 2630 Deo
2641 2574 2952 2646 imponitur
2981 2573 3316 2627 obedienter
3345 2568 3575 2638 suscipe.
3607 2567 3702 2618 Ac-

2112 2668 2232 2739 cipe
2275 2666 2511 2736 virgam,
2541 2681 2641 2736 per
2664 2681 2834 2735 quam
2875 2662 3235 2717 subditorum
3266 2663 3451 2714 errata
3477 2654 3699 2722 corrigas

2114 2761 2170 2810 et
2191 2755 2261 2809 ad
2279 2761 2492 2808 rectum
2515 2751 2820 2824 disciplinae
2847 2751 3110 2818 reducas;
3137 2749 3352 2804 librum
3375 2746 3560 2807 etiam,
3577 2748 3634 2796 ut
3647 2747 3699 2794 tu

2113 2844 2293 2915 primo
2325 2859 2450 2914 quae
2498 2842 2557 2896 in
2599 2857 2664 2895 eo
2696 2846 2922 2895 exarata
2961 2845 3095 2894 sunt
3121 2837 3430 2901 custodias,
3462 2840 3518 2888 et
3545 2831 3597 2884 in
3625 2829 3698 2882 his

2114 2933 2216 2987 tibi
2261 2933 2541 3001 subjectos
2589 2930 2891 2984 informare
2924 2945 2994 2983 ne
3035 2929 3306 2982 desistas.
3345 2945 3368 2976 ι
3415 2925 3488 2978 Ex
3519 2919 3698 2991 quibus

2115 3023 2406 3092 antiquam
2437 3020 2590 3072 illam
2632 3018 2954 3073 traditionis
3003 3018 3215 3087 regulae
3245 3023 3302 3070 et
3330 3012 3507 3068 baculi
3537 3012 3698 3080 pasto-

433 3102 688 3159 videlicet
719 3106 1016 3162 formulam
1048 3110 1162 3163 Deo
1194 3111 1603 3164 offerendorum
1631 3125 1730 3180 pro
1761 3108 1872 3162 aris
1901 3124 2032 3178 pue-
2053 3081 2097 3141 ί)
2119 3111 2248 3164 ralis
2279 3111 2334 3164 in
2387 3109 2604 3163 abbatis
2645 3106 3033 3161 benedictione
3077 3102 3562 3164 consuetudinem,
3593 3111 3698 3166 qua?

434 3208 626 3247 rorum
672 3196 905 3266 petitam
947 3213 980 3251 a
1013 3199 1207 3267 regula
1236 3200 1414 3253 sancti
1443 3198 1749 3263 Benedicti,
1779 3213 1901 3268 cap.
1942 3194 2028 3262 59,

433 3281 492 3335 in
521 3299 630 3352 quo
662 3283 778 3338 haec
812 3285 1129 3341 habentur:
1175 3308 1196 3338 ι
1233 3287 1293 3342 Si
1324 3288 1448 3359 quis
1475 3288 1618 3341 forte
1651 3287 1720 3340 de
1754 3286 2033 3340 nobilibus

434 3370 598 3425 oll'ert
623 3373 802 3427 filium
828 3391 993 3429 suum
1032 3377 1147 3430 Deo
1177 3377 1235 3430 in
1276 3376 1640 3443 monasterio,
1672 3376 1718 3428 si
1749 3376 1868 3446 ipse
1894 3391 2034 3445 puer

437 3459 641 3513 minori
669 3466 833 3516 aetate
864 3469 966 3528 est,
1013 3471 1273 3535 parentes
1317 3467 1440 3535 ejus
1471 3465 1680 3518 faciant
1707 3464 2031 3534 petitionem

438 3562 606 3617 quam
635 3565 807 3620 supra
841 3551 1102 3618 diximus,
1135 3560 1190 3608 et
1218 3571 1344 3608 cum
1384 3553 1663 3608 oblatione
1689 3554 1868 3624 ipsam
1897 3553 2036 3624 peti-

433 3635 667 3702 tionem,
702 3644 759 3692 et
786 3656 1015 3695 manum
1051 3643 1211 3714 pueri
1239 3643 1522 3697 involvant
1550 3643 1606 3696 in
1639 3643 1788 3714 palla
1817 3642 2031 3706 altaris,

436 3723 518 3778 sic
559 3741 686 3780 eum
734 3729 990 3784 olferant.
1044 3750 1065 3782 ι
1118 3733 1186 3786 Et
1230 3731 1379 3786 infra
1422 3751 1433 3785 :
1473 3752 1495 3783 ι
1541 3733 1599 3786 Si
1640 3731 1851 3802 aliquid
1900 3731 2035 3785 dare

435 3813 714 3870 voluerint
760 3819 1059 3889 (parentes)
1109 3821 1166 3875 in
1224 3821 1637 3892 eleemosynam
1695 3821 2036 3874 monasterio

438 3918 541 3972 pro
608 3907 867 3961 mercede
921 3925 1041 3976 sua,
1099 3911 1308 3966 faciant
1357 3929 1422 3965 ex
1479 3910 1646 3965 rebus
1702 3927 1842 3981 quas
1903 3911 2038 3964 dare

437 3993 654 4055 volunt,
712 3995 1092 4064 donationem,
1138 4019 1162 4052 »
1206 4006 1311 4054 etc.
1346 4000 1475 4054 Vita
1527 4000 1706 4054 sancti
1754 3998 2039 4069 Rigomeri

438 4080 676 4150 abbatis,
731 4101 794 4138 ex
853 4103 956 4140 ms.
1012 4088 1379 4142 Floriacensis
1443 4087 1680 4142 coenobii
1743 4089 1859 4142 haec
1911 4103 2040 4157 sup-

436 4174 670 4246 peditat.
730 4179 926 4232 Eodem
985 4186 1218 4250 tempore
1261 4181 1620 4247 (Childeberti
1667 4180 1815 4250 regis
1868 4179 2040 4232 Fran-

438 4266 658 4338 corum)
716 4289 742 4316 α
811 4269 1049 4324 Sanctus
1099 4271 1319 4325 Avitus
1352 4277 1410 4324 et
1466 4272 1704 4326 Sanctus
1764 4268 2038 4324 Carilefus

440 4358 626 4419 36!
667 4356 723 4410 in
753 4364 922 4412 vastae
949 4359 1123 4413 eremi
1153 4359 1455 4414 solitudine
1486 4358 1643 4412 binas
1672 4359 1900 4412 cellulas
1931 4355 2035 4410 sub

2116 3202 2387 3254 hactenus
2419 3197 2812 3269 perseveravit,
2862 3201 3057 3250 notare
3101 3204 3191 3250 est
3221 3195 3372 3266 (vide
3400 3183 3698 3246 Pontiﬁcale

2115 3290 2432 3344 Romanum
2467 3289 2524 3340 in
2550 3285 2934 3340 benedictione
2955 3285 3220 3352 abbatis);
3246 3281 3457 3338 Deinde
3484 3276 3623 3332 hisce
3647 3272 3696 3325 in

2116 3375 2496 3444 monasteriis,
2541 3373 2925 3439 Quintiacensi
2953 3373 3252 3435 nimirum,
3291 3367 3488 3424 Iiieriae
3526 3361 3696 3418 insula:

2116 3465 2342 3519 condito
2364 3464 2432 3518 ab
2462 3463 2766 3526 Ansoaldo,
2790 3469 2845 3516 et
2876 3461 3258 3516 Gemeticensi
3287 3462 3533 3513 sanctam
3554 3465 3695 3518 regu-

2115 3555 2226 3608 lam
2258 3555 2347 3608 vel
2392 3570 2458 3607 ea
2489 3558 2827 3623 tempestate
2866 3551 3126 3621 viguisse.
3161 3552 3357 3605 Canon
3395 3545 3454 3602 15
3485 3545 3535 3597 S.
3567 3539 3696 3593 Leo-

2117 3643 2330 3714 degarii
2360 3640 2885 3712 Augustodunensis
2916 3639 3181 3710 episcopi,
3217 3641 3284 3694 A.
3324 3637 3385 3691 C.
3417 3630 3537 3696 670,
3567 3624 3690 3682 haud

2119 3750 2400 3804 quaquam
2421 3731 2844 3804 praetereundus
2868 3735 2954 3784 est
2982 3729 3212 3783 silentio
3243 3747 3255 3783 :
3285 3746 3308 3779 (ί
3331 3727 3411 3781 De
3431 3717 3693 3804 abbatibus

2119 3838 2248 3876 vero
2276 3821 2360 3875 vel
2391 3820 2679 3874 monachis
2709 3819 3004 3874 observare
3036 3816 3304 3872 convenit
3331 3820 3412 3876 ut,
3453 3797 3692 3881 quidquid

2119 3910 2420 3965 canonicus
2458 3909 2594 3963 ordo
2623 3909 2707 3962 vel
2745 3909 2940 3978 regula
2975 3907 3155 3961 sancti
3185 3900 3470 3962 Benedicti
3503 3897 3689 3954 edocet,

2121 4006 2180 4054 et
2208 4000 2440 4070 implere
2458 4005 2514 4052 et
2541 3999 2824 4052 custodire
2851 3998 2908 4051 in
2931 3995 3193 4051 omnibus
3218 3993 3470 4048 debeant.
3488 3986 3541 4040 Si
3561 3980 3688 4070 enim

2122 4069 2311 4142 omnia
2334 4089 2546 4142 fuerint
2564 4087 2816 4158 legitime
2846 4086 2994 4157 apud
3021 4084 3255 4139 abbates
3277 4081 3360 4135 vel
3383 4069 3689 4132 monasteria

2120 4183 2466 4242 conservata,
2494 4183 2551 4230 et
2579 4192 2848 4229 numerus
2879 4175 3306 4238 monachorum,
3325 4171 3434 4224 Deo
3455 4158 3685 4236 propitio:

2121 4266 2437 4336 augebitur,
2487 4272 2544 4319 et
2588 4264 2830 4318 mundus
2857 4263 3038 4317 omnis
3068 4279 3169 4332 per
3207 4275 3400 4316 eorum
3439 4250 3688 4336 orationes

2117 4356 2371 4409 assiduas
2408 4353 2569 4407 malis
2599 4352 2812 4406 carebit
2856 4351 3150 4422 contagiis.
3190 4371 3212 4402 ι
3247 4345 3548 4404 Canonicus
3573 4333 3685 4390 ordo

439 4448 633 4496 sancta
656 4447 854 4515 regula
887 4448 1264 4514 (Benedictina
1293 4449 1566 4516 videlicet)
1601 4447 1832 4501 miriﬁce
1862 4438 2210 4500 zediﬁ-Dhic
2255 4444 2499 4498 refertur
2544 4442 2614 4496 ad
2662 4441 2910 4506 abbates,
2953 4440 3234 4510 siquidem
3279 4455 3343 4491 ea
3389 4427 3685 4516 tempesta“?

438 4537 705 4586 caverunt
732 4534 865 4601 Deo,
910 4536 1036 4589 fulti
1068 4554 1288 4608 quoque
1315 4539 1378 4604 ,S.
1418 4536 1741 4591 Innocentis
1771 4537 2040 4591 Cenoma-

441 4618 580 4673 nicae
608 4620 766 4675 urbis
791 4624 1017 4689 auxilio,
1061 4644 1087 4678 »
1121 4631 1225 4680 etc.
1259 4627 1386 4679 Vita
1417 4643 1520 4679 ms.
1554 4625 1733 4679 sancti
1776 4623 2040 4679 Ansberti

441 4709 700 4764 monachi
745 4712 1173 4768 Fontinellensis
1205 4724 1374 4778 (nunc
1405 4715 1458 4768 S.
1492 4713 1893 4784 Vandregesili)
1927 4729 2040 4766 mo-

438 4798 764 4866 nasterii,ac
775 4803 1128 4872 postmodum
1144 4801 2038 4875 archiepiscopiRothomagensis,

439 4886 647 4956 passim
673 4897 837 4946 sonat
863 4897 1184 4964 utrumque,
1220 4899 1276 4946 et
1304 4892 1766 4962 Vandregesilum
1809 4897 1866 4945 et
1902 4893 2042 4944 Ans-

440 4973 659 5031 bertum
683 4979 1005 5035 institutum
1028 4982 1451 5036 Benedictinum
1473 4982 1643 5036 fuisse
1665 4980 1960 5052 professos,
1975 4996 2040 5033 ac

436 5065 674 5136 proinde
723 5070 1026 5124 ccenobitas
1079 5071 1173 5125 illo
1220 5071 1278 5124 in
1321 5071 1594 5125 asceterio
1638 5071 1704 5124 D.
1750 5068 2035 5123 Benedicti

439 5171 695 5211 normam
743 5159 980 5213 coluisse
1017 5161 1103 5213 vel
1147 5160 1345 5214 iisdem
1391 5159 1738 5231 temporibus
1788 5159 1909 5228 (hoc
1953 5163 2038 5211 est

439 5244 695 5301 Lotharii
750 5252 807 5301 et
864 5248 1166 5318 Dagoberti
1211 5251 1551 5304 Francorum
1598 5253 1818 5319 regum)
1871 5249 2038 5302 fateri

437 5350 727 5391 necessum
762 5342 845 5391 est
874 5359 885 5394 :
913 5338 989 5391 At
1008 5336 1377 5408 biographum
1407 5337 1704 5391 audiamus
1729 5353 1742 5391 :
1776 5356 1800 5388 «
1840 5338 2037 5392 Factus

439 5425 891 5497 archiepiscopus
926 5427 981 5480 S.
1014 5425 1345 5490 Ansbertus,
1379 5427 1648 5497 privilegii
1681 5427 1768 5480 sui
1797 5426 2040 5480 auctori-

440 5519 556 5569 tate
586 5515 759 5569 edixit
788 5520 868 5578 ut,
903 5532 1002 5586 per
1028 5515 1383 5570 succedentia
1415 5522 1688 5586 tempora,
1726 5515 2035 5569 secundum

442 5602 499 5656 S.
533 5603 714 5656 Patris
759 5603 1042 5659 Benedicti
1085 5605 1362 5673 regulam,
1405 5609 1462 5659 et
1493 5615 1553 5658 ut
1601 5603 2038 5676 praecedentium

2121 4533 2217 4604 qui
2269 4531 2550 4586 canonicis
2607 4537 2886 4601 praeerant
2950 4529 3182 4583 abbates
3235 4528 3408 4582 etiam
3464 4514 3686 4604 solebant

2122 4622 2390 4688 vocitari;
2441 4621 2636 4690 regula
2683 4637 2814 4673 vero
2861 4621 2917 4673 S.
2956 4618 3244 4672 Benedicti
3288 4614 3356 4670 ad
3395 4603 3680 4690 monachos.

2122 4713 2243 4766 Huc
2273 4710 2486 4764 accedit
2509 4688 2835 4764 'doctissimi
2872 4707 3131 4762 Menardi
3159 4702 3236 4760 ad
3259 4699 3614 4777 praefationem
3636 4688 3682 4740 in

2124 4799 2494 4854 Concordiam
2548 4799 2873 4869 regularum
2927 4797 3106 4851 sancti
3159 4789 3437 4850 Benedicti
3482 4781 3681 4839 Anianal

2123 4889 2360 4954 abbatis,
2376 4887 2638 4942 omnibus
2659 4886 2975 4950 abbatibus,
3001 4892 3059 4940 et
3080 4882 3367 4938 monachis
3381 4873 3682 4932 destinatam

2122 4977 2456 5043 observatio,
2476 4978 2592 5031 haec
2613 4976 2779 5030 verba
2799 4975 3135 5029 illustrantis
3165 4992 3176 5027 :
3207 4997 3228 5022 ι
3261 4963 3501 5027 Occurrit
3518 4955 3680 5012 animo

2122 5083 2189 5120 ea
2214 5083 2338 5137 qua:
2361 5082 2395 5120 a
2415 5065 2638 5136 tepidis,
2662 5064 3037 5134 segnibusque
3056 5061 3340 5116 monachis
3363 5052 3465 5110 dici
3484 5043 3678 5137 assolet;

2119 5126 2261 5218 Quid
2306 5126 2518 5209 czeterae
2571 5126 2701 5208 huic
2723 5126 3678 5223 (Benedictinaa)conteruutregulw?

2120 5245 2260 5310 Quid
2283 5245 2352 5298 ad
2375 5261 2463 5297 me
2483 5261 2623 5314 quas
2647 5260 2757 5298 non
2779 5242 3008 5313 promisi
3046 5241 3290 5312 pertinet
3312 5239 3502 5304 legere,
3525 5245 3549 5275 ι)
3585 5223 3674 5315 etc.

2124 5354 2149 5386 «
2180 5337 2318 5388 Cum
2350 5333 2436 5388 his
2467 5339 2664 5387 auctor
2692 5331 2952 5386 omnibus
2980 5329 3267 5384 monachis
3291 5319 3527 5381 Ecclesia:
3553 5321 3674 5363 occ:-

2120 5423 2360 5477 dentalis
2391 5423 2681 5494 loquatur;
2726 5420 3067 5496 ﬁdamque
3107 5418 3402 5489 tepidiores
3427 5395 3676 5496 ορροξιξίῐη

2121 5531 2180 5567 se
2223 5514 2399 5566 solam
2447 5512 2626 5566 sancti
2668 5488 2953 5566 Be‘edicti
2999 5509 3255 5578 regulam
3296 5501 3506 5558 vovisse.
3536 5488 3667 5578 31135}

2122 5617 2244 5675 quae
2269 5603 2324 5656 in
2347 5602 2450 5655 hoc
2473 5617 2640 5672 Opere
2669 5597 3048 5665 continentur,
3070 5596 3356 5667 ignorare;
3377 5587 3580 5660 planum
3601 5572 3672 5624 est
