3902 6166
204 194 290 253 609

1217 193 1295 249 IN
1334 191 1557 248 EPIST.
1598 190 1661 246 B.
1705 188 2120 255 LANFRANCI
2159 188 2396 245 NOTIE.

3329 187 3437 248 610

201 321 350 376 solam
376 317 553 374 sancti
581 316 869 373 Benedicti
888 317 1144 388 regulam
1166 320 1421 389 tempore
1436 316 1602 387 hujus
1623 315 1763 371 Con-
1777 315 1833 378 Α
1914 314 2019 371 Sed
2040 317 2235 369 timore
2248 314 2743 380 Francigcnarum.
2766 310 2928 376 Quod
2947 309 3131 368 obiter
3149 312 3240 370 hic
3259 317 3448 389 tangit

203 409 373 464 cordia
401 407 666 474 auctoris,
700 407 805 462 hoc
843 413 928 462 est
958 407 1143 462 Caroli
1183 406 1375 477 Magni
1403 411 1462 460 et
1511 402 1774 460 Ludovici

204 499 273 552 Pii
298 515 329 552 a
377 495 662 551 monachis
714 496 972 551 Ecclesia
1021 495 1380 551 occidentalis
1421 495 1773 549 observatam

204 605 320 655 esse,
343 586 547 658 alioqui
576 586 826 656 epistola
863 585 1139 640 dedicatio
1169 584 1525 656 auctorisque
1537 581 1771 653 objectio

205 678 377 748 inepta
404 680 612 729 essent.
648 693 673 726 ι)

1858 403 1918 457 Β.
1955 403 2299 457 Lanfrancus
2321 402 2443 456 fuse
2473 401 2552 469 (ni
2571 401 2750 472 fallor)
2764 406 3062 457 enarratur
3085 402 3157 457 ab
3169 404 3444 462 Eadmero

1854 490 2119 546 Historia
2147 492 2452 557 Novorum,
2476 490 2570 546 lib.
2604 504 2684 555 ni,
2717 507 2846 562 pag.
2879 488 2968 555 57,
2992 498 3286 564 postquam
3315 512 3449 567 pro-

1855 580 2006 635 bavit
2033 581 2092 636 S.
2112 579 2412 634 Anselmus
2438 578 2621 633 medio
2647 580 2705 633 in
2729 579 2963 634 concilio
2981 579 3105 635 vita
3124 584 3447 640 monasticae

1853 668 2181 724 obstrictam
2211 685 2323 722 non
2353 683 2474 722 esse
2500 667 2825 722 Mathildem
2856 669 3081 724 Henrici
3126 671 3293 742 primi
3328 674 3449 727 An-

261 765 355 820 Sed
383 781 564 835 opera
593 762 835 835 pretium
868 767 971 829 est,
1001 778 1073 816 ne
1102 761 1235 833 quid
1275 760 1523 833 scrupuli
1560 764 1776 831 pungat
1850 757 2074 829 glorum
2103 758 2250 829 regis
2275 774 2526 821 uxorem,
2555 756 2702 828 quod
2744 773 3099 829 nequaquam
3124 766 3322 831 sponte
3346 778 3451 817 sua

206 852 873 923 iterum,objectiunculam
888 851 1082 906 audire
1093 850 1489 906 nonnullorum
1498 849 1773 920 ,regulam

206 948 254 1000 B.
305 941 588 997 Benedicti
638 940 1012 995 asserentium
1064 939 1415 995 solummodo
1450 938 1773 1009 evulgatam

207 1031 478 1087 universim
508 1030 568 1084 in
589 1030 773 1084 Gallia
801 1045 901 1088 an.
938 1027 1058 1084 743.
1094 1030 1278 1100 Atque
1306 1028 1365 1082 id
1392 1027 1773 1099 nequidquam

206 1119 413 1191 probare
433 1124 709 1173 conantur
738 1134 804 1172 ex
832 1117 928 1170 illo
958 1116 1155 1188 synodi
1185 1116 1527 1187 Liptinensis
1551 1132 1676 1170 can.
1715 1116 1741 1169 1
1758 1159 1770 1179 ,

208 1215 321 1264 tom.
352 1207 396 1275 Ι,
430 1207 640 1263 Concil.
676 1207 860 1261 Gall.:
891 1223 918 1257 α
968 1205 1214 1260 Abbates
1240 1222 1371 1261 vero
1425 1212 1483 1261 et
1518 1204 1774 1261 Monachi

208 1302 511 1370 receperunt
532 1296 787 1367 regulam
814 1295 991 1349 sancti
1028 1295 1314 1349 Benedicti
1348 1295 1420 1349 ad
1446 1300 1774 1350 restauran-

207 1388 313 1441 dam
355 1401 609 1440 normam
655 1381 932 1455 regularis
973 1382 1120 1438 vita.
1172 1401 1198 1435 ››
1244 1383 1416 1447 Quasi
1454 1400 1584 1438 vero
1624 1383 1776 1439 istud

1854 846 2139 918 septennis
2167 847 2225 901 in
2246 845 2585 901 monasterio
2607 847 2786 901 velum
2826 847 3179 918 suscepisset,
3202 849 3295 904 sed
3337 867 3449 923 quo

1854 935 2135 1007 pudicitia
2163 935 2510 1002 consuleret;
2534 934 2941 1006 episcoporum,
2971 935 3066 1007 qui
3092 937 3274 993 eidem
3321 956 3453 996 con-

1854 1024 1983 1080 cilio
2011 1025 2341 1089 intererant,
2376 1029 2535 1095 rogat
2557 1022 2875 1094 opinionem
2900 1042 2913 1091 ;
2940 1024 3021 1078 illi
3041 1042 3171 1080 vero
3184 1044 3451 1099 magnum

1855 1113 2229 1169 Lanfrancum
2259 1114 2315 1166 in
2344 1112 3013 1184 medium-producentes,
3045 1114 3124 1168 sic
3156 1116 3217 1169 Β.
3251 1118 3452 1173 Ansel-

1856 1219 2011 1257 mum
2031 1203 2308 1257 aﬁ‘antur:
2344 1221 2367 1253 ι
2392 1202 2554 1266 Quod
2580 1202 2710 1256 licet
2732 1202 2836 1257 levi
2858 1211 3192 1273 argumento
3212 1206 3451 1277 probare

1856 1307 2168 1362 possemus,
2203 1307 2269 1345 eo
2296 1296 2507 1355 tamen,
2535 1307 2659 1345 cum
2692 1308 2831 1363 opus
2859 1308 2972 1346 non
3003 1292 3095 1358 sit,
3131 1294 3457 1365 supersede-

1856 1396 2004 1445 mus,
2030 1379 2234 1434 nostris
2257 1380 2606 1451 argumentis
2632 1380 2937 1435 ﬁrmiorem
2978 1386 3236 1438 tenentes
3261 1399 3458 1456 parem

208 1476 406 1531 verbum
441 1494 463 1526 ι
499 1476 699 1541 recipio
745 1490 770 1524 ι
805 1488 871 1525 ex
903 1488 962 1525 re
1001 1476 1059 1525 et
1094 1474 1248 1539 capio
1294 1472 1618 1539 conﬂatum,
1655 1490 1775 1528 rem
1852 1469 2050 1540 judicii
2071 1470 2240 1540 hujus
2268 1469 3000 1525 sententiamaveneranda
3016 1472 3301 1528 memoria
3318 1490 3457 1545 pra-

208 1565 351 1619 semel
380 1562 693 1634 depositam
719 1560 1055 1614 traditamve
1099 1575 1294 1614 rursus
1330 1577 1640 1631 assumere,
1669 1562 1775 1616 ite-

1857 1560 2147 1615 decessore
2198 1564 2398 1623 vestro,
2433 1563 2491 1613 et
2517 1559 2684 1613 Patre
2715 1564 2773 1612 et
2801 1558 3070 1629 magistro
3095 1566 3287 1616 nostro
3315 1564 3459 1617 Lan-

208 1669 311 1719 rum
334 1667 547 1723 capere,
582 1664 887 1714 resumere,
915 1664 1265 1719 recuperare,
1310 1666 1423 1703 non
1449 1650 1725 1722 signiﬁcet
1752 1652 1837 1732 ’ΖΒ
1857 1648 2048 1703 franco
2074 1647 2246 1702 simili
2276 1648 2344 1702 de
2368 1664 2531 1702 causa
2554 1648 2985 1719 promulgatam.
3024 1667 3046 1699 ι
3082 1650 3151 1703 Et
3179 1656 3304 1721 post
3321 1652 3451 1706 alia:

210 1742 391 1807 Cicero,
426 1754 468 1794 ιι
498 1740 579 1794 De
609 1742 753 1793 orat.
774 1756 803 1789 α
834 1737 1100 1808 Recipere
1131 1754 1318 1793 arcem
1344 1740 1626 1794 amissam.
1656 1760 1682 1793 »
1706 1740 1778 1795 Et

209 1829 383 1896 Livius,
414 1828 511 1889 lib,
546 1839 624 1883 ix:
656 1847 680 1879 ι
715 1826 1010 1898 Recipiant
1034 1843 1211 1893 arma,
1254 1845 1377 1899 qua
1418 1845 1519 1900 per
1566 1829 1778 1900 pactio-

214 1936 320 1973 nem
346 1917 719 1972 tradiderunt.
755 1935 778 1965 ι
812 1915 1074 1970 Declarat
1092 1932 1227 1986 ergo
1251 1917 1500 1986 synodus
1529 1917 1629 1972 illa
1674 1917 1776 1972 ab-

213 2008 343 2062 bates
371 2013 431 2061 et
455 2005 777 2067 monachos,
805 2004 900 2073 qui
949 2003 1199 2075 Liptinas
1246 2014 1638 2074 convenerant,
1690 2024 1783 2062 re-

213 2097 331 2167 gula
357 2094 728 2151 Benedictina
750 2092 1165 2148 observationes
1193 2110 1398 2166 susque
1421 2095 1601 2166 deque
1628 2096 1784 2151 habi-

218 2191 306 2251 tas,
333 2187 466 2256 (ejus
493 2182 874 2239 sanctionibus
907 2183 1058 2237 ultro
1095 2199 1155 2237 se
1181 2199 1242 2237 se
1268 2183 1686 2255 submittentes)
1710 2185 1783 2240 ad

214 2274 485 2347 pristinum
514 2273 655 2327 velle
679 2271 923 2343 rigorem
943 2288 1222 2326 revocare.
1255 2273 1518 2344 Alioquin
1572 2275 1688 2329 hac
1736 2273 1784 2329 si

215 2365 416 2419 minime
471 2361 791 2418 intenderet
834 2360 1101 2432 synodus,
1146 2361 1349 2432 potiori
1384 2363 1513 2432 jure
1556 2363 1786 2419 clericos

215 2458 377 2520 308
400 2453 710 2524 episcopos,
747 2454 850 2505 etc.
873 2449 1053 2522 primo
1073 2450 1225 2520 leges
1248 2451 1651 2507 ecclesiasticas
1665 2458 1787 2508 tum

215 2543 467 2614 accepisse
492 2540 658 2595 fateri
685 2543 988 2610 oporteret,
1022 2539 1171 2610 quod
1202 2540 1459 2611 equidem
1520 2542 1781 2613 cogitare,

214 2632 395 2685 nedum
417 2631 722 2689 afﬁrmare,
780 2626 1245 2683 absurdissimum
1300 2634 1405 2684 est.
1461 2630 1553 2685 Sic
1597 2637 1787 2686 autem

214 2720 363 2773 habet
383 2718 646 2791 praefatus
666 2733 845 2771 canon
870 2729 883 2764 ε
916 2735 943 2766 α
974 2717 1044 2770 Et
1070 2717 1256 2772 omnis
1294 2719 1654 2774 ecclesiastici
1692 2737 1785 2774 or-

216 2807 340 2862 dinis
357 2809 558 2874 clerus,
589 2812 647 2862 et
667 2805 1002 2878 presbyteri,
1034 2811 1091 2860 et
1119 2806 1341 2862 diaconi
1382 2824 1509 2863 cum
1555 2809 1788 2880 reliquis

216 2897 425 2964 clericis,
457 2895 829 2967 suscipientes
873 2894 1233 2965 antiquorum
1263 2897 1494 2951 Patrum
1524 2914 1784 2965 canones,

1863 1755 1890 1789 α
1922 1737 1997 1790 At
2023 1736 2144 1807 ipse
2171 1736 2554 1801 (Lanfrancus)
2601 1736 2961 1807 quastionem
3000 1737 3179 1808 ipsam
3223 1738 3458 1794 concilio

1859 1826 2140 1895 generalis
2166 1824 2386 1880 concilii
2414 1825 2605 1879 taliter
2633 1825 2796 1879 solvit
2823 1831 2888 1879 ut
2937 1825 3018 1879 eis
3048 1843 3148 1896 pro
3177 1827 3457 1883 castitate.

1861 1930 2031 1984 quam
2051 1931 2112 1968 se
2123 1919 2238 1968 tam
2272 1914 2581 1968 manifesta
2597 1913 2675 1967 rei
2694 1913 3015 1969 extensione
3036 1931 3228 1970 amare
3241 1921 3459 1972 testata

1862 2002 2104 2070 fuerant,
2138 2002 2381 2058 debitam
2414 2003 2592 2073 magis
2612 2004 2981 2057 reverentiam
3003 2003 3285 2073 judicaret
3311 2005 3464 2059 exhi-

1863 2092 2125 2158 bendam,
2157 2108 2325 2163 quam
2347 2092 2523 2146 ullam
2542 2092 2827 2146 servanda
2855 2092 3143 2163 religionis
3168 2094 3464 2149 continen-

1863 2184 2024 2250 tiam,
2057 2181 2164 2237 nisi
2194 2182 2420 2254 propria
2456 2182 2742 2237 voluntate
2797 2189 3147 2254 appeterent,
3196 2184 3467 2241 violenter

1865 2271 2251 2345 ingerendam.
2288 2290 2311 2324 ι

2359 2375 2432 2416 AD
2461 2375 2765 2417 EPISTOLAM
2790 2376 2984 2423 XXXXII.

1939 2454 2212 2508 Hibernia:
2240 2453 2477 2521 episcopo
2507 2452 2831 2517 Domnaldo,
2866 2452 2981 2507 sive
3009 2453 3302 2515 Dofnaldo.
3356 2456 3465 2511 Ar-

1868 2542 2207 2597 machanum
2236 2541 2386 2595 hunc
2414 2542 2505 2610 (ut
2530 2544 2680 2609 reor)
2724 2541 2807 2595 vel
2836 2541 3235 2598 Dublinensem
3265 2545 3468 2600 intelli-

1868 2632 1970 2703 git,
2029 2636 2225 2702 utpote
2272 2630 2769 2701 metropolitanum
2806 2631 2982 2686 totius
3029 2633 3341 2690 Hibernica
3377 2635 3468 2690 in-

1869 2720 2505 2790 sula,quemadmodum
2523 2719 3011 2791 superius,Joanni
3031 2722 3470 2795 Rothomagensi

1869 2809 2281 2881 archiepiscopo
2304 2807 2572 2873 scribens,
2609 2809 2768 2881 epist.
2808 2809 2901 2867 44.
2949 2811 3470 2869 Northmannorum

1871 2897 2350 2969 archiepiscopum
2378 2897 2650 2952 nominat.
2685 2899 2713 2952 J
2720 2897 2806 2952 uri
2836 2898 3198 2955 nihilominus
3228 2901 3471 2957 Cantua-

212 2986 574 3055 promiserunt
594 3002 657 3039 se
686 2982 1060 3039 ecclesiastica
1083 2984 1217 3054 jura
1245 2986 1495 3041 moribus
1517 2992 1571 3042 et
1588 2987 1792 3041 doctri-
1814 2986 2071 3047 Criensis
2118 2986 2518 3058 archiepiscopi
2601 2985 2891 3057 subjacere
2975 2990 3471 3061 metrOpolitanum

216 3074 309 3139 nis,
334 3073 646 3129 ministerio
678 3088 1028 3143 recuperare.
1061 3090 1087 3125 θ
1117 3073 1364 3128 Tandem
1388 3092 1517 3130 vero
1549 3092 1671 3147 qua
1692 3092 1789 3130 su-

214 3178 303 3233 pra
362 3163 660 3219 retulimus
708 3161 951 3217 elucidat
1022 3163 1429 3234 conﬁrmatque
1495 3166 1791 3220 concilium

212 3251 384 3308 itidem
407 3253 558 3323 apud
586 3251 863 3322 Liptinas,
895 3250 991 3304 sed
1022 3250 1197 3320 priori
1225 3268 1394 3320 anno,
1441 3253 1544 3308 hoc
1574 3260 1660 3309 est
1688 3252 1793 3309 742

212 3350 549 3397 convocatum
577 3358 701 3396 can.
738 3340 964 3398 ultimo.
996 3358 1019 3391 ί
1066 3340 1139 3395 Ut
1170 3341 1429 3396 monachi
1478 3347 1535 3397 et
1580 3343 1794 3400 ancilla

214 3428 300 3483 Dei
328 3430 750 3486 monasteriales
769 3434 934 3503 juxta
972 3434 1223 3503 regulam
1255 3432 1313 3486 S.
1364 3431 1649 3487 Benedicti
1678 3450 1797 3488 ca-

218 3520 362 3574 nobia
382 3522 470 3575 vel
496 3520 841 3576 xenodochia
865 3541 968 3579 sua
998 3522 1282 3588 ordinare,
1321 3520 1627 3590 gubernari
1673 3529 1797 3578 stu-

220 3605 398 3676 deant;
428 3615 488 3663 et
514 3609 688 3663 vitam
719 3612 1004 3683 prepriam
1033 3611 1238 3682 degere
1269 3610 1575 3666 secundum
1594 3612 1797 3682 pradi-

218 3698 281 3749 cti
308 3697 490 3752 Patris
515 3698 931 3755 ordinationem
961 3716 1073 3754 non
1102 3699 1410 3770 negligant.
1446 3718 1471 3752 ι)
1517 3699 1657 3754 Vide
1694 3701 1799 3754 hoc

218 3801 410 3840 canone
432 3804 630 3841 omnes
660 3787 1025 3844 dubitationis
1062 3787 1346 3856 tenebras,
1386 3787 1432 3842 si
1480 3804 1620 3859 quas
1673 3806 1800 3843 ver-

216 3870 333 3926 bum
360 3882 674 3944 rereperunt
701 3877 1020 3949 ingesserit,
1047 3895 1274 3950 prorsus
1303 3878 1549 3948 expelli?
1584 3879 1800 3950 Nempe

218 3959 299 4013 hic
315 3964 612 4019 canobitas
639 3965 774 4019 olim
802 3966 1060 4021 sodalitio
1082 3965 1441 4020 Benedictino
1473 3982 1678 4020 nomen
1711 3966 1804 4020 de-

1870 3076 2051 3142 illum,
2084 3076 2252 3130 ﬁdem
2285 3075 2420 3129 facit
2439 3075 2712 3131 Venerab.
2745 3076 2915 3138 Beda,
2948 3076 3046 3131 lib.
3090 3092 3134 3135 ιι
3160 3084 3315 3149 gent.
3353 3081 3473 3135 An-

1871 3165 2113 3236 glorum.
2146 3164 2287 3218 Vide
2316 3164 2466 3218 dicta
2492 3164 2562 3218 ad
2592 3164 2754 3234 epist.
2796 3166 2848 3231 li,
2884 3166 2941 3220 h.
2975 3166 3148 3223 Porro
3175 3168 3473 3240 antiquum

1876 3252 2185 3308 Hibernica
2217 3252 2470 3307 Ecclesia
2499 3258 2711 3308 statum
2748 3253 3016 3309 describit
3041 3256 3100 3310 in
3153 3256 3305 3311 hunc
3354 3274 3475 3313 mo-

1876 3343 2011 3397 dum
2036 3362 2049 3411 ;
2079 3342 2230 3397 idem
2261 3341 2437 3405 Beda,
2461 3342 2581 3397 loco
2610 3342 2801 3410 citato,
2822 3342 2921 3397 lib.
2952 3358 3037 3410 ut,
3056 3361 3179 3416 cap.
3204 3345 3232 3402 4
3262 3364 3275 3400 :
3312 3368 3336 3395 ι
3369 3347 3480 3401 Ha-

1877 3431 2009 3487 bere
2037 3437 2225 3487 autem
2248 3431 2392 3486 solet
2410 3432 2534 3503 ipsa
2550 3432 2736 3486 insula
2762 3437 3034 3487 rectorem
3056 3450 3279 3507 semper
3304 3435 3478 3490 abba-

1877 3526 1991 3576 tem
2022 3520 2433 3593 presbyterum,
2460 3521 2623 3591 cujus
2635 3520 2751 3591 juri
2772 3526 2829 3575 et
2870 3522 3051 3577 omnis
3085 3523 3390 3594 provincia,
3423 3530 3482 3580 et

1879 3610 1986 3681 ipsi
2014 3610 2185 3664 etiam
2217 3609 2461 3682 episcopi
2492 3609 2688 3664 ordine
2739 3609 3008 3665 inusitato
3075 3611 3317 3667 debeant
3356 3629 3481 3668 esse

1880 3699 2139 3769 subjecti,
2166 3700 2325 3769 juxta
2356 3698 2670 3770 exemplum
2712 3698 2878 3770 primi
2906 3699 3150 3756 doctoris
3180 3701 3332 3757 illius
3361 3703 3485 3773 (Co-

1881 3787 2151 3845 lumbani)
2185 3788 2279 3859 qui
2301 3803 2411 3842 non
2434 3787 2746 3860 episcopus,
2779 3788 2878 3842 sed
2928 3788 3222 3862 presbyter
3269 3791 3485 3855 exstitit

1882 3882 1941 3931 et
1967 3877 2294 3941 monachus,
2333 3896 2354 3926 ι
2386 3881 2493 3931 etc.

1958 3967 2109 4020 Ηαηο
2127 3966 2191 4019 de
2225 3967 2538 4032 infantibus
2571 3971 2749 4021 tenere
2770 3970 3127 4024 sententiam.
3178 3968 3257 4022 Ex
3285 3985 3481 4025 conse-

218 4048 350 4103 disse
377 4052 660 4123 supponit,
692 4070 820 4109 cum
852 4059 910 4109 et
935 4071 1031 4109 eos
1058 4059 1124 4108 ut
1144 4054 1306 4125 juxta
1324 4053 1576 4124 regulam
1598 4054 1663 4108 D.
1695 4053 1806 4108 Be-
1885 4052 2185 4124 quentibus
2227 4053 2430 4118 verbis,
2478 4053 2632 4124 loqui
2688 4054 2757 4108 de
2805 4055 3198 4109 communione
3237 4056 3486 4128 corporis

220 4138 411 4193 nedicti
440 4147 611 4212 atque
638 4143 891 4213 ejusdem
940 4144 1126 4198 Patris
1173 4143 1584 4197 ordinationem
1634 4143 1805 4197 vitam
1890 4141 2099 4197 Christi
2127 4141 2434 4196 infantibus
2462 4147 2594 4196 ante
2626 4158 2790 4196 usum
2817 4141 3055 4197 rationis
3086 4144 3340 4215 proxime
3359 4150 3488 4217 post

218 4224 497 4285 instituere
546 4247 662 4286 non
718 4233 1006 4304 negligant
1069 4233 1400 4287 adhortetur
1468 4231 1802 4299 concilium;
1887 4236 2209 4303 susceptum
2229 4230 2509 4304 baptisma
2527 4231 2738 4302 porrigi
2762 4230 2946 4296 solita,
2968 4232 3493 4302 perspicuumvide-

219 4314 479 4386 siquidem
509 4321 769 4375 nonnihil
793 4322 1078 4392 negligere
1108 4321 1233 4392 quis
1253 4321 1479 4387 dicitur,
1510 4321 1646 4375 dum
1668 4305 2001 4392 pra-Dtur.
2034 4320 2220 4375 Prisca
2249 4320 2459 4375 etenim
2481 4319 2826 4375 consuetudo
2852 4320 2959 4375 fuit
2985 4321 3044 4376 in
3102 4316 3346 4377 Ecclesia
3385 4339 3489 4379 eu-

216 4412 427 4475 ceptum
457 4408 705 4480 aliquod,
737 4409 825 4465 cui
852 4417 1022 4466 antea
1058 4410 1533 4481 obstringebatur,
1570 4415 1671 4465 aut
1707 4410 1806 4464 de-
1887 4409 2165 4466 charistia
2186 4414 2599 4464 sacramentum
2621 4409 2866 4481 parvulis
2891 4408 3185 4482 baptizatis
3214 4412 3488 4481 conferre,

215 4496 537 4550 mandatum
568 4497 676 4551 sibi
696 4498 962 4567 ofﬁcium,
994 4505 1252 4554 votumve
1278 4500 1545 4555 emissum
1572 4503 1808 4572 prater-
1889 4505 1956 4556 ut
1983 4499 2211 4571 planum
2243 4504 2329 4554 est
2348 4516 2417 4554 ex
2432 4499 2494 4553 B.
2513 4498 2801 4571 Dionysio,
2825 4516 2946 4572 cap.
2970 4505 3002 4556 7
3022 4500 3104 4555 De
3119 4501 3493 4558 ecclesiastica

214 4581 383 4639 mittit
412 4586 498 4639 vel
525 4587 857 4642 contemnit.

1893 4588 2238 4644 Hierarchia.
2267 4588 2589 4642 Μεταὸίδωσι
2617 4587 2671 4640 δὲ
2691 4594 2764 4660 τῷ
2785 4589 2921 4641 παιδὶ
2940 4594 3040 4641 τῶν
3060 4589 3206 4660 ἱερῶν
3230 4590 3492 4662 συμϐόλων

280 4673 447 4729 Certo
475 4676 684 4730 certius
713 4693 846 4748 ergo
874 4694 939 4732 ex
961 4677 1241 4749 pradictis
1266 4676 1525 4733 omnibus
1548 4677 1786 4733 infertur

1894 4678 1923 4732 ὁ
1963 4675 2228 4750 ἰεράρχης,
2271 4672 2407 4738 ὅπως
2448 4673 2496 4729 ἐν
2537 4673 2700 4738 αὐτοῖς
2739 4671 3067 4748 ἆνατραφειη,
3105 4683 3210 4733 etc.
3251 4678 3310 4733 id
3347 4686 3433 4735 est
3474 4698 3489 4736 :

216 4768 513 4834 antequam
541 4766 854 4821 Ludovicus
880 4766 1014 4822 Pius
1037 4766 1342 4840 imperaret
1373 4772 1492 4834 (nec
1510 4768 1662 4822 enim
1688 4774 1811 4822 tum
1901 4789 1923 4821 ι
1962 4769 2134 4821 l’orro
2154 4764 2398 4837 pontifex
2420 4781 2658 4836 puerum
2687 4769 3005 4831 consortem
3035 4767 3169 4822 facit
3204 4783 3494 4824 sacrorum

216 4854 633 4924 quamplurima
682 4855 1025 4910 monasteria
1073 4856 1364 4910 monachis
1431 4856 1810 4912 Benedictinis
1891 4854 2307 4928 mysteriorum,
2330 4852 2477 4907 utin
2519 4852 2601 4907 eis
2621 4853 2910 4921 educetur,
2946 4874 2971 4905 ιι
3003 4861 3110 4911 etc.
3139 4857 3215 4911 Ex
3240 4857 3340 4912 lib.
3400 4858 3497 4913 Sa-

217 4940 485 4996 adiﬁcata
540 4942 713 4998 fuisse
759 4944 975 4998 inﬁcias
1029 4947 1115 5011 eo)
1167 4945 1422 5016 regulam
1472 4944 1652 4999 sancti
1705 4945 1812 4999 Be-
1894 4948 2309 4999 cramentorum
2366 4928 2434 4996 D.
2487 4942 2746 5013 Gregorii
2797 4943 2885 5006 (ab
2935 4945 3170 5017 Hugone
3226 4946 3496 5002 Mcnardo

215 5029 418 5084 nedicti
444 5031 647 5086 saltem
693 5032 752 5086 in
804 5032 894 5087 his
944 5032 1355 5105 episcopatibus
1403 5031 1808 5103 Andegavensi,
1897 5033 2172 5104 evulgato)
2192 5031 2272 5086 De
2292 5029 2572 5102 baptismo
2596 5031 2827 5087 Sabbati
2848 5035 3027 5089 sancti
3052 5053 3063 5100 ;
3086 5034 3181 5088 ubi
3211 5034 3281 5089 de
3308 5034 3494 5105 bapti-

218 5115 550 5183 Pictavensi,
620 5121 1035 5186 Aurelianensi,
1078 5121 1437 5187 Cadurcensi,
1489 5120 1812 5186 Parisiensi,
1897 5137 2021 5177 smo
2042 5119 2376 5174 infantium:
2414 5142 2436 5168 ι
2472 5120 2580 5184 Qui
2603 5120 2774 5176 etiam
2790 5139 2901 5177 non
2919 5122 3496 5194 prohibenturlactari

218 5204 648 5275 Cenomanensi,
706 5210 1109 5274 Suessionensi,
1184 5210 1634 5273 Vesontionensi,
1705 5210 1817 5264 Ro-
1899 5215 2030 5265 ante
2058 5225 2273 5264 sacram
2302 5209 2772 5276 communionem,
2806 5211 2851 5265 si
2881 5227 3105 5265 necesse
3133 5210 3322 5266 fuerit.
3358 5231 3381 5263 ι
3418 5211 3495 5267 Ex

218 5294 592 5366 thomagensi,
649 5297 943 5361 Meldensi,
1001 5298 1433 5369 Moguntinensi,
1483 5297 1816 5364 Turonensi,

218 5381 627 5450 Cameracensi,
644 5386 1048 5453 Lemovicensi,
1061 5386 1443 5453 Ambianensi,
1464 5387 1821 5458 Augustodu-

221 5472 409 5541 nensi,
432 5474 747 5531 Redonensi
766 5476 1062 5534 exstitisse.
1081 5477 1294 5534 Verum
1311 5477 1380 5534 de
1395 5476 1484 5533 his
1503 5477 1632 5550 plus
1657 5476 1815 5534 satis.

1901 5299 2063 5371 epist.
2095 5299 2250 5354 Iesse
2272 5298 2672 5354 Ambianensis
2703 5298 2946 5370 episcopi
2974 5299 3045 5352 ad
3073 5298 3391 5353 sacerdotes
3424 5301 3494 5356 de

1899 5386 2178 5459 baptismo
2205 5392 2335 5459 post
2361 5386 2608 5442 medium
2640 5387 2843 5450 (exstat
2867 5392 2995 5457 post
3038 5385 3303 5459 epistolas
3331 5388 3497 5444 Hinc-

1901 5476 2047 5534 mari
2072 5493 2110 5532 a
2124 5477 2340 5533 Joanne
2365 5475 2633 5533 Cordesio
2658 5474 2860 5545 editas)
2888 5492 2955 5532 ε(
2975 5473 3276 5533 Novissimi
3302 5481 3496 5537 autem
