3864 6176
469 269 573 326 611

1672 257 1908 321 DOMNI
1939 253 2154 320 mea:
2191 249 2543 320 Dionaea

3624 257 3718 327 612

449 408 686 465 corpore
712 398 770 447 et
791 393 1069 462 sanguine
1095 392 1308 446 Christi
1354 393 1723 444 confirmatur
1749 390 1952 452 infans,
1987 385 2430 456 utAgloriosus,
2460 391 2556 442 sed
2586 390 2748 444 famae
2777 389 3018 444 deditus.
3054 383 3188 443 Erat
3211 383 3439 444 humilis
3470 385 3577 444 Deo
3601 387 3705 445 ser-

459 485 581 553 ejus
611 483 787 553 possit
815 495 936 536 esse
974 482 1308 543 membrum,
1342 481 1436 550 qui
1467 492 1565 549 pro
1597 495 1662 532 eo
1704 490 1902 549 passus
1951 484 2056 541 est,

456 578 513 626 et
532 572 854 644 resurrexit,
891 594 916 618 ι»
951 572 1083 638 etc.,
1104 587 1166 624 ex
1192 566 1367 623 sancti
1382 566 1683 637 Augustini
1699 569 1936 638 epistola
1956 556 2060 622 103

456 661 528 713 ad
547 659 790 712 Vitalem
807 659 1191 729 Pelagianam.
1218 654 1354 710 Vide
1377 663 1584 722 εδει,
1610 658 1656 709 si
1678 658 1889 726 placet;
1910 657 2063 708 velut

455 754 513 809 et
545 748 867 815 praedictum
898 747 1251 809 Menardum,
1285 747 1433 798 notis
1477 747 1548 798 ad
1592 746 1925 815 productum
1962 743 2052 795 lib.

456 836 827 906 Sacrament.,
863 837 1048 906 pagin.
1100 833 1223 889 106.
1282 834 1599 887 Infantibus
1643 835 1882 886 rationis
1926 847 2062 886 usus

454 926 704 978 nondum
765 925 1126 995 participibus
1151 925 1219 976 de
1251 924 1585 976 necessitate
1626 923 1822 975 salutis
1857 922 2060 975 eucha-

455 1013 628 1067 ristize
657 1015 1032 1083 sumptionem
1062 1013 1209 1066 haud
1241 1028 1360 1065 esse
1398 1011 1597 1081 probat
1626 1012 1694 1063 de
1719 1011 2061 1064 Lant'rancus

459 1102 563 1156 hac
593 1102 648 1156 in
680 1103 933 1172 epistola.
979 1102 1038 1154 id
1076 1102 1243 1154 etiam
1267 1101 1571 1154 declaravit
1618 1100 1911 1153 concilium
1945 1099 2062 1152 Tri-

460 1191 614 1244 dent.
649 1207 786 1244 sess.
809 1190 899 1255 2|,
927 1208 973 1243 c.
1006 1190 1058 1250 3i,
1092 1195 1147 1243 et
1173 1207 1297 1243 can.
1342 1195 1391 1245 4.
1441 1189 1848 1257 Rationemque
1901 1188 2064 1240 affert

458 1280 545 1332 his
573 1279 753 1332 verbis
777 1297 788 1330 :
819 1296 844 1329 (ί
879 1279 1166 1348 Siquidem
1191 1295 1289 1349 per
1308 1278 1570 1349 baptismi
1596 1279 1877 1330 lavacrum
1906 1289 2065 1345 rege-

457 1368 658 1430 nerati,
680 1374 736 1421 et
765 1368 988 1422 Christo
1019 1368 1376 1438 incorporati,
1403 1369 1660 1437 adeptam
1677 1368 1796 1435 jam
1819 1367 2061 1418 ﬁliorum

451 1456 698 1526 gratiam
722 1456 779 1510 in
810 1457 906 1509 illa
936 1463 1100 1510 aetate
1148 1457 1408 1509 amittere
1436 1472 1548 1508 non
1579 1462 1832 1525 possunt.
1869 1456 2062 1523 Neque

457 1544 584 1596 ideo
615 1543 934 1596 damnanda
955 1550 1040 1596 est
1085 1543 1411 1612 antiquitas,
1465 1542 1511 1594 si
1560 1557 1688 1594 eum
1737 1556 1950 1593 morem
2005 1540 2064 1592 in

461 1631 792 1702 quibusdam
823 1633 958 1684 locis
989 1632 1288 1701 aliquando
1301 1631 1558 1694 servavit,
1592 1649 1612 1680 ι
1634 1637 1738 1682 etc.
1762 1631 1888 1682 Non
1901 1627 2064 1680 modo

2141 477 2450 543 viantibus;
2484 479 2658 532 durus
2685 479 2789 532 sibi
2828 479 3244 543 resistentibus,
3297 497 3318 527 ι
3373 483 3477 532 etc.
3530 479 3718 535 Deinde

2141 567 2420 619 concludit
2449 568 2553 620 hoc
2581 570 2780 621 modo-
2819 578 2841 619 α
2889 568 3045 621 Pacis
3080 573 3273 620 autem
3318 572 3506 620 tantus
3543 575 3714 623 auctor

2142 654 2346 718 fuerat,
2380 657 2524 725 quod
2550 658 2734 726 puella
2755 665 2892 711 auro
2919 661 3121 710 onusta
3138 667 3377 724 regnum
3397 657 3714 727 Anglizeper-

2145 745 2384 797 transire
2409 752 2595 813 posset
2622 746 2868 815 impune.
2910 767 2931 796 ι
2964 747 3098 799 Tam
3149 745 3365 815 potenti
3405 753 3564 814 atque
3598 748 3718 800 “adeo

2142 832 2426 886 fortunato
2443 835 2560 903 regi
2591 835 2722 904 quid
2753 833 2998 896 tandem,
3054 834 3227 887 Simul
3287 851 3351 886 ac
3396 850 3424 886 c
3481 835 3583 887 vita
3629 837 3718 889 mi-

2141 911 2340 991 gravit,
2375 923 2638 988 evenerit,
2699 925 2777 977 sic
2809 923 3029 976 exhibet
3061 923 3523 986 Urderic.Vital.,
3551 921 3636 976 lib.
3657 938 3717 977 v11

2145 1011 2294 1064 Hist.
2321 1030 2331 1063 :
2372 1031 2394 1060 «
2431 1013 2566 1065 Ecce
2593 1013 3016 1082 potentissimus
3048 1012 3234 1073 heros,
3265 1011 3352 1063 cui
3385 1027 3558 1080 nuper
3587 1013 3718 1081 plus-

2145 1111 2312 1172 quam
2343 1109 2568 1154 centum
2601 1102 2776 1153 millia
2807 1101 3042 1153 militum
3085 1099 3408 1154 serviebant
3460 1101 3622 1162 avide,
3671 1108 3720 1154 et

2146 1205 2312 1261 quem
2345 1191 2532 1243 multa;
2562 1196 2759 1259 gentes
2791 1207 2915 1242 cum
2947 1196 3191 1242 tremore
3231 1188 3572 1250 metuebant,
3596 1199 3720 1242 nunc

2145 1295 2177 1332 a
2207 1280 2322 1332 suis
2351 1273 2593 1348 turpiter
2615 1279 2674 1331 in
2699 1278 2863 1331 domo
2903 1293 3012 1330 non
3045 1293 3148 1331 sua
3183 1277 3458 1346 spoliatUs
3487 1285 3581 1341 est,
3619 1285 3667 1331 et
3693 1296 3720 1331 a

2145 1369 2330 1438 prima
2353 1383 2529 1437 usque
2559 1367 2626 1419 ad
2654 1367 2879 1420 tertiam
2908 1383 3080 1436 supra
3101 1367 3313 1420 nudam
3337 1367 3565 1419 humum
3592 1367 3722 1420 dere-

2143 1458 2326 1519 lictus,
2365 1475 2389 1506 »
2425 1463 2528 1509 etc.
2565 1457 2840 1510 Caeterum
2873 1474 2936 1509 ex
2967 1456 3308 1509 adnotandis
3339 1454 3479 1508 infra
3539 1445 3720 1525 patebit

2145 1557 2335 1614 regem
2366 1545 2748 1605 Guillelmum,
2781 1561 2908 1598 cum
2940 1545 3006 1597 ad
3040 1544 3228 1614 ipsum
3259 1545 3404 1596 hanc
3435 1550 3487 1596 et
3508 1550 3718 1613 Sequen-

2145 1641 2259 1688 tem
2285 1635 2579 1705 epistolam
2613 1635 2882 1687 scriberet
2910 1633 2972 1686 Β.
3026 1633 3401 1696 Lanfrancus,
3447 1633 3632 1702 degere
3672 1633 3718 1686 in

459 1719 518 1773 in
545 1720 666 1790 ipsa
694 1720 956 1790 baptismi
987 1720 1338 1790 susceptione
1398 1735 1612 1772 sacram
1666 1718 2056 1770 eucharistiam

2155 1723 2579 1779 Northmannia.

459 1808 758 1863 sumebant
788 1809 1029 1862 infantes
1054 1827 1065 1872 ;
1091 1809 1188 1862 sed
1219 1817 1275 1862 et
1305 1814 1497 1878 postea
1523 1807 1777 1861 sacrificii
1803 1805 2065 1875 reliquias

450 1899 548 1968 (ut
575 1897 936 1967 antiquitatis
965 1915 1119 1951 more
1149 1898 1360 1966 loquar)
1395 1901 1597 1967 quarta
1647 1903 1701 1949 et.
1735 1901 1889 1949 sexta
1927 1895 2068 1948 feria

458 1986 785 2040 innocentes
814 1987 1048 2059 (indicto
1075 1986 1154 2040 eis
1173 1986 1416 2056 jejunio)
1447 1987 1570 2039 Vino
1594 2001 1919 2055 conspersas
1945 2000 2068 2054 per-

461 2075 760 2145 cipiebant.
797 2076 1002 2129 Concil.
1047 2075 1455 2128 Matisconense
1502 2089 1561 2138 11,
1620 2091 1740 2127 can.
1799 2072 1866 2140 6;
1909 2089 2062 2126 conc.

459 2165 668 2218 Turon.
707 2179 791 2230 III,
825 2181 947 2218 can.
981 2164 1086 2217 19:
1123 2165 1410 2234 Evagrius,
1442 2165 1582 2216 Hist.
1619 2164 1822 2217 Eccles.
1860 2160 1956 2214 lib.
1994 2179 2063 2228 Iv,

461 2270 584 2324 cap.
612 2254 698 2307 35.

531 2346 572 2397 Α
604 2345 754 2410 ﬁdeli
795 2347 951 2408 laico,
1004 2346 1053 2396 .ςί
1088 2345 1369 2410 presbyter
1406 2345 1560 2404 desit,
1617 2344 1909 2409 baptizari,
1955 2345 2060 2393 etc-

458 2433 614 2487 Adeo
645 2433 935 2502 perspicua
959 2438 1043 2485 est
1072 2433 1181 2485 ista
1208 2433 1488 2485 sententia
1516 2449 1642 2486 cum
1673 2449 1738 2484 ex
1785 2431 2067 2483 multimo-

458 2521 544 2575 dis
573 2521 934 2575 conciliorum
984 2520 1241 2581 decretis,
1283 2526 1400 2572 tum
1425 2536 1486 2572 ex
1544 2518 1778 2572 diversis
1833 2519 2063 2571 Patrum

455 2610 691 2671 statutis
731 2610 891 2679 (quod
924 2617 980 2662 et
1022 2621 1161 2679 pone
1193 2608 1444 2678 quotidie
1465 2624 1569 2660 usu
1600 2608 1794 2672 venit),
1835 2614 1897 2660 ut
1942 2623 2065 2676 pro-

459 2698 687 2752 batione
718 2699 949 2751 minime
981 2699 1257 2767 indigeat;
1290 2698 1345 2749 in
1377 2699 1625 2750 confesso
1638 2698 1786 2750 enim
1811 2703 1897 2749 est
1916 2696 2063 2765 apud

461 2804 677 2856 omnes,
713 2787 943 2840 absente
976 2786 1347 2839 ecclesiastico
1370 2786 1482 2837 viro
1506 2799 1663 2855 posse
1684 2785 1907 2848 laicum,
1929 2783 2065 2853 quin

460 2881 517 2930 et
546 2875 856 2939 mulierem,
894 2882 1130 2944 urgente
1177 2873 1527 2938 necessitate,
1565 2889 1714 2943 aqua
1748 2872 2066 2926 Christiana

459 2966 676 3036 tingere
705 2964 1064 3017 infantulum.

529 3055 638 3108 Nec
666 3070 791 3106 eum
837 3059 1038 3114 tamen,
1071 3057 1201 3117 etc.,
1234 3069 1268 3104 a
1298 3053 1566 3104 consortio
1595 3052 1842 3117 ﬁtlelimn
1872 3053 2060 3118 sejun-

459 3147 616 3209 gunl.
656 3142 892 3211 PrOpter
920 3141 1166 3194 rationes
1197 3141 1457 3210 superius
1478 3157 1512 3193 a
1536 3139 1770 3192 concilio
1790 3139 2064 3192 Tridenti-

462 3247 536 3284 no
567 3231 785 3285 allatas.

532 3319 1054 3370 Abro/mn!iundmn
1115 3321 1190 3370 eis
1245 3318 1600 3376 decrevimus,
1667 3315 1863 3368 Hiatus
1925 3313 2064 3368 adeo

462 3405 709 3459 enormis
746 3405 850 3456 hac
885 3404 942 3455 in
970 3403 1206 3472 epistola
1254 3403 1518 3466 occurrit,
1573 3409 1636 3456 ut
1678 3402 1818 3455 nihil
1868 3407 2066 3471 praeter

462 3493 773 3556 exordium,
809 3498 977 3562 atque
999 3508 1172 3544 unam
1204 3492 1507 3544 alteramve
1538 3491 1703 3545 calcis
1735 3491 1939 3552 lineam
1971 3491 2067 3544 ha-

458 3583 720 3636 beremus
748 3599 759 3646 ;
789 3588 849 3633 at
877 3579 1144 3633 beneficio
1175 3580 1406 3633 Joannis
1437 3581 1488 3633 le
1520 3580 1738 3645 Prévbt,
1771 3596 1897 3633 ecce
1929 3580 2066 3632 inte-

457 3689 621 3743 gram
649 3674 843 3742 (quam
874 3669 1288 3723 exscribendam
1310 3670 1549 3740 ipsemet
1579 3687 1641 3722 ex
1665 3669 1758 3724 lib.
1795 3669 2065 3738 Epistola-

455 3779 587 3829 rum
608 3759 1042 3814 Hibernicarum
1073 3758 1142 3810 ab
1165 3759 1387 3812 Usserio
1445 3759 1821 3828 vulgatarum,
1881 3764 1938 3811 et
1993 3759 2063 3811 ad

453 3838 552 3932 Jme
615 3847 1108 3902 transmittendum
1169 3846 1400 3912 curavit)
1473 3847 1672 3900 damus
1748 3848 1800 3899 in
1859 3847 2063 3901 lucem.

459 3939 619 3992 Illam
652 3938 830 4007 ipsam
861 3935 1228 3989 nihilominus
1265 3936 1511 3987 numeris
1537 3935 1796 3988 omnibus
1833 3936 2065 3988 minime

459 4044 580 4097 esse
601 4026 912 4080 absolutam
944 4029 1204 4078 extrema:
1236 4025 1394 4076 lineae
1433 4025 1742 4094 apographi
1788 4041 1822 4077 a
1860 4024 2064 4077 Jacobo

457 4123 758 4188 Sii'mondo
790 4120 1030 4175 mutuati
1059 4121 1385 4190 scrupulum
1430 4120 1715 4189 ingerunt.
1765 4121 1879 4174 Illae
1930 4137 2063 4189 ergo

459 4214 540 4268 ita
564 4213 807 4268 habent:
845 4231 871 4263 (ι
915 4211 972 4264 Si
1004 4210 1234 4280 pollutis
1256 4209 1515 4263 manibus
1545 4225 1747 4280 corpus
1779 4209 1986 4263 Christi
2008 4217 2064 4262 et

451 4297 790 4373 sanguinem
825 4300 1175 4353 sanctiﬁcare
1206 4299 1641 4370 praesumpserit.
1697 4299 2062 4368 Omnipotens

2220 1815 2373 1867 Sicut
2403 1816 2661 1878 angelum
2689 1814 2798 1864 Dei.
2832 1810 3046 1863 Alludit
3075 1817 3159 1876 (ut
3182 1813 3332 1872 reor)
3351 1811 3420 1863 ad
3444 1809 3717 1880 sapientem

2147 1891 2450 1964 Thecuam,
2485 1899 2781 1953 Absalonis
2810 1899 3052 1952 reditum
3084 1915 3116 1952 a
3143 1900 3356 1952 Davide
3397 1899 3719 1968 expostulan-

2147 1997 2289 2044 tem:
2324 1991 2474 2044 Sicut
2508 1992 2654 2041 enim
2687 1992 2914 2054 angelus
2947 1990 3057 2049 [)ci,
3097 1992 3176 2040 sic
3211 1993 3287 2040 cst
3318 1989 3565 2041 dominus
3593 2001 3718 2038 meus

2150 2097 2262 2134 rem.
2299 2085 2356 2130 ut
2392 2095 2483 2131 nec
2515 2079 2877 2129 benedictione
2909 2094 3005 2129 nec
3038 2077 3422 2129 vna/edictionc
3466 2081 3715 2127 moveatur

2151 2170 2233 2236 (II
2269 2171 2383 2234 Reg.
2428 2165 2895 2234 x1v,l7j;velad
2942 2165 3165 2224 Esther,
3214 2179 3308 2227 xv,
3348 2163 3430 2220 16.
3476 2163 3568 2216 Vel
3613 2177 3724 2216 sane

2147 2257 2381 2310 dixerim
2411 2271 2599 2325 regem
2623 2254 2885 2323 angelum
2906 2265 3282 2324 nuncupasse,
3308 2259 3390 2320 ut,
3407 2254 3542 2306 sicut
3561 2249 3715 2320 angeli

2148 2353 2234 2400 est
2260 2347 2522 2398 timorem
2555 2343 2828 2414 expellere
2861 2348 3029 2412 atque
3055 2343 3248 2396 omnia
3277 2350 3539 2413 prospera
3568 2345 3616 2393 et
3643 2355 3719 2392 sa-

2147 2436 2251 2489 luti
2304 2435 2594 2504 profutura
2633 2432 3080 2493 subministrare,
3117 2433 3196 2485 ita
3255 2441 3444 2500 regem
3486 2421 3718 2499 competit

2147 2525 2496 2579 subditorum
2544 2523 2760 2574 animus
2817 2521 3032 2580 sedare,
3075 2520 3269 2590 procul
3329 2519 3621 2572 molestiam
3672 2523 3718 2568 et

2147 2615 2333 2667 hostes
2365 2611 2711 2682 propulsare,
2767 2609 3045 2678 nullisque
3076 2615 3402 2678 parcentem
3449 2603 3714 2668 laboribus,

2147 2717 2337 2774 pacem
2361 2719 2470 2772 pra:
2495 2700 2754 2754 omnibus
2775 2705 2893 2751 toto
2915 2699 2970 2751 in
2995 2712 3168 2767 regno
3200 2691 3546 2768 promovere.

2221 2781 2536 2858 Iladulphus
2566 2805 2756 2841 comes.
2784 2774 3016 2857 Denuo
3064 2787 3135 2840 ad
3185 2787 3494 2857 epistolam.
3539 2782 3614 2849 ‘10,
3657 2780 3713 2833 ad

2148 2893 2314 2951 quem
2346 2885 2428 2932 est
2459 2879 2653 2932 eadem
2683 2893 2810 2931 cum
2832 2875 3261 2946 insequentibus
3291 2876 3354 2929 41
3384 2873 3441 2928 'et
3468 2871 3557 2930 4‘2.

2644 2983 2712 3019 an
2750 2974 3052 3018 EPISTOLAM
3077 2969 3244 3017 xXxv.

2214 3059 2503 3126 Episcopus
2517 3044 2840 3122 Eanfridum
2859 3054 3310 3108 Constantiensm
3329 3053 3384 3106 in
3406 3049 3708 3106 Northman—

2142 3147 2267 3211 nia;
2291 3147 2451 3214 cujus
2481 3145 2551 3197 ad
2583 3143 2745 3214 epist.
2779 3142 2843 3198 33
2877 3141 3241 3195 meminimus
3272 3153 3458 3210 supra.

2217 3236 2542 3289 Gm‘llchnus
2572 3234 2634 3285 de
2673 3233 2966 3284 Warcnna.
3001 3230 3208 3284 Comes
3256 3227 3460 3284 Sureize
3486 3227 3592 3280 sive
3621 3225 3712 3278 Su-

2144 3325 2378 3392 thmgim
2405 3323 2464 3375 in
2495 3320 2714 3390 Anglia.
2768 3319 3100 3373 Guillelmus
3153 3318 3547 3384 Gemeticens.,
3590 3314 3712 3366 llist.

2149 3413 2243 3466 lib.
2279 3425 2374 3474 vn,
2410 3427 2528 3481 cap.
2563 3410 2652 3476 ‘Z‘Z,
2685 3415 2741 3462 et
2770 3407 2864 3460 lib.
2901 3415 3019 3471 Vm,
3046 3425 3166 3477 cap.
3207 3405 3273 3463 38
3301 3426 3313 3474 ;
3343 3406 3610 3460 Fundator
3634 3417 3710 3454 ex-

2147 3502 2295 3555 stitit
2324 3499 2651 3553 monasterii
2682 3500 2737 3551 S.
2767 3495 3048 3550 Pancratii
3073 3496 3131 3548 in
3159 3497 3381 3566 Anglia,
3407 3501 3539 3548 teste
3561 3490 3710 3545 Orde—

2150 3592 2261 3644 rico
2293 3584 2483 3653 πται
2519 3587 2706 3648 Vitali,
2739 3586 2835 3639 lib.
2884 3599 2986 3638 VIII
3019 3585 3235 3638 Histor.
3286 3585 3354 3637 ad
3408 3597 3529 3636 ann.
3580 3577 3708 3634 1089.

2147 3682 2568 3733 Testamentum
2617 3675 2903 3729 Guillelmi
2953 3675 3101 3742 regis
3160 3674 3471 3742 Anglorum
3500 3664 3709 3722 ecclesia:

2150 3771 2206 3824 S.
2250 3769 2529 3823 Pancratii
2583 3769 2944 3820 donationem
3001 3766 3233 3837 profert,
3295 3768 3352 3820 in
3409 3759 3710 3819 Bibliotheca

2147 3858 2522 3916 Cluniacensi,
2559 3873 2686 3926 pag.
2710 3855 2832 3911 531.

2219 3950 2474 4001 Robcrtus
2504 3948 2684 3999 Matri.
2719 3944 3040 3997 Clarissima
3072 3946 3221 4013 apud
3266 3944 3477 3998 Caletes
3522 3934 3704 3990 familia

2148 4038 2430 4090 Maletan'a
2458 4055 2469 4100 ;
2507 4035 2655 4088 unde
2685 4040 2742 4086 et
2771 4033 2906 4087 illud
2937 4033 3210 4088 Gallicum
3240 4030 3595 4104 proverbium:

2363 4127 2450 4178 Lex
2481 4125 2670 4177 Malet:
2692 4128 2738 4175 et
2764 4125 2833 4174 los
2857 4113 3145 4174 .lla'rlcaum

2359 4213 2492 4267 Sent
2525 4216 2594 4266 les
2624 4215 2748 4278 plus
2780 4214 2956 4264 noblcs
2978 4213 3040 4263 (Ic
3071 4212 3243 4265 Camn

2217 4304 2371 4356 Inter
2401 4300 2734 4370 cognomina
2764 4295 2956 4353 eorum
2991 4301 3240 4370 quicum
3275 4291 3556 4354 Guillelmo
3591 4292 3703 4344 Con-

458 4392 730 4448 Dominus
750 4407 846 4443 vos
875 4389 1170 4442 benedicat
1200 4395 1257 4441 et
1311 4389 1378 4442 de
1434 4393 1656 4458 pastore
1696 4393 1878 4442 vestro
1921 4368 2406 4462 desi-unestore
2447 4391 2702 4460 Angliam
2747 4390 2987 4459 ingressi
3037 4397 3189 4454 sunt,
3241 4391 3295 4444 in
3337 4392 3440 4442 line
3483 4381 3703 4439 Historia)

457 4482 713 4547 deratam
740 4479 894 4533 vobis
924 4479 1174 4532 laetitiam
1192 4479 1422 4532 tribuat.
1449 4497 1469 4528 ι
1496 4479 1628 4541 Quae
1648 4478 1872 4548 quidem
1894 4477 2061 4531 verba

458 4550 519 4643 in
548 4569 851 4624 Usseriana
887 4566 1130 4620 editione
1152 4581 1265 4620 non
1313 4572 1553 4622 exstant.
1591 4568 1748 4620 Unde
1788 4567 1938 4618 haud
1981 4566 2060 4618 ita

459 4657 704 4712 alienum
736 4676 769 4710 a
799 4673 926 4708 vero
971 4655 1144 4709 fuerit
1181 4669 1433 4710 asserere
1483 4659 1839 4726 nequaquam
1891 4658 2058 4724 hujds

459 4739 726 4818 epistolae,
769 4745 867 4798 sed
896 4744 1271 4814 responsionis
1310 4745 1380 4797 ad
1423 4743 1488 4798 37
1527 4745 1819 4814 epistolam
1863 4744 2059 4798 Dubli-

458 4835 743 4903 nensium,
776 4838 877 4887 aut
905 4833 1071 4886 aliam
1103 4833 1161 4886 id
1187 4850 1385 4902 genus,
1422 4835 1540 4886 fore
1585 4834 2019 4888 conclusionem.

934 4939 1002 4976 AD
1043 4934 1348 4975 EPISTOLAM
1386 4937 1454 4975 ΧΧ
1463 4939 1492 4975 Χ
1501 4937 1556 4975 IV
1565 4961 1575 4974 .

529 5015 838 5080 Anglorum
863 5014 980 5078 regi
1011 5012 1299 5064 Willelmo.
1326 5011 1514 5064 Primo
1540 5015 1640 5064 seu
1671 5012 2059 5082 Conquestori,

455 5103 617 5173 cujus
645 5102 952 5155 antitheses
973 5100 1362 5170 supplemento
1386 5117 1486 5154 suo
1506 5117 1606 5154 ms.
1627 5101 1694 5153 ad
1719 5101 2062 5170 Sigibertum

454 5193 697 5257 intexuit
723 5192 946 5244 Robert.
980 5190 1048 5242 de
1070 5190 1255 5242 Monte
1291 5190 1361 5242 ad
1391 5205 1523 5243 ann.
1573 5188 1734 5245 1087:
1764 5209 1786 5241 α
1843 5191 2060 5243 Willel-

460 5299 606 5355 nius,
642 5279 843 5350 inquit,
880 5277 1139 5331 omnibus
1168 5279 1589 5332 Northmanniie
1614 5279 1933 5332 consulibus
1951 5280 2059 5332 foro

457 5371 568 5426 tior
596 5369 720 5434 fuit,
756 5366 1013 5421 omnibus
1045 5367 1354 5436 Anglorum
1374 5367 1598 5436 regibus
1627 5367 1929 5437 potentior,
1945 5385 2062 5421 om-

457 5461 622 5517 nibus
653 5443 1153 5533 praedecessoribus
1183 5458 1298 5512 suis
1329 5458 1494 5511 laude
1523 5458 1760 5528 dignior.
1798 5457 1929 5511 Erat
1953 5474 2056 5511 au-

455 5555 574 5608 tem
615 5549 858 5620 sapiens,
892 5548 992 5603 sed
1027 5552 1281 5615 astutus;
1333 5547 1597 5618 lecuples,
1639 5548 1738 5602 sed
1774 5543 2049 5618 cupidus;

2144 4480 2566 4536 Northmannize
2598 4478 2787 4548 script.
2815 4478 2883 4530 ab
2915 4479 3140 4531 Andrca
3173 4477 3248 4532 du
3293 4473 3515 4538 Cliesne,
3563 4469 3704 4525 Malet

2141 4576 2461 4623 reccnsetur
2489 4575 2618 4622 ante
2652 4569 2918 4628 medium,
2950 4585 3049 4621 nec
3071 4586 3187 4622 non
3216 4574 3272 4623 et
3291 4568 3342 4620 in
3379 4568 3480 4618 ﬁne
3499 4552 3700 4622 catalogi

2141 4659 2389 4729 proxime
2413 4657 2716 4726 sequentis,
2759 4656 2853 4725 qui
2875 4663 3238 4725 praenotatur.
3279 4675 3300 4706 ‹
3334 4654 3600 4721 Magnetes
3621 4658 3699 4694 su—

2141 4747 2420 4818 perstites,
2445 4752 2549 4799 etc.
2585 4745 2860 4799 Robertus
2885 4746 3056 4798 Malet
3085 4761 3228 4799 surr.
3263 4758 3283 4794 s
3310 4745 3369 4799 In
3395 4748 3699 4806 consequen-

2141 4837 2293 4889 tibus
2340 4850 2562 4904 quoque
2619 4834 2838 4887 duobus
2892 4834 3158 4902 catalogis
3217 4835 3414 4888 iterum
3463 4825 3700 4881 Robcrtus

2143 4925 2319 4979 Malet
2369 4924 2675 4994 reperitur;
2725 4929 2781 4976 et
2841 4924 2988 4994 apud
3048 4923 3300 4979 Orderic.
3351 4918 3527 4976 κτίται,
3577 4910 3695 4965 Hist.

2144 5013 2240 5067 lib.
2283 5028 2357 5076 Ix,
2393 5028 2519 5082 pag.
2547 5009 2652 5066 804
2683 5018 2739 5064 et
2766 5010 2890 5067 805.

2594 5119 2673 5160 AD
2720 5117 3054 5161 EPISTOLAM
3098 5119 3302 5164 XXXVI.
3598 5154 3605 5161 .

2215 5194 2502 5257 Propterea
2519 5193 2777 5256 eleg-imus
2795 5194 3194 5257 pi‘m‘bg/h‘~ru)n.
3218 5199 3319 5245 etc.
3344 5185 3569 5252 Antiqua
3590 5190 3694 5230 con-

2142 5281 2382 5334 suetudo
2411 5279 2535 5343 fuit,
2566 5279 2623 5331 in
2649 5280 2910 5348 primmva
2938 5280 3289 5349 potissimum
3315 5273 3554 5332 Ecclesia,
3584 5259 3694 5318 clcl‘i

2144 5376 2200 5423 et
2237 5369 2425 5440 populi
2468 5369 2746 5437 suffragiis
2801 5368 3088 5438 episcopos
3137 5368 3329 5422 creari.
3364 5365 3426 5418 In
3477 5356 3688 5440 Oriente:

2140 5459 2269 5512 licet
2292 5475 2425 5512 usus
2457 5464 2649 5528 postea.
2678 5458 2977 5511 invaluerit
3005 5464 3066 5511 ut
3095 5459 3153 5511 in
3195 5455 3557 5528 eplscoporiim
3596 5439 3692 5526 ele-

2139 5542 2415 5603 ctionibus
2448 5547 2638 5618 pepuli
2689 5546 2959 5616 Sull‘ragi'a
3003 5545 3235 5602 minimc
3283 5533 3688 5614 exposcerentur.
