3902 6166
240 283 335 348 Bl3

1275 278 1352 332 IN
1393 249 1612 330 epist.
1656 255 1722 326 1’3:
1762 247 2177 324 LANFRANci
2219 251 2455 324 N'OT/E.
3393 248 3500 325 61⁸4

244 420 358 488 past
386 400 680 484 Synodut‘ri
709 409 910 480 nempe
939 407 1246 466 Nicaenam,
1294 393 1436 472 quae,
1468 409 1591 452 can.
1623 385 1676 463 3,
1701 377 2066 488 epi—Aepist.
2105 393 2204 452 14⁵2
2254 402 2310 450 et
2359 395 2479 458 447,
2524 395 2651 450 libr;
2694 368 2779 450 IIII.
2835 385 2960 450 Non
2989 369 3166 482 ἑέοὲὶε
3196 385 3363 448 modi)
3412 386 3504 488 rel

245 483 446 575 scopas,
499 503 654 556 nulla
707 498 840 553 cleri
874 496 1161 568 plebisque
1198 493 1344 545 facta
1399 489 1701 551 mentione,
1754 483 1823 538 ab

242 593 502 664 episcopis
523 579 653 659 eligi
683 594 851 658 atque
885 584 1132 639 ordinari
1155 581 1333 652 jubet.
1387 580 1455 632 Et
1490 577 1818 632 Laodicena.

243 693 352 736 'can.
384 680 471 740 l3.
504 680 855 733 sacerdotum
911 675 1208 727 electiones
1237 667 1417 723 turbis
1449 667 1560 719 sive
1607 664 1824 735 populis

242 771 479 843 permitti
495 777 664 822 vetat.
683 769 745 822 In
767 756 1201 842 occidentalibus
1221 767 1409 814 tamen
1435 756 1694 812 Ecclesiis
1732 757 1825 825 jus

244 862 378 915 iStud
407 859 660 928 suffragii
686 859 743 910 in
774 853 1164 909 renuntiandis
1195 850 1467 922 episc0pis
1501 849 1704 918 pepulo
1734 865 1824 899 re-

242 951 456 1010 mansit,
490 967 554 1002 ac
582 949 678 1001 diu
711 945 1099 1017 perseveravit,
1127 940 1516 1010 donec,pulsis
1535 936 1821 1000 Romanis,

246 1040 407 1094 exorti
439 1055 602 1108 rcges
627 1053 729 1089 sua
757 1036 1028 1088 interesse
1061 1031 1329 1084 ducerent
1369 1029 1654 1097 episcopos
1697 1024 1826 1093 eligi

245 1127 453 1182 nonnisi
510 1126 786 1179 arbitratu
817 1130 871 1176 et
919 1123 1203 1175 voluntate
1239 1125 1358 1172 sua.
1401 1119 1469 1171 Et
1499 1120 1613 1170 haec
1645 1115 1827 1169 erudi-

248 1208 385 1270 tione
426 1211 773 1268 clarissimus
808 1212 1136 1266 Sirmondus
1173 1209 1365 1262 multis
1401 1206 1601 1276 probat
1640 1220 1827 1257 exem-

247 1306 359 1378 plis,
397 1305 455 1357 in
484 1305 809 1375 praefatione
832 1302 900 1354 ad
944 1301 1210 1354 formulas
1240 1295 1501 1366 antiquas
1535 1293 1831 1364 promotio-

246 1412 366 1448 num
401 1392 824 1464 episcopalium,
859 1391 928 1444 ad
959 1390 1165 1443 calcem
1202 1391 1339 1441 tom.
1371 1378 1421 1440 ΙῘ
1453 1381 1830 1438 Conciliorum

249 1483 450 1537 Gallia).

309 1572 469 1624 Nobis
526 1570 994 1636 sul‘ﬁcz‘cntim‘me
1033 1568 1335 1634 cognitum,
1389 1568 1492 1617 etc.
1550 1562 1745 1615 Plures
1774 1560 1830 1612 id

248 1680 409 1734 genus
438 1663 761 1714 litterarum
793 1659 1216 1723 formulas,loco
1248 1656 1496 1727 proxime
1522 1655 1692 1708 citato
1723 1653 1833 1706 for-

251 1752 389 1804 mula
416 1749 448 1805 7
473 1757 533 1804 et
561 1767 678 1820 seq.
714 1749 899 1801 videre
928 1754 1031 1801 est.

677 1857 755 1898 ΑΙ)
785 1841 1120 1899 erisromm
1154 1852 1386 1895 xxxvu.

312 1939 583 1991 Hibernia
640 1940 760 2002 regi
823 1936 1088 1990 Golhrico.
1150 1932 1425 1986 Dublinize
1489 1931 1702 2000 regulo,
1772 1935 1834 1982 ut

251 2021 428 2080 auctor
458 2033 548 2079 est
569 2026 806 2078 Jacobus
834 2025 1090 2078 Usserius
1122 2025 1177 2076 in
1227 2023 1600 2093 Epistolarum
1636 2019 1830 2073 Iliber-

251 2116 487 2169 nicarum
513 2115 745 2184 sylloge.
780 2121 911 2167 nota
938 2112 998 2167 in
1023 2113 1313 2182 epistolam
1339 2112 1396 2165 B.
1435 2109 1730 2163 Lanfranci
1761 2109 1830 2161 ad

251 2203 655 2266 Terdelvacum,
692 2203 748 2255 ct
792 2203 859 2254 ad
904 2201 1046 2254 hanc
1085 2201 1378 2271 epistolam
1412 2214 1422 2246 :
1463 2217 1487 2250 (ί
1532 2199 1832 2251 Gothricus

252 2290 347 2353 hic.
364 2293 565 2362 inquit.
588 2309 699 2344 non
728 2291 868 2343 alius
889 2290 1059 2344 fuisse
1077 2287 1298 2343 videtur
1328 2306 1494 2359 quam
1517 2283 1828 2350 Godredus,

254 2385 610 2450 cognomento
644 2381 901 2446 Crouan;
964 2377 1032 2432 de
1073 2395 1180 2448 quo
1218 2378 1273 2430 in
1325 2376 1598 2431 Chronico
1640 2393 1834 2445 regum

254 2469 477 2522 Mannize
511 2470 579 2521 ad
621 2486 710 2522 an.
752 2466 902 2523 1066.
929 2467 1218 2521 Godredus
1250 2466 1567 2535 subjugavit
1598 2465 1701 2518 sibi
1727 2466 1836 2519 Du-

251 2555 491 2620 bliniam,
528 2562 586 2610 et
632 2574 892 2625 magnam
921 2563 1136 2625 partem
1184 2556 1251 2608 de
1293 2553 1606 2625 Laj'nostir.
1643 2555 1835 2606 Scotos

254 2663 370 2699 vero
397 2647 477 2699 ita
507 2643 846 2716 perdomuit,
881 2652 944 2698 ut.
975 2645 1161 2699 nullus
1185 2645 1279 2714 qui
1307 2642 1608 2696 fabricaret
1637 2660 1836 2695 navem

251 2736 325 2787 vel
342 2736 624 2805 scapham.
653 2752 823 2787 ausus
846 2741 994 2787 esset
1018 2735 1310 2804 plusquam
1340 2740 1454 2785 tres
1481 2733 1661 2784 clavos
1695 2731 1838 2784 inse-

250 2841 380 2877 rere.
417 2823 692 2892 Regnavit
741 2828 928 2876 autem
974 2821 1030 2878 ὶὸ
1064 2823 1243 2886 annis,
1279 2829 1333 2875 et
1365 2827 1618 2874 mortuus
1659 2825 1743 2873 est
1780 2816 1836 2872 in

249 2913 424 2966 insula
450 2930 574 2983 quae
604 2919 835 2966 vocatur
864 2914 968 2968 lle.
1006 2932 1031 2965 »

315 3006 646 3064 Patricium,
667 3019 845 3069 quem.
863 3006 967 3055 etc.
980 3043 992 3060 .
1007 3004 1080 3055 ad
1093 3018 1190 3055 nos
1203 3002 1631 3054 consecrandum
1649 3006 1837 3052 ξηιλ-ις-
1869 3035 1876 3069 ς

1907 484 2189 547 Hibernis,
2223 487 2320 539 sed
2352 491 2406 539 et
2436 485 2628 556 Anglis
2658 485 2823 555 longe
2860 489 2998 554 ante
3027 480 3285 555 tempora
3323 478 3503 538 sancti

1907 573 2222 636 Lanfranci,
2249 576 2302 628 id
2327 575 2444 628 vitii
2472 575 2728 628 innatum
2760 573 2925 628 luisse
2946 563 3389 627 commemorant
3409 569 3504 626 atl-

1907 664 2179 735 tiquiores
2212 659 2486 717 auctores.
2508 664 2701 716 Gildas
2733 664 2787 716 in
2805 663 3014 715 exeidio
3048 659 3348 715 Britannia:
3379 668 3505 732 post

1908 753 2132 806 initium
2161 769 2170 802 :
2211 755 2231 802 ά
2271 753 2445 821 Reges
2479 752 2647 805 habet
2675 752 2986 814 Britannia,
3019 751 3115 805 sed
3145 748 3436 821 tyrannos;
3473 774 3498 800 ιι

1909 841 1976 894 Et
2007 848 2128 911 post
2152 858 2346 911 pauca.
2385 843 2404 893 ἃ
2436 841 2612 904 Quam
2641 841 2912 910 plurimas
2933 841 3196 910 conjuges
3211 841 3501 909 habentes,

1913 931 2006 983 sed
2030 937 2338 983 scortantes
2359 937 2415 983 et
2435 931 2834 983 adulterantes.
2850 931 2941 983 νυ.
2956 929 3273 983 Bonifacius
3295 922 3506 984 archie-

1911 1019 2168 1089 piscopus
2202 1019 2555 1088 Moguntinus
2595 1019 2742 1088 apud
2776 1018 3157 1081 Malmesbur.,
3207 1012 3302 1072 lib.
3345 1033 3364 1071 I
3420 1019 3503 1073 De

1911 1114 2052 1176 gest.
2079 1110 2406 1178 Anglorum,
2440 1107 2680 1161 nefanda
2712 1109 2810 1161 illa
2839 1107 3166 1161 Ethelberto
3197 1101 3370 1172 se?
3397 1104 3505 1162 Art-

1908 1198 2129 1265 glorum
2163 1198 2278 1266 regi
2311 1197 2522 1266 objicit.
2556 1198 2714 1259 Quod
2741 1204 2929 1251 autem
2959 1198 3137 1250 Scotis
3183 1197 3353 1251 fuerit
3377 1197 3505 1251 talis

1912 1286 2082 1338 libido
2113 1288 2269 1356 quasi
2303 1283 2675 1351 haereditaria,
2732 1283 2980 1340 ostendit
3021 1285 3077 1339 S.
3109 1287 3504 1357 Hieronymus,

1913 1375 2018 1432 lib.’
2040 1389 2100 1440 ιι,
2135 1377 2400 1430 adversus
2428 1376 2804 1440 Jovinianum,
2837 1382 2967 1428 ante
2998 1375 3268 1446 medium.

2331 1483 2410 1524 AD
2457 1481 2786 1525 EPISTOLAM
2833 1482 3088 1525 XXXVIII.

1985 1564 2259 1615 Hibernia»
2279 1566 2398 1629 regi
2422 1558 2756 1615 Terdelraco.
2778 1556 2967 1615 Jacobi
2997 1555 3208 1616 Usserii
3231 1555 3511 1633 conjectu-

1913 1665 2034 1703 ram
2081 1653 2185 1704 hoc
2234 1651 2353 1704 loco
2396 1660 2537 1718 (cum
2572 1657 2628 1703 et
2669 1649 2807 1702 nihil
2865 1650 3091 1703 aliunde
3131 1659 3394 1721 suppetat
3439 1647 3508 1706 de

1846 1751 1893 1809 Β
1912 1737 2266 1806 Terdelvaco)
2299 1739 2545 1792 inserere
2570 1740 2750 1792 visum
2779 1745 2862 1791 est
2886 1757 2897 1803 ;
2933 1739 3027 1792 ille
3057 1740 3233 1807 igitur
3262 1741 3331 1792 ad
3364 1748 3503 1793 eam-

1915 1827 2038 1879 dem
2074 1828 2365 1896 epistolam
2397 1827 2451 1880 in
2482 1829 2632 1881 notis
2664 1828 2731 1880 ad
2758 1827 3032 1897 Epistolas
3064 1823 3393 1881 Hibernicas
3423 1839 3509 1881 as-

1915 1915 2054 1967 sen’t
2089 1915 2487 1968 Terdelvacum
2523 1929 2877 1983 nequaquam
2925 1915 3172 1968 Gothrici
3223 1915 3508 1968 successo-

1918 2019 2055 2068 rem,
2089 2005 2186 2057 sed
2215 2005 2412 2057 eodem
2443 2004 2611 2057 simul
2653 2010 2904 2072 tempore
2937 2011 2992 2056 et
3026 2004 3353 2057 Gothricum
3401 2002 3508 2058 Du-

1913 2093 2098 2147 bliniae
2119 2095 2393 2163 regulum,
2421 2101 2476 2147 et
2498 2095 2898 2148 Terdelvacum
2919 2103 3200 2146 summum
3231 2093 3510 2146 Hiberniae

1917 2200 2105 2252 regem
2137 2184 2333 2253 egisse.

1989 2275 2192 2325 Contra
2244 2278 2559 2326 sanctorum
2601 2275 2877 2325 canon-mh
2905 2273 3359 2340 prohibitionem,
3395 2273 3502 2325 etc.

1915 2362 2099 2415 Trilas
2120 2379 2208 2415 res
2239 2363 2377 2415 adeo
2407 2376 2519 2414 non
2545 2362 2635 2414 hic
2653 2362 2982 2415 retexendas
2998 2361 3207 2431 judico.
3236 2362 3394 2423 Quod
3439 2361 3511 2414 ad

1918 2453 2177 2520 conjugia
2229 2452 2564 2514 adulterina,
2594 2457 2683 2503 sat
2709 2451 2919 2504 dictum
2951 2447 3204 2520 proxima
3248 2442 3507 2520 epistola.

1918 2541 2043 2594 Non
2073 2542 2142 2592 ab
2171 2557 2282 2593 uno
2313 2541 2593 2610 episcopo,
2629 2540 2724 2592 sed
2755 2557 2786 2592 a
2812 2540 2992 2592 tribus
3014 2535 3335 2609 episcopum
3367 2539 3512 2592 ordi-

1919 2630 2167 2682 nandum
2198 2630 2267 2681 ad
2299 2629 2589 2699 epistolam
2628 2628 2682 2684 I'Z
2706 2629 3027 2681 e.non‘niliil
3049 2629 3380 2682 adnotatum
3401 2634 3507 2681 est.

1922 2719 2115 2771 Plures
2136 2735 2264 2771 vero
2295 2719 2354 2770 in
2384 2724 2494 2770 'una
2523 2716 2743 2770 civitate
2765 2717 3512 2786 episcowsminimeconsti-

1921 2808 2158 2860 tuendos
2175 2808 2378 2876 passim
2403 2806 2700 2876 prohibent
2720 2805 2934 2874 antiqui
2951 2821 3192 2858 canones
3203 2811 3258 2858 et
3281 2807 3511 2858 Patrum

1919 2888 2161 2949 decreta.
2196 2894 2392 2948 Hilarii
2421 2912 2580 2965 papae
2607 2895 2770 2963 epist.
2803 2893 2856 2959 2,
2892 2907 2949 2946 η.
2979 2893 3041 2958 4;
3067 2887 3506 2962 conc.Lugdu.I,

1920 3000 2047 3038 can.
2076 2986 2110 3037 5
2135 3003 2145 3050 ;
2173 2984 2564 3052 Cabilonense,
2587 3001 2678 3036 an.
2702 2980 2824 3041 650,
2857 2998 2978 3035 can.
3001 2976 3054 3036 4.
3080 2983 3248 3035 Velut
3267 2987 3324 3034 et
3343 2997 3512 3051 pecu-

255 3096 413 3154 misit,
451 3098 555 3145 etc.
589 3065 854 3161 Suspicor
895 3090 1251 3144 Dublinensis
1280 3089 1414 3142 cleri
1443 3095 1500 3141 et
1528 3088 1718 3159 populi
1750 3088 1834 3140 lit-

1926 3076 2042 3127 nias
2072 3073 2489 3126 ordinationum
2519 3072 2703 3142 gratia
2730 3065 3163 3141 haudquaquam
3212 3071 3511 3140 exigendas

252 3188 490 3235 terarum
518 3182 757 3234 latorem
789 3181 960 3233 fuisse
986 3180 1314 3244 Patricium,
1343 3184 1408 3232 ut
1436 3185 1693 3231 constare
1715 3183 1835 3230 tum

253 3287 308 3323 ex
335 3271 565 3334 eisdem,
600 3277 722 3323 tum
757 3271 926 3323 etiam
947 3285 1010 3323 ex
1030 3271 1118 3322 his
1140 3270 1210 3322 ad
1239 3268 1569 3321 Gothricum
1592 3267 1832 3320 videtur.

251 3359 413 3412 Porro
435 3367 849 3414 antecessorum
869 3375 1040 3420 more,
1063 3357 1392 3412 obedientize
1410 3355 1833 3426 professionem,

255 3456 470 3518 peracta
498 3448 870 3505 ordinatione.
904 3449 1077 3501 edidit
1097 3449 1164 3500 ad
1198 3464 1318 3501 eam
1352 3447 1671 3499 formulam.

483 3540 717 3593 Patricii
747 3540 1098 3592 [)ublz’nensis
1122 3541 1352 3604 episcopi
1379 3536 1660 3605 professio.

326 3645 349 3679 ι
380 3628 649 3697 Quisquis
666 3626 791 3680 aliis
815 3627 1095 3696 przesiclet,
1119 3627 1163 3680 si
1183 3629 1238 3680 et
1255 3628 1372 3696 ipse
1394 3626 1518 3679 aliis
1531 3627 1837 3694 subjaceat,

257 3717 531 3785 dedignari
563 3732 675 3769 non
705 3716 906 3781 debet;
940 3717 1033 3769 sed
1064 3717 1247 3786 potius
1268 3713 1840 3784 obedientiamquam

258 3805 570 3875 asubjectis
623 3807 740 3859 suis
779 3806 1061 3858 desiderat
1105 3805 1330 3866 habere,
1385 3809 1614 3874 propter
1662 3804 1838 3856 Deum

256 3893 470 3948 studeat
494 3894 740 3964 praelatis
771 3893 875 3946 sibi
900 3908 1002 3963 per
1028 3894 1216 3945 omnia
1241 3893 1530 3945 humiliter
1558 3891 1835 3946 exhibere.

257 3982 550 4053 Propterea
569 4000 672 4052 ego
697 3982 968 4036 Patricius
994 3983 1058 4034 ad
1078 3981 1380 4051 regendam
1398 3979 1697 4034 Dublinam
1723 3998 1842 4034 me-

256 4075 507 4142 tmpolim
539 4074 819 4127 Hiberniae
859 4073 1068 4125 electus
1095 4071 1346 4130 antistes,
1384 4069 1506 4136 tibi,
1541 4070 1843 4124 reverend'e

259 4156 416 4210 Pater
457 4159 785 4219 Lantrance,
837 4157 1251 4209 Britanniarum
1289 4156 1518 4225 primas,
1553 4161 1610 4208 et
1638 4157 1842 4208 sanctae

261 4244 690 4300 Dorobemensis
742 4245 992 4298 Ecclesiae
1019 4244 1453 4314 archiepiscope,
1483 4243 1844 4314 professionis

265 4351 388 4389 mete
416 4338 669 4389 chartam
711 4335 958 4406 porrigo,
991 4350 1192 4403 meque
1223 4334 1324 4386 tibi
1377 4333 1600 4403 tuisque
1632 4349 1844 4386 succes-

259 4426 467 4479 soribus
495 4427 549 4479 in
576 4425 837 4478 omnibus
866 4441 990 4494 quze
1018 4424 1086 4476 ad
1119 4423 1497 4478 Christianam
1519 4423 1844 4493 religionem

258 4515 532 4582 pertinent
561 4513 1077 4582 obtemperaturum
1109 4529 1231 4566 esse
1265 4512 1549 4582 promitto.
1581 4531 1601 4560 ι»

327 4605 696 4668 Ali—{legitime
716 4604 824 4654 Sibi
867 4605 1146 4669 copulatas
1185 4617 1284 4668 pro
1323 4603 1559 4653 arbitrio
1581 4601 1626 4652 et
1651 4602 1848 4653 rotun-

1919 3163 2115 3217 Concil.
2135 3163 2343 3215 Turon.
2364 3173 2424 3223 II,
2459 3177 2581 3214 can.
2607 3161 2706 3227 27;
2735 3161 2941 3214 Co’ncil.
2967 3160 3175 3214 Nicaeni
3198 3177 3252 3224 ιι,
3273 3173 3394 3212 can.
3424 3151 3510 3217 49.

1919 3254 1999 3307 Dc
2030 3251 2350 3305 chrismatis
2376 3250 2637 3304 unctione
2658 3249 2715 3302 in
2733 3249 3009 3319 baptismo
3027 3248 3362 3302 conferendo
3385 3248 3504 3301 fuse

1920 3342 2214 3398 Menardus
2269 3346 2460 3394 noster
2503 3345 2624 3392 tum
2675 3353 2738 3391 ex
2770 3328 2998 3391 Patrum
3031 3337 3340 3395 sententiis,
3390 3343 3511 3390 tum

1922 3432 2090 3485 etiam
2132 3425 2197 3483 ex
2239 3421 2470 3483 diversis
2518 3428 2879 3482 conciliormn
2929 3426 3256 3485 canonibus.
3313 3427 3369 3479 in
3414 3425 3510 3479 lib.

1924 3521 2269 3574 Sacrament.
2304 3520 2369 3572 D.
2401 3517 2674 3586 Gregorii,
2707 3531 2834 3586 pag.
2864 3507 2963 3570 108
2992 3528 3048 3568 et
3076 3531 3191 3584 seq.

2361 3625 2442 3667 AD
2488 3623 2820 3666 EPISTOLAM
2865 3594 3072 3664 kxxix.

1996 3709 2216 3772 Rogerz’o
2247 3709 2455 3759 comili.
2482 3702 2767 3757 Guillelmi
2797 3702 3016 3755 comitis
3049 3702 3147 3754 ﬁlii
3179 3697 3416 3757 Osberni
3443 3700 3510 3768 (si

1925 3797 2302 3864 conjecturam
2353 3793 2689 3846 interserere
2718 3792 2900 3854 liceat)
2951 3791 3083 3844 lilio.
3119 3792 3199 3845 De
3229 3809 3338 3862 quo
3367 3792 3524 3846 G'uil-

1922 3885 2012 3937 lel.
2043 3886 2258 3936 Gemet.
2293 3883 2438 3938 Hist.
2479 3881 2572 3934 lib.
2606 3881 2656 3942 7,
2691 3893 2807 3950 cap.
2836 3879 2941 3946 $2.3;
2972 3879 3196 3934 Guillel.
3221 3869 3514 3934 Malmesb.

1921 3973 1958 4024 ι.
1997 3977 2058 4024 nr
2088 3973 2164 4025 De
2195 3972 2354 4026 Gest.
2402 3970 2564 4039 Angl.
2629 3971 2685 4022 in
2731 3969 3013 4021 Willelmo
3046 3969 3068 4022 I
3105 3987 3115 4020 :
3171 3970 3197 4020 ὰ
3235 3970 3510 4037 Rogerus,

1927 4061 2128 4130 inquit.
2163 4077 2194 4112 a
2226 4076 2356 4129 rege
2381 4058 2614 4111 vinculis
2653 4056 2906 4110 irretitus
2944 4063 3061 4109 tota
3094 4058 3203 4109 vita
3225 4065 3509 4110 carcerem

1926 4150 2298 4220 irequentavit
2323 4149 2408 4200 vel
2439 4148 2624 4218 potius
2654 4145 2888 4198 incoluit
2908 4135 3248 4198 detestandze
3273 4145 3516 4215 perﬁdize

1921 4239 2161 4309 juvenis,
2197 4254 2297 4290 nec
2319 4235 2568 4289 moribus
2597 4235 2927 4305 patrissans,
2964 4233 2985 4282 ii
3022 4241 3126 4287 etc.

2002 4329 2277 4383 Gloriosus
2305 4332 2460 4394 pater
2491 4331 2675 4378 vester.
2711 4320 3046 4376 V'Villelmus;
3081 4323 3231 4377 Infra
3275 4323 3342 4377 ad
3369 4322 3520 4394 epis-

1933 4417 2103 4470 tolam
2131 4415 2224 4472 4‘2.

2001 4509 2230 4559 Placz’la.
2264 4506 2372 4558 Pro
2402 4503 2642 4557 decretis
2669 4502 2975 4557 identidem
3005 4501 3519 4572 usurpanturapud

1932 4596 2138 4666 peritos
2165 4595 2370 4664 linguae
2409 4594 2619 4649 Latinze
2649 4600 2906 4646 auetores
2932 4611 2943 4658 ς
2970 4593 3118 4662 quod
3148 4609 3269 4661 quae
3299 4592 3524 4644 decreta

259 4695 359 4743 tale
393 4695 721 4757 relinquere.
757 4691 898 4744 Huic
947 4690 1197 4760 serpenti
1243 4689 1436 4743 morbo
1476 4688 1850 4743 occuren'rlum
1933 4691 2082 4742 sunt.
2113 4702 2176 4738 ea
2206 4685 2285 4737 sic
2309 4684 2528 4739 senatui
2553 4684 2630 4736 vel
2658 4673 2964 4752 majoribus
2996 4673 3268 4752 placuisse
3299 4681 3528 4734 videan-

261 4785 670 4847 pmmonuemt
712 4779 1168 4834 B.Lanfrancum
1217 4778 1521 4847 Gregorius
1553 4778 1650 4831 VII
1685 4785 1844 4849 papa,
1932 4782 2049 4831 tur.
2088 4775 2254 4840 Plin.,
2305 4775 2342 4831 l.
2376 4788 2521 4836 xxix,
2552 4791 2599 4825 c.
2634 4771 2649 4828 l
2695 4791 2705 4824 :
2765 4791 2788 4823 «
2841 4767 3046 4850 Eadem
3104 4777 3237 4824 aetas
3281 4771 3521 4824 Neronis

258 4869 416 4935 epist.
456 4869 500 4926 l.
533 4868 593 4920 in
619 4867 949 4938 appendice,
983 4867 1069 4920 his
1100 4866 1281 4920 verbis
1314 4886 1324 4919 :
1363 4886 1386 4916 α
1423 4868 1599 4920 Tuam
1651 4847 1848 4921 frater-
1933 4859 2246 4935 principatu
2270 4865 2338 4917 ad
2366 4851 2594 4916 Testum
2626 4847 2945 4927 transilivit,
2985 4847 3265 4914 delentem
3291 4855 3522 4914 cuncto?-

257 4956 508 5018 nitatem,
532 4957 638 5010 etsi
669 4957 942 5010 monitore
970 4973 1082 5009 non
1111 4955 1627 5025 egeat,impellente
1655 4962 1845 5009 tamen
1929 4970 2051 5007 rum
2082 4955 2363 5022 majorum
2394 4952 2616 5022 placita,
2653 4969 2677 5003 »
2709 4943 2814 5005 etc.
2852 4952 2921 5004 At
2963 4950 3052 5003 hic
3083 4947 3287 5020 placita
3323 4945 3521 5018 juridi'—

256 5059 353 5096 nos
407 5045 783 5099 sollicitudine
836 5046 1224 5107 admonemus,
1266 5049 1543 5114 quatenus
1589 5045 1848 5115 graviora
1929 5060 2021 5096 cos
2040 5059 2139 5096 seu
2161 5043 2408 5096 forenses
2429 5033 3522 5115 conventussigniﬁcant.CapitulCarol

256 5148 658 5204 usquequaque
686 5149 938 5188 resecare
965 5134 1096 5187 vitia
1126 5135 1381 5201 studeat;
1415 5140 1472 5187 et
1492 5113 1640 5187 inter
1657 5136 1849 5189 omnia
1932 5115 2103 5196 Calvi,
2137 5129 2224 5193 ‘20,
2257 5149 2356 5184 seu
2387 5131 2594 5202 Synodi
2629 5117 2921 5183 Carisiacze
2944 5146 3070 5199 cap.
3102 5127 3134 5183 ‘2
3171 5147 3181 5180 :
3219 5147 3239 5176 ι
3269 5113 3524 5202 Episcopi

257 5229 310 5274 et
342 5239 452 5290 prae
485 5223 745 5276 omnibus
776 5223 947 5287 nefas,
982 5223 1128 5292 quod
1168 5224 1236 5276 de
1285 5223 1465 5277 Scotis
1512 5224 1842 5285 audivimus,
1933 5222 2138 5292 quique
2168 5221 2222 5274 in
2253 5221 2367 5273 suis
2399 5219 2694 5291 parochiis;
2719 5224 2775 5271 et
2807 5217 2960 5271 missi
2987 5217 3041 5269 in
3066 5215 3286 5267 illorum
3321 5213 3522 5265 inissa-

259 5311 406 5378 quod
436 5312 689 5381 plerique
717 5311 972 5364 videlicet
999 5312 1253 5381 proprias
1297 5329 1495 5366 uxores
1527 5329 1636 5366 non
1668 5315 1846 5367 solum
1932 5311 2093 5376 ticis;
2145 5310 2485 5379 comitesque
2542 5308 2598 5360 in
2648 5323 2842 5360 eorum
2899 5302 3253 5359 comitatibus
3311 5295 3526 5371 pariter

259 5396 542 5464 deserunt,
575 5400 673 5452 sed
705 5401 874 5452 etiam
907 5401 1170 5476 vendunt,
1195 5401 1371 5454 modis
1389 5401 1646 5454 omnibus
1667 5403 1850 5474 prohi-
1935 5400 2142 5470 placita
2198 5405 2450 5461 teneant,
2494 5417 2515 5448 ι
2553 5402 2657 5449 etc.
2709 5391 2921 5449 Ibidem
2963 5394 3020 5472 in
3071 5387 3524 5474 [Annuntiatio‘ne

261 5483 392 5538 bere
422 5487 738 5554 contendat,
773 5508 795 5539 ι)
826 5492 930 5542 etc.
964 5471 1117 5541 Adeo
1144 5485 1465 5560 pestiferam
1496 5491 1644 5544 luem
1668 5471 1854 5564 adhuc
1936 5477 2189 5560 ejusdem
2245 5487 2452 5564 Caro’li,
2504 5491 2559 5540 et
2587 5483 2806 5564 nepotis
2853 5475 2945 5564 sui:
2984 5471 3232 5560 Lotharii
3283 5472 3432 5562 apud
3457 5471 3525 5564 IS.

262 5576 508 5643 graSsari
552 5573 806 5647 tempore
864 5573 927 5631 B.
978 5570 1228 5633 Ansclmi
1280 5577 1631 5634 demonstrat
1679 5562 1854 5652 ipsius
1939 5559 2293 5646 Qui'ntinum,
2339 5561 2468 5649 post
2513 5559 2764 5629 medium
2808 5589 2820 5625 :
2882 5590 2905 5623 α
2938 5561 3046 5626 Per
3082 5563 3248 5625 omne
3289 5559 3530 5641 régtiiilh
