3902 6166
460 257 568 315 615

1657 259 1893 316 DOMNI
1933 259 2143 317 LUCzE
2180 259 2526 316 DACHERII

3582 266 3671 328 616

462 387 718 440 nostrum
743 380 1006 454 episcopi,
1029 385 1087 435 et
1105 378 1258 435 missi
1285 386 1482 449 nostri,
1507 387 1564 439 et
1591 384 1823 440 comites
1852 386 2058 457 placita
2074 389 2120 447 Α
2145 391 2204 440 et
2232 382 2323 451 42,
2347 385 2404 440 in
2444 383 2777 457 appendice;
2830 389 2889 440 et
2915 383 3014 440 alii
3038 399 3208 458 prope
3226 383 3485 443 innumeri
3505 397 3672 448 aucto-

465 480 714 540 teneant,
748 478 803 526 et
833 472 928 526 illa
970 471 1176 543 placita
1223 473 1406 528 omnis
1443 474 1630 538 homo,
1663 476 1759 546 qui
1788 477 2055 548 placitum

460 563 741 618 custodire
793 561 978 622 debet,
1037 560 1156 615 sine
1215 563 1556 633 exceptione,
1616 570 1670 619 et
1702 565 2056 620 excusatione

460 650 755 704 custodiat.
801 668 827 701 ι
865 647 1033 703 Jubet
1063 649 1265 707 concil.
1306 651 1514 705 Arelat.
1565 667 1640 716 γι,
1673 669 1794 724 cap.
1823 653 1890 708 2‘2
1923 672 1949 707 ιο
1991 659 2054 709 ut

459 738 663 809 placita
691 737 914 808 publica
943 744 997 792 et
1016 739 1325 808 sarcularia,
1341 756 1525 811 neque
1543 740 1600 795 in
1623 741 1782 796 atriis
1798 741 2056 797 basilica-

458 843 606 894 rum,
627 844 808 898 neque
839 827 895 881 in
927 827 1064 898 ipsis
1093 828 1334 882 basilicis
1355 831 1508 882 fiant.
1532 849 1554 880 ι
1591 831 1867 885 Placitum
1884 831 2055 886 etiam

455 916 699 970 sumitur
720 934 819 988 pro
849 917 966 980 lite,
990 918 1140 971 unde
1169 918 1400 972 verbum
1432 919 1555 972 Gal.
1583 922 1768 988 plaids
1797 927 1854 975 et
1881 921 2055 992 placi-

454 1011 596 1071 tare,
626 1006 683 1060 id
714 1012 818 1070 est,
846 1006 905 1060 in
923 1007 1135 1077 judicio
1168 1007 1408 1078 litigare,
1452 1013 1552 1062 aut
1577 1009 1915 1064 contendere
1969 1027 2053 1065 se-

456 1095 702 1149 cundum
725 1095 930 1167 placita
959 1096 1145 1166 legum
1179 1103 1236 1150 et
1249 1097 1590 1167 judiciorum
1623 1115 1811 1169 agere,
1843 1099 2052 1153 Gallice

448 1187 688 1253 plai'der.

951 1292 1030 1336 AD
1077 1292 1409 1337 EPISTOLAM
1451 1293 1546 1338 XL.

533 1389 802 1447 Willelmi
821 1393 1056 1457 comitis,
1087 1394 1246 1460 cujus
1260 1394 1584 1461 prudentia,
1620 1397 1725 1448 etc.
1756 1413 1778 1444 α
1797 1391 2050 1464 Hiclegi-

460 1479 634 1534 timus
655 1479 756 1549 (ait
803 1479 1206 1534 Gemeticensis
1236 1479 1331 1533 lib.
1374 1496 1467 1547 vn,
1504 1480 1654 1536 Hist.
1696 1498 1825 1553 cap.
1862 1481 1949 1550 ‘25)
1995 1491 2052 1538 et

457 1568 705 1624 liberalis
731 1569 812 1623 vir
829 1568 1111 1622 Adelizam
1137 1569 1363 1639 Rogerii
1381 1570 1627 1625 Toenitze
1647 1571 1820 1625 filiam
1845 1570 1901 1625 in
1925 1587 2052 1625 con-

429 1659 647 1729 jugem
669 1655 888 1719 habuit,
908 1674 973 1710 ex
1003 1673 1112 1727 qua
1138 1657 1278 1711 duos
1310 1658 1471 1723 ﬁlios,
1491 1659 1833 1714 Willelmum
1865 1665 1921 1713 et
1938 1660 2051 1713 Ro-

2136 491 2226 529 I‘GS
2233 514 2246 527 .

2207 566 2434 619 Romam
2465 566 2830 634 proﬁciscens.
2865 565 3028 618 Anno
3045 563 3294 620 videlicet
3320 573 3568 637 reparatae
3595 586 3671 624 sa-

2137 653 2271 706 lutis
2310 651 2459 716 1071,
2493 659 2606 706 tam
2640 653 2791 724 pallii
2822 653 3125 724 recipiendi
3169 655 3343 725 gratia
3378 673 3530 726 quam
3565 658 3675 712 diri-

2139 741 2353 796 menda:
2383 741 2498 795 litis
2525 759 2583 795 se
2619 741 2767 796 inter
2784 748 2842 796 et
2855 743 3126 797 Thomam
3150 743 3544 799 Eboracensem.
3575 747 3675 810 Qua

2137 831 2206 884 de
2236 847 2297 884 re
2315 830 2573 901 superius
2597 831 2667 884 ad
2684 831 3021 902 epistol.4,a,
3046 832 3173 885 etin
3195 832 3318 886 Vita
3334 833 3674 902 D.Lanfranci,

2137 936 2259 990 cap.
2289 919 2370 984 11,
2407 921 2596 990 pagin.
2637 919 2716 986 11,
2759 919 2834 976 l'2.
2866 920 3072 984 Quinto
3111 919 3176 992 [ι.
3203 921 3510 992 Quinquies,
3531 924 3676 995 E.P.]

2135 1009 2370 1063 Romam
2403 1009 2810 1064 S.Lanfrancus
2833 1009 3055 1080 petiisse
3077 1009 3324 1064 videtur:
3345 1014 3392 1077 1,
3416 1028 3567 1065 causa
3590 1013 3678 1066 Be-

2134 1097 2411 1168 rengarii:
2444 1097 2497 1162 τὶ,
2528 1104 2756 1169 propter
2785 1098 3070 1153 Guillelmi
3094 1097 3250 1152 ducis
3277 1099 3675 1170 matrimonium;

2135 1185 2186 1244 3.
2237 1193 2300 1240 ut
2335 1186 2568 1240 concilio
2609 1187 2860 1241 Romano
2887 1187 3221 1253 interesset;
3257 1187 3306 1252 4,
3335 1194 3394 1242 ut
3420 1189 3679 1243 conﬁrma-

2131 1275 2345 1328 tionem
2373 1275 2605 1330 Joannis
2625 1275 2984 1330 Abrincensis
3012 1275 3070 1329 in
3106 1275 3559 1347 archiepiscopum
3584 1276 3679 1329 Ro-

2134 1364 2555 1434 thomagensem
2576 1365 2835 1427 electum,
2868 1364 3164 1431 obtineret;
3188 1364 3382 1418 ultimo
3401 1381 3515 1420 cum
3531 1364 3680 1420 archi-

2133 1449 2391 1520 episcopo
2424 1449 2777 1515 Eboracensi,
2811 1450 2959 1520 quod
2990 1449 3240 1521 proxime
3259 1449 3649 1504 adnotabamus.

2200 1540 2592 1593 Dulcissimum
2614 1541 2759 1592 mihi
2786 1542 2988 1606 fratris
3018 1543 3128 1592 mei
3153 1542 3357 1605 ﬁlium.
3388 1539 3464 1594 De
3489 1556 3586 1610 quo
3609 1539 3680 1594 in-

2132 1627 2219 1681 fra
2249 1627 2321 1681 ad
2341 1628 2503 1698 epist.
2537 1626 2604 1683 47
2635 1633 2691 1682 et
2717 1626 2806 1683 49.

458 1715 681 1816 ὲθῖοὶιιω
707 1746 1452 1817 contumacem,procreavit;
1473 1747 1582 1802 duo
1602 1748 1854 1802 caenobia
1869 1765 2061 1802 mona-
2081 1741 2174 1817 B“
2207 1719 2504 1817 L‘cffoffem
2538 1716 2842 1817 [egenam
2873 1715 3196 1817 dofumenti
3228 1717 3380 1772 dedit
3398 1734 3460 1771 ex
3487 1717 3681 1817 Risum

455 1835 687 1889 chorum
711 1835 768 1890 S.
801 1835 991 1890 Mariae
1012 1835 1136 1889 caeli
1169 1835 1375 1905 reginae
1404 1836 1670 1899 condidit,
1691 1852 1867 1890 unum
1898 1836 2047 1907 apud

455 1923 664 1991 Liram,
687 1929 744 1978 et
761 1925 1001 1978 alterum
1031 1924 1180 1995 apud
1211 1925 1538 1979 Cormelias.
1564 1943 1590 1977 »
1610 1925 1680 1978 Et
1699 1929 1826 1995 post
1850 1939 2049 1995 pauca:

461 2032 485 2064 α
522 2012 862 2068 Comitalum
894 2013 1202 2067 Herfordiaa
1233 2030 1358 2067 cum
1410 2029 1616 2084 magna
1663 2018 1824 2084 parte
1871 2011 2048 2082 regni,

451 2119 621 2157 sensu
656 2107 713 2156 et
741 2101 949 2157 viribus
979 2102 1243 2164 obtinuit,
1281 2123 1304 2153 1
1339 2108 1442 2156 etc.
1489 2103 1555 2156 Et
1585 2102 1870 2156 Guillelm.
1907 2103 2048 2156 Mal-

453 2190 631 2245 mes‘o.
656 2192 736 2246 De
764 2197 908 2262 gest.
940 2192 1129 2260 Angl.,
1151 2191 1209 2244 in
1224 2191 1508 2244 Willelmo
1529 2189 1576 2255 Ι,
1600 2196 1731 2245 ante
1762 2191 2003 2245 medium
2032 2209 2045 2247 :

457 2299 480 2330 ι
523 2280 844 2334 Willelmus
874 2279 1024 2334 ﬁlius
1055 2279 1290 2334 Osberni
1317 2278 1605 2350 principis,
1637 2279 1864 2351 optimis
1893 2297 2046 2334 com-

450 2370 756 2437 parandus,
801 2368 952 2422 haud
999 2368 1112 2422 scio
1142 2385 1212 2421 an
1247 2367 1417 2421 etiam
1456 2368 1883 2438 praeponendus.
1917 2369 2051 2438 Ejus

451 2456 684 2512 consilio
713 2474 808 2511 rex
830 2456 1148 2512 Willelmus
1177 2455 1358 2525 primo
1379 2455 1663 2510 animatus
1681 2457 1752 2510 ad
1780 2457 2050 2511 invaden-

452 2548 582 2602 dam
613 2546 895 2617 Angliam,
915 2563 1042 2600 mox
1063 2545 1271 2599 virtute
1302 2545 1531 2614 adjutus
1559 2545 1628 2599 ad
1656 2562 1828 2600 manu
1857 2551 2050 2600 tenen-

451 2636 603 2691 dam.
625 2636 760 2690 Erat
790 2635 847 2688 in
877 2651 942 2689 eo
972 2633 1179 2688 mentis
1209 2633 1556 2699 animositas,
1577 2650 1744 2705 quam
1765 2651 2051 2688 commen-

454 2725 625 2781 dabat
651 2741 794 2796 pene
823 2723 1058 2796 prodiga
1095 2722 1423 2788 liberalitas,
1461 2742 1483 2773 ι
1515 2729 1622 2777 etc.

520 2817 594 2870 De
638 2816 892 2883 pcrjum‘o
921 2817 1001 2866 vel
1031 2814 1250 2880 fraude,
1283 2817 1390 2866 etc.
1427 2812 1535 2865 Per
1566 2813 1683 2866 haec
1711 2810 1879 2866 verba
1908 2811 2042 2883 quid

447 2903 868 2959 B.Lanfrancus
893 2901 1150 2956 intendat
1167 2899 1461 2972 perhibere
1477 2901 1696 2955 videtur
1724 2900 2043 2955 Florentius

2134 1805 2508 1860 Benedictinae
2544 1823 2666 1877 cap.
2710 1804 2780 1862 38
2831 1823 2842 1859 :
2884 1826 2909 1858 ι
2939 1808 3163 1863 Fratres
3203 1823 3314 1863 non
3343 1823 3438 1878 per
3462 1806 3680 1860 ordinem

2135 1897 2342 1970 legant,
2362 1899 2458 1954 sed
2481 1899 2575 1970 qui
2603 1899 2880 1954 aediﬁcent
2906 1899 3328 1954 audientes.»Et
3351 1914 3463 1952 mos
3489 1897 3680 1967 quidem

2134 1988 2241 2043 iste
2269 1988 2338 2042 ab
2364 1989 2611 2060 antiquis
2641 1990 2928 2044 monachis
2949 1990 3209 2060 religiose
3229 1987 3615 2049 observabatur,
3629 1993 3682 2040 ut

2135 2076 2384 2131 asceticze
2415 2077 2540 2131 vita:
2577 2076 2791 2130 tirones
2819 2077 3278 2142 exercitarentur,
3309 2075 3682 2130 imbuerentur-

2132 2181 2240 2235 que
2273 2166 2562 2236 aliquanto
2612 2171 2866 2236 tempore
2921 2166 3246 2221 monasticis
3291 2165 3485 2230 rebus;
3523 2164 3605 2218 sed
3637 2169 3684 2217 et

2131 2253 2510 2326 perdiscendis
2538 2249 2862 2308 memoriter
2876 2254 3129 2325 psalmis,
3153 2260 3320 2325 atque
3338 2252 3682 2308 ecclesiasticis

2133 2343 2355 2410 ritibus,
2389 2343 2718 2415 priusquam
2751 2343 2811 2397 in
2848 2342 3133 2415 publicum
3174 2343 3470 2415 prodirent,
3499 2341 3684 2396 addice-

2133 2433 2359 2502 bantur;
2384 2436 2489 2502 (uti
2519 2434 2828 2489 etiamnum
2870 2433 3108 2504 ipsemet
3139 2433 3488 2498 Lanfrancus,
3512 2431 3561 2486 in
3581 2447 3682 2486 om-

2132 2522 2297 2578 nibus
2326 2523 2457 2577 licet
2481 2522 2728 2577 scientiis
2773 2522 2969 2576 fuisset
3009 2527 3284 2589 versatus,
3331 2523 3473 2576 ultro
3495 2536 3684 2575 summa

2133 2612 2305 2666 animi
2326 2613 2687 2678 demissione,
2703 2628 2830 2666 cum
2847 2611 3092 2682 primum
3111 2611 3385 2666 Beccense
3404 2608 3679 2665 coenobium

2133 2700 2417 2764 intrasset,
2448 2701 2610 2771 egit.)
2641 2699 2799 2764 Quod
2829 2699 3058 2754 uberius
3085 2699 3287 2770 probat
3329 2697 3604 2753 Menardus
3634 2693 3683 2748 in

2122 2806 2246 2861 cap.
2278 2790 2345 2845 65
2376 2789 2697 2844 Concordiae
2735 2789 3078 2858 regularum,
3110 2805 3240 2859 pag.
3272 2785 3373 2843 936
3393 2796 3448 2841 et
3470 2803 3574 2855 seq.

2603 2915 2680 2956 AD
2711 2912 3046 2957 EPISTOLAM
3078 2912 3242 2958 XLVI.

450 2991 838 3063 Vigorniensis
875 2991 966 3046 ad.
1003 3007 1092 3045 an.
1133 2988 1274 3046 1074
1308 3006 1322 3045 :
1375 3007 1400 3041 ι
1445 2989 1826 3044 Herefordesis
1857 3006 2041 3044 comes

2200 3009 2540 3078 Gondulpho.
2598 3008 2738 3062 Cum
2793 3008 2912 3062 sola
2960 3007 3152 3062 littera
3207 3008 3274 3062 G.
3306 3006 3433 3060 huic
3464 3003 3680 3076 epistolae

452 3081 726 3170 Βοὲθνυδν
780 3080 928 3134 ﬁlius
981 3078 1272 3170 Gilluflnfi
1295 3077 1574 3170 Ejusdem
1627 3078 1754 3148 ρθεί
1805 3078 2043 3143 comitis,
2074 3077 2095 3081 ⁷
2130 3098 2356 3170 praeﬁxa
2384 3077 2555 3166 esset,
2587 3097 2986 3168 Gondulphum
3018 3096 3276 3168 apposui,
3319 3095 3419 3150 hac
3446 3093 3682 3148 nimirum

452 3169 882 3240 Bastanglorum
907 3167 1102 3222 comiti
1130 3166 1426 3237 Rodulpho
1460 3169 1676 3231 (contra
1706 3173 2046 3237 praeceptum

452 3259 601 3329 regis
627 3257 930 3316 Guillelmil
977 3271 1226 3310 sororem
1254 3271 1414 3309 suam
1446 3256 1741 3325 conjugem
1774 3255 2042 3322 tradidit;

447 3347 786 3418 nuptiasque
802 3344 1231 3417 permagniﬁcas
1250 3361 1377 3398 cum
1408 3343 1651 3414 plurima
1680 3344 2041 3399 multitudine

449 3435 784 3506 optimatum
809 3434 865 3488 in
896 3432 1353 3502 Grantebrigensi
1385 3431 1685 3503 provincia,
1714 3432 1771 3486 in
1801 3433 1920 3488 loco
1945 3433 2041 3505 qui

447 3523 681 3593 Ixninga
696 3520 1558 3591 dicitur,celebrantes,magnam
1572 3521 2034 3590 conjurationem,

444 3611 705 3684 plurimis
735 3608 1193 3675 assentientibus,
1223 3613 1418 3662 contra
1448 3625 1640 3678 regem
1672 3609 2037 3666 Guillelmum

443 3699 522 3755 ibi
551 3700 822 3754 fecerunt.
853 3699 980 3763 Qui,
1005 3715 1130 3751 mox
1153 3703 1216 3751 ut
1235 3698 1438 3768 potuit,
1459 3698 1832 3753 Lanfrancum
1861 3699 2034 3755 Doro-

444 3788 778 3844 bernensem
809 3786 1293 3856 archiepiscopum
1333 3785 1494 3851 adiit,
1538 3787 2038 3860 pmnitentiamque

442 3882 513 3938 ab
552 3897 618 3936 eo
648 3895 748 3950 pro
773 3877 939 3940 facto,
965 3875 1095 3929 licet
1122 3891 1232 3929 non
1266 3880 1482 3946 sponte,
1516 3882 1866 3931 sacramento
1889 3894 2040 3932 acce-

441 3973 545 4045 pit,
583 3970 814 4040 ejusque
847 3963 1078 4019 consilio
1110 3980 1299 4034 regem
1334 3963 1696 4018 Guillelmum
1740 3965 1796 4018 in
1825 3967 2036 4021 North-

441 4060 674 4117 mannia
693 4058 986 4126 degentem
1007 4053 1184 4124 petiit,
1200 4051 1366 4122 eique
1388 4069 1508 4107 rem
1529 4069 1591 4106 ex
1609 4053 1804 4107 ordine
1817 4061 2036 4125 gestam

441 4151 712 4222 pandens,
743 4144 893 4199 illius
935 4141 1331 4196 misericordiae
1360 4142 1508 4196 ultro
1555 4159 1615 4195 se
1646 4142 1818 4205 dedit,
1859 4165 1881 4192 υ
1924 4149 2030 4198 etc.

439 4239 638 4294 Verbis
658 4237 808 4290 hisce
832 4230 1130 4304 postremis
1165 4230 1378 4301 liquido
1405 4235 1624 4286 constat
1659 4247 1849 4302 regem
1874 4232 2036 4287 Guil-

2128 3187 2448 3256 conjectura
2467 3186 2668 3240 ductus
2691 3186 2838 3256 quod
2863 3187 2921 3240 B.
2951 3185 3387 3252 Anselmus,lib.
3420 3199 3436 3238 ι
3466 3182 3611 3254 epist.
3631 3179 3676 3244 4,

2128 3275 2200 3330 ad
2215 3275 2635 3346 Gondulphum,
2655 3275 2894 3329 salutem
2917 3275 3163 3330 ascribat
3180 3275 3481 3329 Lanfranco
3499 3269 3680 3342 nepoti:

2126 3383 2154 3416 α
2194 3363 2410 3430 Saluta,
2439 3364 2643 3436 inquit,
2678 3365 2970 3418 dominum
3029 3365 3402 3419 Lanfrancum
3425 3364 3679 3434 juvenem,

2123 3459 2386 3525 nepotem
2417 3454 2651 3518 domini,
2674 3459 2732 3508 et
2765 3453 3074 3519 reverendi,
3095 3459 3154 3507 et
3181 3453 3364 3508 Patris
3383 3449 3547 3506 nostri
3558 3450 3682 3504 Lan-

2121 3543 2298 3598 franci
2329 3542 2754 3614 archiepiscopi,
2793 3562 2816 3593 ι
2839 3547 2942 3597 etc.
2973 3543 3043 3596 Et
3071 3542 3238 3613 epist.
3271 3540 3304 3597 7
3332 3541 3399 3595 ad
3423 3538 3677 3595 eumdem:

2125 3650 2148 3684 «
2182 3632 2571 3687 Reverendum
2601 3638 2658 3686 et
2696 3632 3062 3702 diligendum,
3091 3631 3382 3686 dominum
3408 3634 3464 3684 et
3484 3629 3681 3682 Patrem

2119 3727 2374 3775 nostrum
2406 3721 2884 3792 archiepiscopum
2922 3721 3324 3784 Lanl‘rancum.
3357 3727 3408 3774 et.
3448 3721 3677 3788 nepotem

2119 3811 2242 3880 ejus
2272 3816 2402 3873 etc.,
2451 3810 2659 3866 saluta.
2702 3829 2727 3862 »
2763 3811 2839 3863 Ex
2887 3810 2973 3864 his
3017 3826 3170 3880 ergo,
3223 3817 3279 3864 et
3316 3809 3378 3863 B.
3418 3801 3680 3862 Lanl‘ranci

2119 3898 2318 3962 verbis,
2344 3897 2657 3953 necessario
2669 3899 2760 3952 aﬂi
2770 3899 3067 3953 rmandum
3087 3898 3314 3953 videtur
3332 3898 3478 3952 illam
3495 3894 3677 3965 episto-

2119 3988 2230 4041 lam
2290 3987 2516 4042 inscribi
2576 3987 2930 4059 Gondulpho,
2971 3987 3061 4041 cui
3105 3987 3420 4041 edocendus
3468 3980 3677 4038 traditus

2118 4077 2306 4131 fuerat
2361 4075 2712 4130 Lanfrancus
2755 4093 2944 4147 nepos.
2980 4076 3082 4130 Vel
3120 4077 3367 4146 profecto
3413 4070 3676 4127 dicendum

2117 4167 2308 4236 plures
2336 4165 2570 4218 diversis
2618 4164 2677 4219 in
2719 4164 2854 4219 locis
2901 4164 3163 4218 habuisse
3213 4169 3440 4236 nepotes
3478 4157 3675 4225 (Paulus

2117 4254 2268 4308 enim
2306 4253 2400 4325 qui
2425 4259 2483 4308 et
2509 4253 2682 4307 abbas
2703 4254 2917 4308 exstitit
2939 4253 3226 4318 S.Albani,
3245 4259 3312 4308 ut
3327 4268 3489 4323 supra
3509 4254 3672 4303 osten-

441 4330 671 4384 Ῑθιωωτι
700 4327 758 4379 in
810 4319 1225 4414 ΝοΓίΡωδτξξίίξ
1274 4318 1568 4414 θκδξξίίξδθο
1599 4319 1745 4414 _dum
1787 4320 1857 4374 ad
1905 4336 2033 4375 eum
2051 4333 2240 4398 Dsum
2263 4318 2368 4410 est,
2391 4347 2510 4397 erat
2535 4342 2892 4414 neposillius)
2917 4359 3092 4396 unum
3109 4318 3536 4409 Becci,alterum
3565 4348 3672 4389 cum

447 4421 630 4483 την
667 4415 885 4468 litteras
916 4407 985 4464 35
1014 4414 1072 4462 et
1095 4406 1161 4462 36
1190 4407 1351 4460 daret
1379 4405 1447 4466 B.
1473 4407 1842 4467 Lanfrancus.

917 4549 995 4596 AD
1026 4546 1361 4592 EPISTOLAM
1392 4548 1561 4592 XLIII.

510 4655 779 4712 Anselmo.
815 4647 918 4704 llic
947 4652 1032 4700 est
1052 4661 1288 4716 magnus
1317 4645 1615 4700 Anselmus
1645 4645 1814 4716 prior,
1833 4647 2034 4703 deinde

438 4743 629 4806 abbas,
655 4758 720 4796 ac
735 4741 962 4794 demum
980 4738 1040 4792 Β.
1063 4732 1362 4789 Lanfranci
1374 4734 1796 4790 Cantuariensis
1813 4737 2031 4792 archie-

435 4831 648 4910 piscopi
678 4842 1000 4893 successor;
1032 4825 1191 4895 cujus
1219 4822 1388 4877 vitam
1418 4823 1808 4878 admirandam
1830 4825 2033 4881 Edme-

434 4941 535 4981 rus
563 4924 746 4993 (quem
776 4917 870 4972 ille
915 4912 1327 4979 charissimum,
1369 4917 1564 4983 utpote
1605 4929 2028 4981 amanuensem,

434 5010 694 5073 habebat)
725 5003 1070 5075 conscripsit.
1111 5001 1363 5066 Quantos
1391 5000 1559 5056 etiam
1590 5000 1809 5056 labores
1834 5008 1892 5057 et
1928 5020 2024 5058 su-

435 5105 600 5160 dores
629 5115 729 5172 pro
753 5091 1130 5152 ecclesiastica
1167 5090 1448 5156 libertate,
1483 5107 1608 5145 cum
1647 5090 1875 5161 pietate,
1901 5098 2024 5146 tum

437 5192 692 5250 doctrina
739 5191 797 5241 et
849 5179 1163 5239 constantia
1211 5179 1638 5250 incomparabili
1682 5179 1753 5233 ad
1784 5186 2024 5236 mortem

437 5276 805 5339 exantlaverit
822 5273 903 5327 vir
914 5269 1321 5330 sanctissimus,
1340 5269 1461 5322 fuse
1480 5268 1626 5323 idem
1649 5275 1863 5334 auctor,
1883 5269 2025 5325 libro

435 5373 526 5427 cui
546 5370 774 5425 titulum
794 5361 1094 5422 Historiam
1119 5359 1402 5413 Novarum
1423 5357 1677 5427 praefixit,
1697 5361 2030 5414 enarrat.De

433 5463 496 5518 S.
529 5460 815 5522 Anselmo,
869 5449 1186 5508 Chronicon
1218 5447 1508 5512 Beccense,
1563 5461 1690 5517 pag.
1731 5445 1784 5514 2,
1816 5447 1851 5501 5
1881 5460 1938 5503 et
1967 5449 2028 5518 6;

432 5544 569 5609 Vita
594 5541 896 5604 venerabil.
910 5533 1198 5596 Guillelmi
1218 5531 1304 5588 III
1323 5531 1512 5588 abbat.
1530 5533 1788 5589 Beccens.
1811 5552 1940 5608 pag.
1965 5536 2024 5596 41

2115 4431 2451 4504 Gondulplio
2477 4431 2711 4486 Cadomi
2732 4431 3024 4486 mansisse.
3050 4432 3173 4486 Aut
3186 4432 3370 4487 forsan
3388 4421 3676 4490 verius,col-

2113 4521 2322 4576 lobium
2345 4521 2501 4575 illum
2531 4519 2719 4593 ipsum
2747 4527 3006 4592 nepotem
3033 4521 3286 4578 induisse
3306 4520 3484 4582 Becci,
3505 4521 3557 4570 et
3573 4519 3676 4568 stu-

2115 4607 2222 4663 diis
2252 4608 2384 4662 alibi
2414 4625 2640 4680 operam
2673 4626 2906 4663 navasse
2946 4609 3120 4680 prius,
3147 4611 3232 4665 vel
3261 4615 3546 4682 postquam
3573 4617 3677 4656 mo-

2114 4697 2327 4752 nachus
2359 4697 2577 4752 'fuisset
2604 4698 2803 4752 factus.
2854 4699 2924 4752 Et
2963 4715 3099 4752 sane
3154 4705 3347 4770 patere
3391 4696 3594 4751 videtur
3623 4704 3677 4742 ex

2114 4785 2181 4839 D.
2213 4786 2483 4852 Anselmi,
2513 4784 2608 4841 lib.
2639 4799 2678 4852 I,
2708 4785 2873 4857 epist.
2907 4785 2997 4850 10,
3031 4785 3104 4839 24
3125 4793 3181 4840 et
3209 4787 3298 4850 36,
3332 4784 3425 4841 ubi
3450 4778 3677 4853 gratula-

2113 4879 2225 4940 tur,
2245 4880 2650 4946 acceptumque
2671 4875 2844 4930 refert
2864 4875 2920 4930 S.
2936 4875 3269 4942 Lanfranco,
3297 4874 3441 4947 quod
3467 4873 3674 4926 Beccum

2113 4963 2300 5035 potius
2315 4981 2484 5035 quam
2501 4964 2612 5018 alio
2627 4970 2888 5035 nepotem
2898 4965 2968 5018 ad
2984 4965 3328 5020 induendum
3349 4959 3674 5018 monachum,

2107 5053 2503 5108 transmiserit.
2551 5053 2758 5108 Verum
2800 5053 2860 5108 in
2899 5070 2962 5108 re
2999 5053 3190 5120 dubia,
3223 5060 3282 5108 et
3326 5051 3472 5106 haud
3508 5041 3678 5115 magni

2109 5140 2398 5202 momenti,
2431 5157 2603 5212 penes
2645 5142 2913 5196 lectorem
2949 5147 3068 5196 esto
3102 5142 3395 5213 judicium.
3437 5139 3514 5194 De
3541 5135 3677 5189 Gon-

2109 5227 2320 5299 dulpho
2349 5229 2421 5284 ad
2460 5229 2645 5284 Vitam
2677 5247 2870 5301 supra,
2913 5247 3048 5301 pag.
3076 5228 3164 5286 40.

2589 5353 2670 5398 AD
2702 5353 3036 5399 EPISTOLAM
3066 5354 3224 5401 XLVI.

2186 5452 2572 5520 Diaprasi'um.
2625 5452 3004 5508 Electuarium
3044 5471 3109 5507 ex
3169 5449 3448 5507 marrubio
3499 5445 3672 5509 herba,

2123 5542 2386 5596 marrube
2431 5542 2616 5614 vulgo,
2647 5543 2838 5598 Graece
2898 5543 3137 5614 πράσιον;
3168 5540 3416 5616 phtisicis
3454 5536 3674 5594 multum
