3864 6176
161 284 246 343 617
1174 286 1251 342 ΙΝ
1291 287 1514 344 EPIST.
1558 290 1622 343 B.
1664 289 1687 341 Ι

1871 286 2092 341 RANCI—
2117 286 2352 342 NOTJE.
3289 293 3397 352 618

160 411 344 464 confert
382 410 742 480 pharmacum
773 411 942 464 istud.
980 412 1190 465 Paulus
1218 412 1479 482 ngineta
1505 414 1574 468 de
1601 419 1721 468 arte
1736 416 1786 473 A
1803 413 1944 466 tuali
1983 411 2398 466 necessitudine
2421 412 2754 481 cunjunctos
2782 411 3007 468 eosdem
3038 413 3240 485 probat
3262 415 3398 474 Milo

161 499 411 564 medendi,
463 499 555 552 lib.
598 514 690 558 vn.
721 517 844 570 cap.
885 500 979 568 ll;
1008 501 1176 566 Plin.,
1211 501 1304 554 lib.
1338 519 1424 566 xx,
1457 520 1576 573 cap.
1619 502 1716 571 22;
1802 501 2112 572 Crispinus,
2142 501 2199 554 in
2227 500 2356 554 Vita
2385 518 2511 570 pag.
2543 501 2631 560 10,
2670 501 2737 555 D.
2768 500 2863 554 ubi
2888 503 3027 572 quid
3052 503 3156 557 sibi
3187 506 3400 562 accide-

160 596 205 642 et
225 588 452 641 Jacobus
483 587 927 658 Dalechampius,
964 588 1108 642 Hist.
1154 590 1476 658 plantarum
1507 596 1642 644 tom.
1674 593 1716 654 Ι,
1803 596 1909 655 rat,
1944 606 2070 643 cum
2109 589 2299 659 fugam
2333 589 2719 652 meditaretur,
2751 589 2856 642 soli
2887 591 3186 646 Guillelmo
3217 595 3401 664 aperit

159 675 237 730 lib.
263 690 378 738 vm,
410 691 530 746 cap.
563 674 648 738 36,
682 676 893 746 prolixe
944 677 1013 729 de
1063 677 1360 732 virtutibus
1395 685 1451 732 et
1489 679 1722 733 diversis
1805 679 2170 732 Lanfrancus.
2218 677 2582 730 Guillelmum
2614 694 2741 732 vero
2781 678 2839 731 in
2887 678 3144 734 abbatem
3175 682 3401 738 Corme-

159 763 398 818 marrubii
429 763 740 834 speciebus.
1803 767 2038 820 liensem
2085 772 2439 836 assumptum
2487 766 2682 820 eadem
2717 765 2847 820 Vita
2893 767 3158 836 declarat,
3183 787 3308 841 cap.
3340 770 3395 838 2,

613 868 684 906 AD
725 866 1028 908 nmsromu
1067 867 1232 909 xcvn.
1804 855 2007 926 pagina
2043 854 2097 911 4.
2994 846 3002 854 ’

216 945 515 1009 Lanfranco
535 948 582 995 ct
600 944 857 997 Guidoni.
891 944 1003 996 Iste
1034 943 1216 996 Guido
1241 944 1448 997 sodalis
1478 950 1600 998 erat
1627 962 1721 999 ne-
1874 948 2123 998 Priorem
2151 945 2270 997 dom
2282 960 2418 996 num
2451 944 2748 998 Ernostum
2777 949 3142 1003 constituatis.
3167 949 3399 1005 Corme-

160 1031 279 1102 potis
305 1031 618 1095 Lanfranci,
652 1031 747 1100 qui
779 1031 1033 1084 monachi
1063 1031 1382 1085 tirocinium
1415 1032 1579 1086 ambo
1601 1040 1722 1086 tum
1805 1032 1994 1087 liensis
2029 1032 2376 1097 monasterii,
2408 1036 2553 1086 (mea
2580 1033 2804 1102 quidem
2835 1036 3172 1105 conjectura)
3207 1055 3401 1109 quam-

165 1121 297 1173 Becci
325 1119 584 1189 agebant.
607 1119 676 1172 Et
705 1126 1005 1190 utrumque
1033 1119 1110 1173 sic
1131 1122 1485 1175 commendat
1515 1123 1578 1178 S.
1615 1124 1724 1175 An-
1805 1121 1887 1175 vis
1930 1121 2117 1176 forsan
2165 1128 2297 1175 tunc
2336 1123 2606 1192 temporis
2658 1124 2818 1178 Becci
2869 1131 3220 1191 moraretur;
3269 1145 3401 1182 nam

166 1209 358 1270 selmus,
383 1208 526 1261 libro
554 1225 589 1272 ι,
616 1208 834 1278 epistol.
857 1208 946 1270 31,
977 1209 1720 1278 archiprasulilanfranco:
1811 1212 1960 1280 apud
2008 1211 2311 1264 monachos
2368 1216 2424 1264 et
2473 1211 2791 1276 canonicos,
2845 1213 3047 1282 quibus
3092 1217 3403 1284 prasertim

169 1299 271 1350 «De
289 1297 607 1350 dulcissimo
633 1303 687 1350 et
703 1297 1063 1351 dilectissimo
1086 1298 1351 1351 dilectore
1369 1304 1729 1369 meo.nepote
1811 1300 1966 1352 cordi
2002 1305 2126 1352 erat
2181 1299 2486 1368 disciplina
2525 1301 2915 1355 ecclesiastica
2961 1319 3024 1355 ac
3083 1304 3405 1359 monastica

165 1391 334 1449 vestro,
374 1386 536 1454 cujus
575 1387 1016 1439 conversationis
1082 1403 1176 1439 vos
1227 1387 1339 1439 scio
1396 1394 1728 1458 prasentem
1811 1387 1964 1456 rigor
1993 1393 2050 1441 et
2095 1387 2469 1451 observantia,
2512 1389 2570 1440 in
2610 1405 2764 1442 more
2805 1390 3048 1458 positum
3098 1391 3224 1457 fuit,
3271 1392 3407 1446 dum

166 1473 337 1528 habere
364 1475 504 1527 velle
535 1475 795 1528 notitiam
835 1475 939 1527 hoc
983 1475 1136 1529 vobis
1167 1477 1392 1540 mando,
1424 1477 1570 1547 quod
1605 1495 1731 1530 mea
1812 1476 2147 1528 electionum
2163 1477 2292 1545 jure
2313 1477 3232 1545 potirentur,utindiscriminatim
3256 1483 3410 1541 (nota

166 1570 372 1616 testatur
411 1563 778 1616 conscientia.
814 1563 903 1618 Sic
935 1565 1128 1634 utique
1168 1570 1324 1618 cavet
1352 1583 1384 1618 a
1414 1565 1616 1635 quibus
1645 1582 1733 1620 ca-
1811 1564 2035 1634 loquor)
2063 1581 2128 1618 ex
2180 1564 2412 1618 diversis
2442 1564 2698 1617 Ecclesiis
2729 1571 2786 1618 et
2823 1567 3178 1620 monasteriis
3203 1569 3408 1638 episco-

166 1652 388 1716 vendum,
412 1658 476 1705 ut
499 1651 644 1705 nulli
665 1657 919 1706 nostrum
932 1654 1060 1721 jure
1080 1654 1530 1723 reprehensibilis
1551 1655 1731 1708 videa-
1812 1669 1932 1722 pos,
1961 1651 2211 1716 abbates,
2246 1658 2302 1705 et
2329 1652 2563 1721 priores,
2598 1653 2744 1706 viros
2772 1653 3071 1724 inculpata
3098 1655 3242 1720 vita,
3275 1672 3408 1726 pro-

167 1748 266 1805 tur;
295 1742 367 1794 sic
395 1741 591 1794 studet
617 1741 816 1794 humili
844 1741 1259 1811 benignitati,et
1281 1743 1531 1812 benigna
1548 1726 1791 1796 humi-B
1810 1740 1956 1793 bata
1987 1740 2314 1810 prudentia,
2349 1756 2414 1792 ac
2444 1741 2711 1793 doctrina
2735 1741 3054 1810 singularis,
3078 1742 3185 1796 sibi
3213 1744 3410 1814 selige-

169 1830 302 1894 litati,
321 1831 393 1882 sic
413 1830 595 1900 quieti
618 1837 674 1882 et
699 1831 942 1897 silentio,
958 1837 1128 1900 atque
1150 1831 1410 1896 orationi,
1448 1837 1510 1886 ut
1527 1833 1728 1886 merito
1812 1835 1956 1894 rent,
1991 1833 2335 1900 expeterent,
2357 1835 2639 1898 cogerent.

170 1920 225 1973 sit
244 1919 485 1973 omnibus
505 1919 784 1972 amabilis.
815 1921 921 1973 Sed
954 1925 1040 1973 est
1060 1920 1504 1990 quiddam,quod
1531 1939 1731 1992 quam-
1885 1919 2205 1972 Ernostum.
2234 1919 2289 1972 Is
2321 1923 2406 1972 est
2435 1935 2601 1988 quem
2648 1918 2902 1974 Ecclesia
2931 1919 3178 1974 Rotl'ensi
3204 1921 3403 1991 prafe-

170 2008 231 2060 vis
259 2025 366 2060 vere
381 2008 611 2061 credam
636 2009 768 2077 quia
797 2009 1102 2062 clementer
1117 2009 1167 2061 ei
1197 2009 1330 2066 facit
1346 2009 1534 2063 divina
1556 2012 1734 2080 provi-
1815 2007 1957 2060 cisse
1987 2006 2469 2076 archiepiscopum
2514 2007 2891 2060 Lanfrancum
2935 2007 3177 2062 vidimus
3203 2009 3260 2062 in
3291 2010 3415 2078 ejus

171 2097 472 2160 dentia,non
508 2103 701 2150 tamen
728 2097 864 2150 illud
892 2097 1079 2150 videre
1103 2114 1330 2167 possum
1361 2097 1570 2168 absque
1600 2100 1732 2153 cha-
1814 2095 1945 2148 Vita
1982 2095 2148 2148 toties
2187 2095 2477 2164 producta,
2522 2111 2642 2165 cap.
2695 2093 2746 2158 7,
2796 2112 2926 2165 pag.
2967 2093 3018 2160 9,
3064 2102 3122 2150 et
3151 2112 3273 2166 cap.
3326 2096 3414 2163 13,

174 2185 356 2238 ritativa
383 2185 796 2256 compassionis
826 2185 1114 2250 molestia;
1149 2185 1340 2239 dolore
1361 2202 1603 2256 namque
1630 2203 1732 2239 ca-
1815 2200 1943 2254 pag.
1973 2183 2066 2237 15.
2108 2183 2430 2254 Eademque
2477 2183 2682 2254 repetit
2720 2183 2997 2238 Robertus
3034 2184 3104 2238 de
3137 2185 3328 2240 Monte
3358 2185 3418 2240 in

175 2275 277 2343 pitis
302 2279 482 2339 313
511 2276 632 2342 jam
662 2290 763 2344 per
784 2273 970 2343 plures
996 2291 1215 2327 menses
1237 2274 1315 2328 sic
1344 2291 1470 2328 eum
1501 2282 1734 2344 paterae
1816 2273 2010 2326 chron.
2043 2289 2145 2325 ms.
2179 2289 2270 2325 an.
2313 2270 2462 2328 1089.

174 2363 327 2415 divina
346 2361 549 2432 affligit
566 2362 881 2431 castigatio,
909 2368 972 2415 ut
993 2367 1050 2415 et
1071 2363 1370 2431 aliquando
1403 2380 1436 2416 a
1460 2370 1734 2418 conventu
2315 2376 2387 2415 AD
2428 2375 2733 2416 EPISTOLAu
2770 2377 2917 2417 XLIX.

173 2451 413 2504 communi
445 2453 576 2520 ejus
618 2451 743 2504 lata
772 2450 1104 2504 dissocietur
1132 2451 1496 2516 conversatio,
1530 2457 1587 2505 et
1614 2469 1735 2505 om-
1888 2451 1953 2503 Et
1979 2453 2040 2504 in
2064 2454 2181 2504 suis
2205 2468 2287 2504 eos
2309 2454 2458 2516 locis,
2491 2457 2594 2506 etc.
2631 2453 2932 2522 Sumptum
2963 2451 3019 2506 id
3057 2454 3320 2525 pracepti
3351 2470 3420 2509 ex

174 2539 326 2592 ninoa
352 2540 594 2593 lectione
615 2545 713 2592 aut
741 2539 930 2608 aliqua
957 2539 1207 2592 studiosa
1236 2539 1596 2594 meditatione
1617 2542 1736 2610 ejus
1825 2539 2034 2608 regula
2064 2541 2120 2594 S.
2163 2539 2448 2593 Benedicti
2493 2556 2614 2610 cap.
2647 2539 2736 2595 ‘29.
2779 2541 2938 2603 Quod
2985 2543 3318 2596 monachum
3349 2543 3421 2598 ob

178 2628 510 2697 prohibeatur
529 2627 791 2689 intentio,
816 2648 838 2678 ι
869 2634 962 2681 etc.
984 2628 1242 2681 Meminit
1264 2629 1470 2682 iterum
1489 2629 1738 2697 ejusdem
1821 2627 2034 2681 crimen
2066 2644 2096 2680 e
2127 2627 2470 2681 monasterio
2500 2645 2808 2697 egressum,
2838 2629 2883 2682 si
2915 2631 3305 2685 revertaturin
3325 2648 3423 2686 no-

175 2716 447 2782 Lantranci,
475 2717 649 2770 simul
673 2721 730 2769 et
749 2716 1021 2770 Guidonis
1046 2717 1242 2770 eodem
1269 2717 1387 2782 lib.,
1421 2717 1735 2787 epistol.63.
1825 2714 2111 2768 vissimum
2148 2716 2344 2776 locum
2389 2715 2550 2769 docet
2591 2716 2969 2785 dejiciendum
3001 2734 3013 2768 :
3053 2737 3076 2768 ‹
3112 2718 3182 2771 Et
3205 2718 3304 2782 sic,
3329 2719 3423 2772 in-

175 2806 232 2858 Αἱ
256 2806 337 2859 lib.
369 2820 427 2870 ll,
462 2806 632 2876 epist.
666 2804 754 2869 42,
802 2805 960 2858 illum
999 2805 1183 2876 ipsum
1213 2806 1589 2859 Lanfrancum
1618 2805 1741 2875 (qui
1825 2803 1964 2872 quit,
1999 2803 2058 2856 in
2079 2803 2278 2857 ultimo
2306 2804 2485 2872 gradu
2506 2804 2826 2874 recipiatur,
2849 2809 2914 2857 ut
2936 2821 3000 2858 ex
3028 2806 3133 2859 hoc
3161 2806 3282 2874 ejus
3311 2807 3421 2861 hu-

177 2893 291 2946 clam
311 2893 988 2948 etinconsultoB.abbate
1007 2894 1546 2964 squnselmo,quin
1570 2894 1740 2947 etiam
1824 2892 2035 2944 militas
2073 2892 2488 2962 comprobetur.
2536 2915 2557 2939 ι»
2594 2893 2662 2946 Et
2689 2910 2791 2962 cap
2841 2891 2930 2947 44.
2963 2893 3044 2946 De
3077 2893 3147 2946 iis
3184 2893 3282 2962 qui
3327 2911 3423 2948 ex-

178 2983 431 3044 renitente,
449 2999 748 3037 assensum
770 2982 1087 3052 prabuerat
1104 2987 1166 3036 ut
1186 2982 1241 3035 in
1266 2982 1524 3036 abbatem
1550 2982 1742 3037 Sancti
1759 3013 1802 3072 ϐ
1825 2979 2316 3033 communicantur
2347 2997 2358 3032 :
2401 2997 2426 3030 α
2453 2979 2522 3032 Et
2548 2985 2702 3045 tunc,
2736 2979 2780 3033 si
2796 2980 3050 3049 jusserit,
3084 2979 3257 3034 abbas
3285 2982 3424 3036 reci-

178 3069 533 3142 Vandregesili
584 3075 989 3138 assumeretur)
1043 3071 1392 3125 severissime
1458 3071 1736 3141 objurgat,
1766 3066 1801 3072 ⁷
1825 3067 2014 3138 piatur
2039 3067 2098 3120 in
2127 3068 2316 3133 choro,
2351 3067 2433 3120 vel
2467 3067 2660 3121 ordine
2691 3083 2802 3138 quo
2831 3067 3003 3122 abbas
3033 3066 3358 3124 decreverit.
3387 3089 3418 3126 ι

179 3167 436 3232 monetque
487 3177 551 3215 ac
591 3160 841 3231 praecipit
883 3166 1160 3230 quatenus
1205 3161 1533 3214 electionem
1586 3160 1654 3213 de
1683 3175 1742 3213 se
2372 3169 2446 3210 AD
2478 3169 2782 3210 EPISTOLAM
2821 3170 2874 3210 1..

181 3247 345 3303 factam
393 3249 626 3319 abjiciat
659 3249 916 3319 (legenda
955 3249 1163 3302 ibidem
1200 3249 1436 3319 epistola
1474 3249 1741 3303 Gualtero
1895 3246 2164 3300 Rainaldo
2194 3247 2542 3298 Pictavorum
2571 3245 2726 3297 urbis
2746 3247 2953 3298 abbati.
2989 3245 3107 3300 Hoc
3131 3251 3218 3301 est
3240 3261 3424 3303 coeno-

180 3336 320 3403 priori
347 3339 526 3392 sancti
556 3337 1503 3407 Vandregesiliinscripta).Verum
1535 3337 1744 3390 electus
1826 3331 1905 3386 bii
1953 3333 2132 3386 sancti
2187 3331 2452 3403 Cypriani
2483 3331 2553 3384 ad
2599 3348 2791 3386 muros
2824 3331 2982 3386 urbis
3032 3333 3419 3392 Pictaviensis.

181 3425 370 3479 tandem
417 3425 598 3481 abbas
643 3427 990 3480 Lanfrancus
1037 3426 1186 3479 haud
1237 3426 1474 3478 solidum
1532 3442 1741 3478 annum
1823 3422 2056 3476 Veteres
2085 3421 2427 3474 membrana
2449 3421 2699 3490 ejusdem
2731 3422 3098 3478 monasterii:
3139 3443 3167 3478 ι
3199 3423 3426 3479 Rainal-

183 3510 366 3567 abbatia
411 3516 630 3586 potitus
676 3520 794 3578 est;
845 3531 996 3568 nam.
1039 3531 1127 3568 an.
1174 3512 1332 3579 1091,
1368 3514 1552 3584 inquit
1579 3513 1746 3568 breve
1825 3511 1931 3564 dus
1960 3528 2026 3564 ex
2053 3511 2326 3564 monacho
2356 3510 2510 3564 Casa
2542 3509 2659 3572 Dei,
2693 3509 2871 3564 factus
2913 3515 2999 3564 est
3031 3510 3204 3565 abbas
3233 3513 3424 3567 Sancti

184 3599 458 3658 Chronicon
493 3621 599 3658 ms.
625 3605 682 3657 S.
709 3603 1111 3673 Vandregesili,
1143 3623 1167 3654 «
1202 3603 1546 3656 Lanfrancus
1575 3602 1746 3655 abbas
1828 3599 2124 3669 Cypriani;
2150 3615 2314 3670 quem
2331 3598 2726 3652 Cluniacenses
2740 3598 2999 3652 monachi
3019 3599 3124 3653 sibi
3145 3600 3423 3671 subjicere

185 3688 593 3748 Fontanellensis
621 3694 859 3748 canobii
885 3693 1042 3756 obiit,
1071 3694 1158 3746 cui
1179 3692 1445 3746 successit
1473 3692 1746 3744 Girardus
1828 3689 2139 3758 cupientes,
2193 3687 2562 3740 multifariam
2605 3686 2933 3756 fatigarunt,
2967 3688 3066 3741 sed
3099 3705 3164 3742 eo
3186 3689 3424 3744 viriliter

185 3777 321 3834 abbas
349 3783 429 3839 31.
455 3806 478 3831 ι
515 3785 596 3837 De
623 3783 879 3837 Guidone
899 3787 1086 3836 autem
1120 3782 1369 3851 loquitur
1389 3781 1535 3833 idem
1559 3781 1745 3833 S.An-
1829 3781 1888 3828 et
1917 3776 2202 3846 sapienter
2233 3774 2548 3836 resistente,
2591 3790 2702 3827 non
2733 3775 3164 3844 pravaluerunt.
3197 3776 3427 3832 Restitit

185 3868 355 3924 selmus
373 3873 614 3943 epistola
639 3872 794 3942 prius
819 3871 988 3924 citata
1013 3890 1058 3923 τι
1087 3871 1385 3924 Dominum
1408 3869 1741 3932 Guidonem,
1829 3864 1998 3917 etiam
2033 3864 2212 3917 tribus
2235 3863 2289 3916 in
2322 3862 2568 3916 conciliis
2601 3863 2819 3915 favente
2853 3862 2959 3916 sibi
2985 3865 3188 3918 Amato
3215 3865 3420 3935 legato,

186 3970 319 4024 quem
351 3961 680 4031 magisterio
726 3976 1029 4031 puerorum
1060 3958 1399 4021 addidimus,
1441 3957 1521 4010 sic
1561 3956 1746 4010 suavis
1829 3960 1887 4008 et
1912 3952 2222 4007 Isamberto
2270 3951 2527 4021 episcopo
2577 3949 2923 4016 Pictaviensi,
2962 3952 3187 4021 Majoris
3226 3955 3423 4008 Mona-

185 4051 502 4103 commendat
531 4048 868 4115 obedientia,
903 4048 1042 4102 etin
1073 4047 1405 4101 strenuitate
1434 4045 1743 4110 humilitas,
1828 4041 1986 4096 sterii
2029 4039 2337 4103 monachis,
2387 4058 2412 4089 »
2451 4043 2557 4092 etc.
2605 4038 2894 4101 Quomodo
2941 4045 3130 4092 autem
3187 4042 3424 4096 summis

185 4138 235 4186 ut
254 4138 444 4204 pariter
488 4137 722 4209 gloriari
757 4137 1055 4208 possimus,
1090 4141 1146 4190 et
1180 4153 1275 4190 vos
1317 4153 1418 4206 per
1454 4151 1642 4205 quem,
1687 4138 1745 4187 et
1828 4128 2185 4201 pontiﬁcibus
2215 4143 2377 4198 opem
2424 4125 2798 4196 (potissimum
2837 4125 3062 4180 Urbano
3100 4129 3152 4181 lI
3176 4127 3234 4182 in
3262 4145 3421 4183 sum-

186 4235 268 4275 nos
292 4227 376 4296 qui
401 4243 532 4281 eum
565 4227 739 4280 talem
768 4225 1067 4283 habemus.
1107 4245 1130 4276 ι
1826 4235 1975 4272 mam
2024 4216 2399 4270 calamitatem
2452 4215 2692 4282 redacto)
2739 4215 3080 4284 prastiterit,
3135 4215 3307 4270 habes
3355 4234 3423 4272 ex

248 4312 495 4370 Thcodino
527 4317 706 4369 dente.
730 4315 815 4369 Ita
834 4316 894 4368 in
923 4320 1163 4384 utroque
1193 4312 1515 4384 apographo
1547 4316 1604 4365 et
1634 4311 1741 4365 Ca-
1759 4307 2064 4400 Depistola
2091 4304 2341 4400 nondum
2369 4303 2537 4400 (quod
2569 4300 2762 4400 sciam)
2797 4302 2991 4400 edita,‘
3016 4303 3265 4400 ejusdem
3312 4305 3420 4360 Ur-

185 4398 420 4469 domensi,
452 4411 511 4458 et
530 4403 722 4458 Jacobi
751 4404 1033 4458 Sirmondi
1061 4403 1296 4473 legitur;
1330 4402 1427 4456 sed
1457 4400 1740 4466 Horatius,
1762 4391 1803 4400 ”
1826 4395 1958 4450 bani
1986 4395 2057 4447 ad
2090 4392 2389 4464 Episcopos
2432 4396 2488 4444 et
2531 4391 2787 4461 pralatos
2826 4391 3163 4461 Aquitania,
3213 4393 3422 4452 Gasco—

185 4486 288 4543 libr.
316 4509 332 4546 1
365 4494 585 4564 epistol.
625 4491 710 4556 18,
744 4493 815 4546 ad
842 4493 1101 4557 Lollium,
1137 4491 1309 4545 refert
1335 4491 1405 4544 de
1433 4488 1740 4553 Theonino,
1827 4485 1954 4550 nia,
1988 4489 2094 4537 etc.
2131 4500 2143 4534 :
2183 4499 2208 4532 ί(
2242 4480 2647 4534 Dilectissimus
2677 4497 2742 4534 ac
2763 4481 3252 4537 familiarisnoster
3274 4485 3424 4540 ﬁlius

185 4576 289 4632 ﬁcto
315 4583 535 4637 nomine
565 4599 600 4636 a
635 4581 859 4636 Theone
889 4587 1058 4652 poeta
1094 4578 1556 4652 petulantissima
1577 4578 1746 4631 male-
1827 4571 2134 4627 Rainaldus
2176 4568 2499 4622 monasterii
2545 4567 2733 4622 Sancti
2779 4567 3043 4639 Cypriani
3085 4570 3276 4639 abbas,
3326 4589 3425 4628 no-

185 4665 450 4728 dicemiae:
1831 4661 2047 4715 hiscum
2101 4657 2429 4729 aliquandiu
2470 4662 2869 4722 commoratus,
2925 4662 2983 4711 et
3008 4661 3427 4730 oppressionem

1167 4761 1264 4828 qui
1835 4767 2004 4821 quam
2044 4750 2101 4803 S.
2143 4749 2209 4802 R.
2263 4746 2510 4800 Ecclesia
2560 4745 2792 4816 patitur,
2860 4761 2926 4800 ac
2989 4749 3428 4806 consolationem

270 4848 421 4904 Dente
456 4850 736 4904 Theonino
765 4866 890 4904 cum
919 4850 1394 4910 circumroditur;
1423 4847 1616 4914 ecquid
1832 4857 2000 4911 quam
2043 4842 2233 4909 sperat
2281 4836 2339 4890 in
2383 4835 2605 4890 Christo
2647 4835 2948 4903 diligenter
2994 4837 3270 4906 intuitus;
3325 4857 3428 4912 per

269 4937 345 4990 Ad
370 4944 415 4992 te
437 4945 559 5008 post
585 4943 755 5008 paulo
783 4945 1020 4993 ventura
1047 4940 1298 5007 pericula
1325 4939 1492 4990 sentis
1515 4941 1539 4987 ?
1833 4930 2017 5000 ipsum
2046 4927 2236 4996 itaque
2255 4923 2544 4978 charitatis
2565 4929 2761 4978 vestra
2781 4925 3216 4983 sollicitudinem
3240 4930 3430 4986 admo-

654 5040 732 5082 AD
751 5043 1046 5082 smsronau
1071 5040 1256 5080 xcvm.
1836 5035 2056 5082 nemus,
2104 5020 2171 5069 ut
2215 5014 2361 5067 circa
2405 5011 2658 5066 omnium
2705 5018 2952 5068 vestrum
2990 5023 3230 5072 matrem
3261 5020 3318 5074 S.
3358 5020 3429 5078 R.

252 5112 526 5173 Willelmo.
563 5116 668 5171 Hic
695 5117 876 5187 primo
905 5115 1219 5180 Beccensis,
1244 5113 1462 5183 opinor,
1478 5113 1605 5182 post
1625 5110 1756 5163 Cor-
1838 5106 2143 5161 Ecclesiam
2173 5101 2360 5156 debito
2408 5100 2598 5170 vigore
2649 5100 2860 5155 ferveat
2890 5105 3256 5172 prasentibus
3307 5109 3429 5176 ejus

187 5199 441 5258 meliensis
474 5205 713 5260 abbatia
743 5205 1134 5268 monachus,et
1154 5203 1328 5256 abbas
1353 5200 1592 5270 denique
1613 5199 1757 5268 ejus—
1839 5194 2122 5250 laboribus
2144 5196 2331 5258 πτιι
2361 5205 2708 5252 succurrere,
2730 5196 2788 5244 et
2824 5191 2972 5260 quod
2997 5192 3282 5260 aspirante
3313 5195 3429 5248 Deo

189 5285 295 5342 dem
337 5292 440 5347 loci
469 5294 596 5361 fuit,
626 5293 711 5348 uti
739 5294 1057 5365 signiﬁcare
1087 5293 1309 5346 videtur
1348 5291 1454 5344 hoc
1491 5287 1656 5342 titulo
1689 5287 1752 5340 B.
1839 5281 2222 5343 destinaverit,
2261 5295 2362 5350 per
2389 5278 2610 5332 ﬁdelem
2643 5277 2967 5332 ministrum
3014 5280 3258 5334 latorum
3288 5298 3432 5352 pra-

188 5373 502 5438 Lanfrancus
535 5403 547 5438 :
586 5403 609 5435 ι
656 5383 1032 5438 Dilectissimo
1066 5381 1219 5436 Patri
1248 5379 1552 5436 Willelmo,
1584 5390 1758 5446 quon—
1839 5372 2084 5427 sentium
2114 5369 2356 5438 dirigere
2395 5384 2506 5422 non
2531 5371 2845 5434 cunctetur,
2877 5365 2958 5418 ita
2984 5370 3175 5422 tamen
3197 5374 3262 5424 ut
3285 5371 3434 5440 quod

189 5463 300 5520 dam
320 5470 687 5539 dulcissimus,
721 5495 746 5522 ιι
763 5478 868 5527 etc.
893 5472 1039 5538 Quia
1062 5470 1331 5525 nimirum
1362 5467 1521 5522 Becci
1547 5464 1759 5537 pridem
1844 5461 2081 5532 quisque
2105 5457 2424 5522 contulerit,
2459 5455 2699 5526 ascripto
2738 5454 2825 5509 sui
2866 5454 3109 5510 nominis
3136 5456 3301 5513 titulo
3329 5474 3432 5514 no-

190 5552 337 5612 simul
363 5560 531 5616 vitam
579 5561 860 5617 duxerant
886 5560 1313 5628 coenobiticam;
1364 5557 1460 5612 sed
1511 5561 1567 5610 et
1595 5552 1762 5625 spiri-
1843 5555 1975 5607 stra
2005 5546 2218 5603 notitia
2247 5548 2627 5617 reprasentet.
2676 5561 2701 5595 »
2746 5541 2958 5597 Iterum
2988 5541 3250 5602 Urbanus
3297 5545 3436 5603 Rei-

445 5660 705 5724 PATBOL.
735 5660 857 5725 CL.
3116 5643 3198 5712 20
