3864 6176
460 246 571 317 619

1640 230 1906 289 DOMINI
1942 228 2150 285 LUCE
2189 228 2553 288 DACHEBII.

3592 243 3684 300 620

459 372 668 435 auido:
697 382 727 425 ι
757 368 839 424 De
863 361 1133 434 religione
1155 364 1256 416 tua
1280 363 1341 416 et
1356 355 1658 430 prudentia
1681 355 2045 419 conﬁdentes,
2068 358 2115 416 Α
2137 358 2245 422 tas,
2274 355 2420 410 sicut
2462 360 2595 410 sunt
2629 359 2747 410 tres
2787 357 2995 427 angeli,
3024 358 3104 413 ita
3142 364 3331 417 tamen
3375 366 3437 417 ut
3482 379 3587 419 una
3618 366 3684 421 sit

458 457 700 534 apostoli
726 454 890 512 Pauli
916 450 1298 509 obedientiam
1329 445 1779 534 injungimusiut,
1814 444 1959 534 sicut
1986 443 2054 534 de

457 531 772 613 ministerio
825 541 976 613 quod
1022 538 1195 594 ﬁebat
1241 534 1447 591 sanctis
1513 533 1608 603 qui
1652 531 2054 600 Hierosolymis

459 635 809 701 lmbitabant,
852 629 1094 701 gentiles
1132 626 1370 690 Paulus,
1421 639 1560 694 quos
1600 621 1715 674 Deo
1753 625 2054 692 praestante

457 728 830 789 converterat,
861 715 1229 781 admonebat;
1258 714 1337 767 ita
1367 717 1429 765 tu
1448 727 1670 781 quoque
1694 708 1968 781 episcopis
2000 714 2056 763 et

456 812 800 889 proceribus,
832 807 1158 875 caeterisque
1184 800 1471 856 catholicis
1500 805 1663 852 terra:
1691 805 1887 889 vestrm
1914 798 2053 851 ﬁde-

456 887 590 963 liter
612 904 847 959 devotus
883 895 1111 951 insistas
1139 896 1417 963 quatenus
1449 903 1760 959 pauperum
1785 887 2053 940 Romanae

456 991 715 1053 Ecclesiae
766 999 1043 1042 memores
1094 980 1227 1045 sint,
1279 993 1586 1047 eorumque
1635 976 1884 1046 inopiam
1949 991 2054 1028 sua

456 1077 807 1145 abundantia
820 1072 1085 1144 supplere
1113 1084 1226 1123 non
1255 1066 1566 1137 negligant.
1598 1064 1684 1118 Ad
1714 1064 1861 1135 quod
1895 1079 2051 1116 exse-

456 1168 743 1243 quendum
779 1160 1167 1219 charissimum
1200 1156 1379 1211 ﬁlium
1399 1161 1655 1209 nostrum
1958 1151 2053 1243 ab-

454 1240 641 1317 batem
669 1256 728 1312 S.
759 1251 953 1307 Sabini
1000 1247 1211 1303 laboris
1248 1244 1334 1300 tui
1377 1243 1636 1298 comitem
1682 1258 1806 1295 esse
1845 1240 2049 1295 consti-

452 1347 690 1411 tuimus,
712 1348 776 1399 ut
807 1337 1144 1396 maturatius
1186 1348 1576 1405 pressurarum
1601 1335 1924 1385 nostrarum
1953 1345 2050 1385 an-

449 1435 657 1508 gustiis
681 1430 911 1489 valeatis
939 1425 1251 1490 subvenire,
1283 1429 1391 1477 etc.
1411 1446 1437 1473 υ
1461 1422 1584 1475 Huc
1606 1436 1785 1489 usque
1810 1436 1876 1472 ex
1894 1418 2051 1508 char-

453 1505 661 1585 tulario
707 1517 1035 1577 monasterii
1078 1511 1271 1570 Sancti
1310 1510 1575 1582 Cypriani
1602 1505 2050 1578 congregationis

450 1612 644 1673 Sancti
670 1608 875 1668 Mauri.
901 1608 1181 1662 Caeterum
1227 1601 1297 1656 ad
1333 1599 1593 1654 eumdem
1619 1596 1953 1652 Rainaldum
1982 1597 2046 1650 B.

2136 444 2392 497 voluntas
2417 451 2475 497 et
2500 449 2779 515 potestas;
2812 451 2913 499 aut
2940 447 3162 501 Patrem
3205 454 3262 503 et
3301 449 3554 519 Spiritum
3580 470 3686 509 san-

2137 538 2287 585 ctum
2319 549 2441 585 esse
2470 533 2841 599 incarnatum,
2865 546 2921 589 et
2948 541 3061 590 tres
3087 537 3221 592 deos
3247 555 3369 593 vere
3396 540 3497 594 dici
3524 558 3683 610 posse,

2137 619 2184 673 si
2213 636 2348 674 usus
2372 621 2715 675 admitteret.
2745 624 2809 677 In
2838 640 2948 693 qua
2976 626 3252 680 sententia
3269 628 3466 680 asserit
3488 645 3687 685 venera-

2137 708 2261 761 bilis
2297 710 2577 764 memorize
2604 711 3080 782 archiepiscopum
3124 715 3485 771 Lantrancurn
3517 718 3683 784 fuisse,

2136 802 2191 848 et
2222 813 2310 849 me
2332 814 2473 862 esse,
2511 818 2533 848 ι
2567 808 2671 852 etc.
2695 800 2906 855 Deinde
2926 813 3113 871 partes
3129 808 3249 857 tum
3275 806 3685 873 praestantissimi

2134 886 2391 954 magistri
2421 886 2508 941 sui
2533 893 2652 941 tum
2684 905 2815 942 suas
2844 889 2901 942 in
2923 891 3157 944 concilio
3186 892 3441 947 Remensi
3477 896 3685 950 tuendas

2135 976 2418 1046 suscipere
2448 983 2611 1046 rogat
2639 978 2962 1048 episcopum
3011 979 3398 1033 Belvacensem
3422 997 3435 1031 :
3473 998 3495 1029 ί(
3520 981 3688 1035 Archi-

2135 1064 2456 1135 episc0pum
2506 1065 2732 1135 quidem
2781 1065 3156 1127 Lanfrancum
3195 1068 3404 1134 (subdit
3443 1068 3549 1136 ille)
3590 1069 3685 1123 vita

2135 1152 2255 1221 ejus
2284 1154 2477 1208 multis
2501 1154 2777 1224 religiosis
2806 1160 2864 1209 et
2890 1156 3238 1225 sapientibus
3268 1157 3398 1211 viris
3416 1140 3557 1217 nota,
3574 1158 3686 1227 quia

2132 1241 2201 1294 de
2228 1258 2294 1295 eo
2314 1258 2600 1313 nunquam
2623 1243 2834 1313 aliquid
2862 1244 2975 1298 tale
3015 1245 3225 1311 sonuit,
3257 1244 3327 1298 ab
3367 1246 3467 1299 hoc
3483 1245 3685 1300 crimine

2132 1330 2267 1384 satis
2296 1338 2539 1396 excusat,
2575 1337 2630 1385 et
2659 1331 2913 1387 absentia
2951 1338 3010 1386 et
3050 1350 3201 1387 mors
3237 1335 3359 1403 ejus
3403 1350 3608 1388 omnem
3628 1335 3686 1389 de

2132 1434 2198 1472 eo
2225 1435 2426 1472 novam
2456 1421 2868 1474 accusationem
2890 1410 3127 1474 recusat.
3148 1421 3229 1475 De
3246 1437 3335 1475 me
3359 1428 3682 1481 autem.etc.o

2132 1508 2409 1563 Caeterum
2438 1509 2505 1566 B.
2539 1509 2835 1563 Lanfranci
2866 1509 3034 1563 verba
3054 1509 3154 1563 illa
3181 1510 3307 1580 plus
3334 1509 3465 1563 satis
3480 1510 3689 1564 Roscelio

2132 1613 2267 1651 num
2289 1597 2598 1662 confutant,
2622 1598 2914 1652 audaciam
2936 1598 3265 1663 retundunt,
3280 1598 3492 1653 diluunt
3512 1598 3689 1652 calum~

446 1664 686 1761 irnﬁeelm—
609 1664 643 1669 Ψ
962 1692 1295 1769 opusculum
1319 1688 1411 1743 cui
1439 1687 1637 1743 titulus
1659 1687 2045 1753 Menelogium,
2063 1664 2110 1724 Β
2133 1685 2304 1739 niam.
2342 1676 2574 1757 Ecquid,
2605 1686 2825 1751 amabo,
2856 1686 2905 1740 is
2954 1687 3063 1740 nisi
3096 1687 3383 1742 Christum
3427 1687 3481 1741 in
3521 1687 3688 1741 eadem

451 1791 549 1845 lib.
584 1804 624 1854 ι,
656 1786 820 1858 epist.
849 1785 941 1838 74.

522 1877 928 1945 Borengart'um
952 1873 1092 1926 dico.
1135 1866 1403 1923 Pluribus
1432 1881 1601 1935 supra
1626 1864 1685 1916 in
1713 1861 1876 1934 epist.
1906 1861 1959 1925 1,
1994 1878 2046 1927 a,

444 1971 597 2033 ομ,
622 1981 685 2032 tl,
718 1965 791 2025 de
832 1959 1207 2028 Berengario;
1256 1957 1418 2024 cujus
1462 1953 1627 2007 verba
1679 1952 1739 2006 in
1782 1951 2047 2005 extremis

446 2054 622 2129 positi
650 2048 921 2109 describit
947 2047 1006 2102 in
1042 2047 1191 2101 hunc
1221 2044 1454 2098 modum
1488 2041 1637 2097 Guil.
1682 2038 2042 2095 Malmesbur.

442 2142 548 2203 lib.
576 2155 644 2199 ιιι
668 2141 748 2197 De
770 2142 919 2209 gest.
941 2135 1155 2204 Anglor
1201 2152 1246 2190 ,ε
1280 2129 1655 2201 Berengarius
1670 2129 1835 2199 plane
1856 2144 2048 2199 quam-

448 2232 533 2286 vis
588 2226 928 2284 sententiam
974 2222 1295 2285 correxerit,
1331 2235 1526 2274 omnes
1572 2225 1779 2281 tamen,
1815 2232 1955 2286 quos
1982 2232 2047 2269 ex

449 2319 585 2375 totis
613 2316 782 2372 terris
811 2314 1231 2384 depravaverat,
1264 2313 1589 2363 convertere
1620 2305 1888 2375 nequivit.
1920 2322 1946 2357 2)
1976 2304 2046 2357 Et

444 2408 597 2471 infra
626 2424 641 2460 :
669 2423 699 2459 ι
728 2403 875 2469 Quia
907 2406 965 2456 et
999 2401 1121 2470 ipse
1162 2399 1254 2453 die
1301 2394 1745 2468 Epiphanorium
1773 2392 2041 2457 moriens,

439 2496 777 2569 gemituque
806 2491 1077 2563 producto
1106 2486 1431 2543 recordatus
1446 2490 1582 2555 quot
1600 2483 1833 2536 miseros
1863 2497 2043 2553 quon-

436 2586 579 2641 dam
603 2583 931 2639 adolescens
954 2578 1137 2649 primo
1166 2574 1349 2630 aetatis
1375 2572 1559 2628 calore
1588 2577 1744 2625 secta
1768 2586 1874 2624 sua
1901 2569 2044 2623 infe-

436 2678 602 2731 cerat
632 2691 646 2726 :
675 2688 702 2722 ι
732 2668 933 2734 Hodie,
972 2664 1175 2736 inquit,
1207 2664 1268 2718 in
1296 2662 1386 2716 die
1412 2659 1780 2733 apparitionis
1808 2675 1922 2712 sua:
1943 2675 2044 2729 ap-

437 2760 667 2835 parebit
692 2758 835 2815 mihi
855 2755 1128 2819 Dominus
1158 2768 1317 2807 meus
1341 2752 1369 2804 J
1376 2766 1504 2805 esus
1534 2748 1790 2804 Christus
1817 2754 2046 2819 propter

435 2848 856 2924 penitentiam.
916 2851 982 2905 ut
1020 2859 1203 2914 spero,
1250 2841 1323 2897 ad
1349 2840 1629 2911 gloriam;
1682 2838 1767 2893 vel
1813 2844 2046 2909 propter

432 2941 602 3008 alios,
633 2938 912 3005 uttimee,
938 2934 1275 3005 adprenam.
1321 2949 1344 2981 ι

442 3060 450 3073 ι
520 3031 722 3087 Vocant
756 3041 886 3083 eum
938 3025 1313 3080 Rmuanorum
1358 3020 1705 3085 Luci/crum.
1752 3016 1947 3071 Potius
1975 3032 2043 3069 cx

442 3117 720 3175 memoria
766 3128 937 3185 quam
964 3109 1248 3181 ipsissima
1287 3107 1469 3163 sancti
1516 3106 1845 3176 Hieronymi
1875 3105 2043 3158 verba

432 3208 655 3267 referre
675 3204 914 3267 videtur,
938 3200 1023 3255 sic
1038 3197 1299 3253 laudibus
1325 3196 1608 3250 adornans
1628 3196 1685 3250 S.
1719 3192 1997 3249 Hilarium
2024 3212 2036 3260 ;

440 3294 819 3366 aauiquidom
844 3288 983 3360 (nisi
1030 3286 1302 3343 memoria
1342 3301 1433 3341 me
1479 3285 1656 3352 fallat)
1703 3284 1852 3337 inter
1890 3281 2042 3335 illius

434 3383 690 3443 doctoris
700 3394 881 3451 opera
905 3376 1059 3435 haud
1078 3390 1366 3446 quaquam
1384 3374 1516 3429 licet
1530 3372 1801 3428 invenire.
1828 3370 1918 3425 Sic
1945 3387 2043 3424 an—

440 3477 564 3529 tem
591 3469 800 3540 legitur
827 3465 976 3538 apud
996 3464 1263 3521 eumdem
1294 3462 1721 3531 Hieronymum,
1754 3464 1908 3514 temo
1936 3460 2036 3525 III,

438 3561 612 3633 epist.
649 3557 777 3624 Ml,
808 3556 881 3613 ad
908 3555 1230 3611 Marcellam
1267 3571 1280 3605 :
1331 3570 1359 3603 «ί
1389 3552 1632 3605 Tantum
1662 3549 1841 3602 virum
1872 3547 2041 3615 (Hila-

438 3650 616 3717 πίω)
641 3652 701 3703 et
720 3643 1073 3715 temporibus
1101 3641 1220 3697 suis
1262 3639 1693 3694 disertissimum
1740 3636 2039 3706 reprehen-

434 3739 582 3794 dere
598 3751 714 3792 non
740 3734 939 3797 audeo.
975 3732 1074 3803 qui
1103 3736 1162 3785 et
1180 3727 1547 3785 confessionis
1575 3742 1689 3781 suae
1712 3725 1934 3791 merito,
1982 3730 2042 3779 et

440 3825 573 3882 rite
598 3821 898 3885 industria,
938 3826 998 3874 et
1031 3816 1365 3887 eloquentia
1392 3813 1668 3879 claritate,
1702 3811 2040 3879 ubicumque

438 3914 764 3971 Romanum
783 3923 991 3966 nomen
1008 3910 1097 3962 est
1133 3903 1490 3975 prmdicatur.
1523 3920 1552 3955 ›)
1582 3900 1727 3955 Item
1757 3901 1816 3954 in
1840 3899 2041 3969 praefa-

433 4002 600 4060 tione
624 4001 724 4058 lib.
756 4012 853 4055 νιιι
867 3998 1247 4054 Commentar.
1276 3992 1334 4046 in
1350 3990 1555 4046 Isaiam
1572 4004 1617 4041 ει
1642 3989 1811 4055 Quisi
1832 3990 2043 4042 ﬂumen

437 4092 800 4162 eloquentiae,
832 4092 889 4142 ot
910 4083 1217 4141 concinnas
1230 4079 1669 4137 declamationes
1698 4077 2038 4142 desiderant,

437 4181 641 4251 legant
670 4176 939 4241 Tullium,
964 4171 1397 4236 Quintilianum,
1421 4173 1635 4234 etc.,et,
1657 4166 1800 4220 utad
1820 4174 2041 4220 nostros

2130 1791 2371 1845 persona
2420 1774 2704 1828 hominem
2756 1792 2949 1830 verum
3015 1782 3073 1829 et
3125 1777 3305 1830 Deum
3344 1792 3528 1830 verum
3568 1790 3687 1845 esse,

2134 1870 2304 1934 atque
2318 1864 2501 1918 solum
2528 1863 2712 1935 ipsum
2731 1864 3037 1918 humanam
3060 1870 3328 1919 naturam
3357 1864 3689 1935 assumpsisse

2130 1953 2470 2022 proﬁtetur?
2521 1953 2584 2007 In
2645 1952 2767 2023 ipsa
2810 1969 3031 2025 quoque
3069 1970 3313 2023 persona
3357 1969 3477 2008 cum
3504 1958 3690 2006 asserat

2128 2057 2258 2094 vere
2296 2040 2668 2106 divinitatem,
2708 2058 2773 2094 ac
2818 2041 2975 2094 Patri
3013 2047 3071 2096 et
3120 2042 3354 2113 Spiritui
3402 2046 3580 2096 sancto
3608 2056 3692 2112 per

2130 2130 2318 2182 omnia
2342 2146 2463 2183 esse
2488 2130 2781 2200 aequalem,
2816 2131 3139 2184 nullatenus
3171 2137 3283 2184 tres
3314 2131 3443 2185 deos
3472 2129 3569 2183 dici
3592 2144 3695 2200 pos-

2128 2234 2188 2275 se
2219 2218 2381 2272 docet
2412 2218 2722 2290 perspicue,
2762 2220 2926 2287 juxta
2948 2219 3270 2289 symbolum
3309 2220 3373 2275 D.
3418 2217 3691 2273 Athanasio

2127 2308 2431 2378 ascriptum
2455 2325 2498 2359 ξι
2528 2307 2721 2370 Qualis
2744 2308 2928 2369 Pater.
2960 2309 3090 2363 talis
3117 2309 3311 2373 Filius,
3337 2308 3462 2362 talis
3477 2306 3689 2377 Spiritus

2127 2403 2371 2451 sanctus.
2397 2418 2417 2445 ι
2443 2397 2733 2450 Postremo
2754 2413 2977 2467 quoque
3000 2397 3098 2451 illo
3129 2398 3296 2451 elfato
3318 2415 3364 2450 ιι
3390 2395 3688 2465 Unigenitus

2125 2485 2309 2539 Patris
2339 2485 2417 2538 ita
2463 2485 2522 2537 in
2555 2486 2830 2538 mundum
2890 2486 3060 2551 venit,
3101 2492 3167 2539 ut
3208 2493 3393 2539 tamen
3423 2502 3456 2538 a
3483 2490 3686 2556 paterno

2126 2572 2254 2627 sinu
2300 2589 2590 2642 nunquam
2636 2572 2966 2633 discederet,
3003 2594 3023 2622 ι
3050 2573 3204 2627 haud
3235 2573 3463 2626 obscure
3490 2572 3688 2625 demon-

2127 2667 2271 2715 strat
2316 2663 2630 2732 sejunctam
2687 2667 2788 2715 aut
2823 2660 3197 2733 separabilem
3254 2678 3521 2733 nusquam
3549 2674 3686 2732 posse

2125 2766 2249 2804 esse
2273 2750 2472 2804 divinae
2505 2756 2721 2803 naturae
2750 2756 3018 2803 aeternam
3040 2752 3448 2805 connexionem
3481 2767 3493 2816 ;
3520 2762 3681 2802 nonne

2124 2839 2330 2893 mentis
2367 2838 2528 2909 inops
2575 2839 2723 2892 foret
2757 2838 2852 2892 ille
2888 2840 3222 2905 censendus,
3264 2839 3379 2910 qui,
3423 2837 3560 2910 quod
3604 2851 3688 2890 un-

2128 2943 2298 2999 quam
2337 2926 2533 2997 nequit
2561 2926 2829 2997 separari,
2859 2937 3188 2998 separatum
3226 2925 3559 2981 afﬁrmaret?
3588 2925 3691 2977 Au-

2059 2980 2106 3040 C
2128 2980 2348 3069 diamus
2367 2980 2533 3085 pdrro
2552 2980 2736 3084 ipsum
2756 2980 3076 3084 loquentem
3096 2980 3294 3088 cap.
3312 3016 3340 3069 1
3445 3016 3690 3069 Romanos

2120 3120 2252 3176 pag.
2279 3102 2332 3168 9,
2359 3118 2418 3167 ιι,
2446 3102 2535 3170 ‘20,
2559 3104 2632 3157 ad
2662 3104 2766 3158 hoc
2784 3104 3013 3158 verbum
3027 3108 3265 3159 Justilia
3297 3125 3312 3158 :
3348 3124 3372 3155 cr
3404 3102 3524 3158 Alia
3543 3115 3689 3155 causa

2124 3210 2225 3247 cur
2254 3209 2368 3246 non
2413 3184 2724 3257 erubescat,
2763 3192 2895 3262 quia
2947 3192 3007 3246 in
3036 3209 3105 3246 eo
3156 3193 3435 3247 reveletur
3476 3190 3690 3261 qualiter

2115 3284 2300 3354 justos
2332 3282 2501 3335 faciat
2523 3284 2813 3337 credentes
2851 3300 2918 3336 ex
2961 3284 3070 3337 fide
3107 3282 3328 3337 Veteris
3355 3276 3684 3343 Testamenti,

2123 3386 2234 3440 qua
2258 3386 2403 3423 unus
2425 3370 2574 3423 Deus
2594 3370 2945 3437 credebatur,
2966 3370 3297 3441 proﬁciente
3317 3370 3372 3423 in
3388 3368 3545 3423 [idem
3564 3362 3685 3420 Novi

2123 3458 2489 3521 Testamenti,
2513 3476 2624 3530 qua
2652 3460 2837 3521 Pater,
2863 3465 2920 3512 et
2942 3459 3137 3526 Filius,
3154 3465 3212 3513 et
3232 3458 3467 3531 Spiritus
3489 3458 3686 3509 sanctus

2122 3563 2269 3600 unus
2296 3553 2349 3599 et
2381 3546 2564 3600 trinus
2587 3547 2736 3600 Deus
2750 3547 3030 3601 creditur?
3064 3567 3087 3597 ι
3112 3548 3177 3602 In
3200 3560 3397 3619 cap.m
3418 3544 3485 3599 ad
3501 3543 3681 3613 οδω,

2122 3634 2195 3689 ad
2211 3636 2526 3700 335mm
2560 3652 2571 3686 :
2598 3637 2737 3689 Deus
2763 3640 2953 3689 autem
2983 3651 3134 3689 unus
3164 3641 3257 3689 cst.
3285 3655 3311 3688 α
3338 3630 3682 3702 Quia.inquit,

2124 3723 2411 3778 Christum
2457 3723 2597 3776 dixit
2634 3724 3001 3778 Mediatorem
3038 3724 3142 3778 Dei
3173 3723 3426 3778 videlicet
3450 3727 3504 3775 et
3530 3717 3686 3774 homi-

2122 3828 2259 3866 num
2287 3818 2341 3865 et
2371 3812 2625 3867 Christus
2652 3819 2756 3878 est,
2803 3812 3139 3867 videbantur
3167 3830 3291 3868 esse
3328 3813 3435 3867 duo
3454 3810 3560 3873 dii;
3604 3804 3686 3862 sed

2119 3901 2293 3956 absit!
2346 3901 2502 3955 Unus
2550 3901 2699 3955 enim
2730 3902 2897 3963 Deus,
2930 3902 3120 3968 Pater,
3154 3908 3212 3956 et
3238 3902 3428 3967 Filius,
3462 3906 3516 3954 et
3540 3894 3687 3968 Spiri-

2120 3995 2215 4055 tus
2239 3996 2484 4044 sanctus.
2521 4010 2544 4040 »
2568 3990 2711 4044 Sunt
2735 3997 2791 4044 et
2822 3990 2935 4043 alia
2961 3990 3020 4043 id
3046 4007 3229 4061 genus
3268 3990 3499 4062 sparsim
3516 3992 3622 4041 toto
3638 3983 3689 4037 in

2122 4078 2541 4136 Commentario
2570 4079 2639 4133 ad
2660 4078 2936 4150 Epistolas
2957 4080 3030 4133 ‘D.
3061 4080 3227 4134 Pauli
3258 4080 3543 4134 innumera
3568 4087 3689 4146 pene

2124 4168 2265 4221 loca.
2298 4167 2618 4221 Detraxisse
2647 4168 2876 4222 demum
2902 4168 3094 4239 magni
3130 4168 3430 4224 Lanfranci
3450 4158 3691 4234 singulari

438 4249 689 4335 veniam,
712 4264 1144 4328 Tertullianum,
1162 4259 1531 4333 Cyprianum,
1555 4256 1853 4322 Hilarium,
1877 4274 1905 4309 ι
1928 4261 2035 4308 etc.
2054 4293 2108 4353 Β
2124 4256 2390 4311 doctrinae
2433 4256 2751 4324 nonnullos,
2785 4257 2979 4328 paucis
3012 4257 3257 4329 ipsemet
3295 4258 3520 4311 innuere
3560 4249 3690 4353 vide-

514 4359 791 4415 Dontimu
840 4356 997 4411 Jews
1050 4352 1298 4405 Christus
1332 4350 1395 4401 in
1420 4347 1610 4400 eadem
1640 4360 1897 4413 persona,
1930 4336 2105 4396 etc."
2127 4351 2239 4413 tur,
2271 4345 2395 4399 Iad
2429 4345 2682 4400 Corinth.
2727 4359 2786 4410 ιι,
2829 4344 2913 4416 l3,
2942 4346 3002 4399 in
3043 4346 3177 4411 line,
3228 4345 3300 4399 ad
3348 4345 3464 4398 haec
3500 4336 3686 4394 verba:

436 4449 582 4505 line
609 4451 670 4502 et
698 4460 823 4515 qua
848 4445 1167 4512 sequuntur
1181 4434 1504 4506 longissime
1516 4434 1723 4489 absunt
1751 4450 1785 4485 a
1810 4432 2043 4487 crimine

435 4538 545 4594 illo
576 4536 853 4592 immoene
875 4527 1213 4590 Trinitatis,
1246 4524 1397 4595 quod
1426 4524 1485 4579 S.
1517 4524 1847 4587 Lantranco,
1890 4537 2045 4575 mor-

434 4626 553 4683 itali
577 4624 693 4679 vita
711 4623 921 4683 functo,
971 4618 1261 4687 imponere
1287 4613 1474 4669 nescio
1502 4629 1615 4683 qua
1641 4612 1825 4666 fronte
1860 4611 2047 4665 fuerat

434 4688 622 4771 anno
651 4709 881 4782 quidam
914 4702 1377 4776 Compendiensis
1389 4702 1643 4767 clericus,
1678 4700 1908 4755 nomine
1932 4700 2045 4754 Ro-

442 4802 723 4859 melinus:
778 4802 839 4854 et
877 4795 1124 4868 quidem,
1172 4799 1237 4851 ut
1280 4790 1518 4847 validius
1563 4788 1853 4844 insibilare
1895 4788 2046 4842 virus

429 4903 830 4965 spargatque
874 4890 1085 4958 posset,
1130 4881 1407 4954 pestiferae
1451 4895 1566 4933 suae
1603 4884 1768 4935 sectae
1796 4877 2045 4932 conscios

445 4998 552 5038 seu
576 4977 877 5050 nngisttos
905 4974 1167 5031 eumdem
1197 4969 1509 5028 antistitem
1526 4972 1587 5022 et
1604 4968 1667 5022 B.
1690 4967 2042 5031 Anselmum,

432 5069 834 5129 sanctissimos
887 5066 1036 5123 viros
1071 5067 1130 5115 et
1160 5060 1234 5116 de
1277 5058 1525 5115 Emissis
1559 5056 1834 5111 catholica
1868 5071 2044 5125 quam

447 5162 660 5234 optime
678 5155 1043 5230 promeritae,
1082 5149 1437 5213 susmbat,
1474 5147 1780 5211 asserebat,
1825 5147 2043 5216 procla-

428 5251 679 5317 mabat;
734 5242 1214 5318 quemadmodum
1252 5240 1443 5309 legere
1484 5243 1571 5291 est
1597 5236 1746 5307 apud
1774 5236 2041 5290 eumdem

431 5340 799 5402 'Anoelmnm,
828 5333 931 5388 lib.
962 5345 1025 5397 ιι,
1052 5329 1220 5400 epist.
1268 5329 1335 5383 41
1391 5327 1464 5383 ad
1493 5326 1816 5397 episcOpum
1842 5325 2041 5381 Βεινε.

426 5443 675 5487 mecm
696 5442 714 5479 :
743 5442 773 5478 ι
799 5421 985 5479 Audio
1010 5420 1144 5491 quia
1191 5417 1518 5474 Rosoelinua
1563 5415 1797 5473 clericus
1826 5414 1967 5469 dicit
1979 5415 2040 5470 in

424 5504 2105 5586 ~Doohu-pmonﬂeasetresmabinvieemsepara-.

2127 4434 2251 4489 Non
2278 4438 2341 4488 in
2368 4435 2557 4499 doctis,
2601 4440 2705 4488 etc.
2756 4453 2777 4483 ι
2829 4433 2963 4497 Quae
2994 4451 3097 4507 per
3131 4434 3372 4504 singula,
3399 4429 3590 4502 inquit,
3617 4439 3692 4478 ex-

2126 4540 2412 4595 ponerem,
2460 4522 2567 4576 nisi
2613 4522 3007 4594 imperitorum
3043 4524 3344 4579 hominum
3372 4520 3561 4579 talium
3582 4515 3690 4569 doc-

2126 4612 2404 4666 trinarum
2429 4628 2684 4664 murmur
2710 4612 3026 4670 timeretur.
3062 4631 3088 4665 »

2198 4702 2376 4769 Neque
2396 4703 2545 4754 enim
2572 4702 2729 4754 homo
2778 4704 2840 4753 in
2873 4705 3024 4755 terra
3068 4703 3285 4771 degens,
3333 4703 3395 4754 in
3439 4699 3553 4753 c0310
3581 4699 3693 4747 tunc

2129 4807 2233 4843 esse
2254 4792 2481 4859 poterit.
2506 4789 2651 4843 Solis
2679 4789 2949 4843 nimirum
2974 4790 3237 4845 humanae
3259 4795 3470 4844 natura!
3491 4781 3690 4843 viribus;

2128 4895 2255 4933 cum
2283 4878 2532 4949 alioquin
2570 4878 2630 4931 in
2675 4879 2926 4932 confesso
2975 4879 3050 4935 sit
3092 4880 3242 4950 apud
3272 4892 3462 4933 omnes
3491 4873 3579 4928 SS.
3610 4870 3696 4923 Pa-

2128 4973 2243 5021 tres
2283 4974 2452 5037 atque
2492 4966 2748 5021 Ecclesiae
2776 4967 3065 5022 catholica:
3094 4968 3369 5031 doctores,
3394 4965 3461 5018 de
3487 4960 3697 5014 veritate

2125 5056 2375 5127 corporis
2392 5055 2601 5110 Christi
2629 5056 2688 5110 in
2709 5063 3059 5111 sacramento
3083 5057 3445 5116 disserentes,
3473 5050 3527 5104 id
3552 5044 3697 5103 modo

2125 5145 2561 5218 supernaturali,
2594 5162 2659 5199 ac
2687 5145 2954 5201 divinitus
2985 5145 3108 5200 ﬁeri
3137 5162 3322 5217 posse,
3355 5137 3697 5215 quemadmo-

2124 5236 2258 5291 dum
2296 5242 2351 5289 et
2374 5235 2615 5305 ipsemet
2631 5234 2977 5290 Lanfrancus
2991 5233 3193 5309 probat
3217 5234 3282 5289 in
3307 5231 3491 5289 liber
3518 5228 3592 5282 De
3615 5236 3698 5278 eu-

2122 5324 2402 5380 charistize
2424 5330 2795 5379 sacramento.

2652 5428 2724 5469 AD
2771 5427 3086 5473 EPISTOIM
3110 5429 3182 5473 LI.

2188 5504 2430 5561 Causam
2454 5502 2711 5563 Godvim‘.
2740 5503 2800 5560 Is
2822 5509 2912 5561 est
2931 5505 3126 5561 forsan
3159 5502 3319 5574 cuius
3348 5494 3693 5571 {158de
