3902 6166
191 221 271 280 6‘21
308 248 315 263 ι
1205 217 1282 271 IN
1321 217 1543 272 EPIST.
1585 218 1648 287 Β.
1690 216 1766 269 LA

1856 215 2031 270 i‘RAN
2036 215 2108 270 CI
2144 216 2378 271 ΝΟΤᾸΕ.
3324 214 3433 275 622

189 351 261 399 rat
306 345 356 397 S.
411 342 706 397 Eduardus
750 355 846 392 rex
892 338 1221 407 Anglorum,
1264 341 1470 411 quique
1509 338 1824 398 maximaA
1890 323 2298 397 'GEvI-znmnus
2320 336 2771 409 Salzeburgensis
2793 323 3470 411 episcopus,HEnMANNo

190 434 369 505 potitus
419 431 752 484 auctoritate
803 430 1042 500 pessime
1090 446 1149 482 se
1190 430 1382 498 gessit,
1425 447 1488 483 ac
1525 429 1755 483 tandem
1842 429 2073 483 Metensi
2104 429 2381 499 episcopo,
2409 427 2670 481 salutem.
2692 425 2981 481 Wibertus
3011 428 3295 498 quondam
3326 427 3433 484 Ra-

191 520 474 576 miserrime
496 524 734 571 mortem
755 518 1007 588 oppetiit.
1032 517 1678 571 Guillelm.Pictavensis
1699 517 1754 570 in
1838 535 2045 572 vennas
2102 517 2571 588 archiepiscopus,
2632 532 2758 570 cum
2815 515 3210 584 obedientiam,
3261 534 3433 589 quam

190 612 314 665 Gest.
341 607 646 671 Guillelmi,
672 624 798 677 pag.
819 604 940 670 178,
966 611 1023 659 et
1046 606 1209 669 infra,
1235 606 1440 677 aliique
1466 605 1750 678 permulti.
1838 607 2152 677 apostolicae
2188 605 2307 660 sedi
2344 607 2669 675 juramento
2707 606 3062 675 promiserat,
3103 623 3217 660 non
3246 611 3432 662 atten-

190 700 276 754 Sed
294 697 422 771 quia
440 697 509 750 de
529 696 786 749 adultera
806 695 945 749 nihil
972 695 1230 761 occurrit,
1250 696 1564 750 Godvinum
1594 696 1753 749 illum
1836 695 1986 761 dere,
2013 696 2110 749 sed
2133 695 2301 749 etiam
2322 694 2501 765 ipsam
2525 693 2842 748 omnimode
2863 692 3153 765 superbire
3183 694 3432 749 studuis-

188 805 285 843 esse
312 787 592 839 afﬁrmare
622 801 734 838 non
766 784 966 837 audeo.
1835 790 1938 849 set,
1971 784 2028 837 in
2068 785 2322 838 Romana
2346 782 2560 853 synodo
2598 781 3110 854 irrecuperabiliter
3146 782 3435 855 depositus

679 890 749 927 AD
789 887 1087 927 smsroma
1119 887 1236 926 LIII.
1834 878 2027 937 ειτθ
2055 880 2111 927 et
2139 872 2643 927 anathematizatus
2673 878 2759 925 est
2786 871 2855 925 ab
2883 872 3189 943 apostolica
3216 872 3347 927 sede
3378 876 3439 926 et

243 966 425 1022 Abbati
459 965 746 1017 Turstano.
796 961 1045 1014 Historia
1084 978 1190 1015 ms.
1225 978 1346 1031 quze
1386 959 1489 1014 sub
1525 960 1753 1013 nomine
1835 960 1904 1015 ab
1946 962 2219 1032 episcopis
2242 962 2415 1015 totius
2441 960 2725 1026 Ecclesiae;
2758 977 2860 1015 nec
2891 962 2993 1015 hoc
3029 961 3201 1015 semel
3230 961 3289 1016 in
3317 976 3437 1016 una

190 1052 441 1109 Guillelmi
474 1052 543 1104 de
573 1049 878 1119 Nangiacio
923 1051 1318 1104 circumfertur
1350 1068 1361 1102 :
1400 1072 1421 1099 σι
1456 1050 1520 1104 In
1551 1049 1755 1119 Anglia
1836 1051 2067 1121 synodo,
2098 1051 2195 1104 sed
2240 1051 2298 1103 in
2338 1049 2597 1103 omnibus
2628 1049 2857 1119 synodis
2897 1054 3171 1120 quotquot
3191 1051 3311 1127 jam
3350 1066 3437 1105 se-

187 1143 470 1196 Turstanus
509 1138 681 1191 abbas
709 1137 1121 1208 Glastingeberi
1156 1144 1319 1208 turpe
1351 1138 1530 1192 scelus
1568 1143 1624 1191 et
1660 1152 1757 1189 ne-
1836 1139 2066 1210 ptennio
2097 1139 2287 1192 Rom:e
2317 1138 2607 1193 celebratae
2636 1137 2897 1192 sunt.llic
2926 1138 3099 1208 igitur
3125 1138 3205 1192 ita
3228 1138 3283 1192 in
3310 1154 3435 1210 per-

191 1229 550 1284 fandissimum
586 1227 733 1296 egit;
774 1231 890 1279 tres
928 1242 1171 1295 namque
1209 1244 1274 1279 ex
1312 1227 1428 1280 suis
1467 1226 1754 1279 monachis
1830 1228 1994 1297 juriis
2024 1228 2390 1293 inveteratus,
2423 1234 2479 1282 et
2526 1244 2626 1298 pro
2675 1226 2884 1280 eisdem
2924 1225 3440 1297 irrecuperabiliter

190 1335 330 1389 super
354 1317 533 1370 altare
563 1316 693 1386 poni
722 1314 870 1376 fecit,
902 1320 959 1368 et
982 1315 1184 1381 occidi;
1217 1316 1521 1386 decemque
1544 1321 1601 1368 et
1632 1320 1755 1368 octo
1836 1317 2123 1388 depositus
2158 1322 2216 1370 et
2260 1317 2779 1381 anathematizatus,
2816 1316 3006 1369 sedem
3035 1315 3276 1369 Romani
3307 1331 3441 1385 pon-

187 1407 326 1477 jussit
350 1406 599 1475 graviter
624 1404 936 1470 vulnerari;
969 1403 1159 1474 sicque
1186 1404 1416 1473 sanguis
1442 1420 1637 1457 eorum
1667 1420 1759 1457 cu-
1838 1406 2020 1471 tiﬁcis,
2055 1406 2144 1460 cui
2174 1405 2546 1459 obedientiam
2578 1404 2806 1473 juravit,
2840 1420 2941 1475 per
2968 1421 3171 1459 manus
3199 1404 3438 1459 anathe-

191 1495 336 1549 currit
361 1494 431 1546 ab
473 1492 638 1546 altari
684 1509 853 1562 super
876 1493 1107 1562 gradus,
1142 1498 1199 1546 et
1227 1509 1261 1545 a
1296 1492 1563 1561 gradibus
1589 1508 1759 1562 super
1840 1495 2251 1559 matizatorum,
2284 1499 2477 1563 utpote
2499 1492 2585 1546 sui
2606 1491 2894 1556 similium,
2925 1491 3148 1558 invasit,
3185 1492 3439 1566 legitimo

190 1600 371 1639 aream.
402 1602 424 1633 ι
450 1583 691 1636 Causam
722 1598 849 1634 vero
870 1580 1012 1633 tanti
1039 1581 1151 1634 odii
1181 1581 1238 1634 in
1268 1581 1568 1634 monachos
1590 1580 1759 1633 habet
1839 1589 2061 1653 pastore
2091 1583 2273 1635 adhuc
2301 1581 2482 1635 eidem
2512 1581 2632 1634 sedi
2661 1581 3015 1652 praesidente.
3050 1583 3305 1652 Ipsorum
3329 1598 3438 1637 auo

189 1673 254 1726 De
280 1670 457 1742 pontif
499 1669 713 1739 Angliae
738 1670 1000 1723 Guillelm
1035 1669 1418 1734 Malmesbur.,
1441 1669 1536 1722 lib.
1570 1683 1625 1731 Il,
1660 1668 1753 1721 fol.
1780 1677 1957 1750 Btem
1987 1670 2590 1724 excommunicatorum
2622 1670 2812 1723 nullus
2841 1686 2969 1724 eum
3001 1686 3328 1724 consecrare
3354 1668 3440 1724 vel

190 1761 291 1823 145,
323 1761 557 1831 loquens
578 1760 646 1811 de
672 1758 1049 1812 Glastoniensi
1075 1757 1301 1811 abbatia
1325 1776 1335 1809 :
1369 1778 1389 1806 κ
1423 1758 1753 1820 Turstanus,

192 1850 311 1903 dono
332 1850 480 1918 regis
522 1847 789 1901 V‘Villelmi
827 1846 1021 1917 patris,
1059 1846 1179 1915 ejus
1227 1845 1552 1899 monasterii
1583 1846 1759 1899 tactus

191 1937 351 2000 abbas,
385 1943 567 1990 terms
598 1940 652 1988 et
682 1935 945 2006 pecunias
974 1935 1031 1987 in
1062 1934 1394 1988 lectatorum
1433 1932 1537 2006 [f.,
1580 1939 1759 1987 secta-

192 2025 377 2098 torum]
409 2042 639 2078 suorum
671 2024 878 2077 abusus
897 2023 1263 2093 consumpsit.
1288 2025 1333 2076 A
1364 2022 1652 2076 monachis
1681 2038 1764 2076 se-

191 2132 297 2169 vere
321 2114 576 2168 ordinem
606 2112 843 2182 exigere,
868 2113 966 2165 sed
994 2111 1144 2165 inter
1164 2113 1282 2165 haec
1304 2128 1398 2164 eos
1427 2110 1485 2163 in
1514 2111 1765 2166 victuali-

193 2203 277 2257 bus
318 2202 714 2256 miserabiliter
756 2208 1020 2255 tractare.
1072 2201 1214 2257 Hinc
1272 2200 1397 2253 lites
1445 2198 1760 2265 verborum,

192 2292 483 2345 animorum
514 2290 823 2344 discordiae.
851 2291 986 2344 Post
1010 2290 1197 2359 jurgia
1228 2294 1451 2343 ventum
1482 2288 1551 2341 ad
1584 2304 1761 2351 arma,

193 2382 454 2451 coactique
496 2398 529 2433 a
559 2379 831 2433 militibus
860 2378 1120 2434 monachi
1158 2378 1216 2431 in
1253 2377 1541 2432 ecclesiam
1573 2382 1766 2430 sancto

194 2469 333 2523 altari
354 2469 610 2523 miserias
629 2466 1000 2538 adplorabant
1020 2484 1168 2521 suas.
1196 2467 1303 2520 Sed
1328 2465 1767 2536 irrumpentibus

195 2557 443 2612 militibus
471 2558 582 2611 duo
610 2574 675 2610 ex
703 2557 772 2609 iis
796 2555 1003 2609 ibidem
1034 2556 1179 2617 cassi,
1201 2554 1625 2627 quatuordecim
1654 2554 1769 2608 vul-

197 2647 373 2710 nerati,
401 2647 583 2699 caeteri
613 2644 841 2715 repulsi,
879 2663 904 2695 »
934 2650 1039 2698 etc.
1073 2643 1391 2698 Florentius
1414 2642 1667 2711 Wigorn.
1698 2640 1768 2694 ad

192 2732 248 2784 Α.
279 2733 336 2786 C.
370 2730 547 2798 1083;
594 2732 817 2785 Henric.
868 2730 1241 2796 Huntindon.,
1294 2729 1392 2782 lib.
1428 2743 1501 2782 vn
1530 2728 1766 2796 Histor.,

194 2836 321 2874 anno
344 2821 632 2875 Guillelmi
661 2820 828 2891 primi
857 2834 943 2872 xv.

689 2923 762 2962 AD
802 2921 1056 2962 EPISTOLA
1064 2924 1100 2960 Μ
1140 2919 1229 2960 LVI
1236 2947 1247 2959 .

1844 1761 2030 1831 potius
2078 1776 2366 1813 exsecrare
2413 1758 2787 1829 praesumpsit,
2819 1765 3025 1829 praeter
3061 1759 3438 1813 Mutinensem

1842 1854 1897 1903 et
1939 1848 2260 1902 Arithinum
2292 1864 2355 1900 ex
2395 1847 2686 1917 episcopis,
2720 1846 2815 1917 qui
2847 1847 3011 1901 ambo
3042 1864 3141 1918 pro
3172 1848 3289 1902 suis
3326 1846 3438 1901 cri-

1843 1937 2086 1991 minibus
2129 1925 2253 2007 jam
2295 1936 2458 1989 annis
2504 1935 2685 1989 tribus
2724 1935 2902 1989 ofﬁcio
2952 1942 3010 1989 et
3046 1934 3440 1990 communione

1844 2030 2161 2080 caruerant.
2180 2025 2283 2079 Sed
2308 2024 2385 2086 hi,
2405 2024 2625 2077 etiamsi
2648 2024 2891 2077 ofﬁcium
2915 2031 2972 2077 et
2989 2024 3442 2078 communionem

1844 2114 2132 2176 haberent,
2159 2119 2215 2167 et
2243 2114 2495 2166 Romana
2520 2112 2680 2166 sedes
2711 2117 2934 2183 pastore
2956 2118 3196 2180 vacaret,
3222 2113 3442 2167 nullum

1846 2209 2033 2257 tamen
2056 2203 2236 2256 eidem
2260 2200 2379 2255 sedi
2409 2201 2728 2272 pontiﬁcem
2758 2201 3019 2256 ordinare
3042 2205 3303 2274 possent;
3335 2202 3443 2257 hu-

1843 2294 1937 2362 jus
1960 2292 2108 2345 enim
2132 2289 2500 2345 ordinationis
2519 2290 2868 2361 privilegium
2889 2290 3023 2345 solis
3043 2290 3441 2357 cardinalibus,

1850 2381 2123 2452 episcopis
2162 2379 2487 2441 Albanensi,
2521 2378 2784 2444 Ostiensi,
2834 2379 3149 2442 Portuensi,
3175 2395 3207 2433 a
3236 2380 3446 2435 sanctis

1850 2469 2111 2524 Patribus
2153 2475 2239 2523 est
2267 2483 2612 2521 concessum.
2648 2468 2793 2538 Ergo
2829 2468 3203 2523 Muntinensis
3231 2475 3287 2524 et
3318 2469 3447 2523 Ari-

1850 2558 2044 2612 thinus
2093 2557 2424 2628 exepiscopi,
2467 2557 2631 2626 juxta
2675 2557 3063 2611 testimonium
3109 2557 3447 2613 sanctissimi

1849 2664 2006 2718 papae
2032 2645 2362 2710 Innocentii,
2384 2662 2497 2698 non
2526 2643 2989 2710 benedictionem,
3015 2646 3111 2701 sed
3134 2647 3448 2703 damnatio-

1850 2752 1978 2790 nem
2022 2752 2190 2807 quam
2220 2734 2539 2788 habuerunt
2576 2751 2677 2787 suo
2704 2734 3011 2788 Ravennati
3041 2733 3328 2805 imponere
3353 2753 3451 2807 po-

1851 2830 2104 2887 tuerunt,
2146 2841 2247 2877 nec
2290 2824 2446 2877 illum
2476 2822 2532 2876 in
2574 2823 2890 2895 Romanum
2919 2823 3318 2894 patriarcham,
3348 2824 3448 2879 sed

1852 2911 1911 2966 in
1953 2912 2391 2983 perditissimum
2420 2911 2847 2966 haeresiarcham
2878 2917 3292 2982 promoverunt.
3339 2912 3450 2966 Ca-

252 3002 404 3068 Apud
422 3000 773 3054 Glocestram.
791 2998 971 3061 Quam
990 2998 1154 3067 pleno
1175 3012 1270 3049 ore
1303 2995 1499 3049 laudat
1514 2995 1773 3049 Malmes-
1790 3004 1832 3063 Ο
1850 3007 1977 3054 veat
2002 3001 2177 3071 igitur
2209 3000 2390 3054 omnis
2419 3000 2770 3054 Christianus
2800 3006 2968 3071 caput
2994 3000 3337 3055 Antichristo
3360 2999 3449 3069 ,in-

194 3085 322 3151 bur.,
344 3087 438 3141 ubi
455 3104 646 3159 supra,
672 3086 767 3139 lib.
792 3101 867 3149 Iv,
890 3087 949 3139 in
968 3085 1164 3155 pontif.
1186 3084 1440 3153 Wigorn.
1467 3082 1770 3137 Glocestrte

195 3184 363 3229 autem
401 3176 728 3229 cathedram
766 3174 1137 3244 episcopalem
1183 3173 1456 3227 Henricus
1483 3172 1633 3236 VIII,
1676 3171 1772 3225 eli-

196 3264 401 3318 minatis
451 3264 742 3318 monachis
775 3262 1081 3328 collocavit,
1111 3267 1173 3315 ut
1203 3267 1399 3314 auctor
1435 3266 1522 3314 est
1548 3259 1769 3314 Godwi-

196 3369 287 3406 nus
313 3354 391 3407 De
416 3352 751 3424 praesulibus
773 3352 1005 3422 Angliae,
1041 3367 1166 3422 pag.
1203 3347 1325 3405 590.

258 3442 386 3495 Cum
415 3444 603 3495 abbate
628 3442 872 3497 Serlone.
899 3440 1054 3494 Idem
1088 3437 1618 3502 Malmesburiensis,
1653 3438 1772 3491 loco

198 3530 349 3583 citato
375 3530 696 3584 describens
734 3515 1095 3587 monasteria.
1127 3527 1289 3580 initio
1319 3546 1330 3579 :
1369 3546 1395 3575 ιι
1428 3527 1526 3580 Est
1553 3542 1685 3595 ergo
1714 3526 1773 3579 in

199 3617 305 3687 ipsa
326 3620 546 3672 civitate
567 3617 893 3672 Glocestriaa
914 3618 969 3671 S.
994 3616 1146 3669 Petri
1178 3614 1600 3677 monasterium,
1627 3614 1775 3684 quod

196 3705 263 3758 ibi
295 3708 596 3760 Aldredum
638 3705 1116 3775 archiepiscopum
1158 3704 1433 3773 incepisse
1462 3720 1573 3756 non
1601 3703 1775 3756 semel

197 3794 310 3847 dixi.
340 3796 553 3849 Paucos
581 3795 681 3855 ibi,
711 3800 768 3848 et
807 3810 916 3846 non
960 3794 1085 3863 plus
1115 3808 1284 3861 quam
1316 3799 1431 3845 tres
1474 3792 1776 3844 monachos

194 3882 391 3938 invenit
418 3883 589 3937 abbas
610 3883 789 3947 Serlo,
810 3898 843 3935 a
862 3898 995 3951 rege
1015 3881 1300 3933 VVillelmo
1326 3880 1544 3933 seniore
1566 3880 1775 3933 donum

196 3972 325 4026 exile
352 3973 615 4043 adeptus;
650 3972 747 4025 sed
778 3976 1050 4042 quantum
1080 3969 1180 4023 Dei
1220 3968 1421 4039 gratia,
1468 3984 1595 4021 cum
1625 3967 1776 4021 illius

193 4062 500 4132 conspirans
542 4060 842 4125 industria,
882 4059 1068 4112 locum
1113 4057 1377 4111 extulerit
1424 4056 1600 4122 illum,
1650 4054 1775 4126 quis

191 4165 423 4219 congrua
451 4150 690 4221 explicet
726 4147 1028 4202 facundia?
1064 4148 1211 4200 Nota
1251 4150 1337 4200 est
1372 4144 1774 4200 Glocestrensis

190 4239 459 4308 religionis
484 4238 770 4302 discretio,
796 4254 965 4308 quam
988 4237 1245 4289 inﬁrmus
1272 4235 1447 4309 possit
1470 4234 1770 4304 suscipere,

191 4341 285 4379 nec
311 4328 520 4382 validus
546 4326 727 4398 possit
757 4331 1133 4379 contemnere.
1159 4324 1277 4377 Hoc
1301 4323 1412 4376 illis
1440 4322 1673 4392 signifer
1691 4323 1774 4376 in-

191 4415 312 4470 tulit
335 4416 508 4484 Serlo,
542 4422 608 4470 ut
636 4415 720 4469 Ne
751 4414 884 4485 quid
910 4409 1097 4469 nimis.
1142 4430 1169 4466 ι

689 4518 765 4558 AD
801 4517 1106 4557 EPISTOLAM
1145 4516 1257 4555 LIX.

253 4595 403 4660 Quod
420 4611 625 4664 papam
649 4594 979 4662 Gregorium
1003 4594 1301 4660 vituperas.
1326 4591 1405 4645 De
1430 4591 1486 4645 S.
1504 4587 1774 4659 Gregorio

188 4681 344 4751 plura
378 4701 504 4738 cum
536 4683 702 4738 laude
733 4683 802 4736 ad
834 4680 1096 4753 epistolas
1126 4678 1157 4735 3
1188 4685 1245 4734 et
1271 4677 1304 4735 6
1334 4678 1544 4733 attexui
1581 4693 1770 4748 supra.

189 4770 507 4826 Schismatis
525 4788 716 4842 porro,
742 4770 889 4841 quod
913 4771 1002 4823 hic
1019 4769 1202 4839 tangit
1220 4768 1276 4822 S.
1301 4767 1770 4839 archiepiscopus,

186 4862 486 4915 meminere
501 4861 790 4915 Marianus
814 4860 1011 4913 Scotus
1035 4863 1555 4927 comtemporaneus
1581 4860 1776 4909 auctor

187 4945 304 5002 libr.
346 4964 406 5004 In
435 4949 697 5004 Chronici
726 4965 859 5002 ann.
897 4945 1033 5003 1081
1062 4965 1075 5015 ;
1107 4949 1238 5005 Otto
1267 4943 1679 5015 Frinsingensis
1716 4944 1775 4997 in

185 5036 475 5105 Chronico,
507 5037 612 5095 lib.
644 5051 716 5104 v1,
754 5054 883 5108 cap.
922 5035 1009 5102 36,
1041 5041 1098 5089 et
1123 5034 1220 5089 lib.
1258 5049 1357 5103 vII,
1387 5050 1506 5105 cap.
1541 5036 1570 5088 1
1598 5051 1613 5099 ;
1654 5032 1774 5086 fuse

184 5125 426 5181 Annales
464 5128 612 5182 sacri
641 5126 875 5181 Caesaris
904 5126 1131 5180 Baronii
1158 5131 1297 5179 tom.
1335 5126 1379 5179 Ι.
1413 5123 1773 5179 Solummodo

184 5216 362 5270 sancti
392 5216 708 5270 Gebehardi
734 5215 895 5269 testis
925 5215 1131 5270 oculati
1175 5213 1469 5284 epistolam
1497 5212 1774 5279 (nondum

184 5305 351 5375 typis,
376 5305 591 5376 opinor,
617 5304 961 5373 mandatam)
979 5304 1049 5357 ad
1065 5304 1450 5357 Hermannum
1468 5303 1774 5355 Metensem

185 5393 523 5465 episcopum,
557 5409 669 5465 qua
706 5393 1039 5448 Guibertum
1082 5392 1405 5462 antipapam
1445 5388 1774 5461 compendio

185 5482 516 5554 perstringit
532 5497 647 5539 non
672 5481 965 5554 indignam
992 5481 1114 5537 luce
1141 5479 1399 5535 arbitrati
1424 5495 1653 5535 sumus:

1853 3088 2080 3153 clinare,
2142 3092 2409 3153 statuam,
2462 3104 2629 3158 quam
2687 3087 3202 3142 Nabuchodonosor
3249 3087 3444 3154 erexit,

1854 3177 2108 3241 adorare,
2140 3177 2332 3247 sicque
2367 3194 2428 3233 se
2469 3176 2644 3246 ipsius
2674 3177 3060 3231 haeresiarchae
3096 3177 3450 3248 perniciosis-

1853 3266 1994 3319 simo
2024 3264 2371 3318 anathemati
2397 3263 2685 3317 innodare.
2710 3264 2855 3318 Nam
2876 3265 3193 3336 quicunque
3217 3265 3300 3319 illi
3324 3264 3451 3320 obe-

1852 3353 2022 3407 dierit
2049 3353 2144 3424 qui
2174 3352 2346 3407 dixit:
2372 3355 2581 3406 Ponam
2604 3354 2781 3406 sedem
2812 3369 2988 3409 meam
3007 3356 3082 3411 ad
3107 3356 3449 3425 aquilonem,

1855 3452 1901 3496 et
1933 3458 2023 3494 cro
2042 3445 2248 3495 similis
2276 3444 2559 3496 Altissimo
2591 3443 2742 3507 (Isai.
2776 3456 2885 3503 xrv,
2916 3442 3020 3510 l4),
3048 3442 3362 3498 certissime
3388 3442 3452 3498 in

1857 3535 2123 3584 aeternam
2151 3530 2569 3585 damnationem
2599 3528 2703 3583 ibit
2728 3546 2855 3583 cum
2882 3531 3022 3600 ipso.
3054 3532 3256 3590 Amen.

1928 3618 2014 3673 Ita
2040 3618 2244 3672 litterae
2290 3617 2605 3673 Gebehardi
2650 3633 2716 3675 ex
2755 3618 3028 3673 Chronico
3057 3636 3162 3674 ms.
3196 3621 3452 3693 Hugonis

1858 3706 2310 3772 Flaviniacensis,
2346 3706 2484 3759 mihi
2521 3723 2556 3759 a
2594 3723 2772 3761 rever.
2808 3708 2871 3762 P.
2915 3707 3120 3763 Jacobo
3152 3710 3453 3767 Sirmondo

1858 3794 2227 3848 libentissime
2257 3811 2536 3848 concesso.

2380 3897 2449 3936 AD
2489 3896 2792 3940 EPISTOLAM
2829 3898 2920 3940 LX.

1928 3971 2234 4025 Historiam
2265 3970 2530 4026 describit
2571 3958 2739 4042 hujus
2790 3972 3036 4042 epistolae.
3072 3973 3235 4045 Hugo
3275 3975 3454 4032 Flavi-

1857 4059 2134 4114 niacensis
2161 4060 2283 4113 loco
2313 4058 2602 4130 producto,
2645 4059 2715 4113 ad
2757 4076 2888 4114 ann.
2926 4059 3079 4116 1085.
3120 4061 3452 4135 Rodulphus

1856 4147 2122 4201 nimirum
2147 4146 2318 4202 abbas
2344 4146 2438 4218 (de
2460 4162 2573 4219 quo
2594 4147 2746 4215 mox)
2769 4163 2896 4200 cum
2917 4150 3306 4205 strenuissime
3325 4170 3453 4223 par-

1857 4241 1942 4291 tes
1995 4236 2173 4290 sancti
2230 4235 2485 4306 Gregorii
2537 4251 2694 4306 papze
2732 4249 2806 4289 VII
2844 4243 3039 4291 contra
3087 4238 3446 4308 Guibertum,

1856 4324 2179 4396 antipapam
2206 4322 2309 4378 sub
2335 4323 2563 4377 nomine
2597 4323 2900 4378 Clementis
2922 4330 3199 4392 tueretur,
3227 4332 3449 4384 tantam

1855 4430 1887 4467 a
1907 4413 2250 4467 Theoderico
2266 4411 2601 4466 Virdunensi
2625 4413 2902 4484 episcopo,
2918 4412 3189 4469 acerrimo
3207 4416 3449 4472 Guiber-

1853 4500 1897 4554 ti
1934 4502 2171 4563 fautore,
2200 4516 2395 4571 passus
2423 4504 2508 4553 est
2537 4500 3002 4571 persecutionem,
3028 4509 3092 4557 ut
3117 4504 3364 4573 tandem,
3386 4505 3449 4561 in

1856 4606 2134 4644 summam
2168 4590 2439 4643 adductus
2464 4605 2792 4656 aerumnam,
2816 4590 3131 4647 coenobium
3160 4609 3325 4649 suum
3355 4595 3450 4651 de-

1856 4679 2113 4746 seruerit,
2145 4678 2483 4752 petieritque
2512 4678 2566 4733 S.
2599 4679 2836 4749 Benigni
2862 4680 3214 4737 Divionensis
3252 4700 3446 4740 mona-

1858 4768 2112 4831 sterium,
2137 4784 2246 4838 quo
2266 4767 2664 4822 comitantibus
2683 4767 2967 4824 nonnullis
2988 4772 3274 4827 monachis
3289 4782 3448 4845 (quos

1855 4856 2005 4911 inter
2024 4857 2234 4927 primas
2256 4857 2418 4925 Hugo
2439 4856 2680 4923 tenebat)
2703 4856 2799 4911 ubi
2822 4858 3155 4927 divertisset,
3186 4866 3355 4932 atque
3377 4863 3449 4918 ab

1856 4945 2294 5000 archimandrita
2333 4946 2657 5017 czeterisque
2696 4947 2985 5003 coenobitis
3036 4950 3286 5020 ejusdem
3339 4953 3446 5009 loci

1854 5035 2052 5089 fuisset
2079 5033 2254 5089 obviis
2291 5034 2437 5088 ulnis
2482 5042 2761 5106 exceptus,
2809 5036 3029 5093 Rodulfl
3059 5041 3447 5112 sodaliumque

1854 5124 1969 5177 vita
2019 5123 2301 5195 specimen
2343 5128 2587 5178 exstaret
2613 5124 2854 5190 virtutis,
2903 5133 3072 5197 atque
3116 5128 3186 5181 ad
3232 5130 3447 5198 majora

1856 5213 2194 5268 charismata
2234 5218 2557 5284 provocarat
2601 5214 2936 5283 aemulanda,
2983 5222 3046 5269 ut
3081 5215 3445 5272 stabilitatem

1857 5303 2085 5356 ﬁrment
2106 5302 2163 5356 in
2181 5302 2499 5357 Divionensi
2520 5302 2877 5369 monasterio,
2898 5307 3218 5360 monentur.
3232 5304 3446 5361 Verum

1857 5392 1986 5463 quia
1998 5389 2338 5463 jampridem
2359 5391 2416 5445 in
2432 5392 2701 5446 asceterio
2722 5391 2909 5445 Sancti
2925 5390 3113 5445 Vitoni
3128 5392 3445 5451 Virdunen-

1853 5481 1932 5537 sis
1963 5480 2367 5557 professionem
2407 5481 2726 5555 emiserant,
2758 5478 2915 5541 illam
2955 5484 3213 5557 repetere
3237 5490 3447 5563 putant
