3902 6166
457 232 564 301 623
1438 239 1503 296 Β.
1544 237 1960 299 LANFRANCI
1998 236 2358 297 CANTUAR.
2400 236 2737 295 ARCHIEP.
3565 249 3651 309 624

456 383 572 424 non
598 367 788 423 licere.
816 384 840 418 ι
868 365 1177 430 Quaesierat
1202 380 1372 435 super
1399 364 1505 419 hac
1535 382 1596 420 re
1623 366 1918 422 consilium
1945 367 2302 434 (lo-Aseras,
2343 363 2758 418 mortificationi
2790 362 2994 427 carnis,
3042 364 3350 433 humilitati,
3391 367 3586 438 vilitati,
3612 378 3660 428 et

457 457 650 528 quitur
677 458 858 527 Hugo)
889 454 1063 509 abbas
1083 454 1414 526 Rodulphus
1433 472 1468 509 a
1487 456 1915 527 quampluribus
1939 475 1953 524 ;
1986 462 2041 511 et
2123 452 2469 507 castimonia
2488 451 2736 521 invigila,
2765 451 3048 505 lucrandis
3077 452 3566 527 animabusoperam
3580 461 3655 524 da,

455 545 798 600 Lanfrancus
852 543 1286 599 Cantuariorum
1342 543 1792 615 archiepiscopus
1840 546 1954 600 tale
1996 545 2045 600 ei
2127 547 2193 595 ut
2220 558 2347 595 cum
2378 541 2468 595 his
2496 546 2553 594 et
2575 557 2703 594 cum
2728 540 2853 594 aliis
2883 541 3108 595 doneris
3127 540 3449 598 beatitudine
3472 551 3660 602 aterna

453 648 783 703 responsum
810 632 1151 696 reddiderat,
1177 631 1423 687 scribens
1446 633 1517 686 ad
1546 649 1675 686 eum
1700 633 1757 686 in
1782 633 1896 687 hac
1924 650 2044 687 ver-
2128 628 2507 697 iocunditatis.
2536 648 2558 679 ι
2576 627 2650 682 Et
2678 634 2805 699 post
2832 628 2969 682 alia:
2999 647 3027 681 α
3048 630 3206 683 Anno
3233 629 3299 683 ab
3326 630 3660 691 incarnatione

455 720 527 774 ba
559 737 572 773 :
614 739 640 773 »
673 720 888 775 Deinde
918 721 1213 792 epistolam
1243 721 1389 775 hanc
1412 720 1481 776 60
1511 721 1830 776 conscribit.
2129 717 2353 771 Domini
2399 714 2544 773 1090
2595 717 2971 772 Theodericus
3018 712 3375 773 Virdunensis
3411 735 3463 775 Iv
3503 723 3662 778 Nonas

521 810 800 878 Rodulpho
843 811 1049 863 abbati.
1083 810 1257 880 Cujus
1305 827 1393 864 res
1435 819 1622 879 gestas
1665 810 1787 865 fuse
1823 810 2046 881 lateque
2128 805 2261 859 Maii
2286 805 2580 859 defunctus
2626 811 2768 868 erat,
2808 807 2904 877 qui
2950 812 3142 861 tamen
3183 807 3239 861 in
3271 808 3569 865 inﬁrmitate
3605 813 3662 866 de

448 898 810 970 persequitur
837 899 1000 968 Hugo
1029 897 1124 953 ubi
1154 914 1343 969 supra.
1371 898 1531 952 Unde
1560 899 1694 962 hac,
1723 904 1786 952 ut
1814 899 1898 953 vir
1925 905 2047 954 tan-
2125 894 2518 949 communione
2532 894 2880 960 Witberti,et
2899 895 2967 949 de
2996 896 3311 967 expulsione
3329 897 3544 952 fratrum
3570 917 3665 970 pce-

448 992 542 1042 tus
556 986 927 1058 aliquousque
943 987 1003 1041 in
1031 988 1213 1041 lucem
1235 987 1486 1057 prodeat,
1511 987 1810 1058 descripsi:
1831 1005 1858 1041 α
1879 990 2041 1042 Anno
2125 982 2418 1038 nitentiain
2449 984 2585 1053 egit,
2618 984 2839 1054 culpam
2884 984 3163 1055 professus
3191 990 3292 1050 est,
3322 991 3377 1039 et
3402 1003 3432 1040 a
3458 988 3663 1057 quodam

442 1075 666 1130 Domini
683 1073 844 1140 1075,
861 1075 1186 1130 Grimoldus
1211 1074 1492 1129 abbatiam
1513 1075 1729 1130 dimisit
1754 1075 1843 1130 die
1863 1078 2040 1132 sancti
2122 1073 2294 1127 fratre
2333 1072 2583 1127 Gerardo
2625 1072 2872 1138 nomine,
2906 1077 3091 1139 ειη
3123 1074 3397 1144 quoniam
3417 1075 3663 1140 canonico,

443 1163 687 1222 Nicolai.
742 1163 1073 1234 Rodulphus
1109 1163 1419 1230 successit;
1473 1163 1752 1217 ordinatio
1791 1165 1912 1234 ejus
1949 1165 2039 1219 die
2123 1167 2180 1215 et
2218 1160 2607 1215 archidiacono
2638 1161 3006 1215 Virdunensis
3047 1162 3320 1221 Ecclesia,
3356 1169 3481 1217 tunc
3506 1169 3665 1217 autem

444 1251 625 1306 sancti
646 1251 877 1306 Urbani.
908 1270 929 1301 ι
957 1252 1025 1305 Et
1042 1251 1111 1305 ad
1137 1267 1269 1305 ann.
1304 1249 1433 1307 [0’16
1457 1270 1469 1305 :
1497 1271 1519 1303 ι
1550 1252 1739 1306 Beata
1756 1253 2039 1307 memoria
2122 1249 2398 1303 monacho
2429 1249 2618 1303 Sancti
2641 1249 2853 1309 Vitoni,
2873 1266 3039 1320 quem
3071 1250 3390 1321 Rodulphus
3415 1250 3567 1305 abbas
3589 1251 3667 1322 pia

441 1341 612 1396 Pater
637 1340 967 1411 Rodulphus
994 1339 1195 1394 tertius
1223 1344 1352 1410 post
1379 1356 1507 1393 eum
1541 1343 1813 1394 (sanctum
1844 1341 2039 1395 Ricar-
2122 1337 2497 1392 sollicitudine
2518 1354 2618 1408 pro
2643 1337 2748 1391 hoc
2778 1337 2874 1392 illo
2903 1338 3151 1401 miserat,
3175 1343 3435 1409 pracepto
3453 1339 3667 1409 ejusdem

441 1429 597 1490 dum)
626 1444 912 1484 successor
952 1428 1011 1481 in
1040 1426 1314 1497 regimine
1353 1427 1628 1490 Ecclesia,
1664 1434 1738 1492 et,
1770 1433 1835 1481 ut
1858 1428 2040 1482 credi-
2121 1425 2357 1491 abbatis,
2393 1425 2489 1497 qui
2517 1431 2850 1497 potestatem
2897 1426 3215 1481 absolvendi
3253 1444 3346 1481 eos
3387 1428 3475 1499 qui
3504 1428 3565 1482 ab
3587 1445 3666 1481 ex-

437 1534 586 1583 mus,
623 1516 993 1571 hareditaria
1030 1514 1343 1569 sanctitatis
1372 1532 1678 1586 possessor,
1712 1532 1859 1569 nunc
1892 1517 2038 1571 felici
2120 1514 2625 1568 communicatione
2665 1513 2940 1579 redibant,
2974 1514 3044 1568 ab
3085 1515 3381 1585 apostolica
3404 1516 3523 1570 sede
3546 1515 3666 1569 obti-

434 1604 635 1660 beatns
655 1621 901 1671 excessu,
919 1603 1014 1659 ubi
1034 1605 1215 1658 locum
1237 1603 1424 1674 ipsum
1442 1604 1750 1673 regendum
1769 1605 2031 1676 suscepit,
2120 1608 2340 1667 nuerat,
2382 1602 2671 1656 absolutus
2707 1608 2811 1656 est.
2864 1604 2939 1657 Ex
2987 1609 3123 1657 tunc
3168 1602 3340 1657 abbas
3382 1603 3667 1674 Rodulphus

437 1699 495 1748 et
523 1694 747 1748 audiret
772 1710 808 1747 a
837 1692 1205 1747 referentibus
1234 1692 1413 1746 multa
1440 1692 1509 1745 de
1530 1708 1595 1746 eo
1623 1692 1806 1746 relatu
1832 1693 2027 1762 digna.
2053 1676 2100 1736 Β
2119 1707 2246 1745 cum
2283 1690 2550 1745 fratribus
2595 1708 2660 1745 ac
2680 1690 2993 1745 coenobium
3032 1691 3137 1745 sibi
3167 1693 3508 1746 commissum
3535 1708 3669 1746 revo-

434 1782 668 1838 Videret
682 1798 905 1853 quoque
923 1780 1248 1836 unanimem
1265 1796 1398 1851 erga
1416 1780 1628 1835 cultum
1648 1782 2036 1836 memorialem
2118 1786 2277 1833 catus
2303 1785 2407 1847 est,
2426 1796 2551 1834 cum
2571 1785 2698 1851 post
2715 1780 3020 1834 discessum
3042 1781 3162 1849 ejus
3184 1780 3538 1834 intrassentin
3554 1780 3666 1834 illud

433 1871 556 1942 ejus
607 1869 860 1924 omnium
916 1869 1288 1933 devotionem,
1331 1868 1757 1939 amplexabatur
1806 1869 2033 1940 quidem
2118 1868 2235 1939 lupi
2256 1884 2506 1939 rapaces,
2529 1869 2648 1922 loco
2674 1885 2783 1922 non
2818 1874 3130 1940 parcentes,
3154 1875 3212 1923 et
3237 1869 3501 1933 Deum,ct
3521 1868 3669 1922 homi-

432 1960 581 2031 quod
608 1957 833 2013 videbat
861 1967 919 2012 et
954 1957 1219 2012 audiebat
1257 1957 1599 2028 generaliter
1627 1957 1697 2011 ab
1738 1958 2029 2026 omnibus;
2116 1973 2245 2010 nem
2281 1973 2392 2011 non
2441 1964 2776 2024 reverentes,
2809 1974 2843 2012 a
2886 1957 3090 2028 quibus
3130 1958 3214 2012 ita
3254 1958 3436 2012 omnia
3472 1958 3670 2012 confusa

428 2046 703 2103 astuabat
726 2063 857 2102 vero
903 2047 1055 2101 intra
1098 2046 1364 2117 seipsum,
1408 2045 1456 2099 si
1502 2050 1675 2100 tanta
1716 2046 2032 2101 sanctitatis
2114 2050 2248 2100 sunt
2267 2050 2325 2099 et
2342 2046 2645 2110 destructa,
2665 2052 2729 2100 ut
2749 2046 3022 2101 memoria
3040 2046 3375 2101 confusionis
3385 2051 3439 2100 et
3459 2063 3671 2117 pessum-

424 2137 511 2191 vir
535 2137 634 2191 ille
680 2136 879 2191 fuisset
911 2141 977 2190 ut
1022 2134 1391 2201 referebatur,
1442 2139 1500 2189 et
1542 2134 1705 2204 quasi
1747 2135 2031 2205 quarebat
2112 2134 2355 2189 dationis
2386 2135 2540 2189 illius
2570 2135 2846 2205 hodieque
2876 2134 3189 2190 oblitterari
3214 2152 3325 2190 non
3354 2136 3537 2189 valeat.
3565 2152 3589 2188 ι
3613 2134 3672 2188 Et

424 2224 679 2280 sollicitis
708 2231 767 2280 et
810 2223 1097 2296 dispositis
1136 2223 1537 2293 cogitationum
1568 2223 1834 2289 excubiis,
1868 2224 2028 2294 cujus
2113 2223 2261 2277 infra
2293 2241 2305 2277 :
2343 2241 2369 2276 α
2403 2224 2680 2278 Reversus
2708 2229 2793 2278 est
2833 2229 3023 2278 autem
3065 2225 3138 2278 ad
3190 2223 3493 2279 coenobium
3530 2238 3667 2277 suum

423 2314 615 2369 meriti
641 2314 792 2386 apud
817 2314 996 2368 Deum
1023 2317 1191 2367 esset.
1213 2311 1440 2367 Solebat
1469 2317 1528 2366 et
1555 2312 1674 2382 ipse
1703 2313 1773 2366 ad
1801 2313 1924 2383 ejus
1945 2329 2029 2366 se-
2108 2328 2234 2366 cum
2264 2311 2531 2365 fratribus
2558 2311 2674 2366 suis
2699 2311 2940 2365 domnus
2969 2296 3142 2366 abbas
3182 2312 3516 2383 Rodulphus,
3546 2326 3670 2364 anno

422 2402 602 2475 pulcri
648 2404 853 2468 locum,
890 2404 1024 2474 quia
1072 2406 1326 2456 senserat
1369 2399 1447 2454 ibi
1484 2400 1676 2454 faciles
1705 2400 2023 2455 orationum
2111 2400 2181 2454 ab
2223 2400 2610 2454 incarnatione
2649 2400 2873 2455 Domini
2926 2398 3082 2463 1092,
3127 2418 3255 2455 cum
3295 2402 3413 2471 jam
3448 2398 3671 2455 Ecclesia

416 2495 740 2563 proventus,
786 2490 1125 2545 creberrime
1170 2504 1352 2554 orare,
1398 2492 1456 2543 et
1501 2488 1788 2543 multoties
1819 2505 2023 2559 perno-
2108 2490 2481 2544 Virdunensis
2538 2488 2809 2543 Richerus
2864 2489 3130 2560 pralatus
3168 2495 3316 2544 esset
3360 2489 3417 2543 in
3468 2488 3670 2543 ecclesia

417 2586 590 2635 ctare.
613 2599 637 2633 ιι
661 2579 876 2635 Deinde
899 2577 1168 2650 prolixius
1195 2576 1458 2631 describit
1493 2577 1773 2647 quomodo
1798 2577 2022 2631 Ricardi
2108 2579 2297 2634 Sancti
2327 2579 2597 2650 Stephani
2634 2578 2919 2644 Metensis,
2950 2578 3150 2633 decani
3181 2579 3403 2633 functus
3428 2576 3609 2632 ofﬁcio.
3644 2592 3667 2627 ι

420 2666 641 2722 abbatis
670 2667 1028 2723 sanctitatem
1058 2665 1356 2737 Rodulpho
1402 2666 1731 2737 patefecerit
1768 2668 2021 2737 angelus,
2106 2667 2355 2722 Tandem
2385 2667 2456 2721 ad
2485 2683 2618 2720 ann.
2652 2664 2787 2723 1099
2819 2685 2831 2720 :
2868 2684 2895 2719 α
2932 2667 3085 2723 Obiit
3111 2668 3352 2723 domnus
3377 2665 3674 2736 Rodulphus

421 2758 584 2828 cujus
620 2762 680 2813 et
704 2758 873 2813 verba
915 2757 1033 2811 hac
1052 2754 1262 2809 ’subdit
1291 2760 1577 2826 postrema
1608 2773 1620 2808 :
1660 2775 1682 2808 ι
1725 2756 1809 2811 Tu
1834 2756 2028 2827 itaque
2107 2773 2140 2809 ν
2165 2756 2286 2811 Kal.
2316 2755 2543 2827 Aprilis.
2573 2773 2600 2807 »

423 2845 513 2900 his
539 2846 611 2902 de
637 2846 802 2902 beato
825 2846 945 2900 viro
968 2844 1200 2915 agnitis,
1234 2844 1379 2898 viam
1402 2860 1572 2915 quam
1597 2843 1812 2915 C(Bpisti
1842 2860 1911 2899 ne
1936 2845 2031 2899 de-
2529 2842 2648 2899 Soli
2674 2846 2779 2900 Deo
2806 2846 2982 2900 honor
3010 2850 3057 2900 et
3094 2848 3298 2914 gloria.

2187 3012 3682 3052 Μ

1308 3163 1883 3258 PEHICOPE
1971 3164 2599 3259 ORA'I'IONIS

428 3344 653 3423 QUAM
694 3349 773 3409 IN
820 3341 1180 3410 CONCILIO
1224 3347 1296 3405 A.
1345 3345 1411 3404 C.
1464 3347 1620 3405 1072
1663 3343 2127 3423 CELEBRATO
2172 3346 2470 3407 HABUIT
2507 3346 2577 3406 B.
2625 3346 3171 3417 LANFRANCUS,
3218 3346 3319 3406 DE
3363 3334 3683 3405 PRIMATU

811 3424 1443 3487 CANTUARIENSIS
1487 3425 1909 3499 ECCLESl/E,
1959 3421 2280 3486 CONTRA
2319 3425 2662 3486 THOMAM
2706 3427 3309 3490 EBORACENSEM.

1029 3578 1137 3641 Ex
1169 3577 1481 3643 Guillelmi
1502 3579 1892 3643 Malmesbur.
1931 3581 2033 3644 lib.
2068 3600 2089 3643 ι
2119 3582 2207 3643 De
2239 3583 2394 3645 Gest.
2426 3584 2655 3665 pontif.
2690 3584 3053 3664 Anglorum.

2189 3027 2631 3040 _.__..—._—_-——.

461 3024 2183 3054 Μ

504 3829 694 3892 3'38
706 3823 907 3896 Opinio
928 3828 1016 3878 est
1036 3821 1286 3877 veritatis
1305 3838 1503 3894 egena,
1521 3838 1632 3893 qua
1650 3822 1849 3877 niteris
1868 3828 1932 3877 ut
1954 3822 2032 3877 di-
2050 3825 2092 3884 C
2115 3823 2428 3894 Anglorum
2458 3823 2713 3879 Ecclesia
2753 3823 2825 3878 ab
2871 3841 2937 3880 eo
2967 3826 3090 3880 loco
3127 3829 3461 3881 mutuentur
3499 3815 3691 3876 vivendi

433 3919 594 3970 catur
607 3911 1044 3983 soliAugustino
1057 3926 1381 3966 concessum
1397 3910 1606 3965 habere
1623 3912 2029 3982 subjectionem
2111 3912 2464 3983 disciplinam
2485 3953 2501 3979 ,
2551 3929 2586 3966 a
2630 3913 2791 3983 cujus
2837 3913 3031 3970 fomite
3082 3919 3402 3987 rapuerunt
3454 3905 3689 3967 credendi

433 4003 688 4058 omnium
726 4000 1115 4073 episcoporum
1161 3998 1489 4063 Britannia,
1529 4004 1588 4054 et
1623 4016 1818 4054 eorum
1857 4000 2030 4054 etiam
2111 4001 2421 4055 flammam.
2446 4000 2583 4065 Quis
2609 4001 2761 4055 enim
2786 4003 3004 4057 nesciat
3023 4004 3174 4074 quod
3195 4020 3232 4058 a
3250 4002 3453 4058 Cantia
3470 3995 3692 4055 manavit

433 4091 532 4162 qui
581 4095 772 4146 essent
806 4088 1051 4144 ordinati
1088 4104 1190 4159 per
1226 4089 1549 4159 episcopum
1593 4086 2027 4143 Eboracensem.
2113 4089 2323 4144 Christi
2341 4089 2645 4144 credulitas
2669 4089 2731 4144 in
2757 4090 3068 4147 Eboracum
3087 4097 3147 4147 et
3163 4092 3224 4147 in
3253 4096 3482 4148 cateras
3498 4085 3689 4158 Anglim

432 4179 585 4234 Exile
628 4184 686 4233 et
733 4177 962 4232 omnino
1012 4181 1316 4246 angustum
1360 4175 1419 4230 id
1458 4181 1607 4230 esset
1647 4192 1852 4230 munus
1883 4176 2033 4247 quod
2113 4178 2426 4232 Ecclesias?

432 4265 697 4320 familiari
736 4264 807 4318 ab
847 4264 982 4319 olim
1023 4280 1144 4330 suo,
1176 4279 1319 4318 novo
1351 4262 1560 4334 Anglo,
1599 4263 1687 4318 vir
1731 4263 2034 4335 largiretur
2184 4267 2358 4321 Porro
2388 4266 2537 4338 quod
2564 4266 2703 4323 dicis
2734 4268 2985 4339 potuisse
3011 4267 3247 4329 beatum
3276 4266 3619 4339 Gregorium,
3647 4259 3689 4314 si

435 4353 807 4426 apostolicus;
841 4353 1152 4424 prasertim
1193 4368 1322 4406 cum
1349 4351 1470 4406 vivo
1498 4352 1813 4423 Augustino
1843 4352 2032 4407 nullus
2112 4353 2397 4420 voluisset,
2429 4355 2842 4410 successoribus
2868 4357 3175 4427 Augustini
3204 4358 3538 4412 confirmare
3562 4352 3691 4407 dicto

434 4441 805 4497 Eboracensis
850 4440 1097 4511 pontifex
1125 4440 1411 4494 ordinaret
1451 4457 1590 4512 quos
1627 4440 1909 4510 subjectos
1937 4441 2032 4495 ha-
2113 4443 2263 4513 quod
2281 4450 2632 4499 concesserat
2649 4445 2985 4516 Augustino,
3010 4462 3206 4500 verum
3226 4446 3458 4501 omnino
3477 4448 3576 4506 est,
3603 4453 3694 4493 nec

434 4530 596 4584 heret
641 4528 1006 4599 Augustinus,
1047 4528 1146 4582 sed
1201 4544 1306 4582 nec
1352 4528 1556 4599 aliquis
1606 4527 1702 4582 ubi
1757 4529 2033 4584 exstiterit
2112 4537 2299 4603 potest
2322 4531 2550 4603 ambigi.
2584 4533 2693 4587 Sed
2736 4533 2903 4604 quod,
2939 4549 3147 4604 quaso,
3179 4532 3564 4606 prajudicium
3602 4527 3694 4582 hoc

435 4618 752 4689 episc0pus:
769 4616 966 4670 beatus
983 4616 1031 4669 si
1045 4616 1544 4686 quidemPaulinus
1554 4616 1769 4687 primus
1778 4617 2030 4687 ejusdem
2112 4620 2504 4675 Cantuariensi
2519 4621 2639 4675 sedi
2657 4621 2852 4676 affert?
2870 4623 2920 4675 A
2938 4621 3110 4676 simili
3128 4639 3364 4677 causam
3381 4632 3691 4693 proponam.

435 4707 592 4762 urbis
620 4705 845 4777 prasul,
879 4720 992 4758 non
1021 4709 1275 4776 tempore
1307 4705 1630 4775 Augustini,
1652 4705 1751 4760 sed
1775 4712 2030 4777 tempore
2110 4709 2253 4763 Nam
2301 4709 2523 4780 quando
2578 4709 2851 4765 Dominus
2895 4716 2953 4765 et
3000 4711 3263 4766 Salvator
3314 4715 3506 4765 noster
3548 4707 3693 4761 Jesus

434 4793 601 4857 Justi,
634 4792 730 4864 qui
762 4797 997 4863 quartus
1025 4791 1131 4846 fuit
1162 4791 1375 4847 Cantia
1402 4793 1668 4864 pontifex,
1707 4793 1843 4848 illuc
1878 4794 2030 4848 dire-
2110 4795 2368 4850 Christus
2403 4796 2544 4852 dixit
2577 4796 2742 4852 beato
2774 4797 2980 4853 Petro:
3019 4799 3098 4853 Tu
3124 4816 3177 4853 es
3211 4802 3432 4865 Petrus,
3474 4802 3523 4852 et
3548 4805 3695 4863 super

434 4887 558 4937 ctus
570 4887 676 4939 est.
691 4881 1046 4935 Nescientem
1068 4880 1242 4935 Gesta
1252 4882 1563 4952 Anglorum
1583 4881 1864 4937 docebunt
1881 4883 2030 4954 quod
2111 4884 2254 4937 hanc
2276 4889 2496 4953 petram
2514 4887 2787 4953 adiﬁoabo
2806 4887 3106 4941 Ecclesium
3134 4903 3343 4953 meam,
3372 4892 3422 4941 et
3449 4886 3549 4939 tibi
3573 4880 3695 4935 dabo

434 4971 578 5026 dico.
604 4969 1118 5039 Hocintelligentes
1147 4970 1513 5025 sanctissima
1534 4971 1685 5025 sedis
1712 4971 2030 5041 apostolica
2110 4973 2284 5026 claves
2332 4975 2495 5041 regni
2540 4978 2799 5029 castorum
2843 4975 3056 5040 (Matth.
3113 4989 3230 5040 va,
3278 4971 3397 5046 48),
3443 4971 3700 5045 potuisset

434 5060 699 5133 praesules
724 5058 1128 5128 subjectionem
1144 5059 1397 5113 omnium
1414 5059 1799 5130 episcoporum
1814 5059 2029 5129 Anglia
2110 5059 2371 5129 adjicere,
2394 5060 2443 5115 si
2468 5062 2756 5118 voluisset:
2788 5062 3058 5118 Eamdem
3084 5068 3429 5135 potestatem
3442 5072 3698 5116 successo-

431 5147 1734 5226 successoribusAugustiniconfirmarunt.sicut
1742 5147 2030 5218 privilegia
2045 5176 2095 5235 D
2110 5148 2265 5203 ribus
2301 5150 2416 5204 tuis
2443 5150 2684 5205 concedo
2709 5169 2724 5219 ;
2757 5168 2953 5206 verum
2983 5152 3117 5206 dicti
3143 5151 3552 5223 pratermissio
3570 5144 3697 5204 nihil

431 5238 669 5294 recitata
690 5241 991 5291 testantur.
1015 5236 1441 5306 Gregorianam,
1481 5242 1546 5289 ut
1572 5235 1784 5300 dicunt,
1818 5237 2028 5291 consti-
2108 5238 2433 5293 reverentia
2480 5238 2769 5295 imminuit
2821 5238 3238 5295 successoribus
3292 5239 3469 5295 Petri.
3529 5236 3698 5293 Ibisne

431 5326 712 5380 tutionem
740 5322 923 5377 verbis
955 5327 1221 5377 ornantes
1258 5321 1639 5392 amplissimis,
1684 5328 1743 5377 et
1769 5322 2028 5380 libertate
2108 5325 2196 5381 his
2225 5326 2407 5381 verbis
2441 5326 2702 5382 obviam?
2740 5328 3042 5383 Referesne
3085 5328 3371 5384 adversa?
3418 5327 3697 5385 Enimvero

431 5414 698 5469 muniﬁca
734 5416 1139 5483 prosequentes
1168 5409 1422 5479 ejusdem
1450 5410 1599 5464 sedis
1627 5411 1844 5479 arbitri,
1878 5413 2028 5483 ejus-
2107 5414 2362 5470 omnium
2389 5415 2839 5473 Christianorum
2865 5415 3221 5472 conscientiis
3250 5422 3342 5472 est
3378 5416 3618 5472 inditum
3640 5415 3700 5465 ut

431 5502 558 5557 dem
578 5500 872 5557 sententia
890 5496 1135 5571 patroni,
1152 5513 1486 5570 aquumque
1505 5504 1735 5556 censent
1752 5505 1818 5556 ut
1834 5512 2030 5557 omnes
2109 5503 2476 5561 nihilominus
2506 5521 2674 5577 quam
2716 5503 2881 5563 beato
2910 5506 3099 5576 Petro,
3130 5504 3550 5564 successoribus
3584 5501 3699 5575 ejus
