3902 6166
251 286 347 344 69.5

1275 287 1413 343 LIB.
1455 287 1549 343 DE
1588 288 1926 363 CELANDA
1965 289 2479 347 CONFESSIONE.

3405 291 3513 348 626

251 418 301 467 et
337 410 684 466 minantibus
715 413 1041 477 attremant,
1102 414 1158 465 et
1188 427 1446 467 serenam
1501 412 1833 483 dignitatem
1853 417 1900 476 Α
1921 422 2130 484 manet,
2157 417 2265 470 nisi
2287 417 2334 470 si
2358 415 2492 487 quid
2518 415 2889 487 personaliter
2925 419 2983 469 et
3007 415 3342 470 nominatim
3373 417 3515 472 exci-

251 499 664 571 indulgentibus
681 499 993 570 gaudenter
1037 501 1413 573 applaudant;
1449 508 1644 572 estque
1700 511 1836 557 tunc

249 591 463 644 demum
493 590 746 643 omnium
779 589 1281 643 ecclesiasticarum
1339 606 1528 644 rerum
1584 596 1708 644 rata
1756 592 1836 646 di-

247 679 542 750 spensatio,
573 678 623 732 si
669 694 1053 732 successorum
1086 679 1234 732 beati
1282 679 1434 733 Petri
1476 679 1644 733 fuerit
1683 697 1834 733 com-

247 767 469 840 probata
507 766 737 836 judicio.
774 767 919 831 Quid
942 767 1083 820 illud
1115 767 1252 836 agit,
1294 768 1404 822 nisi
1433 767 1511 822 vis
1539 767 1738 824 divinae
1765 769 1836 823 li-

248 856 551 909 beralitatis
571 872 671 927 per
697 855 1000 910 Dominum
1020 857 1048 911 J
1053 873 1210 910 esum
1239 873 1274 910 a
1299 856 1462 910 beato
1481 858 1643 910 Petro
1672 857 1730 912 in
1759 858 1830 912 vi-

247 945 413 999 carios
442 947 565 1015 ejus
593 945 832 999 diffusa?
858 945 1002 1015 Ergo
1031 945 1099 999 de
1119 945 1394 1000 similibus
1410 945 1558 1000 idem
1581 963 1832 1016 pronun-

246 1034 399 1088 tiabis
424 1033 725 1104 judicium,
756 1034 804 1088 si
838 1034 1189 1088 dialecticam
1221 1035 1386 1089 nosti.

309 1121 588 1176 Praeterea
615 1122 764 1194 quod
795 1122 939 1176 valet
960 1122 1017 1176 in
1038 1127 1182 1187 toto,
1212 1124 1358 1177 valet
1386 1123 1443 1176 in
1477 1128 1661 1192 parte;
1681 1122 1829 1193 quod

247 1211 378 1263 valet
405 1211 464 1263 in
499 1211 718 1281 majori,
748 1211 894 1264 valet
924 1211 982 1264 in
1015 1211 1237 1264 minori.
1296 1211 1551 1264 Romana
1589 1211 1832 1265 Ecclesia

247 1300 393 1370 quasi
446 1307 629 1354 totum
690 1306 776 1353 est
827 1301 1098 1363 omnium,
1135 1307 1346 1353 caetera}
1387 1299 1643 1353 Ecclesiae
1671 1300 1830 1370 quasi

247 1391 353 1457 ejus
379 1395 589 1460 partes.
629 1389 782 1443 Sicut
810 1391 958 1442 enim
1017 1390 1258 1459 quodam
1309 1389 1515 1442 intuitu
1549 1389 1716 1441 homo
1748 1394 1834 1442 est

243 1494 409 1547 genus
440 1478 854 1532 individuorum
877 1495 1130 1539 suorum,
1150 1486 1205 1531 et
1216 1483 1403 1531 tamen
1427 1477 1481 1530 in
1496 1493 1831 1547 unoquoque

243 1565 519 1620 individuo
545 1567 692 1619 inest
711 1567 885 1620 totius
916 1567 1156 1619 hominis
1206 1572 1327 1619 tota
1369 1565 1718 1635 proprietas;
1753 1565 1832 1618 ita

245 1655 472 1726 quodam
505 1661 763 1726 respectu
785 1655 945 1709 sedes
962 1655 1217 1708 Romana
1244 1662 1328 1707 est
1353 1670 1532 1723 genus
1559 1660 1616 1706 et
1648 1659 1829 1706 totum

1919 506 2126 577 piatur.
2160 505 2344 570 Quare
2369 505 2515 559 sicut
2543 505 2798 559 Christus
2841 505 2978 559 dixit
3015 504 3275 560 omnibus
3300 522 3513 577 praesu-

1917 594 2063 648 libus
2082 595 2350 648 Romanis
2369 594 2515 664 quod
2537 593 2678 647 dixit
2696 593 2858 647 beato
2883 595 3065 656 Petro,
3087 595 3166 647 ita
3196 595 3343 664 quod
3373 595 3514 650 dixit

1917 684 2239 752 Gregorius,
2269 681 2948 737 omnibussuccessoribus
2970 683 3422 752 Augustinidixit
3449 683 3510 736 in

1915 773 2252 841 Augustino.
2287 771 2430 824 Hinc
2462 770 2754 824 conﬁcitur
2784 776 2864 835 ut,
2895 771 3041 825 sicut
3061 771 3260 825 Cantia
3290 770 3514 841 subjici-

1916 865 2011 914 tur
2041 860 2249 925 Romae,
2273 860 2420 930 quod
2448 873 2515 913 ex
2544 875 2611 912 ea
2635 860 2802 913 ﬁdem
2828 859 3059 930 accepit,
3092 859 3171 913 ita
3195 859 3506 914 Eboracum

1913 949 2243 1018 subjiciatur
2261 949 2492 1013 Cantiae,
2524 965 2647 1018 quae
2679 964 2743 1001 eo
2764 948 3156 1018 praedicatores
3186 948 3358 1002 misit.

1981 1037 2112 1091 Jam
2145 1053 2273 1091 vero
2303 1037 2449 1107 quod
2507 1037 2714 1106 allegas
2768 1036 3006 1090 voluisse
3056 1036 3389 1106 Gregorium
3445 1041 3510 1090 ut

1910 1125 2260 1197 Augustinus
2286 1125 2556 1178 resideret
2581 1123 2900 1190 Londoniae,
2929 1126 3164 1178 ﬂuctuat
3190 1126 3373 1195 plane.
3399 1126 3508 1189 Qui

1913 1216 2060 1268 enim
2095 1213 2307 1268 ﬁrmari
2339 1218 2522 1284 potest
2545 1219 2611 1266 ut
2640 1213 2776 1283 ipse,
2829 1213 3081 1283 magistri
3118 1213 3204 1266 sui
3234 1214 3508 1268 voluntati

1914 1303 2210 1364 resultans,
2255 1301 2310 1354 in
2362 1301 2643 1372 repulsam
2664 1302 3016 1355 decretorum
3035 1301 3173 1354 iret?
3203 1301 3312 1354 Sed
3345 1301 3508 1356 fama!

1914 1397 2028 1445 tam
2064 1390 2369 1444 multorum
2384 1407 2614 1443 assensu
2634 1391 2868 1444 ﬁrmatae
2882 1391 3154 1460 derogare
3168 1390 3336 1444 ﬁdem
3353 1391 3509 1444 refu-

1915 1486 1992 1533 to.
2024 1480 2154 1532 Esto
2183 1479 2354 1542 enim,
2408 1483 2472 1532 ut
2499 1479 2638 1532 alias
2667 1479 2956 1548 migraret,
2991 1479 3120 1548 quid
3154 1478 3225 1531 ad
3266 1494 3376 1543 me,
3412 1477 3510 1548 qui

1914 1566 2283 1621 Londinensis
2309 1566 2599 1636 episcopus
2646 1583 2756 1619 non
2799 1566 2968 1620 sum?
2999 1567 3154 1619 Nihil
3201 1566 3353 1619 enim
3384 1582 3511 1620 mea

1913 1656 2164 1718 interest,
2197 1655 2302 1708 nisi
2334 1655 2481 1724 quod
2503 1671 2637 1708 usus
2665 1654 3018 1725 antiquitatis
3051 1671 3163 1708 non
3195 1654 3426 1724 patitur,
3461 1654 3510 1708 si

244 1743 479 1796 omnium
512 1743 906 1809 Ecclesiarum,
957 1748 1014 1796 et
1055 1749 1242 1796 tamen
1283 1743 1340 1796 in
1372 1759 1706 1812 unaquaque
1738 1731 1895 1796 Ec—B
1915 1749 1976 1797 tu
2008 1760 2132 1797 cum
2157 1742 2492 1796 Londinensi
2510 1743 2769 1812 pontiﬁce
2786 1742 3060 1812 primatus
3079 1742 3348 1796 honorem
3375 1758 3507 1812 par-

244 1832 397 1884 clesia
433 1832 609 1885 totius
641 1832 972 1886 Christianae
993 1832 1122 1884 ﬁdei
1138 1837 1256 1885 tota
1283 1838 1482 1901 regnat
1511 1830 1824 1900 integritas.

245 1919 361 1990 Ipsa
377 1926 464 1974 est
493 1922 674 1990 major
695 1921 948 1974 omnium
974 1919 1378 1986 Ecclesiarum;
1410 1926 1465 1973 et
1491 1919 1641 1991 quod
1672 1919 1728 1973 in
1763 1937 1830 1972 ea

243 2009 391 2074 valet,
420 2009 588 2063 debet
608 2009 924 2064 etvalerein
939 2008 1269 2072 minoribus,
1298 2015 1363 2064 ut
1395 2014 1644 2078 potestas
1659 2009 1827 2079 primi

243 2100 610 2169 cujuscunque
657 2098 915 2153 Eeclesiae
962 2098 1226 2171 principis
1257 2098 1315 2152 in
1347 2097 1704 2151 succedentes
1741 2097 1829 2150 di-

1910 1832 2108 1885 tiaris?
2139 1832 2215 1885 Ea
2241 1831 2309 1883 de
2341 1848 2400 1883 re
2432 1831 2498 1894 si,
2531 1831 2627 1884 lite
2658 1837 2966 1902 sequestra,
3009 1847 3144 1901 pace
3175 1831 3360 1884 media
3405 1846 3507 1884 ne-

1908 1920 2124 1988 gotium
2147 1918 2401 1972 ventilari
2431 1918 2732 1986 desideres,
2767 1935 2870 1990 pro
2901 1919 3011 1973 mei
3033 1918 3178 1989 juris
3192 1917 3372 1972 ofﬁcio
3393 1933 3506 1974 non

1911 2007 2076 2062 deero
2107 2014 2256 2061 recto
2277 2007 2511 2076 judicio.

951 2357 1549 2465 BEATI
1603 2359 1824 2464 LA

1912 2357 2766 2470 NPRANOI

1283 2552 1863 2613 CANTUARIENSIS
1889 2555 2446 2612 ARCHIEPISCOPI

657 2706 868 2842 DE
1044 2705 1802 2846 CELANDA
1978 2705 3099 2844 CONFESSIONE

1537 2939 2170 3038 LIBELLUS

312 3123 418 3184 Ex
485 3123 714 3184 duobus
780 3143 914 3188 mss,
981 3123 1278 3185 codicibus
1323 3124 1545 3188 Sancti
1595 3123 1841 3186 Victoris
1908 3125 2293 3201 Parcbiensis,
2359 3134 2417 3184 et
2479 3125 2546 3186 (3.
2613 3124 2676 3190 ν.
2754 3124 3100 3188 Alexandri
3161 3123 3422 3186 Petavii.

301 3413 980 3476 339Aaauusxrcu.—
1001 3414 1188 3477 Quaeri
1225 3413 1444 3468 videtur
1473 3415 1530 3468 in
1560 3414 1664 3468 hoc
1687 3413 1895 3482 libello,
1925 3431 2053 3470 cum
2084 3414 2344 3485 proprius
2359 3413 2617 3468 sacerdos
2636 3413 2956 3485 paenitentis
2977 3415 3382 3469 confessionem
3401 3427 3508 3485 pu-

239 3498 530 3572 blicaverit,
561 3502 788 3556 cuinam
820 3503 1094 3573 paenitens
1123 3505 1376 3558 conﬁteri
1401 3504 1620 3558 debeat.
1651 3505 1696 3558 I.
1725 3503 1967 3557 Probata
1997 3504 2254 3558 Ecclesiae
2281 3503 2598 3572 virginitate
2648 3509 2705 3557 et
2751 3503 2988 3569 unitate,
3025 3504 3272 3558 ostendit
3301 3509 3500 3558 auctor

238 3597 569 3658 quantorum
599 3592 879 3646 malorum
917 3609 1087 3646 causa
1124 3593 1372 3647 extiterit
1396 3593 1562 3664 sigilli
1594 3592 1958 3646 confessionis
1986 3592 2271 3646 infractor.
2301 3623 2362 3632 —
2388 3592 2459 3646 II.
2495 3592 2559 3646 In
2588 3591 2688 3645 hoc
2715 3608 2869 3656 casu,
2898 3590 2995 3645 ubi
3033 3591 3302 3646 nimirum
3334 3593 3512 3662 paeni-

237 3681 364 3733 tenti
394 3682 752 3736 sacerdotum
780 3683 928 3736 inest
952 3685 1189 3753 penuria
1221 3689 1380 3738 tanta
1407 3691 1470 3737 ut
1497 3683 1683 3737 nullus
1711 3686 1882 3752 queat
1901 3699 2128 3752 prorsus
2159 3681 2412 3753 reperiri,
2443 3698 2608 3752 posse
2647 3697 2778 3735 eum
2811 3681 3046 3745 clericis,
3085 3680 3221 3751 quin
3244 3681 3414 3735 etiam
3443 3687 3500 3735 et

236 3766 380 3822 laicis
406 3771 657 3833 mundis,
689 3771 792 3824 hoc
819 3776 904 3824 est
935 3771 1194 3824 ﬁdelibus
1220 3772 1501 3836 conﬁteri;
1527 3787 1638 3825 non
1656 3772 1803 3841 quod
1830 3771 1928 3825 illa
1948 3772 2217 3826 confessio
2241 3777 2325 3838 (ut
2356 3771 2634 3842 proferam
2663 3771 2770 3825 hac
2799 3772 2858 3825 in
2879 3788 2939 3825 re
2963 3771 3354 3841 theologorum
3383 3786 3508 3825 sen-

234 3859 480 3922 tentiam)
507 3859 755 3929 gratiam
786 3876 852 3913 ex
877 3877 1046 3930 opere
1074 3866 1304 3931 operato
1336 3861 1586 3914 conferat
1608 3862 1816 3931 (neque
1845 3861 1996 3915 enim
2017 3861 2437 3916 sacramentalis
2459 3865 2558 3930 est)
2573 3861 2669 3914 sed
2691 3877 2756 3915 ex
2781 3877 2948 3932 opere
2973 3860 3278 3931 operantis,
3300 3876 3504 3930 nempe

235 3961 293 3998 ex
323 3949 681 4015 contritione,
713 3955 770 4003 et
794 3949 1110 4004 humilitate
1142 3967 1310 4021 quam
1350 3955 1615 4004 testatam
1641 3951 1774 4004 facit
1796 3953 2066 4005 conﬁtens
2093 3950 2152 4004 in
2181 3949 2268 4004 sui
2309 3949 2495 4004 delicti
2525 3950 2882 4014 revelatione,
2902 3950 3174 4018 majorem
3203 3954 3268 4002 ut
3282 3948 3387 4001 sibi
3411 3965 3504 4003 ru-

234 4033 411 4090 borem
442 4037 719 4091 adsciscat
748 4056 760 4103 ;
795 4037 942 4092 unde
976 4039 1387 4108 quodammodo
1417 4039 1565 4093 Deus
1593 4039 1852 4110 suppleat
1899 4039 2207 4094 sacerdotis
2236 4039 2502 4092 ofﬁcium.
2550 4069 2614 4079 --
2663 4037 2765 4092 III.
2801 4037 2906 4092 Ubi
2935 4053 3037 4091 nec
3068 4036 3348 4102 sacerdos,
3397 4051 3500 4090 nec

232 4125 476 4192 clericus,
501 4143 604 4180 nec
637 4127 814 4180 laicus
833 4127 1118 4181 invenitur
1136 4145 1246 4182 non
1272 4129 1340 4183 de
1371 4129 1553 4183 salute
1597 4128 2030 4199 desperandum,
2061 4127 2158 4181 sed
2191 4127 2294 4181 soli
2349 4127 2464 4180 Deo
2501 4125 2879 4179 conﬁtendum
2910 4142 2976 4178 ex
3007 4123 3240 4178 diversis
3295 4123 3501 4194 probat

234 4213 324 4268 SS.
352 4216 590 4270 Patrum
620 4216 1076 4270 auctoritatibus.

296 4328 543 4399 Rogatus
573 4346 744 4401 super
772 4329 1093 4400 virginitate
1124 4330 1319 4384 matris
1352 4331 1628 4396 Ecclesiae,
1676 4349 1818 4402 quo—
1839 4316 1881 4375 Ο
1904 4313 2190 4404 baptismi,
2213 4328 2488 4385 Dominici
2508 4327 3504 4398 corporisetsanguinis,peccatorum

230 4417 385 4471 modo
417 4419 576 4488 virgo
607 4427 709 4484 est,
742 4436 863 4490 quae
895 4436 1008 4473 non
1035 4419 1216 4473 solum
1267 4437 1331 4473 ex
1363 4420 1692 4490 virginibus,
1721 4421 1818 4474 sed
1901 4420 2264 4475 confessionis
2285 4419 2462 4472 divisa
2489 4433 2600 4472 non
2623 4417 3070 4487 est,etquiavere
3088 4433 3220 4479 una,
3257 4433 3386 4472 vere
3412 4423 3500 4473 est

227 4506 387 4560 etiam
431 4525 497 4561 ex
556 4509 892 4578 conjugatis,
951 4527 1016 4563 ex
1046 4511 1346 4580 corruptis,
1391 4517 1448 4563 et
1480 4510 1819 4581 incorruptis
1900 4509 2404 4580 virgo,quiaomnis
2427 4507 2672 4576 virgo,ex
2690 4523 2755 4560 eo
2776 4506 2924 4576 quod
2941 4509 3094 4576 virgo
3112 4505 3498 4566 est,induodi-

224 4610 384 4648 carne
415 4603 656 4662 constat,
711 4614 916 4667 negare
950 4615 1059 4653 non
1090 4598 1257 4652 debui
1290 4599 1549 4653 charitati
1583 4599 1718 4652 dare
1750 4600 1817 4652 de
1900 4599 2010 4652 vidi
2044 4615 2155 4652 non
2179 4602 2378 4669 potest;
2413 4597 2621 4650 etenim
2644 4611 2774 4650 caro
2804 4611 2926 4665 quae
2949 4595 3106 4664 virgo
3127 4601 3230 4662 est,
3254 4595 3496 4666 perfecte

223 4684 538 4753 virginitate
567 4687 975 4741 testimonium.
1028 4688 1196 4758 Virgo
1238 4688 1386 4742 enim
1437 4694 1541 4752 cst,
1599 4695 1656 4742 et
1687 4705 1813 4742 vere
1896 4694 1982 4741 est
2013 4687 2196 4756 virgo;
2226 4687 2390 4740 beata
2403 4701 2535 4755 ergo
2558 4686 2682 4755 [al.,
2713 4685 2866 4754 vero]
2897 4691 3080 4738 mater
3108 4684 3353 4738 Ecclesia
3382 4701 3497 4740 una

224 4773 401 4842 virgo;
433 4793 584 4838 nam,
610 4776 658 4828 si
691 4776 1085 4830 intueamurin
1115 4778 1340 4848 speculo
1364 4777 1626 4848 puritatis
1647 4783 1703 4830 et
1730 4794 1812 4831 ve-
1895 4777 2203 4846 eademque
2230 4777 2288 4829 in
2321 4773 2776 4837 sacramentis,et
2797 4773 2924 4838 ﬁde,
2948 4773 3082 4826 dum
3109 4772 3248 4825 nihil
3267 4789 3494 4844 corrup-

219 4862 419 4929 ritatis,
460 4871 517 4918 et
539 4880 668 4917 vere
689 4864 842 4934 virgo
871 4865 1174 4935 imaginem
1223 4865 1434 4920 habens
1473 4865 1595 4936 [al.,
1620 4866 1811 4936 hujus]

220 4951 569 5022 virginitatis,
606 4953 754 5023 quod
779 4959 864 5008 est
893 4970 1060 5007 carne
1085 4953 1248 5008 beata
1280 4954 1432 5024 virgo
1473 4955 1667 5022 Maria,
1693 4973 1814 5009 ma-

219 5045 300 5094 ter
322 5049 409 5096 est
450 5043 696 5097 Ecclesia
717 5043 1074 5097 conscientia.
1117 5044 1288 5113 Cujus
1309 5044 1390 5097 rei
1416 5043 1473 5097 in
1495 5044 1698 5097 lineam
1730 5044 1808 5097 ci-

219 5129 323 5182 tius
357 5131 680 5201 dirigimus,
711 5132 758 5184 si
780 5138 1022 5202 quatuor
1050 5132 1423 5186 ecclesiastica
1459 5137 1811 5186 sacramenta

216 5218 514 5288 diligenter
543 5219 892 5290 inspicimus,
925 5221 1112 5287 ﬁdem,
1141 5221 1503 5292 baptismum,
1534 5221 1808 5275 Dominici

216 5308 464 5376 corporis
511 5314 569 5362 et
605 5309 896 5377 sanguinis
927 5311 1422 5372 consecrationem,
1455 5317 1808 5381 peccatorum

214 5396 623 5451 remissionem.
649 5398 944 5452 Fideenim
958 5405 1044 5453 est
1065 5405 1244 5453 mater
1261 5400 1520 5465 Ecclesia,
1548 5399 1696 5469 quod
1727 5404 1814 5452 est

214 5499 376 5537 carne
400 5484 564 5539 beata
580 5487 770 5548 Maria,
809 5486 940 5557 quia
975 5488 1121 5558 quod
1150 5487 1243 5542 illa
1269 5487 1327 5540 in
1358 5487 1571 5558 Spiritu
1607 5487 1812 5541 Sancto

211 5573 490 5643 concepit,
520 5575 630 5629 ista
658 5575 714 5630 in
739 5576 953 5648 Spiritu
983 5583 1175 5630 sancto
1206 5577 1398 5634 credit.
1433 5575 1813 5631 Sacramentis

1894 4871 2015 4918 tum
2049 4865 2103 4918 in
2133 4863 2490 4925 conscientia,
2519 4863 2663 4916 sicut
2693 4878 2796 4915 nec
2814 4862 2968 4932 virgo
2990 4861 3090 4916 Dei
3119 4860 3362 4931 genitrix
3391 4878 3493 4932 pa-

1895 4953 2063 5018 titur;
2097 4958 2162 5005 ut
2181 4951 2276 5004 illa
2300 4951 2356 5004 in
2388 4967 2639 5022 corpore,
2668 4951 2749 5004 ita
2777 4951 2896 5022 ipsa
2927 4967 3148 5021 quoque
3179 4963 3352 5004 sensu
3381 4949 3494 5004 vir-

1890 5059 1982 5111 go,
2012 5048 2116 5094 est.
2146 5041 2208 5094 In
2237 5041 2404 5109 hujus
2430 5039 2622 5111 itaque
2655 5039 2992 5110 virginitatis
3016 5039 3241 5110 speculo
3286 5039 3357 5091 ad
3405 5038 3494 5090 in-

1893 5129 2161 5183 tuendam
2194 5129 2391 5182 faciem
2421 5128 2670 5182 veritatis
2707 5129 2764 5181 in
2795 5127 3159 5182 sacramentis
3193 5124 3494 5178 confessio-

1892 5219 1980 5272 nis
2011 5216 2282 5279 nonnulli,
2314 5222 2370 5270 et
2414 5218 2561 5286 quod
2615 5217 2844 5286 gravius
2899 5223 3002 5283 est,
3059 5216 3154 5286 qui
3184 5212 3490 5282 imaginem

1891 5307 2153 5361 videntur
2173 5305 2379 5359 habere
2411 5305 2718 5375 religionis,
2773 5305 3017 5374 caligant
3047 5322 3060 5369 ;
3102 5319 3224 5373 quae
3257 5300 3492 5370 diligen-

1895 5397 2008 5449 tius
2034 5395 2374 5457 intueamur,
2425 5400 2482 5447 et
2536 5409 2702 5446 omne
2746 5393 2894 5462 quod
2949 5407 3123 5444 unum
3171 5407 3284 5444 non
3315 5389 3491 5444 estin

1896 5491 2087 5550 330
2114 5489 2308 5538 sancta
2330 5481 2585 5538 Ecclesia.
2625 5479 2696 5534 ab
2719 5480 2876 5534 oculo
2896 5478 3146 5532 veritatis
3175 5485 3489 5537 evanescat.

1966 5573 2096 5627 Tria
2127 5589 2248 5628 esse
2305 5574 2657 5626 sacramenta
2712 5568 2768 5642 (⁸)
2809 5566 3168 5623 confessionis
3218 5565 3493 5622 Dominus
