3864 6176
445 273 551 405 ὠ

1435 312 1500 368 Β.
1540 309 1956 367 LANFRANCI
1995 306 2354 367 CAN’I’UAR.
2394 309 2731 369 ARCHIEP.

3584 308 3676 369 628

447 434 510 492 in
538 422 640 491 sua
660 415 901 509 persona
927 402 1245 501 declaravit,
1281 432 1521 505 ﬁguram
1550 434 1830 507 baptismi,
1869 428 2102 491 unamA
2114 434 2314 489 effectu
2341 435 2592 499 tractari,
2625 435 2810 508 palam
2840 433 3124 505 loquimur
3154 432 3211 488 et
3240 434 3521 488 testamur.
3554 433 3616 488 Et
3630 434 3679 489 in

451 524 849 583 Conscientiam
878 520 946 578 de
980 522 1217 587 duobus,
1251 524 1431 578 Deum
1460 530 1517 578 et
1549 524 1833 580 hominem
1865 523 1922 577 in
1949 539 2044 577 eo-

453 614 580 669 dem
595 612 826 684 judicio.
856 614 919 667 In
944 613 1125 682 ﬁgura
1147 611 1408 685 baptismi
1434 611 1517 681 (’),
1542 613 1589 667 is
1612 614 1707 685 qui
1727 613 2041 677 conﬁtetur,

453 701 814 759 abrenuntiat
841 718 943 773 per
972 700 1382 775 paenitentiam,
1415 706 1471 756 et
1500 704 1677 757 credit
1719 721 1818 774 per
1854 702 2042 768 ﬁdem,

453 791 599 845 sicut
621 789 668 844 is
699 791 795 863 qui
828 790 1142 863 baptizatur
1156 789 1210 860 (³)
1228 791 1588 846 abrenuntiat
1612 792 1870 846 etcredit.
1888 792 2047 846 Unde

454 884 513 934 et
543 876 817 935 Dominus
846 879 994 934 idem
1027 878 1415 935 testimonium
1463 881 1681 953 accepit
1714 898 1749 935 a
1785 882 1951 935 Patre
1989 881 2048 935 in

454 969 969 1040 transﬁguratione,
1000 968 1147 1038 quod
1181 964 1328 1025 etin
1374 968 1671 1040 baptismo,
1713 976 1769 1024 et
1796 970 2049 1025 additum

457 1063 545 1112 est
575 1078 590 1111 :
615 1060 798 1128 Ipsum
830 1058 1017 1113 audite
1046 1060 1263 1126 (Matth.
1297 1074 1433 1129 xvu,
1485 1058 1563 1129 6).
1602 1060 1681 1114 De
1710 1078 1775 1114 eo
1805 1060 1954 1113 enim
1981 1060 2050 1114 de

459 1160 570 1219 quo
600 1136 857 1201 audierat
883 1147 1125 1200 Joannes
1158 1166 1168 1199 :
1200 1146 1301 1201 llic
1328 1153 1402 1201 est
1444 1151 1542 1216 qui
1589 1151 1829 1217 baptizat
1866 1150 2047 1217 (Joan.

457 1250 501 1301 1,
533 1232 640 1298 33),
674 1233 973 1289 audierunt
1002 1235 1259 1307 discipuli
1294 1253 1305 1287 :
1341 1239 1527 1305 Ipsum.
1560 1239 1764 1303 audite,
1798 1239 1929 1307 quia
1959 1237 2052 1307 qui

456 1319 707 1393 baptizat
733 1321 788 1375 in
816 1320 1169 1395 baptismate.
1202 1324 1319 1398 ipse
1348 1326 1576 1379 auditur
1595 1326 1650 1379 in
1667 1326 2051 1397 pmnitentiam

460 1408 630 1464 dante
658 1408 737 1481 (⁴).
758 1408 891 1467 Duae
918 1412 1267 1467 conscientia:
1294 1412 1352 1467 in
1382 1431 1552 1467 unam
1584 1421 1898 1475 transeunt,
1921 1431 2055 1467 con-

2126 522 2321 578 Veteri
2340 525 2699 579 Testamento
2722 522 2820 578 bos
2840 528 3144 596 cornupeta
3155 522 3362 577 recludi
3391 523 3682 594 praecipitur

2129 612 2144 685 ζ
2149 613 2316 667 Exod.
2334 630 2444 680 XXI,
2465 614 2556 678 29)
2582 633 2593 681 ;
2617 614 2663 669 si
2684 614 2834 668 enim
2855 630 2967 667 non
2983 600 3232 667 reclusus
3251 611 3309 666 in
3324 628 3511 683 campo
3525 612 3683 683 publi-

2128 702 2362 756 cationis
2418 701 2661 773 aliquem
2704 701 2986 765 occiderit,
3027 700 3082 756 id
3115 706 3219 765 est,
3254 699 3311 754 in
3342 699 3684 771 suspicionem

2128 793 2381 846 mortalis
2411 790 2660 846 criminis
2688 789 3002 860 adduxerit,
3033 790 3293 844 dominus
3322 791 3459 859 ejus,
3489 788 3535 843 is
3561 790 3688 843 vide-

2129 880 2261 935 licet
2305 882 2397 934 cui
2453 898 2554 952 per
2606 881 3013 935 confessionem
3061 896 3121 935 se
3158 877 3413 941 credidit,
3445 878 3567 949 quia
3592 896 3687 933 non

2133 987 2258 1024 eum
2282 971 2531 1034 reclusit,
2565 969 2791 1040 aliquod
2809 968 3065 1024 videlicet
3083 969 3138 1021 in
3157 966 3495 1022 confessione
3505 967 3689 1021 dictum

2133 1064 2443 1128 peccatum,
2490 1058 2575 1110 vel
2608 1074 2945 1128 quemquam
2985 1055 3317 1127 simpliciter
3353 1071 3387 1107 a
3418 1053 3692 1125 derogante

2134 1146 2506 1207 nominatum,
2537 1146 2596 1199 in
2616 1163 2841 1200 causam
2871 1142 3150 1216 publicam
3184 1160 3510 1215 quocunque
3553 1144 3694 1198 modo

2136 1235 2383 1302 adducit,
2403 1241 2579 1288 morte
2597 1235 2738 1288 mori
2762 1235 2922 1304 ρι’ωεὶ
2930 1234 3095 1304 pitur.
3124 1232 3418 1287 Revelator
3429 1231 3566 1284 enim
3581 1248 3693 1285 con-

2134 1325 2413 1386 fessionis,
2438 1323 2952 1377 mortaliscriminis
2983 1341 3113 1377 reus
3134 1327 3218 1376 est
3242 1341 3252 1374 ε
3289 1323 3456 1376 ﬁdem
3483 1337 3692 1391 namque

2138 1414 2427 1478 mentitur,
2470 1418 2820 1466 sacramenta
2840 1412 3200 1465 confessionis
3230 1428 3340 1465 non
3366 1410 3623 1469 observat.
3648 1409 3694 1462 in

462 1497 673 1554 ﬁtentis
706 1499 917 1554 scilicet
943 1499 1000 1554 in
1032 1501 1151 1570 ejus
1182 1501 1271 1554 cui
1309 1502 1624 1569 conﬁtetur,
1670 1511 1725 1557 et
1748 1503 2057 1573 judicantis
2138 1504 2410 1557 unitatem
2445 1502 2625 1556 Patris
2680 1507 2737 1555 et
2773 1502 2896 1556 Filii
2952 1508 3162 1572 peccat,
3194 1499 3250 1554 in
3287 1499 3545 1571 Spiritum
3594 1515 3698 1551 san-

458 1586 519 1640 in
548 1587 795 1657 ejusdem
819 1586 912 1658 qui
936 1587 1237 1657 judicatur.
1289 1590 1443 1644 Hanc
1473 1592 1747 1646 unitatem
1787 1593 2058 1662 impreca-

462 1678 559 1728 tur
601 1674 776 1729 Filius
806 1675 911 1730 Dei
965 1677 1112 1749 apud
1146 1679 1369 1732 Patrem
1403 1697 1413 1731 :
1456 1679 1525 1734 Ut
1552 1687 1600 1733 et
1639 1684 1747 1749 ipsi
1780 1684 1842 1734 in
1877 1682 2048 1746 nobis,

2139 1599 2309 1657 ctum,
2344 1592 2438 1662 qui
2460 1596 2546 1645 est
2575 1599 2706 1645 vera
2751 1591 3026 1655 remissio,
3080 1590 3453 1660 blasphemat,
3501 1593 3553 1640 et
3591 1602 3698 1639 cum

2136 1682 2340 1736 Judaeis
2366 1681 2604 1734 Domino
2618 1680 2999 1734 dicituYonne
3038 1680 3164 1732 bene
3198 1680 3437 1731 dicimus
3464 1694 3552 1730 nos
3589 1678 3697 1744 quia

462 1763 744 1834 inquiens,
796 1782 975 1819 unum
1014 1768 1145 1831 sint,
1188 1770 1329 1821 sicut
1370 1772 1429 1821 tu
1462 1768 1631 1822 Pater
1657 1773 1721 1823 in
1750 1786 1853 1835 me,
1892 1776 1941 1823 et
1966 1742 2119 1837 egoB
2140 1772 2532 1827 Samaritanus
2557 1788 2607 1823 es
2629 1776 2717 1831 tu;
2750 1774 2798 1822 et
2823 1771 3156 1822 dmnonimn
3196 1767 3385 1821 habes?
3402 1767 3574 1835 (Joan.
3597 1777 3696 1826 vm,

463 1855 529 1906 in
562 1858 609 1908 te
630 1855 817 1922 (Joan.
850 1868 979 1920 xvu,
1010 1853 1121 1920 21).
1149 1852 1298 1909 Deus
1320 1860 1376 1910 et
1404 1856 1569 1911 homo
1600 1860 1659 1911 in
1686 1858 1881 1911 eodem
1905 1858 2058 1928 judi-
2139 1857 2251 1927 48.)
2275 1859 2466 1912 Fidem
2487 1857 2777 1920 mentitur,
2801 1874 2948 1915 cum.
2973 1855 3121 1927 quod
3145 1855 3273 1908 ﬁdei
3296 1850 3700 1908 Christianitatis

464 1938 551 1994 cio
600 1942 954 2007 conveniunt,
991 1944 1123 2014 quia
1151 1944 1246 2014 qui
1280 1962 1339 1999 se
1364 1947 1599 2015 judicat,
1641 1949 1760 2017 jam
1790 1965 1915 2003 cum
1944 1949 2059 2002 Deo
2142 1950 2264 2018 ejus
2293 1948 2567 2001 creditum
2588 1953 2674 2000 est
2699 1962 2809 1999 non
2847 1950 3063 2011 servat;
3087 1944 3156 1997 de
3184 1960 3298 2013 qua
3326 1942 3517 1996 beatus
3545 1942 3705 2009 Augu-

465 2028 598 2082 facit
629 2030 789 2098 (Aug.
826 2037 984 2085 tract.
1025 2031 1107 2095 12,
1136 2036 1194 2086 in
1227 2036 1385 2087 Joan.
1429 2032 1533 2088 sub
1566 2036 1779 2106 ﬁnem).
1820 2036 1979 2091 Unde
2006 2042 2063 2090 et
2143 2038 2323 2091 stinus
2351 2037 2409 2090 in
2444 2035 2677 2089 humilia
2724 2033 2791 2091 10
2846 2050 3014 2102 super
3060 2032 3221 2103 epist.
3286 2028 3512 2087 Joannis
3553 2027 3700 2080 dicit:

467 2117 614 2171 latro
634 2117 691 2171 in
716 2134 879 2189 cruce
898 2136 1025 2173 cum
1056 2121 1285 2175 dixisset
1319 2142 1329 2176 :
1364 2125 1472 2177 Nos
1502 2128 1719 2192 quidem
1750 2128 1921 2193 digna
1978 2128 2062 2194 fa-
2149 2149 2170 2179 ι
2196 2127 2301 2191 Qui
2332 2143 2443 2180 non
2488 2126 2743 2189 credunt,
2775 2124 2831 2178 id
2862 2129 2965 2188 est,
3013 2123 3109 2193 qui
3160 2121 3331 2175 ﬁdem
3359 2136 3469 2173 non
3504 2117 3702 2177 habent,

468 2208 571 2259 etis
604 2210 901 2274 recipimus
932 2210 1079 2275 (Luc.
1114 2224 1266 2277 xxni,
1297 2210 1406 2277 41),
1428 2214 1559 2284 quia
1586 2231 1713 2268 cum
1735 2215 1973 2269 Domino
2002 2233 2062 2270 se
2143 2217 2361 2287 pejores
2385 2221 2515 2268 sunt
2545 2230 2711 2285 quam
2733 2214 3033 2275 daemones,
3060 2218 3117 2264 et
3147 2210 3442 2264 tardiores.
3478 2228 3499 2258 ι

469 2293 758 2363 judicavit.
784 2311 910 2350 cum
932 2298 1169 2352 Domino
1189 2299 1250 2355 in
1270 2301 1529 2374 paradiso
1547 2308 1650 2357 est.
1698 2354 1707 2365 ,

2218 2306 2583 2358 Sacramenta
2610 2302 2970 2358 confessionis
2986 2301 3170 2361 violat,
3188 2299 3325 2369 quia
3342 2314 3442 2350 nec
3465 2295 3707 2366 poeniten-

545 2383 611 2436 In
640 2382 726 2437 his
754 2386 1118 2440 sacramentis
1148 2386 1245 2458 qui
1279 2402 1611 2461 quocunque
1637 2392 1803 2445 modo
1830 2392 1900 2445 de
1930 2410 2064 2447 con-
2145 2398 2261 2448 tem
2286 2393 2342 2447 in
2374 2393 2716 2446 confessione
2735 2390 3076 2462 baptizatum
3102 2388 3281 2441 credit
3309 2406 3320 2453 ;
3345 2388 3623 2456 ipsumque
3636 2398 3708 2434 se-

473 2470 634 2525 fessis
664 2471 769 2525 sibi
806 2474 1054 2544 aliquam
1090 2477 1462 2547 suspicionem
1511 2480 1568 2533 in
1598 2481 1880 2551 publicum
1930 2484 2064 2537 oriri
2148 2483 2391 2537 cundum
2413 2481 2775 2552 baptismum,
2825 2480 2877 2532 id
2910 2484 2996 2533 est
3020 2476 3445 2536 confessionem,
3470 2478 3710 2543 quantum

473 2560 719 2615 scienter
753 2562 984 2627 faciunt,
1027 2566 1111 2618 vel
1150 2565 1429 2621 confessos
1460 2569 1753 2637 infamant,
1788 2573 2064 2643 caligant;
2148 2573 2208 2625 in
2235 2572 2355 2641 ipso
2384 2576 2486 2631 est,
2525 2569 2782 2633 destruit,
2816 2585 2918 2621 nec
2958 2567 3231 2620 unitatem
3274 2561 3605 2618 conscientia:
3630 2575 3710 2611 cu-

476 2654 536 2703 et
551 2649 609 2703 hi
625 2651 720 2720 qui
736 2651 795 2704 in
812 2652 1215 2708 confessionem
1245 2655 1512 2725 aliquam,
1546 2659 1629 2713 vel
1649 2668 1962 2718 consortem
1983 2664 2067 2717 sui
2150 2660 2341 2725 stodit,
2374 2675 2475 2713 nec
2512 2661 2681 2711 Deum
2712 2657 2770 2711 in
2812 2656 2929 2711 suis
2972 2655 3202 2725 judiciis
3243 2652 3559 2707 convenisse
3588 2664 3713 2700 vere-

475 2738 729 2793 criminis
753 2740 1016 2811 produnt.
1040 2749 1308 2814 peccant;
1341 2749 1397 2799 et
1425 2745 1506 2801 illi
1546 2750 1641 2817 qui
1682 2748 1739 2803 in
1767 2752 2061 2806 confessio-
2151 2755 2269 2805 tur.
2302 2749 2365 2803 In
2391 2747 2666 2802 unitatem
2696 2746 2881 2800 Patris
2910 2750 2966 2797 et
2990 2743 3111 2797 Filii
3159 2748 3373 2813 peccat,
3405 2755 3525 2792 cum
3561 2736 3715 2790 unita-

476 2844 607 2882 nem
621 2829 693 2899 [Γ.
725 2829 1102 2891 confessione;
1136 2836 1215 2886 vel
1236 2836 1351 2887 sic:
1383 2843 1633 2904 peccant,
1658 2844 1714 2892 et
1742 2839 1821 2892 illi
1851 2840 1906 2893 in
1938 2858 2071 2895 con-
2154 2844 2265 2891 tem
2298 2854 2419 2907 quae
2447 2842 2532 2889 est
2559 2835 2708 2888 inter
2733 2834 2910 2886 Deum
2938 2833 3162 2885 Patrem
3191 2837 3250 2883 et
3278 2829 3501 2893 Filium,
3537 2828 3589 2880 in
3610 2840 3715 2878 con-

475 2917 799 2985 fessionem,
831 2918 929 2988 qui
958 2919 1122 2985 facta,
1148 2922 1279 2993 etc.]
1301 2923 1448 2977 facta
1466 2925 1700 2979 aliorum
1718 2930 2068 3000 perquirunt.
2156 2926 2348 2979 ﬁtente
2376 2924 2481 2978 sibi
2511 2928 2991 2993 repraesentatam,
3023 2936 3358 2991 quacunque
3378 2915 3716 2989 publicatione

479 3005 622 3060 Cum
651 3007 800 3060 enim
849 3009 1121 3064 confessio
1159 3011 1395 3081 ﬁguram
1440 3012 1705 3084 baptismi
1747 3023 1936 3072 teneat
1990 3020 2070 3088 (⁵),
2092 3056 2135 3088 ρ
2158 3014 2378 3070 dividit.
2409 3014 2549 3066 Cum
2582 3011 2730 3065 enim
2773 3011 2947 3065 Filius
2977 3010 3047 3063 ad
3078 3010 3303 3062 Patrem
3335 3008 3521 3060 dicat:
3555 3005 3611 3057 Et
3632 3004 3718 3070 ipsi

479 3094 690 3149 scimus
709 3097 842 3166 quia
860 3096 917 3150 in
930 3099 1140 3167 peccati
1161 3099 1671 3169 abrenuntiatione,
1698 3122 1810 3160 non
1840 3094 2137 3163 alterius"
2157 3106 2220 3156 in
2251 3102 2403 3156 nobis
2434 3116 2613 3154 unum
2644 3102 2776 3164 δίηι,
2822 3101 2963 3152 Sicut
3014 3104 3095 3163 ίαν
3145 3100 3331 3162 Pater,
3364 3099 3423 3149 in
3448 3112 3547 3158 me.
3575 3099 3617 3146 ετ
3643 3106 3718 3157 890

480 3184 829 3239 detractione
854 3185 1221 3257 baptizamur.
1259 3190 1323 3243 In
1357 3191 1513 3245 Judas
1550 3193 1717 3247 etiam
1772 3198 2075 3265 proditoris
2158 3194 2221 3244 ῖή
2240 3196 2286 3244 ιε
2309 3192 2489 3257 (Immo
2508 3203 2640 3252 XVII.
2663 3188 2753 3256 21)
2781 3206 2794 3254 ἰ
2827 3194 2927 3241 aut
2944 3187 3122 3241 Deum
3142 3203 3343 3246 unum.
3366 3189 3463 3239 aut
3480 3200 3533 3237 se
3552 3183 3602 3236 in
3620 3180 3718 3243 i110.

479 3273 705 3327 Domini
719 3281 1018 3329 censentur
1048 3277 1652 3348 participio,quia,licet
1667 3282 1712 3335 is
1728 3285 1816 3337 cui
1838 3286 2082 3341 detrahi-
2162 3280 2257 3351 qui
2287 3296 2433 3333 umis
2470 3284 2575 3343 est,
2622 3284 2719 3331 aut
2748 3278 3188 3347 omnipotentem
3211 3276 3271 3328 in
3304 3276 3422 3346 ipso
3439 3288 3588 3344 posse
3614 3284 3720 3340 ope-

480 3367 595 3428 tur,
626 3378 694 3416 ex
717 3378 783 3416 eo
812 3364 961 3436 quod
993 3366 1253 3436 peccavit,
1288 3384 1585 3438 personam
1616 3371 1839 3427 Domini
1867 3392 1977 3429 non
2010 3378 2083 3431 si-
2162 3370 2273 3422 rari
2308 3368 2580 3423 unitatem
2636 3372 2822 3437 negat"
2864 3367 2971 3421 Sed
3003 3366 3135 3437 quia
3162 3365 3317 3419 Deus
3359 3378 3501 3418 unus
3538 3366 3630 3425 θεῖν
3675 3361 3721 3409 et

481 3451 803 3523 gniﬁcet,ex
824 3468 890 3506 eo
910 3458 1098 3508 tamen
1116 3455 1264 3525 quod
1278 3457 1522 3511 traditur
1535 3458 1852 3530 signiﬁcare
1872 3471 2076 3534 potest.
2160 3458 2415 3512 membra
2459 3456 2665 3511 Christi
2726 3457 2784 3510 in
2829 3472 3005 3510 unum
3035 3455 3396 3519 conveniunt,
3429 3452 3653 3524 Ρνοίθοίο
3671 3446 3720 3498 li‘

482 3539 758 3595 Dominus
804 3556 1067 3613 namque.
1103 3543 1207 3596 etsi
1249 3560 1361 3598 non
1388 3548 1655 3618 peccavit,
1682 3555 1873 3605 tamen
1904 3555 2083 3608 tradi-
2164 3547 2459 3618 quetquia,
2490 3546 2622 3599 dum
2644 3545 2713 3600 ab
2737 3545 2953 3599 unitate
2982 3543 3265 3609 Ecclesiae,
3300 3559 3422 3615 qua:
3445 3545 3527 3594 est
3550 3550 3720 3608 corpus

481 3632 575 3683 tus
603 3634 707 3695 est,
731 3629 800 3683 de
848 3646 959 3700 quo
1003 3630 1178 3685 Judas
1204 3632 1284 3686 ait
1324 3651 1335 3685 :
1388 3635 1771 3707 Quemcunque
1808 3644 2081 3697 osculatus
2163 3634 2391 3701 Christi,
2426 3651 2527 3705 per
2552 3634 2694 3688 tanti
2733 3633 3091 3687 violationem
3133 3629 3473 3686 sacramenti
3501 3645 3554 3682 se
3578 3640 3721 3697 praes-

482 3718 663 3786 fuero,
686 3720 796 3786 ipse
819 3724 913 3783 est,
948 3725 1115 3773 tenete
1152 3737 1277 3775 eum
1301 3722 1493 3782 (Marc.
1526 3739 1633 3789 xxv,
1658 3725 1783 3795 44);
1816 3736 1873 3783 et
1900 3730 1947 3784 is
1970 3733 2078 3799 cui,
2163 3725 2356 3789 cindit,
2392 3740 2505 3778 non
2534 3724 2593 3776 in
2625 3724 2756 3788 Deo,
2788 3739 2892 3776 nec
2916 3739 2979 3777 ex
3003 3723 3139 3788 Deo,
3163 3738 3267 3775 nec
3286 3737 3413 3774 cum
3433 3720 3541 3773 Deo
3567 3713 3722 3769 est.In

485 3822 617 3861 cum
653 3806 898 3878 imagine
929 3806 1054 3880 [at.,
1088 3808 1415 3881 imaginem]
1464 3812 1881 3884 familiaritatis,
1922 3821 2083 3889 quasi
2166 3815 2439 3886 Spiritum
2471 3818 2727 3866 sanctum
2756 3812 3128 3882 blasphemat,
3156 3811 3294 3864 dum
3310 3808 3454 3881 quod
3475 3807 3530 3861 in
3560 3804 3653 3859 ﬁde
3678 3806 3723 3889 et

486 3895 740 3951 osculum
762 3896 847 3949 vel
875 3895 1115 3961 exhibet,
1150 3899 1235 3951 vel
1278 3898 1510 3964 exibuit,
1552 3901 1622 3955 de
1661 3903 1894 3959 crimine
1924 3887 2085 3977 rogat
2168 3903 2529 3957 advocatione
2557 3902 2676 3973 ejus
2704 3902 2799 3973 qui
2840 3906 2926 3955 est
2953 3900 3210 3954 remissio
3244 3905 3605 3970 peccatorum,
3636 3887 3721 3944 sibi

483 3984 669 4040 teneri
716 3985 775 4039 in
828 3984 1175 4041 confessione
1225 3987 1307 4054 (⁸).
1363 3988 1433 4041 Et
1469 3991 1769 4060 Apostolus
1792 3995 2035 4051 Joannes
2068 4015 2078 4050 :
2167 3992 2444 4046 creditum
2476 3997 2562 4044 est
2588 3990 2815 4054 revelat,
2852 3989 3150 4042 ostendens
3169 3988 3306 4058 quia
3334 3985 3475 4057 apud
3503 3998 3619 4036 eum
3640 3993 3723 4032 nec

486 4073 654 4131 Omni
684 4077 785 4143 qui
806 4076 944 4144 facit
962 4081 1266 4143 peccatum,
1297 4093 1361 4130 ea:
1387 4078 1601 4132 diabolo
1630 4087 1702 4135 est
1730 4090 1915 4147 natus,
1951 4089 2083 4154 quia
2168 4080 2408 4151 Spiritus
2437 4084 2661 4133 sanctus
2707 4086 2793 4132 est
2817 4079 3135 4132 advocatus.
3190 4076 3356 4147 Apud
3407 4074 3723 4129 Salomonem

485 4164 554 4217 ab
583 4166 752 4217 initio
769 4165 1020 4218 diabolus
1039 4170 1222 4231 peccat
1253 4166 1298 4233 (Ι
1322 4168 1488 4223 Joan.
1519 4182 1598 4231 III,
1633 4186 1680 4224 v.
1705 4168 1757 4235 8)
1783 4190 1795 4237 ;
1832 4173 1935 4225 hoc
1961 4192 2048 4243 pec

2165 4186 2388 4241 quoque
2420 4174 2593 4233 ειμι
2636 4168 3028 4221 fraudulentus
3058 4172 3287 4219 vocatur
3312 4165 3407 4236 qui
3436 4161 3627 4216 revelat
3648 4171 3725 4209 ar—

485 4258 672 4305 catum
703 4252 1061 4306 violationem
1092 4253 1382 4307 charitatis
1427 4255 1811 4326 intelligimus,
1854 4262 1986 4330 quia
2009 4263 2079 4317 ab
2161 4275 2319 4323 cana,
2353 4264 2409 4311 et
2438 4256 2616 4311 ﬁdelis
2648 4256 2743 4327 qui
2790 4256 2965 4308 animi
2994 4255 3139 4308 celat
3162 4254 3516 4307 commissum
3567 4251 3720 4311 (Ρνους

483 4332 645 4427 initio
673 4338 928 4393 diabolus
975 4346 1166 4410 peccat
1209 4340 1287 4412 [at
1302 4385 1311 4397 .
1330 4385 1342 4407 ,
1392 4343 1682 4417 perdidit].
1719 4347 2073 4405 Horrendum
2092 4369 2140 4427 D
2158 4363 2232 4411 x1,
2256 4346 2367 4413 13).
2393 4346 2461 4400 Et
2480 4345 2536 4398 in
2561 4344 3091 4411 EcclesiasticOIQui
3110 4344 3565 4397 dcnudatarcana
3583 4334 3726 4427 critici

486 4426 617 4482 vero
647 4434 733 4481 est
759 4429 935 4494 valde,
973 4446 1100 4483 cum
1139 4429 1205 4496 is,
1242 4432 1337 4502 qui
1390 4449 1492 4503 per
1526 4435 1929 4491 confessionem
1988 4423 2129 4510 pu:
2167 4438 2346 4504 perdit
2370 4437 2532 4501 ﬁdem
2573 4436 2737 4488 Ercli.
2772 4447 2935 4496 xxviI,
2970 4432 3073 4499 17),
3099 4449 3224 4503 quae
3252 4438 3338 4485 est
3366 4430 3517 4499 origo
3543 4431 3595 4479 et
3620 4423 3725 4476 fano

486 4529 611 4571 ram
638 4516 707 4570 de
735 4516 946 4587 Spiritu
976 4525 1167 4572 sancto
1198 4521 1416 4574 renasci
1443 4521 1729 4588 debuerat,
1767 4525 1823 4579 in
1853 4528 2084 4584 alterius
2169 4524 2495 4578 damentum
2525 4522 2777 4575 omnium
2808 4522 3100 4588 virtutum,
3134 4519 3478 4590 incurritque
3506 4517 3728 4585 despera°

486 4600 835 4659 detractione
853 4621 952 4676 per
980 4607 1335 4661 violationem
1355 4610 1643 4665 charitatis
1664 4613 1733 4667 de
1753 4614 1973 4670 diabolo
1995 4635 2084 4671 re-
2167 4613 2398 4676 tionem,
2433 4630 2555 4683 quae
2585 4619 2672 4666 est
2711 4611 3060 4681 blasphemia
3112 4610 3374 4681 Spiritus,
3415 4612 3469 4661 et
3498 4604 3726 4659 ultimum

490 4694 760 4748 nascitur.
776 4688 844 4747 Et
873 4694 1163 4765 Scriptura
1192 4714 1203 4748 :
1236 4698 1426 4751 Justus
1464 4700 1527 4751 in
1554 4703 1832 4769 principio
1865 4707 1956 4756 sui
1998 4721 2085 4758 ac—
2168 4701 2586 4772 maximumque
2618 4700 2871 4755 omnium
2896 4699 3214 4753 criminum.
3248 4699 3389 4752 Cum
3417 4693 3608 4750 Judaeis
3633 4689 3728 4743 Do-

491 4786 714 4835 cusator
741 4786 818 4836 est
845 4780 1024 4849 (Prov.
1062 4795 1211 4851 vaiI,
1252 4783 1336 4853 17)
1378 4804 1389 4838 :
1423 4787 1531 4851 sui,
1572 4805 1685 4843 non
1722 4790 1974 4846 alterius.
2023 4793 2087 4847 Et
2167 4789 2319 4842 mino
2348 4788 2521 4841 dicit:
2559 4789 2750 4842 Nonne
2781 4789 2910 4840 bene
2938 4787 3178 4840 dicimus
3217 4801 3313 4839 nos
3342 4786 3473 4853 quia
3510 4777 3729 4836 Samari-

489 4866 627 4925 item
661 4871 1016 4931 Conﬂtemim’
1041 4875 1383 4928 alterutrum
1406 4883 1624 4944 peccata
1654 4884 1833 4933 vestra
1868 4883 1998 4945 (Jac.
2031 4899 2080 4947 v,
2170 4883 2334 4931 tanus
2359 4894 2410 4930 es
2443 4884 2521 4941 tu,
2542 4882 2588 4929 et
2609 4876 3349 4941 dmnonimnhabes?(Joan.
3373 4884 3486 4935 vin,
3518 4867 3613 4934 48).
3640 4863 3728 4919 Per

488 4951 579 5033 16)
616 4967 818 5030 vestra,
850 4976 961 5016 non
990 4964 1195 5018 aliena.
2168 4965 2505 5020 daemonium
2532 4970 2823 5036 peccatum
2861 4970 3046 5035 potest
3074 4962 3329 5033 intelligi,
3356 4968 3494 5015 teste
3518 4968 3727 5022 evange-

566 5053 632 5108 In
670 5068 780 5125 quo
811 5068 1134 5107 revocemus
1170 5052 1242 5108 ad
1277 5055 1608 5109 memoriam
1655 5056 1788 5127 quia
1825 5054 1998 5111 Judas
2032 5075 2091 5113 se
2166 5056 2316 5120 lista,
2341 5055 2435 5125 qui
2462 5054 2531 5108 de
2552 5054 2730 5108 Maria
2755 5053 3081 5124 Magdalena
3102 5059 3314 5123 septem
3346 5045 3607 5105 daemonia
3634 5041 3725 5110 eje-

490 5141 674 5197 solum
692 5139 893 5213 laqueo
914 5140 1729 5213 suspendit;derogansenimin
1742 5144 2087 5200 confessione
2168 5148 2258 5198 cta
2285 5144 2453 5210 dicit;
2485 5148 2542 5197 et
2570 5143 2842 5197 Dominus
2862 5142 3248 5197 Samaritanus
3282 5155 3422 5205 esse,
3468 5142 3521 5191 et
3550 5134 3725 5188 daemo-

489 5231 674 5286 solum
696 5228 802 5285 sibi
823 5236 1004 5299 nocet,
1031 5230 1163 5303 quia
1182 5230 1248 5297 is,
1274 5234 1361 5286 cui
1376 5230 1699 5304 derogatur,
1724 5251 1826 5288 nec
1848 5233 2088 5305 publica-
2170 5234 2328 5287 nium
2362 5233 2565 5285 habere
2588 5232 2809 5295 dicitur,
2835 5249 2963 5286 cum
2985 5231 3220 5285 confessi
3242 5230 3405 5299 culpa
3425 5223 3684 5279 reducitur
3709 5236 3719 5277 ς

491 5324 604 5393 tur,
624 5318 792 5375 necin
817 5337 1209 5394 quamcunque
1225 5322 1599 5392 suspicionem
1616 5339 1949 5393 quocunque
1973 5341 2088 5378 mo-
2169 5322 2300 5391 quia
2324 5321 2419 5392 qui
2450 5321 2838 5375 Samaritanus
2868 5326 2971 5385 est,
3004 5320 3058 5373 id
3097 5324 3183 5372 est
3210 5322 3391 5371 custos
3422 5330 3516 5385 per
3541 5307 3723 5363 confes-

491 5408 562 5489 do
587 5410 787 5465 adduci
808 5409 973 5465 salvis
994 5412 1361 5465 sacramentis
1382 5417 1566 5482 potest
1587 5411 2086 5467 contessionis.Un-
2169 5408 2401 5466 sionem.
2434 5411 2491 5464 in
2552 5427 2617 5463 eo
2663 5426 2830 5480 quem
2875 5408 3136 5471 custodit,
3190 5403 3516 5460 daemonium
3545 5397 3723 5453 habere

494 5494 649 5569 de,in
670 5500 841 5555 sacris
857 5500 1165 5554 canonibus
1184 5504 1241 5554 et
1269 5500 1452 5553 causis
1482 5499 1891 5563 ecclesiasticis,
1917 5500 2088 5554 dehis
2170 5499 2515 5570 improlierat
2545 5515 2644 5570 per
2672 5498 2880 5569 peccati
2908 5498 3376 5551 communionem.

493 5589 715 5641 tantum
744 5604 867 5658 quae
916 5589 972 5642 in
1016 5594 1260 5643 tractatu
1290 5588 1623 5656 audivimus,
1658 5595 1716 5644 et
1743 5588 1994 5643 videmus
2030 5590 2089 5643 in
2244 5588 2302 5642 Si
2334 5606 2463 5643 vero
2492 5589 2540 5642 is
2572 5589 2666 5659 qui
2717 5589 3016 5643 conﬁtetur
3042 5586 3100 5640 in
3129 5588 3291 5657 culpa
3329 5580 3647 5654 perseverat.
3676 5578 3721 5623 et
