  <div class='ocr_page' id='page_1' title='image "/cluster/home/n/w/nwhite01/storage/ocr_20150623/150/hvd.32044054760087/320.png"; bbox 0 0 3902 6166; ppageno 0'>
   <div class='ocr_carea' id='block_1_1' title="bbox 211 268 300 327">
    <p class='ocr_par' dir='ltr' id='par_1_1' title="bbox 211 268 300 327">
     <span class='ocr_line' id='line_1_1' title="bbox 211 268 300 327; baseline -0.022 0"><span class='ocrx_word' id='word_1_1' title='bbox 211 268 300 327; x_wconf 77' lang='grc' dir='ltr'>ὃ29</span> 
     </span>
    </p>
   </div>
   <div class='ocr_carea' id='block_1_2' title="bbox 1235 260 2439 324">
    <p class='ocr_par' dir='ltr' id='par_1_2' title="bbox 1235 260 2439 324">
     <span class='ocr_line' id='line_1_2' title="bbox 1235 260 2439 324; baseline -0.007 1"><span class='ocrx_word' id='word_1_2' title='bbox 1235 267 1373 323; x_wconf 86' lang='lat' dir='ltr'>LIB.</span> <span class='ocrx_word' id='word_1_3' title='bbox 1413 266 1512 324; x_wconf 88' lang='lat' dir='ltr'>DE</span> <span class='ocrx_word' id='word_1_4' title='bbox 1547 265 1884 324; x_wconf 76' lang='lat' dir='ltr'>CELANDA</span> <span class='ocrx_word' id='word_1_5' title='bbox 1921 260 2439 322; x_wconf 69' lang='lat' dir='ltr'>CONFESSIONE.</span> 
     </span>
    </p>
   </div>
   <div class='ocr_carea' id='block_1_3' title="bbox 211 373 3469 497">
    <p class='ocr_par' dir='ltr' id='par_1_3' title="bbox 211 373 3469 497">
     <span class='ocr_line' id='line_1_3' title="bbox 211 373 3469 497; baseline -0.005 -33"><span class='ocrx_word' id='word_1_6' title='bbox 211 396 357 497; x_wconf 64' lang='lat' dir='ltr'>etiam</span> <span class='ocrx_word' id='word_1_7' title='bbox 384 392 689 497; x_wconf 64' lang='lat' dir='ltr'>anatherfla</span> <span class='ocrx_word' id='word_1_8' title='bbox 715 395 801 497; x_wconf 49' lang='lat' dir='ltr'>est</span> <span class='ocrx_word' id='word_1_9' title='bbox 825 392 875 447; x_wconf 75' lang='lat' dir='ltr'>is</span> <span class='ocrx_word' id='word_1_10' title='bbox 898 392 999 497; x_wconf 54' lang='lat' dir='ltr'>fui</span> <span class='ocrx_word' id='word_1_11' title='bbox 1023 394 1341 497; x_wconf 47' lang='lat' dir='ltr'>confessam</span> <span class='ocrx_word' id='word_1_12' title='bbox 1372 400 1472 456; x_wconf 66' lang='lat' dir='ltr'>est.</span> <span class='ocrx_word' id='word_1_13' title='bbox 1512 413 1638 497; x_wconf 49' lang='lat' dir='ltr'>cui}!</span> <span class='ocrx_word' id='word_1_14' title='bbox 1668 397 1782 497; x_wconf 65' lang='lat' dir='ltr'>D9-</span> <span class='ocrx_word' id='word_1_15' title='bbox 1800 398 1849 457; x_wconf 86' lang='lat' dir='ltr'><strong>A</strong></span> <span class='ocrx_word' id='word_1_16' title='bbox 1866 416 2107 468; x_wconf 87' lang='lat' dir='ltr'>diuntur</span> <span class='ocrx_word' id='word_1_17' title='bbox 2146 411 2447 464; x_wconf 71' lang='lat' dir='ltr'>tentorium</span> <span class='ocrx_word' id='word_1_18' title='bbox 2475 407 2656 472; x_wconf 84' lang='lat' dir='ltr'>illius,</span> <span class='ocrx_word' id='word_1_19' title='bbox 2696 409 2749 458; x_wconf 88' lang='lat' dir='ltr'>et</span> <span class='ocrx_word' id='word_1_20' title='bbox 2781 402 3049 456; x_wconf 78' lang='lat' dir='ltr'>universa</span> <span class='ocrx_word' id='word_1_21' title='bbox 3079 411 3210 453; x_wconf 75' lang='lat' dir='ltr'>vasa</span> <span class='ocrx_word' id='word_1_22' title='bbox 3237 410 3359 465; x_wconf 68' lang='lat' dir='ltr'>quae</span> <span class='ocrx_word' id='word_1_23' title='bbox 3381 373 3469 449; x_wconf 68' lang='lat' dir='ltr'>ibi</span> 
     </span>
    </p>
   </div>
   <div class='ocr_carea' id='block_1_4' title="bbox 212 482 3462 570">
    <p class='ocr_par' dir='ltr' id='par_1_4' title="bbox 212 482 3462 570">
     <span class='ocr_line' id='line_1_4' title="bbox 212 482 3462 570; baseline 0 -30"><span class='ocrx_word' id='word_1_24' title='bbox 212 486 342 541; x_wconf 86' lang='lat' dir='ltr'>mino</span> <span class='ocrx_word' id='word_1_25' title='bbox 361 500 541 555; x_wconf 86' lang='lat' dir='ltr'>usque</span> <span class='ocrx_word' id='word_1_26' title='bbox 560 482 632 536; x_wconf 86' lang='lat' dir='ltr'>ad</span> <span class='ocrx_word' id='word_1_27' title='bbox 661 484 870 537; x_wconf 80' lang='lat' dir='ltr'>exitum</span> <span class='ocrx_word' id='word_1_28' title='bbox 892 484 1093 538; x_wconf 88' lang='lat' dir='ltr'>Judam</span> <span class='ocrx_word' id='word_1_29' title='bbox 1117 484 1395 556; x_wconf 89' lang='lat' dir='ltr'>patiatur;</span> <span class='ocrx_word' id='word_1_30' title='bbox 1416 502 1518 539; x_wconf 90' lang='lat' dir='ltr'>nec</span> <span class='ocrx_word' id='word_1_31' title='bbox 1538 488 1706 540; x_wconf 86' lang='lat' dir='ltr'>etiam</span> <span class='ocrx_word' id='word_1_32' title='bbox 1726 485 1785 539; x_wconf 93' lang='lat' dir='ltr'>in</span> <span class='ocrx_word' id='word_1_33' title='bbox 1867 508 2017 567; x_wconf 56' lang='lat' dir='ltr'><em>sunt,</em></span> <span class='ocrx_word' id='word_1_34' title='bbox 2047 504 2262 570; x_wconf 73' lang='grc' dir='ltr'>ροιιυια</span> <span class='ocrx_word' id='word_1_35' title='bbox 2307 502 2473 550; x_wconf 65' lang='lat' dir='ltr'>erant</span> <span class='ocrx_word' id='word_1_36' title='bbox 2523 500 2720 562; x_wconf 63' lang='lat' dir='ltr'>septem</span> <span class='ocrx_word' id='word_1_37' title='bbox 2768 493 2974 545; x_wconf 80' lang='lat' dir='ltr'>diebus.</span> <span class='ocrx_word' id='word_1_38' title='bbox 3016 487 3129 541; x_wconf 83' lang='lat' dir='ltr'>Vas</span> <span class='ocrx_word' id='word_1_39' title='bbox 3159 484 3303 555; x_wconf 83' lang='lat' dir='ltr'>quod</span> <span class='ocrx_word' id='word_1_40' title='bbox 3347 498 3462 539; x_wconf 80' lang='lat' dir='ltr'>non</span> 
     </span>
    </p>
   </div>
   <div class='ocr_carea' id='block_1_5' title="bbox 212 570 1786 646">
    <p class='ocr_par' dir='ltr' id='par_1_5' title="bbox 212 570 1786 646">
     <span class='ocr_line' id='line_1_5' title="bbox 212 570 1786 646; baseline -0.002 -16"><span class='ocrx_word' id='word_1_41' title='bbox 212 575 317 631; x_wconf 90' lang='lat' dir='ltr'>illos</span> <span class='ocrx_word' id='word_1_42' title='bbox 359 572 663 645; x_wconf 84' lang='lat' dir='ltr'>aliquando</span> <span class='ocrx_word' id='word_1_43' title='bbox 722 570 997 645; x_wconf 81' lang='lat' dir='ltr'>[aliquam</span> <span class='ocrx_word' id='word_1_44' title='bbox 1043 574 1271 628; x_wconf 87' lang='lat' dir='ltr'>omnino</span> <span class='ocrx_word' id='word_1_45' title='bbox 1308 575 1415 644; x_wconf 90' lang='lat' dir='ltr'>vel]</span> <span class='ocrx_word' id='word_1_46' title='bbox 1460 592 1559 646; x_wconf 91' lang='lat' dir='ltr'>per</span> <span class='ocrx_word' id='word_1_47' title='bbox 1594 592 1652 628; x_wconf 90' lang='lat' dir='ltr'>se</span> <span class='ocrx_word' id='word_1_48' title='bbox 1701 574 1786 628; x_wconf 87' lang='lat' dir='ltr'>vel</span> 
     </span>
    </p>
   </div>
   <div class='ocr_carea' id='block_1_6' title="bbox 1869 576 3463 657">
    <p class='ocr_par' dir='ltr' id='par_1_6' title="bbox 1869 576 3463 657">
     <span class='ocr_line' id='line_1_6' title="bbox 1869 576 3463 657; baseline -0.013 -12"><span class='ocrx_word' id='word_1_49' title='bbox 1869 592 2123 645; x_wconf 86' lang='lat' dir='ltr'>habuerit</span> <span class='ocrx_word' id='word_1_50' title='bbox 2142 590 2478 657; x_wconf 80' lang='lat' dir='ltr'>operculum,</span> <span class='ocrx_word' id='word_1_51' title='bbox 2506 600 2601 637; x_wconf 87' lang='lat' dir='ltr'>nec</span> <span class='ocrx_word' id='word_1_52' title='bbox 2617 585 2924 649; x_wconf 82' lang='lat' dir='ltr'>tigaturam</span> <span class='ocrx_word' id='word_1_53' title='bbox 2943 580 3189 646; x_wconf 78' lang='lat' dir='ltr'>desuper,</span> <span class='ocrx_word' id='word_1_54' title='bbox 3214 576 3463 627; x_wconf 87' lang='lat' dir='ltr'>immun-</span> 
     </span>
    </p>
   </div>
   <div class='ocr_carea' id='block_1_7' title="bbox 211 661 1803 763">
    <p class='ocr_par' dir='ltr' id='par_1_7' title="bbox 211 661 1788 736">
     <span class='ocr_line' id='line_1_7' title="bbox 211 661 1788 736; baseline -0.001 -19"><span class='ocrx_word' id='word_1_55' title='bbox 211 679 297 736; x_wconf 85' lang='lat' dir='ltr'>per</span> <span class='ocrx_word' id='word_1_56' title='bbox 315 662 562 733; x_wconf 79' lang='lat' dir='ltr'>aliquem</span> <span class='ocrx_word' id='word_1_57' title='bbox 588 661 893 717; x_wconf 79' lang='lat' dir='ltr'>vindictam</span> <span class='ocrx_word' id='word_1_58' title='bbox 922 670 1194 728; x_wconf 82' lang='lat' dir='ltr'>exerceat,</span> <span class='ocrx_word' id='word_1_59' title='bbox 1214 664 1309 734; x_wconf 85' lang='lat' dir='ltr'>qui</span> <span class='ocrx_word' id='word_1_60' title='bbox 1339 664 1442 717; x_wconf 89' lang='lat' dir='ltr'>sibi</span> <span class='ocrx_word' id='word_1_61' title='bbox 1471 662 1788 718; x_wconf 84' lang='lat' dir='ltr'>denuntiati</span> 
     </span>
    </p>
   </div>
   <div class='ocr_carea' id='block_1_8' title="bbox 1889 661 3463 763">
    <p class='ocr_par' dir='ltr' id='par_1_8' title="bbox 1889 662 3463 744">
     <span class='ocr_line' id='line_1_8' title="bbox 1889 662 3463 744; baseline -0.011 -11"><span class='ocrx_word' id='word_1_62' title='bbox 1889 682 2002 733; x_wconf 85' lang='lat' dir='ltr'>lum</span> <span class='ocrx_word' id='word_1_63' title='bbox 2032 680 2156 732; x_wconf 87' lang='lat' dir='ltr'>erit.</span> <span class='ocrx_word' id='word_1_64' title='bbox 2181 676 2243 732; x_wconf 85' lang='lat' dir='ltr'>Si</span> <span class='ocrx_word' id='word_1_65' title='bbox 2270 677 2392 744; x_wconf 84' lang='lat' dir='ltr'>quis</span> <span class='ocrx_word' id='word_1_66' title='bbox 2416 677 2479 727; x_wconf 82' lang='lat' dir='ltr'>in</span> <span class='ocrx_word' id='word_1_67' title='bbox 2500 687 2635 740; x_wconf 83' lang='lat' dir='ltr'>agro</span> <span class='ocrx_word' id='word_1_68' title='bbox 2666 671 2905 737; x_wconf 72' lang='lat' dir='ltr'>tetigerit</span> <span class='ocrx_word' id='word_1_69' title='bbox 2933 668 3163 721; x_wconf 78' lang='lat' dir='ltr'>cadaver</span> <span class='ocrx_word' id='word_1_70' title='bbox 3187 665 3352 718; x_wconf 84' lang='lat' dir='ltr'>occisi</span> <span class='ocrx_word' id='word_1_71' title='bbox 3365 662 3463 716; x_wconf 71' lang='lat' dir='ltr'>lio-</span> 
     </span>
    </p>
   </div>
   <div class='ocr_carea' id='block_1_9' title="bbox 212 751 3462 854">
    <p class='ocr_par' dir='ltr' id='par_1_9' title="bbox 212 751 3462 854">
     <span class='ocr_line' id='line_1_9' title="bbox 212 751 3462 854; baseline -0.006 -34"><span class='ocrx_word' id='word_1_72' title='bbox 212 751 687 854; x_wconf 51' lang='grc' dir='ltr'>εξωίξξὶξτξωίηθ,</span> <span class='ocrx_word' id='word_1_73' title='bbox 720 751 804 805; x_wconf 66' lang='lat' dir='ltr'>vel</span> <span class='ocrx_word' id='word_1_74' title='bbox 853 768 953 823; x_wconf 61' lang='lat' dir='ltr'>Per</span> <span class='ocrx_word' id='word_1_75' title='bbox 981 753 1367 854; x_wconf 28' lang='lat' dir='ltr'>coAnﬁtenEiu&#39;fl</span> <span class='ocrx_word' id='word_1_76' title='bbox 1400 752 1672 853; x_wconf 55' lang='grc' dir='ltr'>ῐῐξθιξῐίίπη</span> <span class='ocrx_word' id='word_1_77' title='bbox 1705 751 1789 806; x_wconf 75' lang='grc' dir='ltr'>νθῘ</span> <span class='ocrx_word' id='word_1_78' title='bbox 1873 786 1921 821; x_wconf 89' lang='lat' dir='ltr'>m</span> <span class='ocrx_word' id='word_1_79' title='bbox 1934 771 2178 832; x_wconf 81' lang='lat' dir='ltr'>inis,aut</span> <span class='ocrx_word' id='word_1_80' title='bbox 2189 780 2290 834; x_wconf 86' lang='lat' dir='ltr'>per</span> <span class='ocrx_word' id='word_1_81' title='bbox 2311 780 2363 816; x_wconf 84' lang='lat' dir='ltr'>se</span> <span class='ocrx_word' id='word_1_82' title='bbox 2388 763 2600 816; x_wconf 85' lang='lat' dir='ltr'>mortui</span> <span class='ocrx_word' id='word_1_83' title='bbox 2616 762 2726 813; x_wconf 83' lang='lat' dir='ltr'>sive</span> <span class='ocrx_word' id='word_1_84' title='bbox 2747 774 2801 811; x_wconf 89' lang='lat' dir='ltr'>os</span> <span class='ocrx_word' id='word_1_85' title='bbox 2828 756 3102 821; x_wconf 78' lang='lat' dir='ltr'>illius,vel</span> <span class='ocrx_word' id='word_1_86' title='bbox 3124 753 3462 824; x_wconf 77' lang='lat' dir='ltr'>sepulcrum,</span> 
     </span>
    </p>
   </div>
   <div class='ocr_carea' id='block_1_10' title="bbox 214 821 1803 920">
    <p class='ocr_par' dir='ltr' id='par_1_10' title="bbox 214 840 1786 912">
     <span class='ocr_line' id='line_1_10' title="bbox 214 840 1786 912; baseline -0.001 -17"><span class='ocrx_word' id='word_1_87' title='bbox 214 840 633 912; x_wconf 80' lang='lat' dir='ltr'>simplicitatem,</span> <span class='ocrx_word' id='word_1_88' title='bbox 651 856 722 895; x_wconf 91' lang='lat' dir='ltr'>ne</span> <span class='ocrx_word' id='word_1_89' title='bbox 746 846 1098 895; x_wconf 86' lang='lat' dir='ltr'>sacramenta</span> <span class='ocrx_word' id='word_1_90' title='bbox 1113 840 1477 895; x_wconf 86' lang='lat' dir='ltr'>confessionis</span> <span class='ocrx_word' id='word_1_91' title='bbox 1493 841 1786 895; x_wconf 75' lang='lat' dir='ltr'>violentur.</span> 
     </span>
    </p>
   </div>
   <div class='ocr_carea' id='block_1_11' title="bbox 1889 821 3468 920">
    <p class='ocr_par' dir='ltr' id='par_1_11' title="bbox 1889 821 3468 920">
     <span class='ocr_line' id='line_1_11' title="bbox 1889 821 3468 920; baseline -0.011 -9"><span class='ocrx_word' id='word_1_92' title='bbox 1889 821 2206 910; x_wconf 37' lang='lat' dir='ltr'>Tmmu&#39;ndus.</span> <span class='ocrx_word' id='word_1_93' title='bbox 2229 855 2337 907; x_wconf 85' lang='lat' dir='ltr'>erit</span> <span class='ocrx_word' id='word_1_94' title='bbox 2374 856 2571 920; x_wconf 84' lang='lat' dir='ltr'>septem</span> <span class='ocrx_word' id='word_1_95' title='bbox 2601 849 2806 904; x_wconf 86' lang='lat' dir='ltr'>diebus.</span> <span class='ocrx_word' id='word_1_96' title='bbox 2854 845 3063 899; x_wconf 85' lang='lat' dir='ltr'>Tollent</span> <span class='ocrx_word' id='word_1_97' title='bbox 3091 843 3154 897; x_wconf 89' lang='lat' dir='ltr'>de</span> <span class='ocrx_word' id='word_1_98' title='bbox 3180 821 3468 897; x_wconf 79' lang='lat' dir='ltr'>cineribus</span> 
     </span>
    </p>
   </div>
   <div class='ocr_carea' id='block_1_12' title="bbox 215 929 1792 1001">
    <p class='ocr_par' dir='ltr' id='par_1_12' title="bbox 215 929 1792 1001">
     <span class='ocr_line' id='line_1_12' title="bbox 215 929 1792 1001; baseline -0.001 -15"><span class='ocrx_word' id='word_1_99' title='bbox 215 930 336 987; x_wconf 84' lang='lat' dir='ltr'>Sunt</span> <span class='ocrx_word' id='word_1_100' title='bbox 347 929 501 984; x_wconf 85' lang='lat' dir='ltr'>enim</span> <span class='ocrx_word' id='word_1_101' title='bbox 518 929 744 1001; x_wconf 88' lang='lat' dir='ltr'>quidam</span> <span class='ocrx_word' id='word_1_102' title='bbox 773 930 866 1001; x_wconf 88' lang='lat' dir='ltr'>qui</span> <span class='ocrx_word' id='word_1_103' title='bbox 892 946 1003 983; x_wconf 90' lang='lat' dir='ltr'>non</span> <span class='ocrx_word' id='word_1_104' title='bbox 1027 929 1792 1000; x_wconf 83' lang='lat' dir='ltr'>arbitranturindulgentiam</span> 
     </span>
    </p>
   </div>
   <div class='ocr_carea' id='block_1_13' title="bbox 216 1018 1792 1090">
    <p class='ocr_par' dir='ltr' id='par_1_13' title="bbox 216 1018 1792 1090">
     <span class='ocr_line' id='line_1_13' title="bbox 216 1018 1792 1090; baseline 0 -15"><span class='ocrx_word' id='word_1_105' title='bbox 216 1019 480 1090; x_wconf 86' lang='lat' dir='ltr'>consequi,</span> <span class='ocrx_word' id='word_1_106' title='bbox 511 1018 621 1072; x_wconf 86' lang='lat' dir='ltr'>nisi</span> <span class='ocrx_word' id='word_1_107' title='bbox 649 1019 929 1073; x_wconf 88' lang='lat' dir='ltr'>sociorum</span> <span class='ocrx_word' id='word_1_108' title='bbox 950 1036 1179 1073; x_wconf 84' lang='lat' dir='ltr'>suorum</span> <span class='ocrx_word' id='word_1_109' title='bbox 1202 1019 1432 1073; x_wconf 89' lang='lat' dir='ltr'>nomina</span> <span class='ocrx_word' id='word_1_110' title='bbox 1461 1019 1792 1075; x_wconf 84' lang='lat' dir='ltr'>detexerint.</span> 
     </span>
    </p>
   </div>
   <div class='ocr_carea' id='block_1_14' title="bbox 277 1106 1796 1178">
    <p class='ocr_par' dir='ltr' id='par_1_14' title="bbox 277 1106 1796 1178">
     <span class='ocr_line' id='line_1_14' title="bbox 277 1106 1796 1178; baseline 0.001 -16"><span class='ocrx_word' id='word_1_111' title='bbox 277 1108 410 1163; x_wconf 87' lang='lat' dir='ltr'>Sunt</span> <span class='ocrx_word' id='word_1_112' title='bbox 437 1113 498 1161; x_wconf 86' lang='lat' dir='ltr'>et</span> <span class='ocrx_word' id='word_1_113' title='bbox 523 1108 618 1161; x_wconf 89' lang='lat' dir='ltr'>alii</span> <span class='ocrx_word' id='word_1_114' title='bbox 641 1106 736 1178; x_wconf 91' lang='lat' dir='ltr'>qui</span> <span class='ocrx_word' id='word_1_115' title='bbox 765 1107 1169 1162; x_wconf 86' lang='lat' dir='ltr'>studiosissime</span> <span class='ocrx_word' id='word_1_116' title='bbox 1190 1109 1249 1162; x_wconf 91' lang='lat' dir='ltr'>in</span> <span class='ocrx_word' id='word_1_117' title='bbox 1271 1109 1619 1163; x_wconf 79' lang='lat' dir='ltr'>confessione</span> <span class='ocrx_word' id='word_1_118' title='bbox 1649 1106 1796 1163; x_wconf 82' lang='lat' dir='ltr'>facta</span> 
     </span>
    </p>
   </div>
   <div class='ocr_carea' id='block_1_15' title="bbox 220 1197 1796 1269">
    <p class='ocr_par' dir='ltr' id='par_1_15' title="bbox 220 1197 1796 1269">
     <span class='ocr_line' id='line_1_15' title="bbox 220 1197 1796 1269; baseline 0 -18"><span class='ocrx_word' id='word_1_119' title='bbox 220 1197 533 1269; x_wconf 84' lang='lat' dir='ltr'>perquirunt</span> <span class='ocrx_word' id='word_1_120' title='bbox 566 1197 803 1251; x_wconf 86' lang='lat' dir='ltr'>aliorum</span> <span class='ocrx_word' id='word_1_121' title='bbox 836 1197 984 1267; x_wconf 91' lang='lat' dir='ltr'>quod</span> <span class='ocrx_word' id='word_1_122' title='bbox 1012 1197 1432 1252; x_wconf 86' lang='lat' dir='ltr'>vitiosissimum</span> <span class='ocrx_word' id='word_1_123' title='bbox 1459 1197 1619 1251; x_wconf 89' lang='lat' dir='ltr'>nobis</span> <span class='ocrx_word' id='word_1_124' title='bbox 1647 1198 1796 1252; x_wconf 84' lang='lat' dir='ltr'>vide—</span> 
     </span>
    </p>
   </div>
   <div class='ocr_carea' id='block_1_16' title="bbox 222 1285 1792 1356">
    <p class='ocr_par' dir='ltr' id='par_1_16' title="bbox 222 1285 1792 1356">
     <span class='ocr_line' id='line_1_16' title="bbox 222 1285 1792 1356; baseline -0.001 -17"><span class='ocrx_word' id='word_1_125' title='bbox 222 1294 300 1340; x_wconf 84' lang='lat' dir='ltr'>tur</span> <span class='ocrx_word' id='word_1_126' title='bbox 323 1302 463 1349; x_wconf 88' lang='lat' dir='ltr'>esse,</span> <span class='ocrx_word' id='word_1_127' title='bbox 482 1285 634 1356; x_wconf 84' lang='lat' dir='ltr'>quia,</span> <span class='ocrx_word' id='word_1_128' title='bbox 664 1286 968 1339; x_wconf 88' lang='lat' dir='ltr'>secundum</span> <span class='ocrx_word' id='word_1_129' title='bbox 992 1301 1193 1355; x_wconf 87' lang='lat' dir='ltr'>papam</span> <span class='ocrx_word' id='word_1_130' title='bbox 1217 1285 1551 1356; x_wconf 84' lang='lat' dir='ltr'>Gregorium</span> <span class='ocrx_word' id='word_1_131' title='bbox 1577 1288 1657 1342; x_wconf 58' lang='lat' dir='ltr'>(in</span> <span class='ocrx_word' id='word_1_132' title='bbox 1674 1287 1792 1349; x_wconf 89' lang='lat' dir='ltr'>Job,</span> 
     </span>
    </p>
   </div>
   <div class='ocr_carea' id='block_1_17' title="bbox 221 1372 1792 1443">
    <p class='ocr_par' dir='ltr' id='par_1_17' title="bbox 221 1372 1792 1443">
     <span class='ocr_line' id='line_1_17' title="bbox 221 1372 1792 1443; baseline 0 -16"><span class='ocrx_word' id='word_1_133' title='bbox 221 1375 252 1427; x_wconf 89' lang='lat' dir='ltr'>l.</span> <span class='ocrx_word' id='word_1_134' title='bbox 279 1390 324 1437; x_wconf 89' lang='lat' dir='ltr'>v,</span> <span class='ocrx_word' id='word_1_135' title='bbox 351 1392 396 1427; x_wconf 90' lang='lat' dir='ltr'>c.</span> <span class='ocrx_word' id='word_1_136' title='bbox 432 1372 485 1435; x_wconf 90' lang='lat'>3,</span> <span class='ocrx_word' id='word_1_137' title='bbox 517 1391 659 1427; x_wconf 89' lang='lat' dir='ltr'>vers.</span> <span class='ocrx_word' id='word_1_138' title='bbox 686 1374 1080 1443; x_wconf 72' lang='lat' dir='ltr'>40),magnum</span> <span class='ocrx_word' id='word_1_139' title='bbox 1106 1373 1448 1427; x_wconf 82' lang='lat' dir='ltr'>curiositatis</span> <span class='ocrx_word' id='word_1_140' title='bbox 1466 1378 1550 1427; x_wconf 86' lang='lat' dir='ltr'>est</span> <span class='ocrx_word' id='word_1_141' title='bbox 1579 1374 1792 1427; x_wconf 88' lang='lat' dir='ltr'>vitium.</span> 
     </span>
    </p>
   </div>
   <div class='ocr_carea' id='block_1_18' title="bbox 224 1461 1797 1534">
    <p class='ocr_par' dir='ltr' id='par_1_18' title="bbox 224 1461 1797 1534">
     <span class='ocr_line' id='line_1_18' title="bbox 224 1461 1797 1534; baseline 0.001 -19"><span class='ocrx_word' id='word_1_142' title='bbox 224 1463 326 1516; x_wconf 77' lang='lat' dir='ltr'>1am</span> <span class='ocrx_word' id='word_1_143' title='bbox 351 1463 420 1515; x_wconf 89' lang='lat' dir='ltr'>de</span> <span class='ocrx_word' id='word_1_144' title='bbox 452 1461 541 1515; x_wconf 87' lang='lat' dir='ltr'>his</span> <span class='ocrx_word' id='word_1_145' title='bbox 564 1462 659 1533; x_wconf 89' lang='lat' dir='ltr'>qui</span> <span class='ocrx_word' id='word_1_146' title='bbox 690 1463 772 1515; x_wconf 91' lang='lat' dir='ltr'>vel</span> <span class='ocrx_word' id='word_1_147' title='bbox 801 1463 941 1516; x_wconf 90' lang='lat' dir='ltr'>alios</span> <span class='ocrx_word' id='word_1_148' title='bbox 970 1463 1028 1515; x_wconf 92' lang='lat' dir='ltr'>in</span> <span class='ocrx_word' id='word_1_149' title='bbox 1056 1463 1401 1516; x_wconf 82' lang='lat' dir='ltr'>confessione</span> <span class='ocrx_word' id='word_1_150' title='bbox 1426 1464 1689 1534; x_wconf 90' lang='lat' dir='ltr'>produnt,</span> <span class='ocrx_word' id='word_1_151' title='bbox 1711 1462 1797 1516; x_wconf 87' lang='lat' dir='ltr'>vel</span> 
     </span>
    </p>
   </div>
   <div class='ocr_carea' id='block_1_19' title="bbox 225 1550 1798 1623">
    <p class='ocr_par' dir='ltr' id='par_1_19' title="bbox 225 1550 1798 1623">
     <span class='ocr_line' id='line_1_19' title="bbox 225 1550 1798 1623; baseline 0.001 -19"><span class='ocrx_word' id='word_1_152' title='bbox 225 1551 349 1621; x_wconf 86' lang='lat' dir='ltr'>quod</span> <span class='ocrx_word' id='word_1_153' title='bbox 366 1552 684 1605; x_wconf 82' lang='lat' dir='ltr'>confessum</span> <span class='ocrx_word' id='word_1_154' title='bbox 715 1557 801 1605; x_wconf 92' lang='lat' dir='ltr'>est</span> <span class='ocrx_word' id='word_1_155' title='bbox 827 1550 885 1605; x_wconf 92' lang='lat' dir='ltr'>in</span> <span class='ocrx_word' id='word_1_156' title='bbox 905 1567 1130 1605; x_wconf 86' lang='lat' dir='ltr'>causam</span> <span class='ocrx_word' id='word_1_157' title='bbox 1160 1551 1439 1622; x_wconf 88' lang='lat' dir='ltr'>publicam</span> <span class='ocrx_word' id='word_1_158' title='bbox 1465 1568 1798 1623; x_wconf 89' lang='lat' dir='ltr'>quocunque</span> 
     </span>
    </p>
   </div>
   <div class='ocr_carea' id='block_1_20' title="bbox 224 1638 1798 1706">
    <p class='ocr_par' dir='ltr' id='par_1_20' title="bbox 224 1638 1798 1706">
     <span class='ocr_line' id='line_1_20' title="bbox 224 1638 1798 1706; baseline 0.001 -13"><span class='ocrx_word' id='word_1_159' title='bbox 224 1638 369 1693; x_wconf 88' lang='lat' dir='ltr'>modo</span> <span class='ocrx_word' id='word_1_160' title='bbox 384 1640 694 1706; x_wconf 88' lang='lat' dir='ltr'>adducunt,</span> <span class='ocrx_word' id='word_1_161' title='bbox 709 1640 1243 1695; x_wconf 89' lang='lat' dir='ltr'>velaconﬁtentibus</span> <span class='ocrx_word' id='word_1_162' title='bbox 1262 1641 1501 1695; x_wconf 89' lang='lat' dir='ltr'>crimina</span> <span class='ocrx_word' id='word_1_163' title='bbox 1522 1641 1798 1695; x_wconf 88' lang='lat' dir='ltr'>sociorum</span> 
     </span>
    </p>
   </div>
   <div class='ocr_carea' id='block_1_21' title="bbox 1875 931 3470 1010">
    <p class='ocr_par' dir='ltr' id='par_1_21' title="bbox 1875 931 3470 1010">
     <span class='ocr_line' id='line_1_21' title="bbox 1875 931 3470 1010; baseline -0.012 -10"><span class='ocrx_word' id='word_1_164' title='bbox 1875 945 2262 1000; x_wconf 84' lang='lat' dir='ltr'>combustionis</span> <span class='ocrx_word' id='word_1_165' title='bbox 2290 948 2452 1010; x_wconf 88' lang='lat' dir='ltr'>atque</span> <span class='ocrx_word' id='word_1_166' title='bbox 2489 940 2714 1008; x_wconf 80' lang='lat' dir='ltr'>peccati,</span> <span class='ocrx_word' id='word_1_167' title='bbox 2745 941 2793 990; x_wconf 86' lang='lat' dir='ltr'>et</span> <span class='ocrx_word' id='word_1_168' title='bbox 2845 936 3065 988; x_wconf 83' lang='lat' dir='ltr'>mittent</span> <span class='ocrx_word' id='word_1_169' title='bbox 3110 946 3289 1001; x_wconf 84' lang='lat' dir='ltr'>aquas</span> <span class='ocrx_word' id='word_1_170' title='bbox 3312 931 3470 983; x_wconf 76' lang='lat' dir='ltr'>vivas</span> 
     </span>
    </p>
   </div>
   <div class='ocr_carea' id='block_1_22' title="bbox 1876 1020 3468 1105">
    <p class='ocr_par' dir='ltr' id='par_1_22' title="bbox 1876 1020 3468 1105">
     <span class='ocr_line' id='line_1_22' title="bbox 1876 1020 3468 1105; baseline -0.011 -16"><span class='ocrx_word' id='word_1_171' title='bbox 1876 1051 2039 1105; x_wconf 80' lang='lat' dir='ltr'>super</span> <span class='ocrx_word' id='word_1_172' title='bbox 2056 1050 2140 1086; x_wconf 86' lang='lat' dir='ltr'>eos</span> <span class='ocrx_word' id='word_1_173' title='bbox 2160 1036 2223 1086; x_wconf 85' lang='lat' dir='ltr'>in</span> <span class='ocrx_word' id='word_1_174' title='bbox 2253 1048 2366 1097; x_wconf 79' lang='lat' dir='ltr'>vas,</span> <span class='ocrx_word' id='word_1_175' title='bbox 2394 1034 2455 1083; x_wconf 85' lang='lat' dir='ltr'>in</span> <span class='ocrx_word' id='word_1_176' title='bbox 2479 1029 2678 1097; x_wconf 71' lang='lat' dir='ltr'>quibus</span> <span class='ocrx_word' id='word_1_177' title='bbox 2697 1041 2823 1079; x_wconf 89' lang='lat' dir='ltr'>cum</span> <span class='ocrx_word' id='word_1_178' title='bbox 2842 1024 3001 1077; x_wconf 82' lang='lat' dir='ltr'>homo</span> <span class='ocrx_word' id='word_1_179' title='bbox 3020 1021 3265 1076; x_wconf 87' lang='lat' dir='ltr'>mundus</span> <span class='ocrx_word' id='word_1_180' title='bbox 3292 1020 3468 1073; x_wconf 68' lang='lat' dir='ltr'>tinxe—</span> 
     </span>
    </p>
   </div>
   <div class='ocr_carea' id='block_1_23' title="bbox 1876 1108 3473 1192">
    <p class='ocr_par' dir='ltr' id='par_1_23' title="bbox 1876 1108 3473 1192">
     <span class='ocr_line' id='line_1_23' title="bbox 1876 1108 3473 1192; baseline -0.012 -14"><span class='ocrx_word' id='word_1_181' title='bbox 1876 1127 1953 1178; x_wconf 87' lang='lat' dir='ltr'>rit</span> <span class='ocrx_word' id='word_1_182' title='bbox 2002 1125 2312 1192; x_wconf 78' lang='lat' dir='ltr'>hyssopum,</span> <span class='ocrx_word' id='word_1_183' title='bbox 2359 1122 2604 1187; x_wconf 85' lang='lat' dir='ltr'>asperget</span> <span class='ocrx_word' id='word_1_184' title='bbox 2653 1131 2717 1169; x_wconf 74' lang='lat' dir='ltr'>ea:</span> <span class='ocrx_word' id='word_1_185' title='bbox 2760 1130 2817 1167; x_wconf 90' lang='lat' dir='ltr'>eo</span> <span class='ocrx_word' id='word_1_186' title='bbox 2858 1126 3019 1166; x_wconf 85' lang='lat' dir='ltr'>omne</span> <span class='ocrx_word' id='word_1_187' title='bbox 3067 1110 3385 1174; x_wconf 75' lang='lat' dir='ltr'>tentorium,</span> <span class='ocrx_word' id='word_1_188' title='bbox 3416 1108 3473 1160; x_wconf 79' lang='lat' dir='ltr'>et</span> 
     </span>
    </p>
   </div>
   <div class='ocr_carea' id='block_1_24' title="bbox 1877 1190 3473 1279">
    <p class='ocr_par' dir='ltr' id='par_1_24' title="bbox 1877 1190 3473 1279">
     <span class='ocr_line' id='line_1_24' title="bbox 1877 1190 3473 1279; baseline -0.012 -12"><span class='ocrx_word' id='word_1_189' title='bbox 1877 1190 2132 1269; x_wconf 78' lang='lat' dir='ltr'>cunctam</span> <span class='ocrx_word' id='word_1_190' title='bbox 2162 1210 2549 1279; x_wconf 82' lang='lat' dir='ltr'>supellectilem</span> <span class='ocrx_word' id='word_1_191' title='bbox 2578 1204 2712 1273; x_wconf 88' lang='lat' dir='ltr'>ejus,</span> <span class='ocrx_word' id='word_1_192' title='bbox 2745 1208 2796 1257; x_wconf 89' lang='lat' dir='ltr'>et</span> <span class='ocrx_word' id='word_1_193' title='bbox 2821 1201 3065 1256; x_wconf 76' lang='lat' dir='ltr'>homines</span> <span class='ocrx_word' id='word_1_194' title='bbox 3093 1190 3473 1266; x_wconf 68' lang='lat' dir='ltr'>hujuscemodi</span> 
     </span>
    </p>
   </div>
   <div class='ocr_carea' id='block_1_25' title="bbox 1878 1281 3476 1367">
    <p class='ocr_par' dir='ltr' id='par_1_25' title="bbox 1878 1281 3476 1367">
     <span class='ocr_line' id='line_1_25' title="bbox 1878 1281 3476 1367; baseline -0.011 -13"><span class='ocrx_word' id='word_1_195' title='bbox 1878 1302 2194 1367; x_wconf 71' lang='lat' dir='ltr'>contagione</span> <span class='ocrx_word' id='word_1_196' title='bbox 2206 1298 2442 1367; x_wconf 84' lang='lat' dir='ltr'>pollutos</span> <span class='ocrx_word' id='word_1_197' title='bbox 2454 1316 2470 1359; x_wconf 89' lang='lat'>;</span> <span class='ocrx_word' id='word_1_198' title='bbox 2490 1300 2652 1363; x_wconf 86' lang='lat' dir='ltr'>atque</span> <span class='ocrx_word' id='word_1_199' title='bbox 2672 1294 2768 1346; x_wconf 87' lang='lat' dir='ltr'>hoc</span> <span class='ocrx_word' id='word_1_200' title='bbox 2783 1292 2939 1344; x_wconf 81' lang='lat' dir='ltr'>modo</span> <span class='ocrx_word' id='word_1_201' title='bbox 2952 1288 3198 1343; x_wconf 87' lang='lat' dir='ltr'>mundus</span> <span class='ocrx_word' id='word_1_202' title='bbox 3211 1281 3476 1341; x_wconf 70' lang='lat' dir='ltr'>lustrabit</span> 
     </span>
    </p>
   </div>
   <div class='ocr_carea' id='block_1_26' title="bbox 1879 1367 3478 1452">
    <p class='ocr_par' dir='ltr' id='par_1_26' title="bbox 1879 1367 3478 1452">
     <span class='ocr_line' id='line_1_26' title="bbox 1879 1367 3478 1452; baseline -0.011 -8"><span class='ocrx_word' id='word_1_203' title='bbox 1879 1390 2238 1444; x_wconf 83' lang='lat' dir='ltr'>immundum</span> <span class='ocrx_word' id='word_1_204' title='bbox 2258 1388 2435 1449; x_wconf 84' lang='lat' dir='ltr'>tertio,</span> <span class='ocrx_word' id='word_1_205' title='bbox 2450 1390 2497 1438; x_wconf 87' lang='lat' dir='ltr'>et</span> <span class='ocrx_word' id='word_1_206' title='bbox 2519 1386 2745 1452; x_wconf 80' lang='lat' dir='ltr'>septimo</span> <span class='ocrx_word' id='word_1_207' title='bbox 2761 1382 2847 1435; x_wconf 87' lang='lat' dir='ltr'>die</span> <span class='ocrx_word' id='word_1_208' title='bbox 2865 1381 3184 1447; x_wconf 76' lang='lat' dir='ltr'>(Num.xrx,</span> <span class='ocrx_word' id='word_1_209' title='bbox 3198 1390 3247 1429; x_wconf 92' lang='lat' dir='ltr'>c.</span> <span class='ocrx_word' id='word_1_210' title='bbox 3264 1367 3478 1441; x_wconf 62' lang='lat'>14-19),</span> 
     </span>
    </p>
   </div>
   <div class='ocr_carea' id='block_1_27' title="bbox 1882 1461 3481 1549">
    <p class='ocr_par' dir='ltr' id='par_1_27' title="bbox 1882 1461 3481 1549">
     <span class='ocr_line' id='line_1_27' title="bbox 1882 1461 3481 1549; baseline -0.011 -16"><span class='ocrx_word' id='word_1_211' title='bbox 1882 1480 2133 1549; x_wconf 90' lang='lat' dir='ltr'>Longum</span> <span class='ocrx_word' id='word_1_212' title='bbox 2156 1482 2243 1530; x_wconf 90' lang='lat' dir='ltr'>est</span> <span class='ocrx_word' id='word_1_213' title='bbox 2266 1492 2365 1546; x_wconf 88' lang='lat' dir='ltr'>per</span> <span class='ocrx_word' id='word_1_214' title='bbox 2392 1473 2615 1543; x_wconf 90' lang='lat' dir='ltr'>singula</span> <span class='ocrx_word' id='word_1_215' title='bbox 2637 1468 3035 1541; x_wconf 84' lang='lat' dir='ltr'>allegoriarum</span> <span class='ocrx_word' id='word_1_216' title='bbox 3055 1461 3328 1537; x_wconf 87' lang='lat' dir='ltr'>mysteria</span> <span class='ocrx_word' id='word_1_217' title='bbox 3353 1475 3481 1517; x_wconf 79' lang='lat' dir='ltr'>cur-</span> 
     </span>
    </p>
   </div>
   <div class='ocr_carea' id='block_1_28' title="bbox 1883 1550 3478 1634">
    <p class='ocr_par' dir='ltr' id='par_1_28' title="bbox 1883 1550 3478 1634">
     <span class='ocr_line' id='line_1_28' title="bbox 1883 1550 3478 1634; baseline -0.011 -13"><span class='ocrx_word' id='word_1_218' title='bbox 1883 1584 2025 1622; x_wconf 90' lang='lat' dir='ltr'>rere.</span> <span class='ocrx_word' id='word_1_219' title='bbox 2059 1566 2165 1620; x_wconf 86' lang='lat' dir='ltr'>Sed</span> <span class='ocrx_word' id='word_1_220' title='bbox 2195 1564 2496 1634; x_wconf 82' lang='lat' dir='ltr'>diligenter</span> <span class='ocrx_word' id='word_1_221' title='bbox 2525 1557 2855 1614; x_wconf 90' lang='lat' dir='ltr'>intuendum</span> <span class='ocrx_word' id='word_1_222' title='bbox 2888 1555 3023 1626; x_wconf 90' lang='lat' dir='ltr'>quid</span> <span class='ocrx_word' id='word_1_223' title='bbox 3054 1558 3142 1609; x_wconf 87' lang='lat' dir='ltr'>est</span> <span class='ocrx_word' id='word_1_224' title='bbox 3177 1551 3325 1624; x_wconf 82' lang='lat' dir='ltr'>quod</span> <span class='ocrx_word' id='word_1_225' title='bbox 3355 1550 3478 1607; x_wconf 86' lang='lat' dir='ltr'>sine</span> 
     </span>
    </p>
   </div>
   <div class='ocr_carea' id='block_1_29' title="bbox 1883 1639 3480 1722">
    <p class='ocr_par' dir='ltr' id='par_1_29' title="bbox 1883 1639 3480 1722">
     <span class='ocr_line' id='line_1_29' title="bbox 1883 1639 3480 1722; baseline -0.012 -11"><span class='ocrx_word' id='word_1_226' title='bbox 1883 1653 2351 1711; x_wconf 83' lang='lat' dir='ltr'>determinatione</span> <span class='ocrx_word' id='word_1_227' title='bbox 2392 1652 2722 1722; x_wconf 83' lang='lat' dir='ltr'>cujusquam</span> <span class='ocrx_word' id='word_1_228' title='bbox 2769 1642 2983 1700; x_wconf 80' lang='lat' dir='ltr'>ordinis</span> <span class='ocrx_word' id='word_1_229' title='bbox 3014 1642 3182 1697; x_wconf 88' lang='lat' dir='ltr'>homo</span> <span class='ocrx_word' id='word_1_230' title='bbox 3232 1639 3480 1694; x_wconf 85' lang='lat' dir='ltr'>mundus</span> 
     </span>
    </p>
   </div>
   <div class='ocr_carea' id='block_1_30' title="bbox 225 1706 3482 1805">
    <p class='ocr_par' dir='ltr' id='par_1_30' title="bbox 225 1706 3482 1805">
     <span class='ocr_line' id='line_1_30' title="bbox 225 1706 3482 1805; baseline -0.005 -8"><span class='ocrx_word' id='word_1_231' title='bbox 225 1735 518 1797; x_wconf 72' lang='grc' dir='ltr'>ωίιιιιτιιιη.</span> <span class='ocrx_word' id='word_1_232' title='bbox 572 1746 667 1782; x_wconf 62' lang='lat'>’3’</span> <span class='ocrx_word' id='word_1_233' title='bbox 669 1746 701 1782; x_wconf 82' lang='lat'>0</span> <span class='ocrx_word' id='word_1_234' title='bbox 749 1729 995 1800; x_wconf 66' lang='lat' dir='ltr'>qnidema</span> <span class='ocrx_word' id='word_1_235' title='bbox 1054 1746 1156 1783; x_wconf 73' lang='lat' dir='ltr'>nec</span> <span class='ocrx_word' id='word_1_236' title='bbox 1212 1729 1518 1783; x_wconf 71' lang='lat' dir='ltr'>secundum</span> <span class='ocrx_word' id='word_1_237' title='bbox 1554 1730 1798 1799; x_wconf 64' lang='lat' dir='ltr'>rigorem</span> <span class='ocrx_word' id='word_1_238' title='bbox 1820 1706 2123 1801; x_wconf 84' lang='lat' dir='ltr'>Blustrare</span> <span class='ocrx_word' id='word_1_239' title='bbox 2142 1742 2496 1798; x_wconf 90' lang='lat' dir='ltr'>immundum</span> <span class='ocrx_word' id='word_1_240' title='bbox 2517 1737 2753 1793; x_wconf 87' lang='lat' dir='ltr'>dicitur:</span> <span class='ocrx_word' id='word_1_241' title='bbox 2782 1741 2839 1789; x_wconf 88' lang='lat' dir='ltr'>et</span> <span class='ocrx_word' id='word_1_242' title='bbox 2866 1732 3138 1805; x_wconf 87' lang='lat' dir='ltr'>quosdam</span> <span class='ocrx_word' id='word_1_243' title='bbox 3156 1734 3482 1785; x_wconf 87' lang='lat' dir='ltr'>sanctorum</span> 
     </span>
    </p>
   </div>
   <div class='ocr_carea' id='block_1_31' title="bbox 223 1816 1799 1889">
    <p class='ocr_par' dir='ltr' id='par_1_31' title="bbox 223 1816 1799 1889">
     <span class='ocr_line' id='line_1_31' title="bbox 223 1816 1799 1889; baseline 0.001 -19"><span class='ocrx_word' id='word_1_244' title='bbox 223 1816 641 1887; x_wconf 82' lang='lat' dir='ltr'>Scripturarum,</span> <span class='ocrx_word' id='word_1_245' title='bbox 680 1834 783 1872; x_wconf 90' lang='lat' dir='ltr'>nec</span> <span class='ocrx_word' id='word_1_246' title='bbox 811 1834 977 1873; x_wconf 86' lang='lat' dir='ltr'>aures</span> <span class='ocrx_word' id='word_1_247' title='bbox 1022 1818 1239 1889; x_wconf 88' lang='lat' dir='ltr'>audire,</span> <span class='ocrx_word' id='word_1_248' title='bbox 1283 1834 1453 1889; x_wconf 85' lang='lat' dir='ltr'>quam</span> <span class='ocrx_word' id='word_1_249' title='bbox 1504 1817 1799 1872; x_wconf 74' lang='lat' dir='ltr'>horribiles</span> 
     </span>
    </p>
   </div>
   <div class='ocr_carea' id='block_1_32' title="bbox 222 1905 686 1961">
    <p class='ocr_par' dir='ltr' id='par_1_32' title="bbox 222 1905 686 1961">
     <span class='ocr_line' id='line_1_32' title="bbox 222 1905 686 1961; baseline 0.006 -3"><span class='ocrx_word' id='word_1_250' title='bbox 222 1905 319 1959; x_wconf 89' lang='lat' dir='ltr'>sint</span> <span class='ocrx_word' id='word_1_251' title='bbox 341 1907 686 1961; x_wconf 84' lang='lat' dir='ltr'>horrescant.</span> 
     </span>
    </p>
   </div>
   <div class='ocr_carea' id='block_1_33' title="bbox 281 1994 1797 2069">
    <p class='ocr_par' dir='ltr' id='par_1_33' title="bbox 281 1994 1797 2069">
     <span class='ocr_line' id='line_1_33' title="bbox 281 1994 1797 2069; baseline 0.001 -20"><span class='ocrx_word' id='word_1_252' title='bbox 281 1997 483 2050; x_wconf 83' lang='lat' dir='ltr'>Tamen</span> <span class='ocrx_word' id='word_1_253' title='bbox 532 1998 1089 2069; x_wconf 84' lang='lat' dir='ltr'>quantulumcunque</span> <span class='ocrx_word' id='word_1_254' title='bbox 1130 1998 1340 2051; x_wconf 90' lang='lat' dir='ltr'>dictum</span> <span class='ocrx_word' id='word_1_255' title='bbox 1372 2000 1474 2060; x_wconf 90' lang='lat' dir='ltr'>est,</span> <span class='ocrx_word' id='word_1_256' title='bbox 1508 1994 1797 2050; x_wconf 85' lang='lat' dir='ltr'>videamus</span> 
     </span>
    </p>
   </div>
   <div class='ocr_carea' id='block_1_34' title="bbox 225 2082 1801 2156">
    <p class='ocr_par' dir='ltr' id='par_1_34' title="bbox 225 2082 1801 2156">
     <span class='ocr_line' id='line_1_34' title="bbox 225 2082 1801 2156; baseline 0.001 -19"><span class='ocrx_word' id='word_1_257' title='bbox 225 2082 403 2153; x_wconf 84' lang='lat' dir='ltr'>quibus</span> <span class='ocrx_word' id='word_1_258' title='bbox 456 2091 596 2139; x_wconf 86' lang='lat' dir='ltr'>tunc</span> <span class='ocrx_word' id='word_1_259' title='bbox 642 2087 1022 2141; x_wconf 88' lang='lat' dir='ltr'>conﬁtendum</span> <span class='ocrx_word' id='word_1_260' title='bbox 1074 2087 1149 2140; x_wconf 89' lang='lat' dir='ltr'>sit</span> <span class='ocrx_word' id='word_1_261' title='bbox 1180 2086 1261 2156; x_wconf 78' lang='grc'>(⁷).</span> <span class='ocrx_word' id='word_1_262' title='bbox 1295 2086 1365 2139; x_wconf 86' lang='lat' dir='ltr'>Hi</span> <span class='ocrx_word' id='word_1_263' title='bbox 1394 2086 1452 2139; x_wconf 89' lang='lat' dir='ltr'>in</span> <span class='ocrx_word' id='word_1_264' title='bbox 1497 2085 1693 2155; x_wconf 87' lang='lat' dir='ltr'>primis</span> <span class='ocrx_word' id='word_1_265' title='bbox 1731 2085 1801 2139; x_wconf 92' lang='lat' dir='ltr'>de</span> 
     </span>
    </p>
   </div>
   <div class='ocr_carea' id='block_1_35' title="bbox 226 2172 1803 2246">
    <p class='ocr_par' dir='ltr' id='par_1_35' title="bbox 226 2172 1803 2246">
     <span class='ocr_line' id='line_1_35' title="bbox 226 2172 1803 2246; baseline 0.001 -21"><span class='ocrx_word' id='word_1_266' title='bbox 226 2172 403 2241; x_wconf 88' lang='lat' dir='ltr'>quibus</span> <span class='ocrx_word' id='word_1_267' title='bbox 422 2174 670 2229; x_wconf 83' lang='lat' dir='ltr'>diximus</span> <span class='ocrx_word' id='word_1_268' title='bbox 685 2174 914 2229; x_wconf 85' lang='lat' dir='ltr'>cavendi</span> <span class='ocrx_word' id='word_1_269' title='bbox 930 2181 1063 2229; x_wconf 90' lang='lat' dir='ltr'>sunt</span> <span class='ocrx_word' id='word_1_270' title='bbox 1084 2176 1163 2241; x_wconf 69' lang='lat'>(3),</span> <span class='ocrx_word' id='word_1_271' title='bbox 1188 2174 1471 2246; x_wconf 87' lang='lat' dir='ltr'>quoniam,</span> <span class='ocrx_word' id='word_1_272' title='bbox 1490 2173 1536 2228; x_wconf 88' lang='lat' dir='ltr'>si</span> <span class='ocrx_word' id='word_1_273' title='bbox 1560 2175 1619 2227; x_wconf 92' lang='grc' dir='ltr'><strong>Β.</strong></span> <span class='ocrx_word' id='word_1_274' title='bbox 1639 2175 1803 2228; x_wconf 83' lang='lat' dir='ltr'>Joan-</span> 
     </span>
    </p>
   </div>
   <div class='ocr_carea' id='block_1_36' title="bbox 226 2261 1799 2335">
    <p class='ocr_par' dir='ltr' id='par_1_36' title="bbox 226 2261 1799 2335">
     <span class='ocr_line' id='line_1_36' title="bbox 226 2261 1799 2335; baseline 0 -20"><span class='ocrx_word' id='word_1_275' title='bbox 226 2261 297 2315; x_wconf 87' lang='lat' dir='ltr'>nis</span> <span class='ocrx_word' id='word_1_276' title='bbox 326 2262 571 2334; x_wconf 82' lang='lat' dir='ltr'>Epistola</span> <span class='ocrx_word' id='word_1_277' title='bbox 619 2264 801 2335; x_wconf 85' lang='lat' dir='ltr'>prima</span> <span class='ocrx_word' id='word_1_278' title='bbox 844 2265 1156 2335; x_wconf 89' lang='lat' dir='ltr'>requiritur</span> <span class='ocrx_word' id='word_1_279' title='bbox 1187 2274 1325 2334; x_wconf 77' lang='lat' dir='ltr'>(cap.</span> <span class='ocrx_word' id='word_1_280' title='bbox 1361 2281 1420 2329; x_wconf 85' lang='grc' dir='ltr'>ιι,</span> <span class='ocrx_word' id='word_1_281' title='bbox 1452 2264 1528 2327; x_wconf 67' lang='lat' dir='ltr'>2i,</span> <span class='ocrx_word' id='word_1_282' title='bbox 1578 2261 1635 2316; x_wconf 92' lang='lat' dir='ltr'>in</span> <span class='ocrx_word' id='word_1_283' title='bbox 1678 2278 1799 2316; x_wconf 88' lang='lat' dir='ltr'>om-</span> 
     </span>
    </p>
   </div>
   <div class='ocr_carea' id='block_1_37' title="bbox 224 2350 1801 2416">
    <p class='ocr_par' dir='ltr' id='par_1_37' title="bbox 224 2350 1801 2416">
     <span class='ocr_line' id='line_1_37' title="bbox 224 2350 1801 2416; baseline 0.001 -14"><span class='ocrx_word' id='word_1_284' title='bbox 224 2350 366 2404; x_wconf 87' lang='lat' dir='ltr'>nibus</span> <span class='ocrx_word' id='word_1_285' title='bbox 394 2354 762 2407; x_wconf 86' lang='lat' dir='ltr'>sacramentis</span> <span class='ocrx_word' id='word_1_286' title='bbox 784 2354 1032 2408; x_wconf 87' lang='lat' dir='ltr'>moribus</span> <span class='ocrx_word' id='word_1_287' title='bbox 1058 2353 1386 2407; x_wconf 86' lang='lat' dir='ltr'>Antichristi</span> <span class='ocrx_word' id='word_1_288' title='bbox 1410 2358 1561 2406; x_wconf 89' lang='lat' dir='ltr'>sunt.</span> <span class='ocrx_word' id='word_1_289' title='bbox 1586 2350 1801 2416; x_wconf 86' lang='lat' dir='ltr'>Quibus</span> 
     </span>
    </p>
   </div>
   <div class='ocr_carea' id='block_1_38' title="bbox 224 2440 1801 2509">
    <p class='ocr_par' dir='ltr' id='par_1_38' title="bbox 224 2440 1801 2509">
     <span class='ocr_line' id='line_1_38' title="bbox 224 2440 1801 2509; baseline -0.001 -15"><span class='ocrx_word' id='word_1_290' title='bbox 224 2440 616 2509; x_wconf 61' lang='lat' dir='ltr'>pratermissis,</span> <span class='ocrx_word' id='word_1_291' title='bbox 649 2441 708 2496; x_wconf 89' lang='lat' dir='ltr'>in</span> <span class='ocrx_word' id='word_1_292' title='bbox 754 2442 942 2496; x_wconf 83' lang='lat' dir='ltr'>Veteri</span> <span class='ocrx_word' id='word_1_293' title='bbox 999 2443 1361 2497; x_wconf 83' lang='lat' dir='ltr'>Testamento</span> <span class='ocrx_word' id='word_1_294' title='bbox 1418 2440 1801 2494; x_wconf 85' lang='lat' dir='ltr'>sacerdotibus</span> 
     </span>
    </p>
   </div>
   <div class='ocr_carea' id='block_1_39' title="bbox 224 2528 1802 2598">
    <p class='ocr_par' dir='ltr' id='par_1_39' title="bbox 224 2528 1802 2598">
     <span class='ocr_line' id='line_1_39' title="bbox 224 2528 1802 2598; baseline 0.001 -18"><span class='ocrx_word' id='word_1_295' title='bbox 224 2529 359 2598; x_wconf 88' lang='lat' dir='ltr'>lepra</span> <span class='ocrx_word' id='word_1_296' title='bbox 398 2530 718 2584; x_wconf 82' lang='lat' dir='ltr'>ostenditur</span> <span class='ocrx_word' id='word_1_297' title='bbox 748 2532 927 2595; x_wconf 72' lang='lat' dir='ltr'>(Lavit.</span> <span class='ocrx_word' id='word_1_298' title='bbox 983 2549 1095 2595; x_wconf 85' lang='lat' dir='ltr'>xm,</span> <span class='ocrx_word' id='word_1_299' title='bbox 1138 2529 1270 2598; x_wconf 78' lang='lat'>49);</span> <span class='ocrx_word' id='word_1_300' title='bbox 1317 2529 1493 2583; x_wconf 67' lang='lat' dir='ltr'>levitas</span> <span class='ocrx_word' id='word_1_301' title='bbox 1538 2528 1802 2582; x_wconf 88' lang='lat' dir='ltr'>taberna-</span> 
     </span>
    </p>
   </div>
   <div class='ocr_carea' id='block_1_40' title="bbox 225 2617 1803 2691">
    <p class='ocr_par' dir='ltr' id='par_1_40' title="bbox 225 2617 1803 2691">
     <span class='ocr_line' id='line_1_40' title="bbox 225 2617 1803 2691; baseline 0 -21"><span class='ocrx_word' id='word_1_302' title='bbox 225 2617 389 2672; x_wconf 89' lang='lat' dir='ltr'>culum</span> <span class='ocrx_word' id='word_1_303' title='bbox 419 2618 645 2673; x_wconf 74' lang='lat' dir='ltr'>fmderis</span> <span class='ocrx_word' id='word_1_304' title='bbox 674 2625 1045 2691; x_wconf 87' lang='lat' dir='ltr'>comportant,</span> <span class='ocrx_word' id='word_1_305' title='bbox 1078 2619 1321 2689; x_wconf 85' lang='lat' dir='ltr'>erigunt,</span> <span class='ocrx_word' id='word_1_306' title='bbox 1353 2619 1659 2688; x_wconf 87' lang='lat' dir='ltr'>deponunt.</span> <span class='ocrx_word' id='word_1_307' title='bbox 1694 2619 1803 2671; x_wconf 85' lang='lat' dir='ltr'>Ta-</span> 
     </span>
    </p>
   </div>
   <div class='ocr_carea' id='block_1_41' title="bbox 224 2706 1803 2779">
    <p class='ocr_par' dir='ltr' id='par_1_41' title="bbox 224 2706 1803 2779">
     <span class='ocr_line' id='line_1_41' title="bbox 224 2706 1803 2779; baseline -0.001 -19"><span class='ocrx_word' id='word_1_308' title='bbox 224 2706 524 2761; x_wconf 83' lang='lat' dir='ltr'>bernaculis</span> <span class='ocrx_word' id='word_1_309' title='bbox 553 2709 745 2779; x_wconf 86' lang='lat' dir='ltr'>pOpuli</span> <span class='ocrx_word' id='word_1_310' title='bbox 776 2725 810 2761; x_wconf 89' lang='lat' dir='ltr'>a</span> <span class='ocrx_word' id='word_1_311' title='bbox 853 2708 1214 2763; x_wconf 86' lang='lat' dir='ltr'>tabernaculo</span> <span class='ocrx_word' id='word_1_312' title='bbox 1244 2707 1466 2761; x_wconf 77' lang='lat' dir='ltr'>fcederis</span> <span class='ocrx_word' id='word_1_313' title='bbox 1498 2707 1803 2759; x_wconf 86' lang='lat' dir='ltr'>terminum</span> 
     </span>
    </p>
   </div>
   <div class='ocr_carea' id='block_1_42' title="bbox 201 2795 1801 2868">
    <p class='ocr_par' dir='ltr' id='par_1_42' title="bbox 201 2795 1801 2868">
     <span class='ocr_line' id='line_1_42' title="bbox 201 2795 1801 2868; baseline -0.001 -19"><span class='ocrx_word' id='word_1_314' title='bbox 201 2803 439 2865; x_wconf 73' lang='lat' dir='ltr'>ponunt,</span> <span class='ocrx_word' id='word_1_315' title='bbox 484 2814 565 2850; x_wconf 87' lang='lat' dir='ltr'>ne</span> <span class='ocrx_word' id='word_1_316' title='bbox 609 2797 909 2852; x_wconf 83' lang='lat' dir='ltr'>indiscrete</span> <span class='ocrx_word' id='word_1_317' title='bbox 950 2797 1399 2868; x_wconf 76' lang='lat' dir='ltr'>appropinquant</span> <span class='ocrx_word' id='word_1_318' title='bbox 1436 2795 1507 2848; x_wconf 87' lang='lat' dir='ltr'>ad</span> <span class='ocrx_word' id='word_1_319' title='bbox 1538 2795 1801 2849; x_wconf 85' lang='lat' dir='ltr'>taberna-</span> 
     </span>
    </p>
   </div>
   <div class='ocr_carea' id='block_1_43' title="bbox 222 2884 1803 2955">
    <p class='ocr_par' dir='ltr' id='par_1_43' title="bbox 222 2884 1803 2955">
     <span class='ocr_line' id='line_1_43' title="bbox 222 2884 1803 2955; baseline -0.001 -17"><span class='ocrx_word' id='word_1_320' title='bbox 222 2887 411 2950; x_wconf 87' lang='lat' dir='ltr'>culum,</span> <span class='ocrx_word' id='word_1_321' title='bbox 433 2893 488 2941; x_wconf 83' lang='lat' dir='ltr'>et</span> <span class='ocrx_word' id='word_1_322' title='bbox 514 2887 834 2942; x_wconf 88' lang='lat' dir='ltr'>moriantur</span> <span class='ocrx_word' id='word_1_323' title='bbox 850 2889 1033 2951; x_wconf 79' lang='lat' dir='ltr'>(Num.</span> <span class='ocrx_word' id='word_1_324' title='bbox 1061 2905 1098 2951; x_wconf 88' lang='lat'>1,</span> <span class='ocrx_word' id='word_1_325' title='bbox 1124 2884 1803 2955; x_wconf 79' lang='lat' dir='ltr'>50,53).Tabernaculum</span> 
     </span>
    </p>
   </div>
   <div class='ocr_carea' id='block_1_44' title="bbox 1881 1822 3482 1905">
    <p class='ocr_par' dir='ltr' id='par_1_44' title="bbox 1881 1822 3482 1905">
     <span class='ocr_line' id='line_1_44' title="bbox 1881 1822 3482 1905; baseline -0.011 -16"><span class='ocrx_word' id='word_1_326' title='bbox 1881 1836 2113 1889; x_wconf 89' lang='lat' dir='ltr'>Patrum</span> <span class='ocrx_word' id='word_1_327' title='bbox 2150 1832 2389 1903; x_wconf 85' lang='lat' dir='ltr'>legimus</span> <span class='ocrx_word' id='word_1_328' title='bbox 2443 1830 2538 1900; x_wconf 90' lang='lat' dir='ltr'>qui</span> <span class='ocrx_word' id='word_1_329' title='bbox 2566 1826 2805 1899; x_wconf 67' lang='lat' dir='ltr'>[animas</span> <span class='ocrx_word' id='word_1_330' title='bbox 2853 1823 3253 1905; x_wconf 44' lang='lat' dir='ltr'>rexeranthet.</span> <span class='ocrx_word' id='word_1_331' title='bbox 3285 1822 3482 1872; x_wconf 79' lang='lat' dir='ltr'>tamen</span> 
     </span>
    </p>
   </div>
   <div class='ocr_carea' id='block_1_45' title="bbox 1878 1915 2771 1985">
    <p class='ocr_par' dir='ltr' id='par_1_45' title="bbox 1878 1915 2771 1985">
     <span class='ocr_line' id='line_1_45' title="bbox 1878 1915 2771 1985; baseline -0.01 -8"><span class='ocrx_word' id='word_1_332' title='bbox 1878 1940 2072 1978; x_wconf 91' lang='lat' dir='ltr'>eorum</span> <span class='ocrx_word' id='word_1_333' title='bbox 2100 1922 2326 1977; x_wconf 89' lang='lat' dir='ltr'>ordines</span> <span class='ocrx_word' id='word_1_334' title='bbox 2349 1917 2629 1973; x_wconf 90' lang='lat' dir='ltr'>nescimus</span> <span class='ocrx_word' id='word_1_335' title='bbox 2661 1915 2771 1985; x_wconf 67' lang='lat'>(’0).</span> 
     </span>
    </p>
   </div>
   <div class='ocr_carea' id='block_1_46' title="bbox 1953 1996 3477 2077">
    <p class='ocr_par' dir='ltr' id='par_1_46' title="bbox 1953 1996 3477 2077">
     <span class='ocr_line' id='line_1_46' title="bbox 1953 1996 3477 2077; baseline -0.012 -9"><span class='ocrx_word' id='word_1_336' title='bbox 1953 2014 2112 2077; x_wconf 87' lang='lat' dir='ltr'>Quod</span> <span class='ocrx_word' id='word_1_337' title='bbox 2133 2012 2179 2065; x_wconf 91' lang='lat' dir='ltr'>si</span> <span class='ocrx_word' id='word_1_338' title='bbox 2205 2027 2370 2065; x_wconf 91' lang='lat' dir='ltr'>nemo</span> <span class='ocrx_word' id='word_1_339' title='bbox 2395 2008 2486 2062; x_wconf 90' lang='lat' dir='ltr'>cui</span> <span class='ocrx_word' id='word_1_340' title='bbox 2513 2004 2833 2061; x_wconf 87' lang='lat' dir='ltr'>conﬁtearis</span> <span class='ocrx_word' id='word_1_341' title='bbox 2858 1999 3159 2067; x_wconf 87' lang='lat' dir='ltr'>invenitur,</span> <span class='ocrx_word' id='word_1_342' title='bbox 3184 2013 3256 2053; x_wconf 90' lang='lat' dir='ltr'>ne</span> <span class='ocrx_word' id='word_1_343' title='bbox 3282 1996 3477 2069; x_wconf 88' lang='lat' dir='ltr'>despe-</span> 
     </span>
    </p>
   </div>
   <div class='ocr_carea' id='block_1_47' title="bbox 1882 2089 3482 2172">
    <p class='ocr_par' dir='ltr' id='par_1_47' title="bbox 1882 2089 3482 2172">
     <span class='ocr_line' id='line_1_47' title="bbox 1882 2089 3482 2172; baseline -0.013 -14"><span class='ocrx_word' id='word_1_344' title='bbox 1882 2120 1972 2158; x_wconf 87' lang='lat' dir='ltr'>res</span> <span class='ocrx_word' id='word_1_345' title='bbox 2018 2102 2122 2169; x_wconf 75' lang='grc' dir='ltr'>(ίί),</span> <span class='ocrx_word' id='word_1_346' title='bbox 2174 2100 2307 2172; x_wconf 86' lang='lat' dir='ltr'>quia</span> <span class='ocrx_word' id='word_1_347' title='bbox 2352 2099 2410 2152; x_wconf 91' lang='lat' dir='ltr'>in</span> <span class='ocrx_word' id='word_1_348' title='bbox 2456 2098 2560 2150; x_wconf 88' lang='lat' dir='ltr'>hoc</span> <span class='ocrx_word' id='word_1_349' title='bbox 2603 2093 2837 2148; x_wconf 89' lang='lat' dir='ltr'>Patrum</span> <span class='ocrx_word' id='word_1_350' title='bbox 2879 2089 3218 2145; x_wconf 88' lang='lat' dir='ltr'>conveniunt</span> <span class='ocrx_word' id='word_1_351' title='bbox 3257 2090 3482 2141; x_wconf 87' lang='lat' dir='ltr'>senten-</span> 
     </span>
    </p>
   </div>
   <div class='ocr_carea' id='block_1_48' title="bbox 1883 2177 3482 2263">
    <p class='ocr_par' dir='ltr' id='par_1_48' title="bbox 1883 2177 3482 2263">
     <span class='ocr_line' id='line_1_48' title="bbox 1883 2177 3482 2263; baseline -0.011 -17"><span class='ocrx_word' id='word_1_352' title='bbox 1883 2192 1975 2246; x_wconf 74' lang='lat' dir='ltr'>tize</span> <span class='ocrx_word' id='word_1_353' title='bbox 2005 2189 2117 2263; x_wconf 63' lang='grc' dir='ltr'>(η),</span> <span class='ocrx_word' id='word_1_354' title='bbox 2162 2194 2227 2243; x_wconf 90' lang='lat' dir='ltr'>ut</span> <span class='ocrx_word' id='word_1_355' title='bbox 2262 2187 2506 2246; x_wconf 91' lang='lat' dir='ltr'>Domino</span> <span class='ocrx_word' id='word_1_356' title='bbox 2545 2180 2885 2238; x_wconf 89' lang='lat' dir='ltr'>conﬁtearis.</span> <span class='ocrx_word' id='word_1_357' title='bbox 2921 2178 3081 2233; x_wconf 90' lang='lat' dir='ltr'>Unde</span> <span class='ocrx_word' id='word_1_358' title='bbox 3122 2178 3166 2232; x_wconf 92' lang='lat' dir='ltr'><strong>B</strong></span> <span class='ocrx_word' id='word_1_359' title='bbox 3235 2177 3482 2230; x_wconf 87' lang='lat' dir='ltr'>Joannes</span> 
     </span>
    </p>
   </div>
   <div class='ocr_carea' id='block_1_49' title="bbox 1883 2264 3485 2351">
    <p class='ocr_par' dir='ltr' id='par_1_49' title="bbox 1883 2264 3485 2351">
     <span class='ocr_line' id='line_1_49' title="bbox 1883 2264 3485 2351; baseline -0.011 -17"><span class='ocrx_word' id='word_1_360' title='bbox 1883 2282 2316 2351; x_wconf 85' lang='lat' dir='ltr'>Chrysostomus</span> <span class='ocrx_word' id='word_1_361' title='bbox 2343 2292 2515 2347; x_wconf 88' lang='lat' dir='ltr'>super</span> <span class='ocrx_word' id='word_1_362' title='bbox 2533 2274 2577 2329; x_wconf 93' lang='lat' dir='ltr'><strong>L</strong></span> <span class='ocrx_word' id='word_1_363' title='bbox 2606 2272 2887 2345; x_wconf 86' lang='lat' dir='ltr'>psalmum</span> <span class='ocrx_word' id='word_1_364' title='bbox 2919 2267 3134 2335; x_wconf 86' lang='lat' dir='ltr'>(homil.</span> <span class='ocrx_word' id='word_1_365' title='bbox 3165 2265 3220 2333; x_wconf 83' lang='lat'>2,</span> <span class='ocrx_word' id='word_1_366' title='bbox 3239 2265 3310 2319; x_wconf 87' lang='lat' dir='ltr'>ad</span> <span class='ocrx_word' id='word_1_367' title='bbox 3333 2264 3485 2318; x_wconf 88' lang='lat' dir='ltr'>hunc</span> 
     </span>
    </p>
   </div>
   <div class='ocr_carea' id='block_1_50' title="bbox 1883 2357 3482 2435">
    <p class='ocr_par' dir='ltr' id='par_1_50' title="bbox 1883 2357 3482 2435">
     <span class='ocr_line' id='line_1_50' title="bbox 1883 2357 3482 2435; baseline -0.009 -14"><span class='ocrx_word' id='word_1_368' title='bbox 1883 2385 2106 2423; x_wconf 88' lang='lat' dir='ltr'>versum</span> <span class='ocrx_word' id='word_1_369' title='bbox 2138 2385 2150 2420; x_wconf 88' lang='lat'><strong>:</strong></span> <span class='ocrx_word' id='word_1_370' title='bbox 2186 2368 2250 2420; x_wconf 88' lang='lat' dir='ltr'>Et</span> <span class='ocrx_word' id='word_1_371' title='bbox 2274 2370 2553 2435; x_wconf 88' lang='lat' dir='ltr'>peccatum</span> <span class='ocrx_word' id='word_1_372' title='bbox 2580 2376 2762 2414; x_wconf 86' lang='lat' dir='ltr'>meum</span> <span class='ocrx_word' id='word_1_373' title='bbox 2795 2360 2989 2412; x_wconf 86' lang='lat' dir='ltr'>contra</span> <span class='ocrx_word' id='word_1_374' title='bbox 3025 2371 3110 2408; x_wconf 89' lang='lat' dir='ltr'>me</span> <span class='ocrx_word' id='word_1_375' title='bbox 3137 2357 3211 2408; x_wconf 89' lang='lat' dir='ltr'>est</span> <span class='ocrx_word' id='word_1_376' title='bbox 3249 2367 3482 2422; x_wconf 81' lang='lat' dir='ltr'>semper,</span> 
     </span>
    </p>
   </div>
   <div class='ocr_carea' id='block_1_51' title="bbox 1884 2442 3485 2524">
    <p class='ocr_par' dir='ltr' id='par_1_51' title="bbox 1884 2442 3485 2524">
     <span class='ocr_line' id='line_1_51' title="bbox 1884 2442 3485 2524; baseline -0.011 -12"><span class='ocrx_word' id='word_1_377' title='bbox 1884 2466 2015 2512; x_wconf 85' lang='lat' dir='ltr'>ante</span> <span class='ocrx_word' id='word_1_378' title='bbox 2045 2452 2319 2524; x_wconf 89' lang='lat' dir='ltr'>medium)</span> <span class='ocrx_word' id='word_1_379' title='bbox 2352 2478 2365 2514; x_wconf 82' lang='lat'><strong>;</strong></span> <span class='ocrx_word' id='word_1_380' title='bbox 2402 2472 2425 2503; x_wconf 72' lang='grc' dir='ltr'>(ι</span> <span class='ocrx_word' id='word_1_381' title='bbox 2461 2451 2518 2506; x_wconf 90' lang='lat' dir='ltr'>Si</span> <span class='ocrx_word' id='word_1_382' title='bbox 2559 2445 2917 2503; x_wconf 87' lang='lat' dir='ltr'>confunderis</span> <span class='ocrx_word' id='word_1_383' title='bbox 2945 2443 3114 2498; x_wconf 87' lang='lat' dir='ltr'>alicui</span> <span class='ocrx_word' id='word_1_384' title='bbox 3145 2442 3331 2497; x_wconf 87' lang='lat' dir='ltr'>dicere</span> <span class='ocrx_word' id='word_1_385' title='bbox 3360 2455 3485 2512; x_wconf 65' lang='lat' dir='ltr'>qum</span> 
     </span>
    </p>
   </div>
   <div class='ocr_carea' id='block_1_52' title="bbox 1889 2531 3482 2618">
    <p class='ocr_par' dir='ltr' id='par_1_52' title="bbox 1889 2531 3482 2618">
     <span class='ocr_line' id='line_1_52' title="bbox 1889 2531 3482 2618; baseline -0.012 -17"><span class='ocrx_word' id='word_1_386' title='bbox 1889 2547 2011 2618; x_wconf 81' lang='lat' dir='ltr'>[ul.,</span> <span class='ocrx_word' id='word_1_387' title='bbox 2048 2545 2203 2617; x_wconf 86' lang='lat' dir='ltr'>quia]</span> <span class='ocrx_word' id='word_1_388' title='bbox 2235 2540 2497 2614; x_wconf 83' lang='lat' dir='ltr'>peccasti,</span> <span class='ocrx_word' id='word_1_389' title='bbox 2528 2539 2617 2593; x_wconf 90' lang='lat' dir='ltr'>dic</span> <span class='ocrx_word' id='word_1_390' title='bbox 2659 2552 2726 2591; x_wconf 85' lang='lat' dir='ltr'>ea</span> <span class='ocrx_word' id='word_1_391' title='bbox 2756 2533 3007 2606; x_wconf 85' lang='lat' dir='ltr'>quotidie</span> <span class='ocrx_word' id='word_1_392' title='bbox 3035 2531 3095 2586; x_wconf 90' lang='lat' dir='ltr'>in</span> <span class='ocrx_word' id='word_1_393' title='bbox 3143 2531 3332 2585; x_wconf 89' lang='lat' dir='ltr'>anima</span> <span class='ocrx_word' id='word_1_394' title='bbox 3359 2535 3482 2584; x_wconf 89' lang='lat' dir='ltr'>tua.</span> 
     </span>
    </p>
   </div>
   <div class='ocr_carea' id='block_1_53' title="bbox 1886 2620 3490 2691">
    <p class='ocr_par' dir='ltr' id='par_1_53' title="bbox 1886 2620 3490 2691">
     <span class='ocr_line' id='line_1_53' title="bbox 1886 2620 3490 2691; baseline -0.011 -1"><span class='ocrx_word' id='word_1_395' title='bbox 1886 2637 2011 2690; x_wconf 88' lang='lat' dir='ltr'>Non</span> <span class='ocrx_word' id='word_1_396' title='bbox 2041 2635 2164 2688; x_wconf 91' lang='lat' dir='ltr'>dico</span> <span class='ocrx_word' id='word_1_397' title='bbox 2187 2638 2251 2687; x_wconf 92' lang='lat' dir='ltr'>ut</span> <span class='ocrx_word' id='word_1_398' title='bbox 2280 2627 2597 2685; x_wconf 90' lang='lat' dir='ltr'>conﬁtearis</span> <span class='ocrx_word' id='word_1_399' title='bbox 2626 2640 2891 2681; x_wconf 88' lang='lat' dir='ltr'>conservo</span> <span class='ocrx_word' id='word_1_400' title='bbox 2920 2628 3038 2684; x_wconf 90' lang='lat' dir='ltr'>tuo,</span> <span class='ocrx_word' id='word_1_401' title='bbox 3067 2626 3131 2676; x_wconf 90' lang='lat' dir='ltr'>ut</span> <span class='ocrx_word' id='word_1_402' title='bbox 3156 2620 3261 2675; x_wconf 87' lang='lat' dir='ltr'>tibi</span> <span class='ocrx_word' id='word_1_403' title='bbox 3293 2634 3490 2691; x_wconf 82' lang='lat' dir='ltr'>expro-</span> 
     </span>
    </p>
   </div>
   <div class='ocr_carea' id='block_1_54' title="bbox 1885 2706 3486 2786">
    <p class='ocr_par' dir='ltr' id='par_1_54' title="bbox 1885 2706 3486 2786">
     <span class='ocr_line' id='line_1_54' title="bbox 1885 2706 3486 2786; baseline -0.011 -8"><span class='ocrx_word' id='word_1_404' title='bbox 1885 2724 2028 2785; x_wconf 89' lang='lat' dir='ltr'>bret,</span> <span class='ocrx_word' id='word_1_405' title='bbox 2068 2722 2165 2776; x_wconf 91' lang='lat' dir='ltr'>sed</span> <span class='ocrx_word' id='word_1_406' title='bbox 2196 2720 2460 2775; x_wconf 89' lang='lat' dir='ltr'>conﬁtere</span> <span class='ocrx_word' id='word_1_407' title='bbox 2489 2718 2625 2781; x_wconf 89' lang='lat' dir='ltr'>Deo,</span> <span class='ocrx_word' id='word_1_408' title='bbox 2659 2715 2755 2786; x_wconf 91' lang='lat' dir='ltr'>qui</span> <span class='ocrx_word' id='word_1_409' title='bbox 2784 2729 2850 2767; x_wconf 92' lang='lat' dir='ltr'>ea</span> <span class='ocrx_word' id='word_1_410' title='bbox 2879 2715 3055 2767; x_wconf 89' lang='lat' dir='ltr'>curet.</span> <span class='ocrx_word' id='word_1_411' title='bbox 3090 2728 3116 2762; x_wconf 74' lang='grc'>»</span> <span class='ocrx_word' id='word_1_412' title='bbox 3158 2710 3302 2764; x_wconf 88' lang='lat' dir='ltr'>Item</span> <span class='ocrx_word' id='word_1_413' title='bbox 3331 2706 3486 2762; x_wconf 89' lang='lat' dir='ltr'>idem</span> 
     </span>
    </p>
   </div>
   <div class='ocr_carea' id='block_1_55' title="bbox 1885 2796 3483 2884">
    <p class='ocr_par' dir='ltr' id='par_1_55' title="bbox 1885 2796 3483 2884">
     <span class='ocr_line' id='line_1_55' title="bbox 1885 2796 3483 2884; baseline -0.012 -16"><span class='ocrx_word' id='word_1_414' title='bbox 1885 2829 2054 2884; x_wconf 91' lang='lat' dir='ltr'>super</span> <span class='ocrx_word' id='word_1_415' title='bbox 2070 2809 2381 2883; x_wconf 88' lang='lat' dir='ltr'>Epistolam</span> <span class='ocrx_word' id='word_1_416' title='bbox 2408 2807 2477 2862; x_wconf 89' lang='lat' dir='ltr'>ad</span> <span class='ocrx_word' id='word_1_417' title='bbox 2504 2805 2767 2859; x_wconf 79' lang='lat' dir='ltr'>Hebraeos</span> <span class='ocrx_word' id='word_1_418' title='bbox 2782 2814 2970 2873; x_wconf 77' lang='lat' dir='ltr'>(super</span> <span class='ocrx_word' id='word_1_419' title='bbox 2987 2814 3110 2870; x_wconf 87' lang='lat' dir='ltr'>cap.</span> <span class='ocrx_word' id='word_1_420' title='bbox 3140 2797 3207 2855; x_wconf 79' lang='lat'>12</span> <span class='ocrx_word' id='word_1_421' title='bbox 3221 2798 3372 2852; x_wconf 88' lang='lat' dir='ltr'>hom.</span> <span class='ocrx_word' id='word_1_422' title='bbox 3391 2796 3454 2853; x_wconf 76' lang='lat' dir='ltr'>3i</span> <span class='ocrx_word' id='word_1_423' title='bbox 3467 2838 3483 2864; x_wconf 90' lang='lat'>,</span> 
     </span>
    </p>
   </div>
   <div class='ocr_carea' id='block_1_56' title="bbox 1885 2886 3486 2974">
    <p class='ocr_par' dir='ltr' id='par_1_56' title="bbox 1885 2886 3486 2974">
     <span class='ocr_line' id='line_1_56' title="bbox 1885 2886 3486 2974; baseline -0.012 -17"><span class='ocrx_word' id='word_1_424' title='bbox 1885 2907 2014 2974; x_wconf 90' lang='lat' dir='ltr'>post</span> <span class='ocrx_word' id='word_1_425' title='bbox 2042 2899 2310 2965; x_wconf 87' lang='lat' dir='ltr'>medium)</span> <span class='ocrx_word' id='word_1_426' title='bbox 2338 2916 2349 2950; x_wconf 90' lang='lat'><strong>:</strong></span> <span class='ocrx_word' id='word_1_427' title='bbox 2387 2919 2410 2948; x_wconf 75' lang='grc' dir='ltr'>ι</span> <span class='ocrx_word' id='word_1_428' title='bbox 2443 2898 2569 2950; x_wconf 89' lang='lat' dir='ltr'>Non</span> <span class='ocrx_word' id='word_1_429' title='bbox 2600 2894 2723 2948; x_wconf 82' lang='lat' dir='ltr'>dico</span> <span class='ocrx_word' id='word_1_430' title='bbox 2757 2891 2856 2947; x_wconf 86' lang='lat' dir='ltr'>tibi</span> <span class='ocrx_word' id='word_1_431' title='bbox 2876 2895 2940 2944; x_wconf 89' lang='lat' dir='ltr'>ut</span> <span class='ocrx_word' id='word_1_432' title='bbox 2965 2893 3022 2943; x_wconf 90' lang='lat' dir='ltr'>te</span> <span class='ocrx_word' id='word_1_433' title='bbox 3052 2886 3257 2962; x_wconf 85' lang='lat' dir='ltr'>prodas</span> <span class='ocrx_word' id='word_1_434' title='bbox 3287 2886 3345 2940; x_wconf 92' lang='lat' dir='ltr'>in</span> <span class='ocrx_word' id='word_1_435' title='bbox 3374 2901 3486 2958; x_wconf 89' lang='lat' dir='ltr'>pu-</span> 
     </span>
    </p>
   </div>
   <div class='ocr_carea' id='block_1_57' title="bbox 222 2974 3487 3081">
    <p class='ocr_par' dir='ltr' id='par_1_57' title="bbox 222 2974 3487 3081">
     <span class='ocr_line' id='line_1_57' title="bbox 222 2974 3487 3081; baseline -0.005 -34"><span class='ocrx_word' id='word_1_436' title='bbox 222 2974 440 3081; x_wconf 40' lang='grc' dir='ltr'>ίσθάεξτίε,</span> <span class='ocrx_word' id='word_1_437' title='bbox 453 2993 659 3081; x_wconf 54' lang='lat' dir='ltr'>FOFPUS</span> <span class='ocrx_word' id='word_1_438' title='bbox 688 2983 773 3081; x_wconf 47' lang='grc' dir='ltr'>ξῖεξ</span> <span class='ocrx_word' id='word_1_439' title='bbox 818 2976 917 3077; x_wconf 48' lang='lat' dir='ltr'>Del</span> <span class='ocrx_word' id='word_1_440' title='bbox 969 2980 1026 3030; x_wconf 70' lang='lat' dir='ltr'><strong>et</strong></span> <span class='ocrx_word' id='word_1_441' title='bbox 1076 2976 1367 3081; x_wconf 48' lang='lat' dir='ltr'>homini“?</span> <span class='ocrx_word' id='word_1_442' title='bbox 1397 2974 1737 3081; x_wconf 54' lang='grc' dir='ltr'>Μθάίδίοτξξ·</span> <span class='ocrx_word' id='word_1_443' title='bbox 1771 2989 1864 3081; x_wconf 69' lang='lat' dir='ltr'>ac</span> <span class='ocrx_word' id='word_1_444' title='bbox 1890 2991 2113 3056; x_wconf 88' lang='lat' dir='ltr'>blicum,</span> <span class='ocrx_word' id='word_1_445' title='bbox 2136 3005 2319 3061; x_wconf 83' lang='lat' dir='ltr'>neque</span> <span class='ocrx_word' id='word_1_446' title='bbox 2347 2991 2411 3040; x_wconf 89' lang='lat' dir='ltr'>ut</span> <span class='ocrx_word' id='word_1_447' title='bbox 2428 2990 2485 3039; x_wconf 90' lang='lat' dir='ltr'>te</span> <span class='ocrx_word' id='word_1_448' title='bbox 2513 2982 2662 3056; x_wconf 90' lang='lat' dir='ltr'>apud</span> <span class='ocrx_word' id='word_1_449' title='bbox 2687 2982 2827 3035; x_wconf 88' lang='lat' dir='ltr'>alios</span> <span class='ocrx_word' id='word_1_450' title='bbox 2849 2994 3105 3045; x_wconf 89' lang='lat' dir='ltr'>accuses;</span> <span class='ocrx_word' id='word_1_451' title='bbox 3133 2975 3232 3031; x_wconf 85' lang='lat' dir='ltr'>sed</span> <span class='ocrx_word' id='word_1_452' title='bbox 3255 2974 3487 3031; x_wconf 85' lang='lat' dir='ltr'>obedire</span> 
     </span>
    </p>
   </div>
   <div class='ocr_carea' id='block_1_58' title="bbox 224 3061 1803 3167">
    <p class='ocr_par' dir='ltr' id='par_1_58' title="bbox 224 3061 1803 3137">
     <span class='ocr_line' id='line_1_58' title="bbox 224 3061 1803 3137; baseline -0.003 -18"><span class='ocrx_word' id='word_1_453' title='bbox 224 3081 317 3134; x_wconf 89' lang='lat' dir='ltr'>quo</span> <span class='ocrx_word' id='word_1_454' title='bbox 337 3066 518 3120; x_wconf 58' lang='lat' dir='ltr'>levitas</span> <span class='ocrx_word' id='word_1_455' title='bbox 534 3067 740 3137; x_wconf 89' lang='lat' dir='ltr'>populo</span> <span class='ocrx_word' id='word_1_456' title='bbox 752 3066 1056 3120; x_wconf 90' lang='lat' dir='ltr'>terminum</span> <span class='ocrx_word' id='word_1_457' title='bbox 1079 3069 1312 3136; x_wconf 89' lang='lat' dir='ltr'>ponunt,</span> <span class='ocrx_word' id='word_1_458' title='bbox 1328 3064 1461 3117; x_wconf 91' lang='lat' dir='ltr'>dum</span> <span class='ocrx_word' id='word_1_459' title='bbox 1482 3079 1582 3133; x_wconf 90' lang='lat' dir='ltr'>pro</span> <span class='ocrx_word' id='word_1_460' title='bbox 1602 3061 1803 3133; x_wconf 89' lang='lat' dir='ltr'>quibus</span> 
     </span>
    </p>
   </div>
   <div class='ocr_carea' id='block_1_59' title="bbox 1889 3061 3487 3167">
    <p class='ocr_par' dir='ltr' id='par_1_59' title="bbox 1889 3067 3487 3150">
     <span class='ocr_line' id='line_1_59' title="bbox 1889 3067 3487 3150; baseline -0.009 -15"><span class='ocrx_word' id='word_1_461' title='bbox 1889 3088 1942 3135; x_wconf 88' lang='lat' dir='ltr'>te</span> <span class='ocrx_word' id='word_1_462' title='bbox 1965 3081 2089 3134; x_wconf 88' lang='lat' dir='ltr'>volo</span> <span class='ocrx_word' id='word_1_463' title='bbox 2110 3078 2401 3150; x_wconf 78' lang='lat' dir='ltr'>Prophetas</span> <span class='ocrx_word' id='word_1_464' title='bbox 2417 3073 2625 3128; x_wconf 88' lang='lat' dir='ltr'>dicenti</span> <span class='ocrx_word' id='word_1_465' title='bbox 2663 3091 2691 3124; x_wconf 70' lang='grc' dir='ltr'>ιι</span> <span class='ocrx_word' id='word_1_466' title='bbox 2708 3072 2898 3126; x_wconf 77' lang='lat' dir='ltr'>Revela</span> <span class='ocrx_word' id='word_1_467' title='bbox 2913 3067 3147 3122; x_wconf 87' lang='lat' dir='ltr'>Domino</span> <span class='ocrx_word' id='word_1_468' title='bbox 3160 3067 3311 3121; x_wconf 81' lang='lat' dir='ltr'>viam</span> <span class='ocrx_word' id='word_1_469' title='bbox 3327 3070 3487 3121; x_wconf 84' lang='lat' dir='ltr'>tuam</span> 
     </span>
    </p>
   </div>
   <div class='ocr_carea' id='block_1_60' title="bbox 223 3151 3489 3236">
    <p class='ocr_par' dir='ltr' id='par_1_60' title="bbox 223 3151 3489 3236">
     <span class='ocr_line' id='line_1_60' title="bbox 223 3151 3489 3236; baseline -0.001 -29"><span class='ocrx_word' id='word_1_470' title='bbox 223 3156 450 3224; x_wconf 87' lang='lat' dir='ltr'>peccatis</span> <span class='ocrx_word' id='word_1_471' title='bbox 473 3171 507 3208; x_wconf 84' lang='lat' dir='ltr'>a</span> <span class='ocrx_word' id='word_1_472' title='bbox 544 3172 743 3209; x_wconf 88' lang='lat' dir='ltr'>mensa</span> <span class='ocrx_word' id='word_1_473' title='bbox 773 3154 997 3208; x_wconf 91' lang='lat' dir='ltr'>Domini</span> <span class='ocrx_word' id='word_1_474' title='bbox 1022 3154 1303 3207; x_wconf 86' lang='lat' dir='ltr'>abstinere</span> <span class='ocrx_word' id='word_1_475' title='bbox 1327 3151 1547 3215; x_wconf 86' lang='lat' dir='ltr'>debeat,</span> <span class='ocrx_word' id='word_1_476' title='bbox 1581 3151 1799 3206; x_wconf 91' lang='lat' dir='ltr'>docent.</span> <span class='ocrx_word' id='word_1_477' title='bbox 1885 3172 2048 3232; x_wconf 33' lang='grc' dir='ltr'>(Ρεαι,</span> <span class='ocrx_word' id='word_1_478' title='bbox 2086 3184 2263 3232; x_wconf 55' lang='lat' dir='ltr'>xxx“,</span> <span class='ocrx_word' id='word_1_479' title='bbox 2292 3165 2366 3236; x_wconf 56' lang='grc'>5),</span> <span class='ocrx_word' id='word_1_480' title='bbox 2402 3167 2590 3230; x_wconf 56' lang='grc' dir='ltr'>θδτ</span> <span class='ocrx_word' id='word_1_481' title='bbox 2618 3165 2676 3215; x_wconf 79' lang='lat' dir='ltr'>et,</span> <span class='ocrx_word' id='word_1_482' title='bbox 2702 3165 2835 3213; x_wconf 76' lang='lat' dir='ltr'>tunc</span> <span class='ocrx_word' id='word_1_483' title='bbox 2864 3156 3091 3211; x_wconf 85' lang='lat' dir='ltr'>demum</span> <span class='ocrx_word' id='word_1_484' title='bbox 3117 3170 3283 3227; x_wconf 83' lang='lat' dir='ltr'>spera</span> <span class='ocrx_word' id='word_1_485' title='bbox 3310 3153 3489 3208; x_wconf 85' lang='lat' dir='ltr'>mise-</span> 
     </span>
    </p>
   </div>
   <div class='ocr_carea' id='block_1_61' title="bbox 221 3240 1805 3309">
    <p class='ocr_par' dir='ltr' id='par_1_61' title="bbox 221 3240 1805 3309">
     <span class='ocr_line' id='line_1_61' title="bbox 221 3240 1805 3309; baseline -0.001 -14"><span class='ocrx_word' id='word_1_486' title='bbox 221 3240 290 3295; x_wconf 82' lang='lat' dir='ltr'>De</span> <span class='ocrx_word' id='word_1_487' title='bbox 312 3242 741 3297; x_wconf 81' lang='lat' dir='ltr'>subdiaconibus</span> <span class='ocrx_word' id='word_1_488' title='bbox 762 3243 995 3299; x_wconf 90' lang='lat' dir='ltr'>dicitur:</span> <span class='ocrx_word' id='word_1_489' title='bbox 1015 3242 1378 3295; x_wconf 73' lang='lat' dir='ltr'>Mundamini</span> <span class='ocrx_word' id='word_1_490' title='bbox 1396 3242 1661 3309; x_wconf 77' lang='lat' dir='ltr'>qui/ortis</span> <span class='ocrx_word' id='word_1_491' title='bbox 1676 3256 1805 3293; x_wconf 86' lang='lat' dir='ltr'>vasa</span> 
     </span>
    </p>
   </div>
   <div class='ocr_carea' id='block_1_62' title="bbox 222 3329 1806 3399">
    <p class='ocr_par' dir='ltr' id='par_1_62' title="bbox 222 3329 1806 3399">
     <span class='ocr_line' id='line_1_62' title="bbox 222 3329 1806 3399; baseline -0.002 -14"><span class='ocrx_word' id='word_1_492' title='bbox 222 3332 439 3386; x_wconf 80' lang='lat' dir='ltr'>Domini</span> <span class='ocrx_word' id='word_1_493' title='bbox 460 3334 612 3389; x_wconf 83' lang='lat' dir='ltr'>tlsai.</span> <span class='ocrx_word' id='word_1_494' title='bbox 649 3350 742 3397; x_wconf 72' lang='grc' dir='ltr'>ιιι,</span> <span class='ocrx_word' id='word_1_495' title='bbox 773 3332 878 3399; x_wconf 81' lang='lat' dir='ltr'>li).</span> <span class='ocrx_word' id='word_1_496' title='bbox 911 3332 1059 3384; x_wconf 86' lang='lat' dir='ltr'>Vasa</span> <span class='ocrx_word' id='word_1_497' title='bbox 1088 3330 1257 3384; x_wconf 89' lang='lat' dir='ltr'>corda</span> <span class='ocrx_word' id='word_1_498' title='bbox 1282 3329 1633 3399; x_wconf 89' lang='lat' dir='ltr'>signiﬁcant;</span> <span class='ocrx_word' id='word_1_499' title='bbox 1656 3329 1806 3382; x_wconf 91' lang='lat' dir='ltr'>unde</span> 
     </span>
    </p>
   </div>
   <div class='ocr_carea' id='block_1_63' title="bbox 222 3419 1806 3491">
    <p class='ocr_par' dir='ltr' id='par_1_63' title="bbox 222 3419 1806 3491">
     <span class='ocr_line' id='line_1_63' title="bbox 222 3419 1806 3491; baseline -0.001 -19"><span class='ocrx_word' id='word_1_500' title='bbox 222 3419 272 3473; x_wconf 91' lang='lat' dir='ltr'>in</span> <span class='ocrx_word' id='word_1_501' title='bbox 298 3420 594 3491; x_wconf 84' lang='lat' dir='ltr'>Evangelio</span> <span class='ocrx_word' id='word_1_502' title='bbox 628 3440 640 3473; x_wconf 89' lang='lat'><strong>:</strong></span> <span class='ocrx_word' id='word_1_503' title='bbox 679 3424 977 3476; x_wconf 80' lang='lat' dir='ltr'>Prudentes</span> <span class='ocrx_word' id='word_1_504' title='bbox 1001 3436 1120 3473; x_wconf 82' lang='lat' dir='ltr'>vero</span> <span class='ocrx_word' id='word_1_505' title='bbox 1154 3424 1477 3486; x_wconf 85' lang='lat' dir='ltr'>acceperunt</span> <span class='ocrx_word' id='word_1_506' title='bbox 1514 3422 1693 3471; x_wconf 80' lang='lat' dir='ltr'>oleum</span> <span class='ocrx_word' id='word_1_507' title='bbox 1745 3421 1806 3471; x_wconf 81' lang='lat' dir='ltr'>in</span> 
     </span>
    </p>
   </div>
   <div class='ocr_carea' id='block_1_64' title="bbox 223 3500 1805 3574">
    <p class='ocr_par' dir='ltr' id='par_1_64' title="bbox 223 3500 1805 3574">
     <span class='ocr_line' id='line_1_64' title="bbox 223 3500 1805 3574; baseline -0.001 -16"><span class='ocrx_word' id='word_1_508' title='bbox 223 3510 349 3560; x_wconf 79' lang='lat' dir='ltr'>rasis</span> <span class='ocrx_word' id='word_1_509' title='bbox 374 3510 494 3561; x_wconf 85' lang='lat' dir='ltr'>suis</span> <span class='ocrx_word' id='word_1_510' title='bbox 522 3524 650 3562; x_wconf 89' lang='lat' dir='ltr'>cum</span> <span class='ocrx_word' id='word_1_511' title='bbox 681 3507 1032 3574; x_wconf 82' lang='lat' dir='ltr'>lampadibus</span> <span class='ocrx_word' id='word_1_512' title='bbox 1054 3505 1266 3569; x_wconf 74' lang='lat' dir='ltr'>(Matth.</span> <span class='ocrx_word' id='word_1_513' title='bbox 1300 3520 1420 3569; x_wconf 82' lang='lat' dir='ltr'>xxv,</span> <span class='ocrx_word' id='word_1_514' title='bbox 1455 3500 1532 3568; x_wconf 82' lang='grc'>4).</span> <span class='ocrx_word' id='word_1_515' title='bbox 1567 3501 1805 3558; x_wconf 86' lang='lat' dir='ltr'>Subdia—</span> 
     </span>
    </p>
   </div>
   <div class='ocr_carea' id='block_1_65' title="bbox 223 3590 1805 3666">
    <p class='ocr_par' dir='ltr' id='par_1_65' title="bbox 223 3590 1805 3666">
     <span class='ocr_line' id='line_1_65' title="bbox 223 3590 1805 3666; baseline -0.002 -20"><span class='ocrx_word' id='word_1_516' title='bbox 223 3596 332 3648; x_wconf 90' lang='lat' dir='ltr'>coni</span> <span class='ocrx_word' id='word_1_517' title='bbox 358 3596 551 3666; x_wconf 85' lang='lat' dir='ltr'>itaque</span> <span class='ocrx_word' id='word_1_518' title='bbox 596 3612 731 3648; x_wconf 88' lang='lat' dir='ltr'>vasa</span> <span class='ocrx_word' id='word_1_519' title='bbox 760 3594 984 3648; x_wconf 86' lang='lat' dir='ltr'>Domini</span> <span class='ocrx_word' id='word_1_520' title='bbox 1027 3594 1233 3655; x_wconf 87' lang='lat' dir='ltr'>lavant,</span> <span class='ocrx_word' id='word_1_521' title='bbox 1276 3608 1403 3644; x_wconf 89' lang='lat' dir='ltr'>cum</span> <span class='ocrx_word' id='word_1_522' title='bbox 1437 3590 1805 3644; x_wconf 84' lang='lat' dir='ltr'>conscientias</span> 
     </span>
    </p>
   </div>
   <div class='ocr_carea' id='block_1_66' title="bbox 222 3680 1804 3753">
    <p class='ocr_par' dir='ltr' id='par_1_66' title="bbox 222 3680 1804 3753">
     <span class='ocr_line' id='line_1_66' title="bbox 222 3680 1804 3753; baseline -0.003 -15"><span class='ocrx_word' id='word_1_523' title='bbox 222 3685 516 3750; x_wconf 77' lang='lat' dir='ltr'>mandant;</span> <span class='ocrx_word' id='word_1_524' title='bbox 548 3684 793 3753; x_wconf 87' lang='lat' dir='ltr'>acolythi</span> <span class='ocrx_word' id='word_1_525' title='bbox 843 3682 1144 3736; x_wconf 87' lang='lat' dir='ltr'>luminaria</span> <span class='ocrx_word' id='word_1_526' title='bbox 1181 3680 1498 3734; x_wconf 86' lang='lat' dir='ltr'>accendunt</span> <span class='ocrx_word' id='word_1_527' title='bbox 1528 3680 1804 3738; x_wconf 60' lang='lat' dir='ltr'>Ecclesiae.</span> 
     </span>
    </p>
   </div>
   <div class='ocr_carea' id='block_1_67' title="bbox 224 3768 1808 3838">
    <p class='ocr_par' dir='ltr' id='par_1_67' title="bbox 224 3768 1808 3838">
     <span class='ocr_line' id='line_1_67' title="bbox 224 3768 1808 3838; baseline -0.004 -12"><span class='ocrx_word' id='word_1_528' title='bbox 224 3773 624 3829; x_wconf 82' lang='lat' dir='ltr'>Exorcistarum</span> <span class='ocrx_word' id='word_1_529' title='bbox 667 3780 755 3828; x_wconf 92' lang='lat' dir='ltr'>est</span> <span class='ocrx_word' id='word_1_530' title='bbox 794 3771 1039 3827; x_wconf 76' lang='lat' dir='ltr'>cilicium</span> <span class='ocrx_word' id='word_1_531' title='bbox 1091 3787 1154 3825; x_wconf 84' lang='lat' dir='ltr'>ex</span> <span class='ocrx_word' id='word_1_532' title='bbox 1186 3769 1428 3824; x_wconf 82' lang='lat' dir='ltr'>obsessis</span> <span class='ocrx_word' id='word_1_533' title='bbox 1480 3768 1808 3838; x_wconf 79' lang='lat' dir='ltr'>corporibus</span> 
     </span>
    </p>
   </div>
   <div class='ocr_carea' id='block_1_68' title="bbox 222 3857 1806 3933">
    <p class='ocr_par' dir='ltr' id='par_1_68' title="bbox 222 3857 1806 3933">
     <span class='ocr_line' id='line_1_68' title="bbox 222 3857 1806 3933; baseline -0.004 -19"><span class='ocrx_word' id='word_1_534' title='bbox 222 3862 485 3918; x_wconf 66' lang='lat' dir='ltr'>daemonia</span> <span class='ocrx_word' id='word_1_535' title='bbox 530 3865 819 3933; x_wconf 77' lang='lat' dir='ltr'>effugare;</span> <span class='ocrx_word' id='word_1_536' title='bbox 866 3863 1137 3915; x_wconf 89' lang='lat' dir='ltr'>lectorum</span> <span class='ocrx_word' id='word_1_537' title='bbox 1194 3864 1279 3912; x_wconf 89' lang='lat' dir='ltr'>est</span> <span class='ocrx_word' id='word_1_538' title='bbox 1313 3857 1541 3911; x_wconf 88' lang='lat' dir='ltr'>verbum</span> <span class='ocrx_word' id='word_1_539' title='bbox 1574 3857 1674 3910; x_wconf 90' lang='lat' dir='ltr'>Dei</span> <span class='ocrx_word' id='word_1_540' title='bbox 1716 3873 1806 3910; x_wconf 91' lang='lat' dir='ltr'>re-</span> 
     </span>
    </p>
   </div>
   <div class='ocr_carea' id='block_1_69' title="bbox 222 3942 1806 4019">
    <p class='ocr_par' dir='ltr' id='par_1_69' title="bbox 222 3942 1806 4019">
     <span class='ocr_line' id='line_1_69' title="bbox 222 3942 1806 4019; baseline -0.003 -16"><span class='ocrx_word' id='word_1_541' title='bbox 222 3950 387 4018; x_wconf 86' lang='lat' dir='ltr'>ferre;</span> <span class='ocrx_word' id='word_1_542' title='bbox 423 3952 787 4006; x_wconf 89' lang='lat' dir='ltr'>ostiariorum</span> <span class='ocrx_word' id='word_1_543' title='bbox 836 3956 923 4005; x_wconf 85' lang='lat' dir='ltr'>est</span> <span class='ocrx_word' id='word_1_544' title='bbox 951 3948 1241 4003; x_wconf 90' lang='lat' dir='ltr'>ecclesiam</span> <span class='ocrx_word' id='word_1_545' title='bbox 1290 3945 1534 4017; x_wconf 88' lang='lat' dir='ltr'>aperire.</span> <span class='ocrx_word' id='word_1_546' title='bbox 1593 3945 1733 4019; x_wconf 73' lang='lat' dir='ltr'>Quae</span> <span class='ocrx_word' id='word_1_547' title='bbox 1759 3942 1806 3998; x_wconf 89' lang='lat' dir='ltr'>si</span> 
     </span>
    </p>
   </div>
   <div class='ocr_carea' id='block_1_70' title="bbox 222 4032 1805 4110">
    <p class='ocr_par' dir='ltr' id='par_1_70' title="bbox 222 4032 1805 4110">
     <span class='ocr_line' id='line_1_70' title="bbox 222 4032 1805 4110; baseline -0.006 -17"><span class='ocrx_word' id='word_1_548' title='bbox 222 4041 397 4093; x_wconf 88' lang='lat' dir='ltr'>omnia</span> <span class='ocrx_word' id='word_1_549' title='bbox 421 4040 724 4110; x_wconf 85' lang='lat' dir='ltr'>diligenter</span> <span class='ocrx_word' id='word_1_550' title='bbox 752 4039 1065 4101; x_wconf 90' lang='lat' dir='ltr'>intuentur,</span> <span class='ocrx_word' id='word_1_551' title='bbox 1098 4036 1167 4089; x_wconf 90' lang='lat' dir='ltr'>ad</span> <span class='ocrx_word' id='word_1_552' title='bbox 1197 4036 1302 4088; x_wconf 88' lang='lat' dir='ltr'>hoc</span> <span class='ocrx_word' id='word_1_553' title='bbox 1322 4035 1467 4087; x_wconf 85' lang='lat' dir='ltr'>ﬁunt</span> <span class='ocrx_word' id='word_1_554' title='bbox 1495 4032 1805 4097; x_wconf 86' lang='lat' dir='ltr'>visibiliter,</span> 
     </span>
    </p>
   </div>
   <div class='ocr_carea' id='block_1_71' title="bbox 222 4121 1812 4200">
    <p class='ocr_par' dir='ltr' id='par_1_71' title="bbox 222 4121 1812 4200">
     <span class='ocr_line' id='line_1_71' title="bbox 222 4121 1812 4200; baseline -0.004 -20"><span class='ocrx_word' id='word_1_555' title='bbox 222 4136 277 4181; x_wconf 87' lang='lat' dir='ltr'>ut</span> <span class='ocrx_word' id='word_1_556' title='bbox 304 4129 370 4182; x_wconf 86' lang='lat' dir='ltr'>ab</span> <span class='ocrx_word' id='word_1_557' title='bbox 390 4128 482 4183; x_wconf 89' lang='lat' dir='ltr'>his</span> <span class='ocrx_word' id='word_1_558' title='bbox 506 4146 541 4182; x_wconf 92' lang='lat' dir='ltr'>a</span> <span class='ocrx_word' id='word_1_559' title='bbox 563 4128 765 4200; x_wconf 89' lang='lat' dir='ltr'>quibus</span> <span class='ocrx_word' id='word_1_560' title='bbox 786 4128 931 4181; x_wconf 90' lang='lat' dir='ltr'>ﬁunt</span> <span class='ocrx_word' id='word_1_561' title='bbox 950 4127 1090 4179; x_wconf 89' lang='lat' dir='ltr'>ﬁant</span> <span class='ocrx_word' id='word_1_562' title='bbox 1117 4140 1218 4195; x_wconf 89' lang='lat' dir='ltr'>per</span> <span class='ocrx_word' id='word_1_563' title='bbox 1239 4121 1660 4177; x_wconf 89' lang='lat' dir='ltr'>mundationem</span> <span class='ocrx_word' id='word_1_564' title='bbox 1684 4137 1812 4174; x_wconf 91' lang='lat' dir='ltr'>con-</span> 
     </span>
    </p>
   </div>
   <div class='ocr_carea' id='block_1_72' title="bbox 223 4210 1809 4282">
    <p class='ocr_par' dir='ltr' id='par_1_72' title="bbox 223 4210 1809 4282">
     <span class='ocr_line' id='line_1_72' title="bbox 223 4210 1809 4282; baseline -0.004 -14"><span class='ocrx_word' id='word_1_565' title='bbox 223 4218 573 4272; x_wconf 84' lang='lat' dir='ltr'>scientiarum</span> <span class='ocrx_word' id='word_1_566' title='bbox 631 4216 1001 4271; x_wconf 85' lang='lat' dir='ltr'>invisibiliter.</span> <span class='ocrx_word' id='word_1_567' title='bbox 1052 4213 1213 4268; x_wconf 86' lang='lat' dir='ltr'>Unde</span> <span class='ocrx_word' id='word_1_568' title='bbox 1254 4212 1314 4266; x_wconf 94' lang='lat' dir='ltr'>B.</span> <span class='ocrx_word' id='word_1_569' title='bbox 1365 4210 1715 4282; x_wconf 87' lang='lat' dir='ltr'>Augustinus</span> <span class='ocrx_word' id='word_1_570' title='bbox 1753 4210 1809 4263; x_wconf 90' lang='lat' dir='ltr'>in</span> 
     </span>
    </p>
   </div>
   <div class='ocr_carea' id='block_1_73' title="bbox 1888 3242 3489 3328">
    <p class='ocr_par' dir='ltr' id='par_1_73' title="bbox 1888 3242 3489 3328">
     <span class='ocr_line' id='line_1_73' title="bbox 1888 3242 3489 3328; baseline -0.011 -15"><span class='ocrx_word' id='word_1_571' title='bbox 1888 3259 2185 3313; x_wconf 88' lang='lat' dir='ltr'>ricordiam</span> <span class='ocrx_word' id='word_1_572' title='bbox 2205 3263 2261 3310; x_wconf 90' lang='lat' dir='ltr'>te</span> <span class='ocrx_word' id='word_1_573' title='bbox 2286 3271 2448 3328; x_wconf 90' lang='lat' dir='ltr'>posse</span> <span class='ocrx_word' id='word_1_574' title='bbox 2475 3249 2760 3323; x_wconf 89' lang='lat' dir='ltr'>consequi.</span> <span class='ocrx_word' id='word_1_575' title='bbox 2786 3248 2853 3305; x_wconf 85' lang='lat' dir='ltr'>Et</span> <span class='ocrx_word' id='word_1_576' title='bbox 2866 3247 2925 3303; x_wconf 93' lang='lat' dir='ltr'>in</span> <span class='ocrx_word' id='word_1_577' title='bbox 2944 3250 3160 3320; x_wconf 88' lang='lat' dir='ltr'>septem</span> <span class='ocrx_word' id='word_1_578' title='bbox 3181 3242 3489 3299; x_wconf 82' lang='lat' dir='ltr'>collationi-</span> 
     </span>
    </p>
   </div>
   <div class='ocr_carea' id='block_1_74' title="bbox 1888 3331 3484 3409">
    <p class='ocr_par' dir='ltr' id='par_1_74' title="bbox 1888 3331 3484 3409">
     <span class='ocr_line' id='line_1_74' title="bbox 1888 3331 3484 3409; baseline -0.011 -6"><span class='ocrx_word' id='word_1_579' title='bbox 1888 3347 1992 3403; x_wconf 90' lang='lat' dir='ltr'>bus</span> <span class='ocrx_word' id='word_1_580' title='bbox 2021 3346 2234 3401; x_wconf 88' lang='lat' dir='ltr'>ultimis</span> <span class='ocrx_word' id='word_1_581' title='bbox 2263 3346 2506 3398; x_wconf 88' lang='lat' dir='ltr'>Joannes</span> <span class='ocrx_word' id='word_1_582' title='bbox 2532 3339 2838 3396; x_wconf 84' lang='lat' dir='ltr'>Cassianus</span> <span class='ocrx_word' id='word_1_583' title='bbox 2864 3336 3074 3409; x_wconf 87' lang='lat' dir='ltr'>(collat.</span> <span class='ocrx_word' id='word_1_584' title='bbox 3114 3331 3205 3401; x_wconf 82' lang='lat'>‘20,</span> <span class='ocrx_word' id='word_1_585' title='bbox 3232 3349 3353 3406; x_wconf 87' lang='lat' dir='ltr'>cap.</span> <span class='ocrx_word' id='word_1_586' title='bbox 3383 3332 3484 3401; x_wconf 86' lang='lat'>8):</span> 
     </span>
    </p>
   </div>
   <div class='ocr_carea' id='block_1_75' title="bbox 1892 3425 3491 3495">
    <p class='ocr_par' dir='ltr' id='par_1_75' title="bbox 1892 3425 3491 3495">
     <span class='ocr_line' id='line_1_75' title="bbox 1892 3425 3491 3495; baseline -0.009 -5"><span class='ocrx_word' id='word_1_587' title='bbox 1892 3457 1918 3490; x_wconf 74' lang='grc' dir='ltr'><strong><em>α</em></strong></span> <span class='ocrx_word' id='word_1_588' title='bbox 1953 3438 2011 3492; x_wconf 90' lang='lat' dir='ltr'>Si</span> <span class='ocrx_word' id='word_1_589' title='bbox 2053 3434 2390 3489; x_wconf 85' lang='lat' dir='ltr'>verecundia</span> <span class='ocrx_word' id='word_1_590' title='bbox 2437 3430 2760 3485; x_wconf 88' lang='lat' dir='ltr'>retrahente</span> <span class='ocrx_word' id='word_1_591' title='bbox 2815 3425 3063 3480; x_wconf 88' lang='lat' dir='ltr'>revelare</span> <span class='ocrx_word' id='word_1_592' title='bbox 3106 3427 3335 3495; x_wconf 88' lang='lat' dir='ltr'>peccata</span> <span class='ocrx_word' id='word_1_593' title='bbox 3385 3426 3491 3476; x_wconf 88' lang='lat' dir='ltr'>tua</span> 
     </span>
    </p>
   </div>
   <div class='ocr_carea' id='block_1_76' title="bbox 1888 3513 3489 3585">
    <p class='ocr_par' dir='ltr' id='par_1_76' title="bbox 1888 3513 3489 3585">
     <span class='ocr_line' id='line_1_76' title="bbox 1888 3513 3489 3585; baseline -0.011 -5"><span class='ocrx_word' id='word_1_594' title='bbox 1888 3541 2078 3580; x_wconf 86' lang='lat' dir='ltr'>coram</span> <span class='ocrx_word' id='word_1_595' title='bbox 2115 3522 2437 3578; x_wconf 85' lang='lat' dir='ltr'>hominibus</span> <span class='ocrx_word' id='word_1_596' title='bbox 2463 3518 2763 3581; x_wconf 85' lang='lat' dir='ltr'>erubescis,</span> <span class='ocrx_word' id='word_1_597' title='bbox 2794 3514 2894 3578; x_wconf 83' lang='lat' dir='ltr'>illi,</span> <span class='ocrx_word' id='word_1_598' title='bbox 2926 3529 3094 3585; x_wconf 85' lang='lat' dir='ltr'>quem</span> <span class='ocrx_word' id='word_1_599' title='bbox 3143 3513 3323 3566; x_wconf 82' lang='lat' dir='ltr'>latere</span> <span class='ocrx_word' id='word_1_600' title='bbox 3370 3527 3489 3584; x_wconf 86' lang='lat' dir='ltr'>non</span> 
     </span>
    </p>
   </div>
   <div class='ocr_carea' id='block_1_77' title="bbox 1887 3599 3484 3686">
    <p class='ocr_par' dir='ltr' id='par_1_77' title="bbox 1887 3599 3484 3686">
     <span class='ocr_line' id='line_1_77' title="bbox 1887 3599 3484 3686; baseline -0.011 -16"><span class='ocrx_word' id='word_1_601' title='bbox 1887 3620 2140 3686; x_wconf 90' lang='lat' dir='ltr'>possunt,</span> <span class='ocrx_word' id='word_1_602' title='bbox 2166 3610 2419 3668; x_wconf 88' lang='lat' dir='ltr'>conﬁteri</span> <span class='ocrx_word' id='word_1_603' title='bbox 2449 3626 2516 3664; x_wconf 90' lang='lat' dir='ltr'>ea</span> <span class='ocrx_word' id='word_1_604' title='bbox 2524 3607 2648 3679; x_wconf 86' lang='lat' dir='ltr'>jugi</span> <span class='ocrx_word' id='word_1_605' title='bbox 2677 3603 3086 3676; x_wconf 88' lang='lat' dir='ltr'>supplicatione</span> <span class='ocrx_word' id='word_1_606' title='bbox 3105 3617 3218 3655; x_wconf 92' lang='lat' dir='ltr'>non</span> <span class='ocrx_word' id='word_1_607' title='bbox 3239 3599 3484 3667; x_wconf 85' lang='lat' dir='ltr'>desinas,</span> 
     </span>
    </p>
   </div>
   <div class='ocr_carea' id='block_1_78' title="bbox 1889 3689 3482 3775">
    <p class='ocr_par' dir='ltr' id='par_1_78' title="bbox 1889 3689 3482 3775">
     <span class='ocr_line' id='line_1_78' title="bbox 1889 3689 3482 3775; baseline -0.011 -17"><span class='ocrx_word' id='word_1_608' title='bbox 1889 3704 1985 3775; x_wconf 89' lang='lat' dir='ltr'>qui</span> <span class='ocrx_word' id='word_1_609' title='bbox 2013 3710 2070 3757; x_wconf 90' lang='lat' dir='ltr'>et</span> <span class='ocrx_word' id='word_1_610' title='bbox 2090 3702 2300 3774; x_wconf 86' lang='lat' dir='ltr'>absque</span> <span class='ocrx_word' id='word_1_611' title='bbox 2315 3698 2485 3753; x_wconf 88' lang='lat' dir='ltr'>ullius</span> <span class='ocrx_word' id='word_1_612' title='bbox 2508 3692 2854 3751; x_wconf 75' lang='lat' dir='ltr'>verecundius</span> <span class='ocrx_word' id='word_1_613' title='bbox 2869 3689 3243 3763; x_wconf 83' lang='lat' dir='ltr'>publicatione</span> <span class='ocrx_word' id='word_1_614' title='bbox 3262 3704 3482 3755; x_wconf 87' lang='lat' dir='ltr'>curare,</span> 
     </span>
    </p>
   </div>
   <div class='ocr_carea' id='block_1_79' title="bbox 1888 3776 3490 3861">
    <p class='ocr_par' dir='ltr' id='par_1_79' title="bbox 1888 3776 3490 3861">
     <span class='ocr_line' id='line_1_79' title="bbox 1888 3776 3490 3861; baseline -0.011 -14"><span class='ocrx_word' id='word_1_615' title='bbox 1888 3801 1946 3847; x_wconf 89' lang='lat' dir='ltr'>et</span> <span class='ocrx_word' id='word_1_616' title='bbox 1972 3793 2095 3847; x_wconf 89' lang='lat' dir='ltr'>sine</span> <span class='ocrx_word' id='word_1_617' title='bbox 2122 3787 2462 3861; x_wconf 82' lang='lat' dir='ltr'>impmperio</span> <span class='ocrx_word' id='word_1_618' title='bbox 2485 3790 2714 3857; x_wconf 86' lang='lat' dir='ltr'>peccata</span> <span class='ocrx_word' id='word_1_619' title='bbox 2741 3782 2952 3836; x_wconf 87' lang='lat' dir='ltr'>donare</span> <span class='ocrx_word' id='word_1_620' title='bbox 2987 3778 3276 3834; x_wconf 90' lang='lat' dir='ltr'>consuevit</span> <span class='ocrx_word' id='word_1_621' title='bbox 3316 3776 3490 3832; x_wconf 78' lang='lat' dir='ltr'>Maxi-</span> 
     </span>
    </p>
   </div>
   <div class='ocr_carea' id='block_1_80' title="bbox 1890 3865 3488 3947">
    <p class='ocr_par' dir='ltr' id='par_1_80' title="bbox 1890 3865 3488 3947">
     <span class='ocr_line' id='line_1_80' title="bbox 1890 3865 3488 3947; baseline -0.011 -11"><span class='ocrx_word' id='word_1_622' title='bbox 1890 3898 2015 3936; x_wconf 91' lang='lat' dir='ltr'>mus</span> <span class='ocrx_word' id='word_1_623' title='bbox 2040 3881 2099 3934; x_wconf 91' lang='lat' dir='ltr'>in</span> <span class='ocrx_word' id='word_1_624' title='bbox 2136 3894 2395 3933; x_wconf 90' lang='lat' dir='ltr'>sermone</span> <span class='ocrx_word' id='word_1_625' title='bbox 2415 3874 2666 3947; x_wconf 88' lang='lat' dir='ltr'>paschali</span> <span class='ocrx_word' id='word_1_626' title='bbox 2703 3872 2840 3926; x_wconf 91' lang='lat' dir='ltr'>dicit</span> <span class='ocrx_word' id='word_1_627' title='bbox 2855 3869 2936 3941; x_wconf 69' lang='grc' dir='ltr'>(ιθ)</span> <span class='ocrx_word' id='word_1_628' title='bbox 2973 3886 2984 3921; x_wconf 92' lang='lat'><strong>:</strong></span> <span class='ocrx_word' id='word_1_629' title='bbox 3022 3888 3052 3920; x_wconf 70' lang='lat' dir='ltr'>ci</span> <span class='ocrx_word' id='word_1_630' title='bbox 3077 3866 3306 3922; x_wconf 91' lang='lat' dir='ltr'>Invenio</span> <span class='ocrx_word' id='word_1_631' title='bbox 3335 3865 3488 3937; x_wconf 91' lang='lat' dir='ltr'>quod</span> 
     </span>
    </p>
   </div>
   <div class='ocr_carea' id='block_1_81' title="bbox 1894 3956 3489 4032">
    <p class='ocr_par' dir='ltr' id='par_1_81' title="bbox 1894 3956 3489 4032">
     <span class='ocr_line' id='line_1_81' title="bbox 1894 3956 3489 4032; baseline -0.012 -6"><span class='ocrx_word' id='word_1_632' title='bbox 1894 3974 2090 4026; x_wconf 83' lang='lat' dir='ltr'>Petrus</span> <span class='ocrx_word' id='word_1_633' title='bbox 2120 3968 2352 4032; x_wconf 84' lang='lat' dir='ltr'>ﬂeverit,</span> <span class='ocrx_word' id='word_1_634' title='bbox 2383 3983 2495 4020; x_wconf 91' lang='lat' dir='ltr'>non</span> <span class='ocrx_word' id='word_1_635' title='bbox 2524 3963 2746 4018; x_wconf 90' lang='lat' dir='ltr'>invenio</span> <span class='ocrx_word' id='word_1_636' title='bbox 2775 3960 2909 4032; x_wconf 91' lang='lat' dir='ltr'>quid</span> <span class='ocrx_word' id='word_1_637' title='bbox 2935 3958 3141 4013; x_wconf 85' lang='lat' dir='ltr'>dixerit</span> <span class='ocrx_word' id='word_1_638' title='bbox 3168 3976 3179 4011; x_wconf 91' lang='lat'>:</span> <span class='ocrx_word' id='word_1_639' title='bbox 3207 3956 3489 4027; x_wconf 86' lang='lat' dir='ltr'>lacrymas</span> 
     </span>
    </p>
   </div>
   <div class='ocr_carea' id='block_1_82' title="bbox 1893 4044 3490 4131">
    <p class='ocr_par' dir='ltr' id='par_1_82' title="bbox 1893 4044 3490 4131">
     <span class='ocr_line' id='line_1_82' title="bbox 1893 4044 3490 4131; baseline -0.013 -15"><span class='ocrx_word' id='word_1_640' title='bbox 1893 4064 2017 4131; x_wconf 88' lang='lat' dir='ltr'>ejus</span> <span class='ocrx_word' id='word_1_641' title='bbox 2041 4062 2185 4129; x_wconf 83' lang='lat' dir='ltr'>lego,</span> <span class='ocrx_word' id='word_1_642' title='bbox 2214 4055 2652 4113; x_wconf 85' lang='lat' dir='ltr'>satisfactionem</span> <span class='ocrx_word' id='word_1_643' title='bbox 2676 4067 2788 4106; x_wconf 88' lang='lat' dir='ltr'>non</span> <span class='ocrx_word' id='word_1_644' title='bbox 2816 4050 2941 4119; x_wconf 82' lang='lat' dir='ltr'>lego</span> <span class='ocrx_word' id='word_1_645' title='bbox 2970 4047 3099 4117; x_wconf 80' lang='lat'>(68).</span> <span class='ocrx_word' id='word_1_646' title='bbox 3137 4066 3160 4098; x_wconf 74' lang='grc' dir='ltr'>ι</span> <span class='ocrx_word' id='word_1_647' title='bbox 3197 4046 3270 4101; x_wconf 89' lang='lat' dir='ltr'>Et</span> <span class='ocrx_word' id='word_1_648' title='bbox 3293 4044 3490 4114; x_wconf 83' lang='lat' dir='ltr'>lingua</span> 
     </span>
    </p>
   </div>
   <div class='ocr_carea' id='block_1_83' title="bbox 1893 4133 3489 4221">
    <p class='ocr_par' dir='ltr' id='par_1_83' title="bbox 1893 4133 3489 4221">
     <span class='ocr_line' id='line_1_83' title="bbox 1893 4133 3489 4221; baseline -0.013 -17"><span class='ocrx_word' id='word_1_649' title='bbox 1893 4150 2134 4221; x_wconf 89' lang='lat' dir='ltr'>Spiritus</span> <span class='ocrx_word' id='word_1_650' title='bbox 2162 4146 2341 4201; x_wconf 81' lang='lat' dir='ltr'>sancti</span> <span class='ocrx_word' id='word_1_651' title='bbox 2370 4146 2516 4199; x_wconf 89' lang='lat' dir='ltr'>Leo:</span> <span class='ocrx_word' id='word_1_652' title='bbox 2561 4164 2583 4191; x_wconf 77' lang='grc' dir='ltr'>ιι</span> <span class='ocrx_word' id='word_1_653' title='bbox 2617 4138 2905 4210; x_wconf 88' lang='lat' dir='ltr'>Lacrymis</span> <span class='ocrx_word' id='word_1_654' title='bbox 2954 4137 3176 4190; x_wconf 86' lang='lat' dir='ltr'>lavatur</span> <span class='ocrx_word' id='word_1_655' title='bbox 3219 4133 3489 4188; x_wconf 90' lang='lat' dir='ltr'>delictum</span> 
     </span>
    </p>
   </div>
   <div class='ocr_carea' id='block_1_84' title="bbox 1894 4220 3490 4310">
    <p class='ocr_par' dir='ltr' id='par_1_84' title="bbox 1894 4220 3490 4310">
     <span class='ocr_line' id='line_1_84' title="bbox 1894 4220 3490 4310; baseline -0.013 -17"><span class='ocrx_word' id='word_1_656' title='bbox 1894 4220 2041 4310; x_wconf 89' lang='lat' dir='ltr'>quod</span> <span class='ocrx_word' id='word_1_657' title='bbox 2070 4253 2200 4290; x_wconf 92' lang='lat' dir='ltr'>voce</span> <span class='ocrx_word' id='word_1_658' title='bbox 2248 4234 2429 4306; x_wconf 90' lang='lat' dir='ltr'>pudor</span> <span class='ocrx_word' id='word_1_659' title='bbox 2465 4236 2551 4285; x_wconf 89' lang='lat' dir='ltr'>est</span> <span class='ocrx_word' id='word_1_660' title='bbox 2597 4228 2868 4283; x_wconf 88' lang='lat' dir='ltr'>conﬁteri.</span> <span class='ocrx_word' id='word_1_661' title='bbox 2912 4224 3228 4280; x_wconf 89' lang='lat' dir='ltr'>Misericors</span> <span class='ocrx_word' id='word_1_662' title='bbox 3277 4220 3490 4276; x_wconf 89' lang='lat' dir='ltr'>etenim</span> 
     </span>
    </p>
   </div>
   <div class='ocr_carea' id='block_1_85' title="bbox 224 4298 3484 4395">
    <p class='ocr_par' dir='ltr' id='par_1_85' title="bbox 224 4298 3484 4395">
     <span class='ocr_line' id='line_1_85' title="bbox 224 4298 3484 4395; baseline -0.01 0"><span class='ocrx_word' id='word_1_663' title='bbox 224 4310 455 4395; x_wconf 39' lang='lat' dir='ltr'>fractam</span> <span class='ocrx_word' id='word_1_664' title='bbox 483 4313 640 4360; x_wconf 59' lang='lat' dir='ltr'>sem)</span> <span class='ocrx_word' id='word_1_665' title='bbox 671 4306 930 4376; x_wconf 52' lang='lat' dir='ltr'>Epismlm</span> <span class='ocrx_word' id='word_1_666' title='bbox 963 4304 1018 4357; x_wconf 64' lang='grc' dir='ltr'>δ’</span> <span class='ocrx_word' id='word_1_667' title='bbox 1052 4302 1289 4395; x_wconf 31' lang='lat' dir='ltr'>hminis</span> <span class='ocrx_word' id='word_1_668' title='bbox 1329 4300 1602 4395; x_wconf 55' lang='lat' dir='ltr'>§R9Stolir</span> <span class='ocrx_word' id='word_1_669' title='bbox 1635 4298 1713 4352; x_wconf 68' lang='lat' dir='ltr'>Sic</span> <span class='ocrx_word' id='word_1_670' title='bbox 1741 4298 2473 4395; x_wconf 46' lang='lat' dir='ltr'>deDDominusmtabsque</span> <span class='ocrx_word' id='word_1_671' title='bbox 2485 4322 2600 4376; x_wconf 88' lang='lat' dir='ltr'>ulla</span> <span class='ocrx_word' id='word_1_672' title='bbox 2612 4313 3216 4384; x_wconf 83' lang='lat' dir='ltr'>confessionerespexit</span> <span class='ocrx_word' id='word_1_673' title='bbox 3230 4311 3484 4377; x_wconf 86' lang='lat' dir='ltr'>Petrum,</span> 
     </span>
    </p>
   </div>
   <div class='ocr_carea' id='block_1_86' title="bbox 222 4389 1812 4465">
    <p class='ocr_par' dir='ltr' id='par_1_86' title="bbox 222 4389 1812 4465">
     <span class='ocr_line' id='line_1_86' title="bbox 222 4389 1812 4465; baseline -0.006 -16"><span class='ocrx_word' id='word_1_674' title='bbox 222 4393 498 4465; x_wconf 81' lang='lat' dir='ltr'>Baptismo</span> <span class='ocrx_word' id='word_1_675' title='bbox 534 4408 547 4441; x_wconf 87' lang='lat'>:</span> <span class='ocrx_word' id='word_1_676' title='bbox 584 4417 605 4441; x_wconf 72' lang='grc' dir='ltr'><strong>ε</strong></span> <span class='ocrx_word' id='word_1_677' title='bbox 644 4398 808 4464; x_wconf 84' lang='lat' dir='ltr'>Aqua</span> <span class='ocrx_word' id='word_1_678' title='bbox 852 4391 1190 4446; x_wconf 86' lang='lat' dir='ltr'>sacramenti</span> <span class='ocrx_word' id='word_1_679' title='bbox 1242 4389 1472 4443; x_wconf 89' lang='lat' dir='ltr'>visibilis</span> <span class='ocrx_word' id='word_1_680' title='bbox 1522 4394 1625 4450; x_wconf 90' lang='lat' dir='ltr'>est,</span> <span class='ocrx_word' id='word_1_681' title='bbox 1663 4404 1812 4457; x_wconf 87' lang='lat' dir='ltr'>aqua</span> 
     </span>
    </p>
   </div>
   <div class='ocr_carea' id='block_1_87' title="bbox 220 4474 1813 4552">
    <p class='ocr_par' dir='ltr' id='par_1_87' title="bbox 220 4474 1813 4552">
     <span class='ocr_line' id='line_1_87' title="bbox 220 4474 1813 4552; baseline -0.006 -18"><span class='ocrx_word' id='word_1_682' title='bbox 220 4483 441 4552; x_wconf 82' lang='lat' dir='ltr'>spiritus</span> <span class='ocrx_word' id='word_1_683' title='bbox 470 4483 794 4547; x_wconf 88' lang='lat' dir='ltr'>invisibilis;</span> <span class='ocrx_word' id='word_1_684' title='bbox 828 4482 937 4535; x_wconf 90' lang='lat' dir='ltr'>ista</span> <span class='ocrx_word' id='word_1_685' title='bbox 982 4479 1162 4534; x_wconf 88' lang='lat' dir='ltr'>abluit</span> <span class='ocrx_word' id='word_1_686' title='bbox 1188 4494 1408 4547; x_wconf 87' lang='lat' dir='ltr'>corpus,</span> <span class='ocrx_word' id='word_1_687' title='bbox 1442 4480 1499 4528; x_wconf 91' lang='lat' dir='ltr'>et</span> <span class='ocrx_word' id='word_1_688' title='bbox 1534 4474 1813 4544; x_wconf 89' lang='lat' dir='ltr'>signiﬁcat</span> 
     </span>
    </p>
   </div>
   <div class='ocr_carea' id='block_1_88' title="bbox 220 4564 1812 4643">
    <p class='ocr_par' dir='ltr' id='par_1_88' title="bbox 220 4564 1812 4643">
     <span class='ocr_line' id='line_1_88' title="bbox 220 4564 1812 4643; baseline -0.008 -16"><span class='ocrx_word' id='word_1_689' title='bbox 220 4573 343 4643; x_wconf 88' lang='lat' dir='ltr'>quid</span> <span class='ocrx_word' id='word_1_690' title='bbox 366 4575 468 4627; x_wconf 88' lang='lat' dir='ltr'>ﬁat</span> <span class='ocrx_word' id='word_1_691' title='bbox 497 4574 622 4643; x_wconf 87' lang='lat' dir='ltr'>[al.,</span> <span class='ocrx_word' id='word_1_692' title='bbox 648 4571 795 4643; x_wconf 90' lang='lat' dir='ltr'>quod</span> <span class='ocrx_word' id='word_1_693' title='bbox 822 4569 917 4642; x_wconf 86' lang='lat' dir='ltr'>sit]</span> <span class='ocrx_word' id='word_1_694' title='bbox 946 4570 1004 4623; x_wconf 90' lang='lat' dir='ltr'>in</span> <span class='ocrx_word' id='word_1_695' title='bbox 1024 4568 1277 4623; x_wconf 81' lang='lat' dir='ltr'>anima.»</span> <span class='ocrx_word' id='word_1_696' title='bbox 1302 4564 1555 4620; x_wconf 81' lang='lat' dir='ltr'>Visibilia</span> <span class='ocrx_word' id='word_1_697' title='bbox 1568 4578 1812 4632; x_wconf 90' lang='lat' dir='ltr'>namque</span> 
     </span>
    </p>
   </div>
   <div class='ocr_carea' id='block_1_89' title="bbox 218 4651 1807 4731">
    <p class='ocr_par' dir='ltr' id='par_1_89' title="bbox 218 4651 1807 4731">
     <span class='ocr_line' id='line_1_89' title="bbox 218 4651 1807 4731; baseline -0.007 -16"><span class='ocrx_word' id='word_1_698' title='bbox 218 4668 564 4717; x_wconf 66' lang='lat' dir='ltr'>sacramenta</span> <span class='ocrx_word' id='word_1_699' title='bbox 580 4668 637 4716; x_wconf 88' lang='lat' dir='ltr'>et</span> <span class='ocrx_word' id='word_1_700' title='bbox 666 4665 1062 4731; x_wconf 84' lang='lat' dir='ltr'>operantur,et</span> <span class='ocrx_word' id='word_1_701' title='bbox 1081 4655 1509 4726; x_wconf 84' lang='lat' dir='ltr'>signiﬁcant[al.</span> <span class='ocrx_word' id='word_1_702' title='bbox 1526 4692 1540 4719; x_wconf 95' lang='lat'>,</span> <span class='ocrx_word' id='word_1_703' title='bbox 1562 4651 1807 4723; x_wconf 86' lang='lat' dir='ltr'>signant]</span> 
     </span>
    </p>
   </div>
   <div class='ocr_carea' id='block_1_90' title="bbox 221 4740 1809 4817">
    <p class='ocr_par' dir='ltr' id='par_1_90' title="bbox 221 4740 1809 4817">
     <span class='ocr_line' id='line_1_90' title="bbox 221 4740 1809 4817; baseline -0.006 -14"><span class='ocrx_word' id='word_1_704' title='bbox 221 4750 529 4805; x_wconf 78' lang='lat' dir='ltr'>invisibilia.</span> <span class='ocrx_word' id='word_1_705' title='bbox 582 4750 653 4805; x_wconf 89' lang='lat' dir='ltr'>In</span> <span class='ocrx_word' id='word_1_706' title='bbox 701 4751 808 4803; x_wconf 88' lang='lat' dir='ltr'>hoc</span> <span class='ocrx_word' id='word_1_707' title='bbox 858 4747 1244 4817; x_wconf 88' lang='lat' dir='ltr'>cognoscimus</span> <span class='ocrx_word' id='word_1_708' title='bbox 1282 4745 1416 4815; x_wconf 85' lang='lat' dir='ltr'>quia</span> <span class='ocrx_word' id='word_1_709' title='bbox 1464 4743 1535 4797; x_wconf 92' lang='lat' dir='ltr'>de</span> <span class='ocrx_word' id='word_1_710' title='bbox 1582 4740 1809 4795; x_wconf 88' lang='lat' dir='ltr'>occultis</span> 
     </span>
    </p>
   </div>
   <div class='ocr_carea' id='block_1_91' title="bbox 219 4828 1810 4899">
    <p class='ocr_par' dir='ltr' id='par_1_91' title="bbox 219 4828 1810 4899">
     <span class='ocr_line' id='line_1_91' title="bbox 219 4828 1810 4899; baseline -0.006 -7"><span class='ocrx_word' id='word_1_711' title='bbox 219 4841 361 4894; x_wconf 79' lang='lat' dir='ltr'>omni</span> <span class='ocrx_word' id='word_1_712' title='bbox 394 4839 768 4895; x_wconf 86' lang='lat' dir='ltr'>ecclesiastico</span> <span class='ocrx_word' id='word_1_713' title='bbox 797 4836 980 4891; x_wconf 89' lang='lat' dir='ltr'>ordini</span> <span class='ocrx_word' id='word_1_714' title='bbox 1017 4835 1273 4890; x_wconf 89' lang='lat' dir='ltr'>conﬁteri</span> <span class='ocrx_word' id='word_1_715' title='bbox 1303 4832 1571 4887; x_wconf 88' lang='lat' dir='ltr'>debemus</span> <span class='ocrx_word' id='word_1_716' title='bbox 1600 4831 1661 4899; x_wconf 71' lang='grc' dir='ltr'>ιθ)</span> <span class='ocrx_word' id='word_1_717' title='bbox 1686 4848 1700 4896; x_wconf 82' lang='grc'>;</span> <span class='ocrx_word' id='word_1_718' title='bbox 1740 4828 1810 4883; x_wconf 89' lang='lat' dir='ltr'>de</span> 
     </span>
    </p>
   </div>
   <div class='ocr_carea' id='block_1_92' title="bbox 218 4922 1811 4999">
    <p class='ocr_par' dir='ltr' id='par_1_92' title="bbox 218 4922 1811 4999">
     <span class='ocr_line' id='line_1_92' title="bbox 218 4922 1811 4999; baseline -0.006 -19"><span class='ocrx_word' id='word_1_719' title='bbox 218 4930 425 4999; x_wconf 86' lang='lat' dir='ltr'>apertis</span> <span class='ocrx_word' id='word_1_720' title='bbox 452 4946 582 4983; x_wconf 86' lang='lat' dir='ltr'>vero</span> <span class='ocrx_word' id='word_1_721' title='bbox 622 4928 756 4981; x_wconf 88' lang='lat' dir='ltr'>solis</span> <span class='ocrx_word' id='word_1_722' title='bbox 783 4925 1042 4981; x_wconf 89' lang='lat' dir='ltr'>convenit</span> <span class='ocrx_word' id='word_1_723' title='bbox 1091 4922 1497 4983; x_wconf 88' lang='lat' dir='ltr'>sacerdotibus,</span> <span class='ocrx_word' id='word_1_724' title='bbox 1524 4936 1624 4990; x_wconf 91' lang='lat' dir='ltr'>per</span> <span class='ocrx_word' id='word_1_725' title='bbox 1672 4934 1811 4988; x_wconf 90' lang='lat' dir='ltr'>quos</span> 
     </span>
    </p>
   </div>
   <div class='ocr_carea' id='block_1_93' title="bbox 219 5010 1630 5088">
    <p class='ocr_par' dir='ltr' id='par_1_93' title="bbox 219 5010 1630 5088">
     <span class='ocr_line' id='line_1_93' title="bbox 219 5010 1630 5088; baseline -0.008 -15"><span class='ocrx_word' id='word_1_726' title='bbox 219 5018 476 5083; x_wconf 86' lang='lat' dir='ltr'>Ecclesia,</span> <span class='ocrx_word' id='word_1_727' title='bbox 511 5034 634 5088; x_wconf 76' lang='lat' dir='ltr'>quae</span> <span class='ocrx_word' id='word_1_728' title='bbox 664 5016 880 5087; x_wconf 89' lang='lat' dir='ltr'>publice</span> <span class='ocrx_word' id='word_1_729' title='bbox 912 5015 1084 5077; x_wconf 90' lang='lat' dir='ltr'>novit,</span> <span class='ocrx_word' id='word_1_730' title='bbox 1118 5020 1174 5067; x_wconf 93' lang='lat' dir='ltr'>et</span> <span class='ocrx_word' id='word_1_731' title='bbox 1201 5012 1367 5067; x_wconf 88' lang='lat' dir='ltr'>solvit</span> <span class='ocrx_word' id='word_1_732' title='bbox 1395 5016 1452 5064; x_wconf 90' lang='lat' dir='ltr'>et</span> <span class='ocrx_word' id='word_1_733' title='bbox 1476 5010 1630 5079; x_wconf 87' lang='lat' dir='ltr'>ligat.</span> 
     </span>
    </p>
   </div>
   <div class='ocr_carea' id='block_1_94' title="bbox 285 5096 1812 5162">
    <p class='ocr_par' dir='ltr' id='par_1_94' title="bbox 285 5096 1812 5162">
     <span class='ocr_line' id='line_1_94' title="bbox 285 5096 1812 5162; baseline -0.009 0"><span class='ocrx_word' id='word_1_734' title='bbox 285 5107 385 5162; x_wconf 84' lang='lat' dir='ltr'>Sin</span> <span class='ocrx_word' id='word_1_735' title='bbox 416 5123 523 5161; x_wconf 86' lang='lat' dir='ltr'>nec</span> <span class='ocrx_word' id='word_1_736' title='bbox 550 5108 607 5160; x_wconf 91' lang='lat' dir='ltr'>in</span> <span class='ocrx_word' id='word_1_737' title='bbox 638 5105 926 5160; x_wconf 83' lang='lat' dir='ltr'>ordinibus</span> <span class='ocrx_word' id='word_1_738' title='bbox 956 5100 1346 5157; x_wconf 87' lang='lat' dir='ltr'>ecclesiasticis</span> <span class='ocrx_word' id='word_1_739' title='bbox 1374 5100 1464 5154; x_wconf 89' lang='lat' dir='ltr'>cui</span> <span class='ocrx_word' id='word_1_740' title='bbox 1494 5096 1812 5152; x_wconf 82' lang='lat' dir='ltr'>conﬁtearis</span> 
     </span>
    </p>
   </div>
   <div class='ocr_carea' id='block_1_95' title="bbox 218 5186 1815 5262">
    <p class='ocr_par' dir='ltr' id='par_1_95' title="bbox 218 5186 1815 5262">
     <span class='ocr_line' id='line_1_95' title="bbox 218 5186 1815 5262; baseline -0.006 -14"><span class='ocrx_word' id='word_1_741' title='bbox 218 5197 453 5259; x_wconf 84' lang='lat' dir='ltr'>invenis,</span> <span class='ocrx_word' id='word_1_742' title='bbox 470 5197 555 5250; x_wconf 85' lang='lat' dir='ltr'>vir</span> <span class='ocrx_word' id='word_1_743' title='bbox 580 5195 823 5249; x_wconf 90' lang='lat' dir='ltr'>mundus</span> <span class='ocrx_word' id='word_1_744' title='bbox 844 5194 1164 5262; x_wconf 89' lang='lat' dir='ltr'>ubicunque</span> <span class='ocrx_word' id='word_1_745' title='bbox 1184 5191 1279 5256; x_wconf 87' lang='lat' dir='ltr'>sit,</span> <span class='ocrx_word' id='word_1_746' title='bbox 1301 5188 1643 5258; x_wconf 84' lang='lat' dir='ltr'>requiratur,</span> <span class='ocrx_word' id='word_1_747' title='bbox 1668 5186 1815 5240; x_wconf 88' lang='lat' dir='ltr'>sicut</span> 
     </span>
    </p>
   </div>
   <div class='ocr_carea' id='block_1_96' title="bbox 1894 4402 3224 4480">
    <p class='ocr_par' dir='ltr' id='par_1_96' title="bbox 1894 4402 3224 4480">
     <span class='ocr_line' id='line_1_96' title="bbox 1894 4402 3224 4480; baseline -0.013 -9"><span class='ocrx_word' id='word_1_748' title='bbox 1894 4424 1951 4471; x_wconf 90' lang='lat' dir='ltr'>et</span> <span class='ocrx_word' id='word_1_749' title='bbox 1970 4415 2205 4470; x_wconf 90' lang='lat' dir='ltr'>indulsit</span> <span class='ocrx_word' id='word_1_750' title='bbox 2231 4414 2283 4467; x_wconf 90' lang='lat' dir='ltr'>ei</span> <span class='ocrx_word' id='word_1_751' title='bbox 2311 4413 2473 4466; x_wconf 68' lang='lat' dir='ltr'>trinae</span> <span class='ocrx_word' id='word_1_752' title='bbox 2495 4405 2811 4480; x_wconf 89' lang='lat' dir='ltr'>negationis</span> <span class='ocrx_word' id='word_1_753' title='bbox 2840 4402 3165 4459; x_wconf 89' lang='lat' dir='ltr'>admissum.</span> <span class='ocrx_word' id='word_1_754' title='bbox 3196 4419 3224 4455; x_wconf 70' lang='grc' dir='ltr'>ιο</span> 
     </span>
    </p>
   </div>
   <div class='ocr_carea' id='block_1_97' title="bbox 1952 4556 3493 4631">
    <p class='ocr_par' dir='ltr' id='par_1_97' title="bbox 1952 4556 3493 4631">
     <span class='ocr_line' id='line_1_97' title="bbox 1952 4556 3493 4631; baseline -0.012 -2"><span class='ocrx_word' id='word_1_755' title='bbox 1952 4574 2251 4629; x_wconf 88' lang='lat' dir='ltr'>Sciendum</span> <span class='ocrx_word' id='word_1_756' title='bbox 2271 4584 2401 4623; x_wconf 84' lang='lat' dir='ltr'>vero</span> <span class='ocrx_word' id='word_1_757' title='bbox 2421 4564 2733 4622; x_wconf 88' lang='lat' dir='ltr'>minoribus</span> <span class='ocrx_word' id='word_1_758' title='bbox 2757 4575 3114 4631; x_wconf 78' lang='lat' dir='ltr'>summopere</span> <span class='ocrx_word' id='word_1_759' title='bbox 3133 4562 3220 4613; x_wconf 83' lang='lat' dir='ltr'>est</span> <span class='ocrx_word' id='word_1_760' title='bbox 3237 4556 3493 4613; x_wconf 82' lang='lat' dir='ltr'>sacerdo-</span> 
     </span>
    </p>
   </div>
   <div class='ocr_carea' id='block_1_98' title="bbox 1892 4646 3494 4727">
    <p class='ocr_par' dir='ltr' id='par_1_98' title="bbox 1892 4646 3494 4727">
     <span class='ocr_line' id='line_1_98' title="bbox 1892 4646 3494 4727; baseline -0.011 -8"><span class='ocrx_word' id='word_1_761' title='bbox 1892 4664 2065 4727; x_wconf 81' lang='lat' dir='ltr'>tibus,</span> <span class='ocrx_word' id='word_1_762' title='bbox 2095 4667 2151 4716; x_wconf 89' lang='lat' dir='ltr'>et</span> <span class='ocrx_word' id='word_1_763' title='bbox 2195 4659 2438 4714; x_wconf 79' lang='lat' dir='ltr'>maxime</span> <span class='ocrx_word' id='word_1_764' title='bbox 2482 4654 2749 4727; x_wconf 72' lang='lat' dir='ltr'>pmlatis.</span> <span class='ocrx_word' id='word_1_765' title='bbox 2790 4668 2864 4707; x_wconf 88' lang='lat' dir='ltr'>ne</span> <span class='ocrx_word' id='word_1_766' title='bbox 2909 4651 3133 4722; x_wconf 88' lang='lat' dir='ltr'>culpam</span> <span class='ocrx_word' id='word_1_767' title='bbox 3173 4647 3383 4704; x_wconf 83' lang='lat' dir='ltr'>dictam</span> <span class='ocrx_word' id='word_1_768' title='bbox 3431 4646 3494 4702; x_wconf 86' lang='lat' dir='ltr'>in</span> 
     </span>
    </p>
   </div>
   <div class='ocr_carea' id='block_1_99' title="bbox 1891 4735 3492 4811">
    <p class='ocr_par' dir='ltr' id='par_1_99' title="bbox 1891 4735 3492 4811">
     <span class='ocr_line' id='line_1_99' title="bbox 1891 4735 3492 4811; baseline -0.012 -3"><span class='ocrx_word' id='word_1_769' title='bbox 1891 4753 2107 4807; x_wconf 89' lang='lat' dir='ltr'>occulto</span> <span class='ocrx_word' id='word_1_770' title='bbox 2144 4750 2248 4805; x_wconf 86' lang='lat' dir='ltr'>sub</span> <span class='ocrx_word' id='word_1_771' title='bbox 2272 4746 2499 4802; x_wconf 89' lang='lat' dir='ltr'>nomine</span> <span class='ocrx_word' id='word_1_772' title='bbox 2526 4743 2761 4799; x_wconf 88' lang='lat' dir='ltr'>alterius</span> <span class='ocrx_word' id='word_1_773' title='bbox 2787 4741 2964 4811; x_wconf 80' lang='lat' dir='ltr'>cupo</span> <span class='ocrx_word' id='word_1_774' title='bbox 2992 4737 3273 4793; x_wconf 84' lang='lat' dir='ltr'>vindicent</span> <span class='ocrx_word' id='word_1_775' title='bbox 3299 4735 3361 4790; x_wconf 89' lang='lat' dir='ltr'>in</span> <span class='ocrx_word' id='word_1_776' title='bbox 3391 4750 3492 4807; x_wconf 88' lang='lat' dir='ltr'>pu-</span> 
     </span>
    </p>
   </div>
   <div class='ocr_carea' id='block_1_100' title="bbox 1894 4827 3493 4899">
    <p class='ocr_par' dir='ltr' id='par_1_100' title="bbox 1894 4827 3493 4899">
     <span class='ocr_line' id='line_1_100' title="bbox 1894 4827 3493 4899; baseline -0.01 -3"><span class='ocrx_word' id='word_1_777' title='bbox 1894 4842 2054 4896; x_wconf 88' lang='lat' dir='ltr'>blico.</span> <span class='ocrx_word' id='word_1_778' title='bbox 2077 4839 2239 4894; x_wconf 90' lang='lat' dir='ltr'>Unde</span> <span class='ocrx_word' id='word_1_779' title='bbox 2270 4839 2328 4891; x_wconf 91' lang='lat' dir='ltr'>in</span> <span class='ocrx_word' id='word_1_780' title='bbox 2349 4837 2497 4889; x_wconf 90' lang='lat' dir='ltr'>linea</span> <span class='ocrx_word' id='word_1_781' title='bbox 2526 4831 2797 4896; x_wconf 86' lang='lat' dir='ltr'>veritatis,</span> <span class='ocrx_word' id='word_1_782' title='bbox 2824 4829 3010 4899; x_wconf 87' lang='lat' dir='ltr'>sigillo</span> <span class='ocrx_word' id='word_1_783' title='bbox 3036 4827 3294 4881; x_wconf 84' lang='lat' dir='ltr'>videlicet</span> <span class='ocrx_word' id='word_1_784' title='bbox 3321 4840 3493 4881; x_wconf 79' lang='lat' dir='ltr'>evan-</span> 
     </span>
    </p>
   </div>
   <div class='ocr_carea' id='block_1_101' title="bbox 1891 4917 3494 5003">
    <p class='ocr_par' dir='ltr' id='par_1_101' title="bbox 1891 4917 3494 5003">
     <span class='ocr_line' id='line_1_101' title="bbox 1891 4917 3494 5003; baseline -0.012 -17"><span class='ocrx_word' id='word_1_785' title='bbox 1891 4931 2087 5003; x_wconf 85' lang='lat' dir='ltr'>gelico,</span> <span class='ocrx_word' id='word_1_786' title='bbox 2111 4945 2238 4983; x_wconf 89' lang='lat' dir='ltr'>cum</span> <span class='ocrx_word' id='word_1_787' title='bbox 2257 4926 2431 4981; x_wconf 87' lang='lat' dir='ltr'>Filius</span> <span class='ocrx_word' id='word_1_788' title='bbox 2446 4924 2548 4978; x_wconf 86' lang='lat' dir='ltr'>Dei</span> <span class='ocrx_word' id='word_1_789' title='bbox 2562 4922 2818 4977; x_wconf 83' lang='lat' dir='ltr'>dixisset:</span> <span class='ocrx_word' id='word_1_790' title='bbox 2843 4920 2908 4973; x_wconf 87' lang='lat' dir='ltr'>Ut</span> <span class='ocrx_word' id='word_1_791' title='bbox 2925 4920 3035 4987; x_wconf 80' lang='lat' dir='ltr'>ipsi</span> <span class='ocrx_word' id='word_1_792' title='bbox 3049 4919 3117 4971; x_wconf 82' lang='lat' dir='ltr'>in</span> <span class='ocrx_word' id='word_1_793' title='bbox 3137 4917 3291 4970; x_wconf 82' lang='lat' dir='ltr'>nobis</span> <span class='ocrx_word' id='word_1_794' title='bbox 3311 4928 3494 4968; x_wconf 84' lang='lat' dir='ltr'>unum</span> 
     </span>
    </p>
   </div>
   <div class='ocr_carea' id='block_1_102' title="bbox 1893 4999 3491 5083">
    <p class='ocr_par' dir='ltr' id='par_1_102' title="bbox 1893 4999 3491 5083">
     <span class='ocr_line' id='line_1_102' title="bbox 1893 4999 3491 5083; baseline -0.013 -8"><span class='ocrx_word' id='word_1_795' title='bbox 1893 4999 2026 5083; x_wconf 67' lang='lat' dir='ltr'>sint,</span> <span class='ocrx_word' id='word_1_796' title='bbox 2057 5022 2199 5072; x_wconf 85' lang='lat' dir='ltr'>sicut</span> <span class='ocrx_word' id='word_1_797' title='bbox 2229 5022 2290 5069; x_wconf 89' lang='lat' dir='ltr'>tu</span> <span class='ocrx_word' id='word_1_798' title='bbox 2320 5018 2480 5070; x_wconf 88' lang='lat' dir='ltr'>Pater</span> <span class='ocrx_word' id='word_1_799' title='bbox 2500 5016 2676 5075; x_wconf 84' lang='lat' dir='ltr'>inme,</span> <span class='ocrx_word' id='word_1_800' title='bbox 2702 5014 2752 5063; x_wconf 83' lang='lat' dir='ltr'>et</span> <span class='ocrx_word' id='word_1_801' title='bbox 2775 5024 2868 5076; x_wconf 85' lang='lat' dir='ltr'>ego</span> <span class='ocrx_word' id='word_1_802' title='bbox 2889 5008 2953 5061; x_wconf 85' lang='lat' dir='ltr'>in</span> <span class='ocrx_word' id='word_1_803' title='bbox 2977 5012 3026 5060; x_wconf 84' lang='lat' dir='ltr'>te</span> <span class='ocrx_word' id='word_1_804' title='bbox 3042 5007 3225 5073; x_wconf 87' lang='lat' dir='ltr'>(Joan.</span> <span class='ocrx_word' id='word_1_805' title='bbox 3249 4999 3491 5069; x_wconf 60' lang='lat'>“11.21)</span> 
     </span>
    </p>
   </div>
   <div class='ocr_carea' id='block_1_103' title="bbox 1893 5083 3494 5176">
    <p class='ocr_par' dir='ltr' id='par_1_103' title="bbox 1893 5083 3494 5176">
     <span class='ocr_line' id='line_1_103' title="bbox 1893 5083 3494 5176; baseline -0.014 -11"><span class='ocrx_word' id='word_1_806' title='bbox 1893 5126 2008 5165; x_wconf 90' lang='lat' dir='ltr'>non</span> <span class='ocrx_word' id='word_1_807' title='bbox 2033 5109 2156 5163; x_wconf 86' lang='lat' dir='ltr'>sine</span> <span class='ocrx_word' id='word_1_808' title='bbox 2185 5121 2391 5176; x_wconf 88' lang='lat' dir='ltr'>magno</span> <span class='ocrx_word' id='word_1_809' title='bbox 2422 5102 2779 5158; x_wconf 85' lang='lat' dir='ltr'>sacramento</span> <span class='ocrx_word' id='word_1_810' title='bbox 2807 5097 2986 5151; x_wconf 88' lang='lat' dir='ltr'>tacuit</span> <span class='ocrx_word' id='word_1_811' title='bbox 3010 5110 3219 5150; x_wconf 83' lang='lat' dir='ltr'>nomen</span> <span class='ocrx_word' id='word_1_812' title='bbox 3249 5083 3494 5162; x_wconf 83' lang='lat' dir='ltr'>Spiritus</span> 
     </span>
    </p>
   </div>
   <div class='ocr_carea' id='block_1_104' title="bbox 1894 5181 3494 5263">
    <p class='ocr_par' dir='ltr' id='par_1_104' title="bbox 1894 5181 3494 5263">
     <span class='ocr_line' id='line_1_104' title="bbox 1894 5181 3494 5263; baseline -0.014 -10"><span class='ocrx_word' id='word_1_813' title='bbox 1894 5198 2094 5263; x_wconf 82' lang='lat' dir='ltr'>sancti,</span> <span class='ocrx_word' id='word_1_814' title='bbox 2126 5212 2253 5250; x_wconf 90' lang='lat' dir='ltr'>cum</span> <span class='ocrx_word' id='word_1_815' title='bbox 2306 5195 2491 5259; x_wconf 84' lang='lat' dir='ltr'>Pater,</span> <span class='ocrx_word' id='word_1_816' title='bbox 2542 5194 2600 5245; x_wconf 90' lang='lat' dir='ltr'>et</span> <span class='ocrx_word' id='word_1_817' title='bbox 2640 5189 2834 5253; x_wconf 84' lang='lat' dir='ltr'>Filius,</span> <span class='ocrx_word' id='word_1_818' title='bbox 2869 5192 2928 5240; x_wconf 85' lang='lat' dir='ltr'>et</span> <span class='ocrx_word' id='word_1_819' title='bbox 2973 5183 3216 5255; x_wconf 84' lang='lat' dir='ltr'>Spiritus</span> <span class='ocrx_word' id='word_1_820' title='bbox 3268 5181 3494 5233; x_wconf 81' lang='lat' dir='ltr'>sanctus</span> 
     </span>
    </p>
   </div>
   <div class='ocr_carea' id='block_1_105' title="bbox 218 5264 1803 5352">
    <p class='ocr_par' dir='ltr' id='par_1_105' title="bbox 218 5277 1803 5352">
     <span class='ocr_line' id='line_1_105' title="bbox 218 5277 1803 5352; baseline -0.004 -14"><span class='ocrx_word' id='word_1_821' title='bbox 218 5286 272 5339; x_wconf 91' lang='lat' dir='ltr'>in</span> <span class='ocrx_word' id='word_1_822' title='bbox 294 5285 490 5340; x_wconf 76' lang='lat' dir='ltr'>Veteri</span> <span class='ocrx_word' id='word_1_823' title='bbox 513 5286 871 5339; x_wconf 89' lang='lat' dir='ltr'>Testamento</span> <span class='ocrx_word' id='word_1_824' title='bbox 901 5280 1221 5352; x_wconf 76' lang='lat' dir='ltr'>praecipitur</span> <span class='ocrx_word' id='word_1_825' title='bbox 1256 5297 1266 5332; x_wconf 92' lang='lat'>:</span> <span class='ocrx_word' id='word_1_826' title='bbox 1299 5282 1409 5333; x_wconf 87' lang='lat' dir='ltr'>Ista</span> <span class='ocrx_word' id='word_1_827' title='bbox 1436 5279 1521 5331; x_wconf 76' lang='lat' dir='ltr'>lea:</span> <span class='ocrx_word' id='word_1_828' title='bbox 1547 5281 1620 5329; x_wconf 83' lang='lat' dir='ltr'>est</span> <span class='ocrx_word' id='word_1_829' title='bbox 1654 5277 1803 5331; x_wconf 72' lang='lat' dir='ltr'>hami</span> 
     </span>
    </p>
   </div>
   <div class='ocr_carea' id='block_1_106' title="bbox 1889 5264 3496 5352">
    <p class='ocr_par' dir='ltr' id='par_1_106' title="bbox 1905 5264 3496 5341">
     <span class='ocr_line' id='line_1_106' title="bbox 1905 5264 3496 5341; baseline -0.016 1"><span class='ocrx_word' id='word_1_830' title='bbox 1905 5303 2079 5341; x_wconf 90' lang='lat' dir='ltr'>unum</span> <span class='ocrx_word' id='word_1_831' title='bbox 2098 5285 2227 5339; x_wconf 89' lang='lat' dir='ltr'>sint.</span> <span class='ocrx_word' id='word_1_832' title='bbox 2242 5282 2447 5338; x_wconf 85' lang='lat' dir='ltr'>Unitas</span> <span class='ocrx_word' id='word_1_833' title='bbox 2459 5280 2609 5334; x_wconf 91' lang='lat' dir='ltr'>enim</span> <span class='ocrx_word' id='word_1_834' title='bbox 2630 5275 2948 5332; x_wconf 90' lang='lat' dir='ltr'>conﬁtentis</span> <span class='ocrx_word' id='word_1_835' title='bbox 2966 5272 3025 5325; x_wconf 91' lang='lat' dir='ltr'>in</span> <span class='ocrx_word' id='word_1_836' title='bbox 3044 5269 3269 5325; x_wconf 90' lang='lat' dir='ltr'>tertiam</span> <span class='ocrx_word' id='word_1_837' title='bbox 3294 5264 3496 5320; x_wconf 81' lang='lat' dir='ltr'>adduci</span> 
     </span>
    </p>
   </div>
   <div class='ocr_carea' id='block_1_107' title="bbox 218 5353 1803 5447">
    <p class='ocr_par' dir='ltr' id='par_1_107' title="bbox 218 5368 1803 5444">
     <span class='ocr_line' id='line_1_107' title="bbox 218 5368 1803 5444; baseline -0.007 -15"><span class='ocrx_word' id='word_1_838' title='bbox 218 5378 303 5429; x_wconf 82' lang='lat' dir='ltr'>nis</span> <span class='ocrx_word' id='word_1_839' title='bbox 338 5378 446 5444; x_wconf 80' lang='lat' dir='ltr'>qui</span> <span class='ocrx_word' id='word_1_840' title='bbox 480 5378 726 5428; x_wconf 79' lang='lat' dir='ltr'>moritur</span> <span class='ocrx_word' id='word_1_841' title='bbox 762 5376 825 5426; x_wconf 85' lang='lat' dir='ltr'>in</span> <span class='ocrx_word' id='word_1_842' title='bbox 865 5373 1238 5425; x_wconf 85' lang='lat' dir='ltr'>tabernaculo.</span> <span class='ocrx_word' id='word_1_843' title='bbox 1276 5370 1471 5424; x_wconf 88' lang='lat' dir='ltr'>Omnes</span> <span class='ocrx_word' id='word_1_844' title='bbox 1501 5368 1600 5435; x_wconf 83' lang='lat' dir='ltr'>qui</span> <span class='ocrx_word' id='word_1_845' title='bbox 1630 5368 1803 5431; x_wconf 80' lang='lat' dir='ltr'>ingre-</span> 
     </span>
    </p>
   </div>
   <div class='ocr_carea' id='block_1_108' title="bbox 1889 5353 3494 5447">
    <p class='ocr_par' dir='ltr' id='par_1_108' title="bbox 1902 5353 3494 5447">
     <span class='ocr_line' id='line_1_108' title="bbox 1902 5353 3494 5447; baseline -0.015 -16"><span class='ocrx_word' id='word_1_846' title='bbox 1902 5388 2201 5447; x_wconf 86' lang='lat' dir='ltr'>persouam</span> <span class='ocrx_word' id='word_1_847' title='bbox 2225 5387 2337 5426; x_wconf 91' lang='lat' dir='ltr'>non</span> <span class='ocrx_word' id='word_1_848' title='bbox 2365 5369 2548 5434; x_wconf 85' lang='lat' dir='ltr'>debet,</span> <span class='ocrx_word' id='word_1_849' title='bbox 2567 5382 2670 5421; x_wconf 89' lang='lat' dir='ltr'>nec</span> <span class='ocrx_word' id='word_1_850' title='bbox 2688 5364 2793 5419; x_wconf 92' lang='lat' dir='ltr'>sub</span> <span class='ocrx_word' id='word_1_851' title='bbox 2817 5361 3047 5417; x_wconf 88' lang='lat' dir='ltr'>nomine</span> <span class='ocrx_word' id='word_1_852' title='bbox 3061 5355 3292 5412; x_wconf 84' lang='lat' dir='ltr'>alterius</span> <span class='ocrx_word' id='word_1_853' title='bbox 3319 5353 3494 5424; x_wconf 59' lang='lat' dir='ltr'>culpa</span> 
     </span>
    </p>
   </div>
   <div class='ocr_carea' id='block_1_109' title="bbox 292 5468 3507 5632">
    <p class='ocr_par' dir='ltr' id='par_1_109' title="bbox 292 5468 3507 5632">
     <span class='ocr_line' id='line_1_109' title="bbox 292 5468 3507 5632; baseline -0.011 -87"><span class='ocrx_word' id='word_1_854' title='bbox 292 5488 552 5632; x_wconf 74' lang='lat' dir='ltr'>(68)PHoc</span> <span class='ocrx_word' id='word_1_855' title='bbox 583 5489 736 5542; x_wconf 89' lang='lat' dir='ltr'>idem</span> <span class='ocrx_word' id='word_1_856' title='bbox 763 5487 933 5541; x_wconf 88' lang='lat' dir='ltr'>etiam</span> <span class='ocrx_word' id='word_1_857' title='bbox 960 5485 1015 5542; x_wconf 93' lang='lat' dir='ltr'>S.</span> <span class='ocrx_word' id='word_1_858' title='bbox 1047 5484 1242 5541; x_wconf 82' lang='lat' dir='ltr'>Ambr.</span> <span class='ocrx_word' id='word_1_859' title='bbox 1280 5482 1414 5538; x_wconf 88' lang='lat' dir='ltr'>dicit</span> <span class='ocrx_word' id='word_1_860' title='bbox 1459 5478 1869 5553; x_wconf 86' lang='lat' dir='ltr'>superLucam,</span> <span class='ocrx_word' id='word_1_861' title='bbox 1922 5491 2024 5546; x_wconf 66' lang='grc' dir='ltr'>ιη),</span> <span class='ocrx_word' id='word_1_862' title='bbox 2084 5507 2118 5543; x_wconf 70' lang='grc' dir='ltr'><strong>χ</strong></span> <span class='ocrx_word' id='word_1_863' title='bbox 2171 5489 2231 5543; x_wconf 73' lang='lat' dir='ltr'>in</span> <span class='ocrx_word' id='word_1_864' title='bbox 2278 5485 2390 5541; x_wconf 66' lang='lat' dir='ltr'>nne</span> <span class='ocrx_word' id='word_1_865' title='bbox 2438 5478 2827 5539; x_wconf 64' lang='lat' dir='ltr'>commentarii</span> <span class='ocrx_word' id='word_1_866' title='bbox 2869 5475 2940 5530; x_wconf 72' lang='lat' dir='ltr'>ad</span> <span class='ocrx_word' id='word_1_867' title='bbox 2987 5489 3035 5531; x_wconf 67' lang='grc' dir='ltr'>ο,</span> <span class='ocrx_word' id='word_1_868' title='bbox 3084 5468 3156 5529; x_wconf 69' lang='lat'>22</span> <span class='ocrx_word' id='word_1_869' title='bbox 3210 5470 3281 5525; x_wconf 72' lang='lat' dir='ltr'>de</span> <span class='ocrx_word' id='word_1_870' title='bbox 3339 5482 3507 5540; x_wconf 65' lang='lat' dir='ltr'>nega.</span> 
     </span>
     <span class='ocr_line' id='line_1_110' title="bbox 292 5577 3405 5632; baseline -0.012 1"><span class='ocrx_word' id='word_1_871' title='bbox 292 5595 370 5632; x_wconf 78' lang='lat' dir='ltr'>ne</span> <span class='ocrx_word' id='word_1_872' title='bbox 451 5577 573 5632; x_wconf 88' lang='lat' dir='ltr'>etri.</span> <span class='ocrx_word' id='word_1_873' title='bbox 2096 5600 2107 5609; x_wconf 93' lang='lat'>.</span> <span class='ocrx_word' id='word_1_874' title='bbox 3400 5595 3405 5598; x_wconf 75' lang='lat'>.</span> 
     </span>
    </p>
   </div>
   <div class='ocr_carea' id='block_1_110' title="bbox 218 5577 3405 5637">
    <p class='ocr_par' dir='ltr' id='par_1_110' title="bbox 218 5577 3405 5637">
     <span class='ocr_line' id='line_1_111' title="bbox 218 5577 3405 5637; baseline -0.012 -2"><span class='ocrx_word' id='word_1_875' title='bbox 218 5578 370 5637; x_wconf 85' lang='lat' dir='ltr'>tione</span> <span class='ocrx_word' id='word_1_876' title='bbox 400 5577 573 5632; x_wconf 87' lang='lat' dir='ltr'>Petri.</span> <span class='ocrx_word' id='word_1_877' title='bbox 2096 5600 2107 5609; x_wconf 93' lang='lat'>.</span> <span class='ocrx_word' id='word_1_878' title='bbox 3400 5595 3405 5598; x_wconf 75' lang='lat'>.</span> 
     </span>
    </p>
   </div>
  </div>
