3864 6176
473 238 582 300 631

1459 241 1523 299 B.
1564 241 1978 297 LANFRANCI
2017 239 2378 296 CANTUAR.
2419 240 2756 297 ARCHIEP.

3587 249 3677 311 632

466 370 583 428 ista
622 369 843 444 puritas
889 368 1170 436 infamari,
1210 369 1303 424 sed
1347 373 1560 424 secrete
1604 369 1817 442 Spiritu
1870 372 2267 430 sanctoAtate
2312 368 2528 439 przediti
2565 386 2687 423 esse
2732 367 3022 423 debemus.
3055 366 3212 422 Unde
3237 368 3508 439 aliquando
3525 372 3677 430 homi-

469 459 768 518 committi.

541 547 755 604 Omitto
784 547 854 602 de
890 546 980 601 his
1008 564 1132 617 quae
1162 547 1416 601 confessa
1444 551 1597 612 sunt,
1631 550 1854 601 tantum
1892 546 2064 617 loqui,

471 654 600 696 cum
631 636 996 707 Evangelium
1023 636 1092 690 de
1131 636 1217 690 his
1265 653 1388 707 quae
1432 636 1684 690 videmus
1715 641 1773 690 et
1818 635 2070 706 patimur

468 726 657 803 dicat:
699 725 763 781 Si
786 728 1085 794 peccaverit
1113 728 1177 779 in
1207 730 1254 779 te
1296 727 1475 792 frater
1511 730 1656 789 tuus,
1692 727 1905 793 corripe
1940 740 2068 778 eum

466 816 622 869 inter
652 820 698 868 te
731 820 778 868 ct
810 817 993 882 ipsum
1018 816 1199 867 solum
1246 813 1461 878 (Matth.
1511 826 1665 879 xvm,
1696 812 1807 881 15).
1841 812 1921 866 De
1960 827 2071 882 qua

469 903 753 959 sententia
780 903 842 957 B.
870 901 1219 972 Augustinus
1246 901 1326 955 sic
1342 901 1402 955 in
1431 900 1613 955 verbis
1634 900 1905 970 evangelii
1932 900 2070 954 dicit

472 992 677 1061 (Serm.
709 991 777 1045 16
798 992 861 1045 dc
888 992 1293 1051 verb.1)omini.
1317 1007 1366 1045 c.
1394 991 1445 1055 ἆ,
1478 995 1617 1044 tom.
1650 992 1702 1058 ι)
1730 1007 1742 1041 :
1779 1008 1802 1039 ι
1840 989 2071 1060 Corripe

466 1080 703 1135 fratrem
717 1085 879 1134 tuum
910 1079 1059 1133 inter
1074 1084 1132 1133 te
1162 1083 1219 1132 et
1243 1078 1428 1149 ipsum
1456 1078 1658 1141 solum,
1691 1078 1916 1131 intuens
1942 1078 2066 1147 [al.,

466 1166 796 1240 intendens]
825 1167 1176 1232 correctioni,
1207 1183 1439 1238 parcens
1474 1166 1704 1237 pudori;
1749 1167 1892 1220 forte
1918 1166 2067 1220 enim

465 1274 585 1332 prae
603 1256 939 1312 verecundia
963 1256 1193 1328 incipiet
1218 1256 1515 1311 defendere
1536 1255 1757 1327 culpam
1780 1271 1961 1316 suam,
1982 1257 2070 1309 vel

467 1350 762 1423 peccatum
797 1361 1003 1412 suum;
1046 1350 1105 1398 et
1156 1344 1252 1415 qui
1292 1344 1381 1421 vis.
1434 1344 1617 1399 facere
1665 1343 2069 1399 correctionem

468 1434 599 1508 [al.,
634 1451 801 1506 quem
830 1434 913 1489 vis
951 1433 1133 1488 facere
1161 1432 1597 1502 correctiorem].
1626 1432 1763 1487 facis
1791 1434 2061 1503 pejorem.

2149 473 2250 511 nes
2273 458 2692 528 reprehendunt
2706 475 2827 523 nos,
2856 456 3006 528 quia,
3038 457 3199 527 quasi
3221 474 3327 512 non
3347 461 3680 532 corripiamus,

2150 552 2249 601 aut
2299 551 2501 617 putant
2536 562 2639 600 nos
2688 547 2831 601 scire
2878 545 3028 617 quod
3067 546 3356 614 nescimus,
3391 554 3481 603 aut
3516 558 3683 621 putant

2150 652 2252 689 nos
2278 641 2465 689 tacere
2510 635 2659 706 quod
2695 635 2923 689 scimus.
2959 634 3069 689 Sed
3097 634 3240 689 forte
3269 637 3405 706 quod
3430 637 3550 693 dicis
3575 639 3681 712 [at.,

2150 724 2280 794 scis]
2312 730 2371 778 et
2397 740 2500 794 ego
2528 724 2670 790 scio;
2717 724 2816 777 sed
2856 739 2970 777 non
3011 738 3200 777 coram
3226 729 3282 778 te
3305 726 3539 796 corripio,
3578 729 3685 798 quia

2151 829 2350 867 curare
2379 813 2523 879 volo,
2571 828 2684 866 non
2728 828 3011 866 accusare.
3047 810 3192 866 Sunt
3222 812 3459 868 homines
3485 816 3686 873 adulteri

2148 902 2207 956 in
2228 901 2486 956 domibus
2504 901 2640 967 suis,
2663 902 2722 955 in
2744 906 2961 956 secreto
2980 905 3241 973 peccant;
3265 902 3539 974 aliquando
3557 904 3687 960 nobis

2151 991 2469 1062 produntur
2496 989 2566 1043 ab
2595 990 2861 1043 uxoribus
2886 989 3022 1054 suis,
3056 989 3380 1062 plerumque
3405 992 3689 1063 zelantibus,

2152 1079 2454 1150 aliquando
2472 1078 2803 1133 maritorum
2821 1078 3061 1132 salutem
3081 1079 3464 1149 quaerentibus.
3483 1082 3583 1136 Nos
3599 1098 3689 1136 non

2150 1169 2441 1239 prodimus
2467 1168 2675 1238 palam,
2703 1167 2802 1220 sed
2826 1167 2884 1220 in
2913 1172 3127 1221 secreto
3155 1169 3458 1238 arguimus;
3480 1168 3563 1223 ubi
3588 1187 3690 1224 con-

2149 1256 2317 1326 tingit
2337 1257 2568 1321 malum,
2593 1256 2671 1310 ibi
2701 1256 2912 1310 malum
2942 1256 3233 1310 moriatur.
3267 1259 3384 1311 Non
3408 1262 3577 1311 tamen
3603 1260 3692 1312 vul-

2151 1362 2257 1399 nus
2297 1345 2433 1399 illud
2462 1345 2819 1415 negligimus,
2851 1351 2984 1398 ante
3031 1345 3223 1399 omnia
3251 1345 3579 1399 ostendentes
3615 1347 3691 1401 ho.

2152 1434 2289 1488 mini
2319 1434 2375 1487 in
2401 1434 2501 1488 tali
2526 1439 2749 1505 peccato
2778 1434 3106 1499 constituto,
3139 1434 3486 1505 sauciumque
3511 1436 3691 1505 gerenti

467 1523 702 1594 Corripe
730 1539 864 1595 ergo
889 1522 1040 1577 inter
1069 1527 1127 1576 te
1155 1527 1214 1576 et
1239 1521 1423 1593 ipsum
1449 1522 1652 1580 solum.
1679 1542 1702 1567 ι
1740 1520 1886 1575 Item
1914 1522 2064 1576 idem
2145 1522 2715 1589 conscientiam,illud
2735 1523 2935 1577 vulnus
2956 1539 3078 1577 esse
3099 1524 3461 1578 montiferum.
3479 1544 3499 1573 ι
3516 1525 3572 1577 Β.
3592 1524 3693 1578 Hie-

463 1611 676 1681 (ibid.):
709 1630 733 1662 ‹
756 1611 841 1666 Tu
869 1611 977 1665 scis
998 1610 1131 1681 quia
1157 1611 1421 1681 peccavit,
1446 1611 1580 1681 quia
1606 1610 1759 1664 enim
1786 1616 2064 1666 secretum

2147 1628 2417 1683 ronymus
2440 1612 2519 1665 sic
2546 1627 2717 1682 super
2745 1611 3071 1665 Mattbaeum
3116 1611 3252 1665 dicit
3274 1611 3357 1682 (in
3381 1628 3495 1683 cap.
3540 1610 3610 1676 18,
3646 1613 3692 1665 in

464 1699 576 1775 fuit
603 1699 825 1770 quando
865 1700 923 1754 in
953 1704 1010 1753 te
1054 1699 1329 1771 peccavit;
1362 1704 1640 1753 secretum
1679 1715 1885 1770 quaere,
1936 1690 2128 1754 cumB
2151 1700 2354 1765 medio,
2387 1700 2458 1753 ad
2488 1700 2584 1753 illa
2632 1699 2799 1754 verba
2831 1719 2842 1753 :
2901 1700 2964 1755 Si
2996 1703 3297 1769 peccaverit
3328 1704 3388 1754 in
3432 1705 3493 1765 te,
3529 1705 3639 1768 etc.)
3680 1718 3689 1752 :

464 1787 698 1859 corrigis
722 1788 871 1860 quod
891 1788 1169 1860 peccavit:
1192 1804 1324 1842 nam
1356 1788 1404 1841 si
1420 1788 1573 1841 solus
1593 1787 1739 1842 nosti
1765 1789 1914 1858 quod
1941 1804 2068 1859 pec-

465 1876 614 1932 cavit
630 1876 782 1943 in'te,
806 1883 863 1931 et
886 1893 1016 1932 eum
1037 1876 1119 1930 vis
1138 1892 1325 1931 coram
1348 1876 1610 1931 omnibus
1625 1876 1928 1947 corrigere,
1954 1894 2068 1931 non

464 1981 527 2033 es
581 1971 882 2031 corrector,
913 1964 1013 2019 sed
1060 1965 1333 2036 proditor.
1381 1982 1409 2017 α
1459 1966 1599 2018 Item
1658 1964 1807 2019 idem
1861 1964 2061 2035 (bid.):

470 2073 498 2122 ς
523 2054 655 2124 Ipsa
679 2053 1033 2124 corripienda
1058 2059 1193 2107 sunt
1210 2070 1399 2107 coram
1426 2052 1769 2119 hominibus,
1804 2070 1927 2124 quae
1946 2070 2070 2124 pec-

465 2147 670 2197 cantur
715 2157 905 2195 coram
958 2140 1319 2207 hominibus;
1378 2141 1503 2212 ipsa
1545 2142 1900 2212 corripienda
1937 2147 2071 2196 sunt

463 2229 760 2293 secretius,
789 2246 911 2300 quae
931 2234 1236 2301 peccantur
1260 2231 1530 2284 secretius
1553 2247 1565 2282 :
1588 2229 1910 2285 distribuite
1931 2235 2069 2284 tem-

463 2335 625 2391 pora,
653 2324 713 2373 et
738 2318 1041 2373 concordat
1061 2318 1370 2389 Scriptura.
1405 2319 1497 2373 Sic
1524 2318 1745 2389 agimus
1768 2317 1895 2391 [at.,
1928 2336 2066 2390 aga-

463 2409 637 2479 mus],
660 2413 718 2463 et
736 2409 815 2464 sic
842 2409 1123 2479 agendum
1149 2414 1253 2474 est,
1276 2425 1390 2463 non
1420 2409 1600 2463 solum
1629 2409 1852 2479 quando
1882 2409 1939 2462 in
1962 2426 2065 2463 nos

457 2503 741 2579 peccatur,
774 2498 873 2553 sed
896 2497 1120 2568 quando
1151 2503 1415 2568 peccatur
1441 2497 1512 2552 ab
1541 2498 1751 2568 aliquo,
1798 2497 1879 2551 ita
1906 2503 1971 2551 ut
1996 2498 2066 2551 ab

2155 1809 2177 1842 ι
2213 1787 2612 1859 Corripiendus
2658 1793 2745 1842 est
2792 1788 2967 1843 frater
3009 1805 3283 1849 seorsum,
3336 1805 3423 1855 ne,
3468 1789 3512 1842 si
3552 1788 3694 1842 semel

2149 1878 2419 1948 pudorem
2459 1893 2524 1931 ac
2561 1877 2952 1931 verecundiam
3005 1877 3280 1945 amiserit,
3311 1883 3613 1949 permaneat
3648 1878 3695 1931 in

2149 1972 2398 2037 peccato.
2437 1986 2459 2017 ι

2222 2056 2286 2110 In
2316 2055 2403 2109 his
2431 2055 2568 2108 satis
2612 2054 2787 2126 liquet
2831 2054 2963 2126 quia
3013 2056 3063 2110 si
3092 2072 3216 2127 quae
3246 2056 3489 2110 videmus
3515 2060 3565 2109 et
3588 2054 3699 2126 pati-

2151 2160 2296 2208 mur,
2343 2144 2494 2198 salvo
2524 2144 2813 2198 Dominico
2843 2150 3142 2215 praecepto,
3173 2144 3395 2199 nonnisi
3440 2145 3576 2199 inter
3614 2160 3699 2197 nos

2151 2239 2210 2287 et
2237 2233 2440 2286 fratres
2464 2238 2685 2286 nostros
2706 2238 2997 2303 peccantes
3025 2239 3306 2287 secretum
3335 2232 3529 2287 habere
3545 2248 3703 2304 possu-

2149 2337 2295 2375 mus.
2329 2321 2407 2386 Si,
2452 2320 2732 2390 corrigere
2776 2321 3077 2387 voluerint,
3128 2322 3462 2376 omnimodis
3488 2321 3702 2376 confessa

2148 2409 2483 2479 detegimus,
2512 2414 2655 2463 teste
2685 2409 2898 2480 Spiritu
2935 2415 3150 2475 sancto,
3182 2411 3505 2465 Antichristi
3531 2416 3582 2464 et
3602 2425 3704 2481 pro.

2149 2498 2358 2551 ditores
2396 2497 2686 2552 habemur.
2733 2498 2811 2552 De
2864 2498 3066 2568 quibus
3107 2500 3264 2553 Felix
3313 2516 3452 2570 papa
3493 2499 3633 2570 (Fet.
3664 2496 3702 2561 l,

461 2589 643 2653 altero
671 2585 971 2641 nesciatur.
1005 2606 1027 2638 ι
1085 2585 1243 2655 (Ibid.
1272 2583 1349 2654 8.)
1383 2605 1410 2637 ιι
1441 2586 1505 2640 In
1550 2591 1764 2640 secreto
1795 2585 2061 2641 debemus
2143 2603 2231 2657 ep.
2270 2585 2317 2651 l,
2338 2586 2395 2639 in
2422 2586 2604 2640 medio
2626 2593 2763 2639 tom.
2787 2600 2807 2640 ι
2837 2587 3215 2641 Conciliorum
3241 2588 3497 2643 editionis
3516 2587 3702 2658 regia):

463 2675 765 2746 corripere,
799 2675 860 2729 in
891 2679 1106 2730 secreto
1137 2691 1394 2745 arguere,
1427 2691 1516 2739 ne,
1562 2675 1813 2729 volentes
1842 2674 2062 2745 publice

460 2752 721 2835 arguere,
734 2762 1039 2835 prodamus
1054 2762 1356 2818 hominem.
1376 2764 1491 2818 Nos
1509 2763 1768 2817 volumus
1779 2764 2060 2834 corripere

460 2842 522 2908 et
562 2852 879 2922 corrigere;
936 2851 1068 2923 quid
1097 2851 1144 2906 si
1182 2852 1447 2906 inimicus
1498 2852 1698 2923 quaerit
1740 2852 1956 2918 audire,
2009 2858 2067 2907 et

461 2942 744 3013 corripere
765 2940 935 3012 [quod
962 2938 1229 3013 puniat]?
1257 2941 1424 2995 Novit
1469 2941 1620 2995 enim
1667 2941 1856 2995 nescio
1895 2958 2065 3012 quem

2149 2694 2172 2726 ι
2201 2674 2561 2729 Proditorum
2591 2690 2693 2728 nec
2722 2691 2841 2737 vox,
2877 2692 2977 2729 nec
3002 2676 3289 2731 calumnia
3312 2677 3579 2731 audiatur.
3611 2695 3632 2727 ι

2220 2763 2380 2827 Quod
2409 2779 2539 2817 vero
2569 2779 2691 2833 quae
2712 2764 2964 2817 confessa
2988 2770 3123 2818 sunt
3148 2766 3254 2819 sub
3280 2763 3706 2820 nominealterius

2148 2852 2323 2923 culpae
2352 2851 2642 2916 vindicari,
2658 2852 2743 2905 vel
2770 2858 2982 2907 secrete
3001 2853 3120 2908 visa
3138 2854 3328 2925 detegi
3357 2871 3463 2909 non
3482 2853 3705 2916 debeant,

2147 2942 2226 2996 sic
2245 2942 2381 2995 dicit
2410 2942 2770 2996 Innocentius
2799 2958 2946 3013 papa
2977 2959 2987 2991 :
3034 2961 3063 2995 α
3092 2944 3356 2998 Latentia
3381 2949 3592 3015 peccata
3614 2956 3707 2995 non

461 3029 804 3087 homicidam
831 3029 1143 3112 episcopus,
1194 3034 1253 3083 et
1300 3029 1443 3083 alius
1475 3046 1643 3085 nemo
1694 3030 1855 3084 illum
1889 3030 2057 3085 novit.
2079 3048 2123 3109 α
2146 3031 2392 3085 habeant
2412 3030 2733 3095 vindictam,
2758 3036 2832 3096 et,
2857 3030 3467 3101 probationecessante,
3484 3031 3709 3086 vindictae

463 3119 581 3190 Ego
626 3118 847 3190 publice
902 3118 1203 3189 corripere,
1244 3124 1304 3172 at
1348 3123 1412 3173 tu
1467 3119 1670 3189 quaeris
1710 3118 2056 3173 inscribere:

2145 3120 2289 3173 ratio
2315 3120 2692 3190 conquiescat.
2719 3138 2745 3172 ι)
2761 3120 2825 3173 1n
2843 3119 2928 3174 his
2943 3121 3203 3176 omnibus
3224 3124 3404 3194 liquet
3424 3122 3550 3193 quia
3561 3134 3710 3175 unum

462 3224 694 3282 prorsus
716 3223 820 3262 nec
848 3207 1043 3278 prodo,
1065 3223 1168 3261 nec
1187 3207 1431 3277 negligo.
1465 3207 1720 3279 Corripio
1740 3208 1797 3261 in
1823 3214 2057 3274 secreto,
2144 3225 2271 3263 cum
2303 3209 2517 3280 Sponso
2549 3224 2651 3262 suo
2680 3214 2862 3261 mater
2885 3215 2973 3262 est
2994 3210 3261 3277 Ecclesia,
3287 3219 3346 3267 et
3366 3210 3605 3266 membra
3628 3224 3714 3261 sua

462 3312 612 3369 pono
636 3301 770 3352 ante
817 3295 1007 3351 oculos
1061 3296 1164 3350 Dei
1203 3296 1500 3366 judicium,
1547 3302 1732 3351 terreo
1770 3303 2063 3351 cruentam
2145 3314 2258 3352 non
2287 3297 2680 3365 divisioni,sed
2701 3296 2906 3350 unitati
2927 3299 3076 3369 parit
3099 3299 3379 3355 insaecula
3396 3298 3709 3354 saeculorum.

462 3376 885 3451 conscientiam,
936 3383 1248 3455 persuadeo
1295 3383 1703 3455 penitentiam.
1737 3384 1855 3439 Hac
1882 3386 2065 3439 chari-
2145 3387 2346 3445 Amen.

1000 3681 1614 3813 DOMNI
1703 3683 2224 3814 LUCfE
2317 3687 3208 3819 DACHERII

1565 3930 1960 3977 BENEDICTINI
1990 3931 2359 3979 CONGREGAT.
2395 3935 2447 3981 S.
2481 3934 2677 3981 IAURI

590 4073 695 4133 AD
737 4071 803 4135 Β.
859 4074 1309 4138 LANFRANCI
1369 4076 1990 4140 CANTUARIENSIS
2034 4080 2635 4141 ARCHIEPISCOPI
2679 4080 3065 4145 LIBELLUM
3109 4082 3211 4143 DE
3265 4080 3621 4144 CELANDA

1433 4183 1973 4246 CONFESSIONE
2014 4185 2789 4250 ANIMADVEllSIONES.

540 4470 803 4539 883(1)
829 4469 961 4524 Tria
980 4485 1086 4524 esse
1102 4474 1473 4525 sacramenta.
1493 4470 1859 4542 Perspicuum
1881 4480 1966 4529 est
1984 4490 2070 4529 sa-
2084 4481 2133 4540 D
2152 4478 2503 4549 praeparatio.
2537 4478 2668 4533 Ideo
2699 4478 2822 4549 subj
2831 4479 3058 4549 ungitur
3093 4496 3106 4532 :
3154 4481 3206 4534 Is
3249 4481 3353 4548 qui
3394 4466 3729 4531 abrenuntiat

466 4562 819 4612 crumentum
848 4558 956 4611 hoc
981 4558 1104 4613 loco
1131 4558 1238 4625 (uti
1281 4564 1340 4613 et
1385 4560 1661 4631 superius)
1697 4578 1798 4632 pro
1825 4579 1886 4617 re
1911 4580 2071 4619 sacra

469 4645 753 4716 usurpari,
782 4644 1010 4700 sublimi
1024 4646 1298 4713 videlicet,
1323 4663 1549 4711 arcana,
1582 4654 1640 4702 et
1666 4651 1986 4711 recondita;
2009 4652 2068 4705 id

470 4732 652 4788 Greci
673 4737 936 4804 μυστήριον
955 4735 1261 4806 appellant.
1274 4735 1364 4791 Sic
1378 4736 1806 4809 intelligendum
1825 4744 1907 4793 est
1926 4740 2067 4795 illud

466 4821 787 4894 Sapientiae,
806 4836 865 4889 ιι,
884 4822 957 4879 22
974 4846 987 4880 :
1003 4825 1329 4879 Ncscicrunt
1348 4832 1696 4881 sacramenta
1712 4829 1810 4882 Dei
1820 4847 1836 4892 ;
1861 4829 2063 4897 Ephes.

470 4928 515 4982 ι,
539 4910 593 4978 9,
618 4911 685 4965 Ut
713 4916 909 4965 notum
932 4914 1135 4981 faceret
1157 4915 1312 4967 nobis
1330 4920 1746 4970 sacramentum
1761 4918 2065 4972 voluntatis

469 5016 611 5064 sua;
643 5005 703 5054 et
736 5000 993 5056 Collectaa
1036 5001 1096 5056 in
1127 5002 1481 5057 solemnitate
1528 5005 2064 5075 Transﬁgurationis

463 5087 691 5144 Domini
723 5106 736 5142 :
774 5108 798 5139 ι
829 5089 1001 5157 Deus,
1030 5090 1127 5160 qui
1156 5090 1286 5145 fidei
1315 5098 1671 5146 sacramenta
1697 5092 1755 5146 in
1780 5093 2066 5164 Unigeniti

467 5177 555 5232 tui
585 5177 1081 5249 transﬂguratione
1100 5179 1335 5234 Patrum
1355 5181 1678 5235 testimonio
1702 5181 2001 5250 roborasti,
2036 5205 2063 5233 ιι

470 5271 578 5322 etc.

543 5355 612 5427 (ε)
635 5358 704 5412 In
731 5360 916 5426 ﬁgura
955 5360 1233 5427 baptismi,
1264 5358 1371 5415 hoc
1418 5364 1523 5423 est,
1573 5359 1633 5413 in
1678 5361 1909 5415 Joannis
1936 5361 2070 5433 bap-

446 5444 721 5513 tismate,
748 5447 898 5517 quod
926 5447 1129 5502 umbra
1170 5448 1279 5501 fuit
1314 5454 1370 5502 et
1418 5449 1601 5518 ﬁgura
1625 5448 1889 5520 baptismi
1914 5467 2069 5505 nova:

469 5532 609 5602 legis
634 5552 648 5601 ;
670 5534 810 5591 illud
860 5535 1012 5591 enim
1065 5536 1410 5608 poenitentia
1446 5542 1588 5605 erat,
1620 5543 1679 5591 et
1705 5538 1775 5592 ad
1821 5539 2065 5609 gratiam

2150 4582 2252 4637 per
2278 4567 2685 4637 paenitentiam,
2738 4573 2795 4621 et
2838 4568 3017 4621 credit
3041 4584 3141 4638 per
3176 4567 3389 4632 ﬁdem;
3423 4564 3622 4636 quippe
3647 4556 3730 4627 qui

2150 4654 2523 4710 initiabantur
2540 4655 2816 4726 baptismo
2846 4656 3097 4722 Joannis,
3131 4660 3365 4727 peccata
3396 4669 3499 4708 sua
3525 4647 3733 4704 conﬁte-

2149 4742 2372 4809 bantur,
2392 4745 2571 4815 iisque
2592 4744 3089 4811 abrenuntiabant,
3104 4750 3163 4799 et
3182 4745 3239 4798 in
3258 4743 3547 4800 Christum
3565 4734 3737 4792 crede-

2148 4832 2285 4887 bant
2304 4839 2597 4887 venturum
2615 4878 2627 4891 .
2661 4834 2741 4887 De
2767 4850 3012 4887 consecr.
3042 4833 3173 4887 dist.
3192 4838 3248 4901 4,
3266 4850 3315 4888 c.
3341 4822 3729 4897 135;Durand.

2147 4922 2217 4976 de
2250 4923 2306 4977 S.
2339 4921 2600 4976 Portiano
2630 4922 2689 4976 in
2715 4924 2744 4976 It
2776 4923 2955 4989 Sent.,
3006 4922 3137 4976 dist.
3167 4923 3220 4989 3,
3264 4939 3321 4993 q.
3354 4924 3389 4978 3
3420 4940 3437 4986 ;
3471 4920 3600 4974 Soto
3624 4914 3677 4969 in
3710 4909 3732 4965 ἰ

2148 5011 2301 5075 Sent,
2334 5010 2463 5064 dist.
2489 5009 2543 5075 2,
2576 5016 2684 5064 art.
2716 5010 2769 5067 2.

2217 5097 2279 5167 (³)
2316 5098 2470 5152 Sicut
2500 5101 2548 5151 is
2577 5102 2676 5167 qui
2712 5100 3048 5166 baptizatur.
3088 5098 3297 5152 Christi
3326 5096 3583 5161 videlicet
3610 5091 3735 5160 bap-

2148 5186 2316 5240 tismo
2338 5191 2566 5256 peccata
2595 5187 2966 5250 condonante,
2992 5187 3234 5257 gratiam
3264 5192 3322 5240 et
3343 5187 3579 5239 virtutes
3598 5182 3739 5236 theo-

2148 5275 2355 5345 logicas
2404 5275 2744 5339 conferente,
2778 5282 2862 5340 ut,
2906 5291 3055 5346 aqua
3084 5275 3402 5330 Christiana
3443 5271 3621 5339 tincti,
3654 5268 3738 5321 Sa-

2149 5370 2296 5418 tanae
2328 5364 2536 5417 mundo
2566 5369 2624 5417 et
2649 5365 2866 5435 pompis
2894 5365 3018 5435 ejus
3046 5363 3467 5419 abrenuntient.
3494 5363 3581 5416 Ita
3606 5369 3740 5412 com-

2150 5452 2399 5507 muniter
2425 5452 2699 5522 theologi.

2220 5540 2288 5612 (⁴)
2317 5542 2458 5611 Quia
2499 5544 2597 5610 qui
2620 5542 2881 5610 baptizat,
2912 5542 2975 5597 in
3003 5543 3338 5611 baptismate,
3379 5542 3495 5611 ipse
3516 5536 3740 5591 auditur
