3902 6166
240 245 336 307 633

964 244 1102 317 LIB,
1142 247 1238 304 DE
1276 244 1615 303 CELANDA
1652 239 1993 301 CONFESS.
2035 267 2098 280 —-
2138 237 2487 293 DACHERII
2524 234 2759 293 NOTzE.

3392 224 3497 289 634

241 377 298 429 in
318 377 701 444 penitentiam
719 374 905 428 dante.
937 372 1192 427 Christus
1220 372 1492 427 Dominus
1519 370 1608 425 hic
1629 368 1818 423 innui-
1838 368 1889 426 A
1906 381 2030 419 usu.
2067 382 2093 416 io
2108 364 2229 425 Illa,
2250 368 2307 417 et
2323 380 2445 434 quae
2470 330 2726 434 sequitur
2744 359 3043 429 sententia,
3058 355 3500 432 quadrupliciter

239 466 340 529 tur,
369 463 652 535 siquidem
677 462 816 535 ipse,
844 467 910 517 ut
936 478 1107 516 causa
1127 461 1470 533 principalis,
1495 464 1551 514 et
1577 457 1827 529 baptizat

244 556 293 606 et
310 551 553 607 absolvit
576 569 611 607 a
640 551 881 623 peccatis
910 550 1222 604 ministerio
1241 550 1563 604 sacerdotis.

307 642 357 708 (⁵)
390 642 533 696 Cum
567 643 717 694 enim
751 642 1012 706 confessio
1050 642 1294 707 ﬁguram
1326 639 1584 706 baptismi
1623 640 1820 690 teneat.

245 730 333 784 Est
347 746 597 800 namque
614 728 788 783 veluti
799 727 1078 782 secundus
1098 726 1427 797 baptismus,
1448 731 1505 779 et
1530 744 1553 776 ι
1578 722 1825 778 secunda

241 823 354 888 post
389 816 749 887 naufragium
797 816 1011 881 tabula,
1052 831 1181 869 cum
1234 813 1568 885 peccaveris,
1617 811 1824 866 erube-

242 921 403 970 scere,
419 906 611 977 inquit
631 906 695 959 B.
721 904 1120 975 Hieronymus,
1148 904 1186 956 l.
1215 919 1271 969 v,
1300 902 1360 957 in
1375 919 1497 972 cap.
1535 900 1602 957 16
1625 901 1819 955 Ezech.

241 993 351 1049 sub.
383 995 537 1048 med.
568 993 1055 1059 Quemadmodum
1074 992 1226 1046 enim
1245 991 1304 1045 in
1323 990 1599 1063 baptismo
1627 1006 1825 1061 pecca-

242 1088 349 1137 tum
368 1083 649 1153 originale
676 1090 735 1137 et
760 1082 978 1137 actuale
1003 1081 1270 1147 abluitur,
1290 1080 1371 1135 sic
1397 1080 1454 1134 in
1484 1079 1825 1151 pcenitentiae

243 1178 581 1227 sacramento
626 1172 889 1226 universa
936 1171 1178 1225 actualia
1229 1175 1455 1240 peccata
1512 1169 1821 1222 solvuntur.

244 1260 434 1314 Verum
465 1260 797 1331 pauitantia
822 1259 1205 1313 omnimodam
1228 1255 1490 1328 baptismi
1510 1256 1664 1310 haud
1685 1272 1826 1326 qua-

244 1365 398 1419 quam
423 1365 542 1419 praa
567 1365 628 1403 se
650 1349 761 1403 fert
791 1349 1050 1418 figuram,
1081 1352 1146 1401 ut
1168 1346 1408 1417 probant
1429 1346 1483 1400 S.
1509 1345 1754 1399 Thomas
1770 1344 1827 1398 in

243 1434 273 1491 4
297 1441 460 1502 sent,
495 1436 629 1490 dist.
651 1435 740 1499 l7,
768 1452 821 1490 a.
850 1435 904 1501 3,
934 1434 1004 1488 ad
1024 1433 1381 1501 2Dominic.;
1419 1434 1550 1488 Soto
1566 1433 1625 1487 in
1643 1433 1823 1486 4dist.

242 1524 321 1591 18,
351 1543 408 1596 q.
445 1523 504 1591 4,
538 1530 647 1578 art.
668 1526 723 1579 1.
754 1524 822 1578 Et
846 1522 941 1577 alii
973 1523 1202 1594 passim.

306 1614 356 1683 (⁸)
388 1617 464 1669 De
492 1617 734 1669 crimine
762 1619 919 1681 rogat
951 1617 1127 1668 teneri
1155 1617 1219 1667 in
1248 1614 1602 1680 confessione.
1640 1612 1703 1666 Id
1743 1616 1829 1665 est

1905 458 2092 525 potest
2110 452 2364 522 intelligi.
2380 452 2569 507 Primo
2588 452 2813 524 quidem
2834 451 3053 507 occulta
3078 448 3214 504 dicit
3231 444 3509 504 Lanfrané

1906 559 2006 597 cus
2052 540 2368 596 confitenda
2394 540 2547 594 omni
2595 540 2710 594 viro
2753 538 3145 604 ecclesiastico,
3189 553 3289 592 seu
3327 535 3499 590 etiam

1906 632 2049 686 laico
2103 630 2273 697 fideli,
2318 629 2389 684 ad
2438 629 2541 683 hoc
2586 634 2650 684 ut
2696 630 2967 683 confitens
2993 628 3307 681 instruatur
3328 639 3500 694 quam

1903 724 2098 793 gravia
2112 724 2379 778 nimirum
2396 723 2510 778 sint
2528 740 2562 777 a
2586 740 2644 778 se
2663 724 2960 778 commissa
2979 726 3225 793 peccata,
3240 733 3498 790 quamam

1905 830 1942 869 a
1967 815 2282 870 divinorum
2315 819 2544 869 arceant
2557 814 2983 886 participatione
2994 815 3495 874 sacramentorum,

1906 910 1965 959 et
1989 904 2222 976 posthac
2261 903 2541 975 quomodo
2569 919 2692 958 sese
2722 920 2756 958 a
2783 903 2899 957 suis
2928 901 3146 956 delictis
3174 906 3493 970 temperare

1906 992 2124 1047 debeat.
2155 993 2220 1046 Et
2250 992 2304 1046 icl
2342 1009 2408 1047 ex
2452 997 2641 1047 mente
2667 997 2988 1046 sanctorum
3017 990 3270 1045 Patrum.
3300 988 3359 1042 S.
3390 987 3500 1041 Be-

1905 1082 2164 1136 nedictus
2191 1082 2399 1151 regula:
2427 1097 2476 1135 c.
2511 1082 2540 1135 7
2573 1081 2642 1134 de
2670 1080 2991 1135 humilitate
3022 1096 3034 1133 :
3063 1098 3086 1130 ι
3129 1077 3370 1142 Quintus
3398 1076 3502 1129 hu-

1907 1170 2162 1225 militatis
2190 1170 2401 1240 gradus
2448 1175 2553 1234 est,
2598 1170 2646 1223 si
2692 1185 2888 1223 omnes
2927 1166 3294 1238 cogitationes
3322 1164 3501 1218 malas

1908 1259 2061 1312 cordi
2091 1276 2192 1313 suo
2220 1258 2600 1324 advenientes,
2638 1259 2720 1311 vel
2752 1258 2902 1311 mala
2928 1273 2961 1310 a
2993 1272 3053 1310 se
3077 1254 3501 1309 absconsecom-

1908 1346 2097 1410 missa,
2135 1363 2233 1417 per
2263 1346 2532 1400 humilem
2571 1346 2976 1400 confessionem
3007 1342 3193 1397 abbati
3218 1357 3332 1395 non
3361 1339 3502 1393 cela-

1908 1435 2052 1489 verit
2069 1451 2189 1491 suo.
2238 1455 2260 1485 ι
2286 1435 2420 1498 Qua:
2442 1450 2577 1488 sane
2596 1434 2919 1488 directionis
2945 1432 3131 1503 gratia
3156 1428 3363 1501 aperiri
3386 1428 3506 1482 vult

1910 1524 2268 1579 beatissimus
2308 1525 2493 1587 Pater,
2527 1540 2655 1579 nam
2698 1524 2757 1577 in
2798 1522 3146 1578 confessione
3181 1533 3502 1573 sacramen-

1910 1613 2011 1667 tali
2055 1629 2167 1668 non
2213 1612 2393 1666 solum
2421 1612 2656 1675 occulta,
2708 1611 2805 1666 sed
2852 1616 2909 1665 et
2955 1614 3152 1681 aperta
3202 1605 3519 1661 rcvelanda.

241 1680 321 1772 (ut
344 1680 494 1772 reor)
526 1710 756 1775 peccata
777 1680 1137 1757 confitentem
1174 1702 1407 1772 posthac
1438 1701 1649 1755 eisdem
1672 1680 2061 1771 optatBsunt.
2112 1702 2328 1756 Doccnt
2365 1701 2481 1756 haec
2524 1701 2695 1755 etiam
2750 1680 3257 1754 sanctusiBasilius
3294 1694 3503 1763 regulae

244 1793 430 1860 teneri,
462 1793 679 1847 scilicet
711 1808 810 1862 pro
855 1791 1029 1862 impio
1072 1790 1289 1855 haberi,
1333 1807 1398 1844 ac
1439 1790 1498 1843 in
1541 1804 1824 1842 summum

242 1880 352 1934 vitae
389 1880 699 1934 discrimen
736 1878 962 1935 adduci.
1003 1879 1129 1932 Non
1169 1894 1327 1932 secus
1374 1877 1523 1930 enim
1554 1893 1618 1931 ac
1653 1877 1827 1930 ludas

242 1969 401 2023 osculi
430 1969 597 2039 signo
627 1967 812 2022 effecit
851 1972 915 2021 ut
957 1967 1017 2021 in
1055 1967 1343 2021 Christum
1386 1982 1589 2020 manus
1628 1965 1825 2036 injice-

243 2063 357 2111 rent
367 2059 393 2112 J
400 2057 570 2123 udaei,
588 2062 758 2127 atque
778 2056 920 2110 adeo
936 2055 1106 2110 morti
1125 2056 1417 2109 traderent
1438 2073 1449 2107 :
1474 2055 1555 2108 ita
1572 2055 1830 2108 sacerdos

244 2145 524 2216 paenitenti
590 2144 751 2215 quasi
812 2144 1065 2198 osculum
1124 2142 1364 2207 exhibet,
1407 2143 1540 2197 dum
1602 2142 1831 2197 sinistra

245 2240 417 2289 mente
436 2233 547 2305 ipsi
567 2234 627 2288 in
655 2232 1002 2288 confessione
1026 2238 1324 2304 paternum
1361 2232 1642 2297 affectum,
1665 2231 1832 2286 bene-

243 2323 555 2388 volentiam,
600 2339 774 2393 seque
820 2322 1094 2393 singulari
1143 2322 1263 2391 ejus
1312 2320 1510 2374 salutis
1555 2320 1831 2374 desiderio

246 2412 812 2483 flagrare,proﬁtetur,
830 2412 914 2466 uti
924 2410 994 2465 ab
1011 2411 1206 2465 eodem
1226 2410 1531 2481 pmnitente
1562 2410 1830 2479 majorem

245 2506 589 2570 peccatorum
616 2500 875 2555 notitiam
908 2500 1086 2570 possit
1112 2499 1331 2563 elicere,
1374 2505 1431 2552 et
1472 2498 1827 2569 postmodum

245 2605 321 2654 ea,
335 2606 455 2660 qum
474 2596 688 2644 aeterna
710 2589 986 2643 oblivione
1014 2587 1326 2642 debuerant
1354 2586 1590 2652 obvolvi,
1608 2587 1830 2656 evulgat

240 2678 295 2733 iu
319 2679 625 2750 publicum,
658 2679 848 2749 sicque
888 2678 1048 2733 illum
1079 2678 1149 2731 ab
1174 2677 1301 2731 aliis
1330 2677 1573 2731 intendit
1604 2675 1828 2730 sceleris

244 2769 415 2839 argui,
454 2767 756 2841 opprobrio
804 2767 969 2833 affici,
1015 2783 1080 2821 ac
1118 2766 1347 2820 tandem
1388 2766 1587 2820 mortis
1627 2765 1833 2836 dignus

243 2856 491 2926 iudicari.

1907 1792 2177 1861 interrog.
2206 1788 2330 1846 2:29.
2354 1790 2626 1844 Concord.
2656 1790 3003 1859 regularum,
3027 1802 3147 1857 cap.
3182 1784 3241 1840 l5
3270 1803 3281 1837 :
3312 1803 3334 1835 ι
3362 1783 3505 1837 Con-

1907 1880 2073 1935 fessio
2102 1884 2458 1951 peccatorum
2483 1880 2627 1933 hanc
2648 1878 2819 1933 habet
2836 1877 3110 1931 rationem
3132 1887 3303 1944 quam
3332 1870 3504 1924 habet

1911 1970 2112 2023 vulnus
2142 1968 2369 2040 aliquod
2394 1969 2666 2039 corporis,
2709 1967 2795 2021 vel
2836 1964 3024 2037 passio
3063 1979 3185 2034 qua:
3214 1960 3502 2014 medicinae

1911 2058 2350 2113 demonstranda
2403 2063 2507 2112 est.
2561 2058 2718 2113 Sicut
2768 2072 2901 2126 ergo
2939 2070 3052 2109 non
3090 2050 3349 2107 omnibus
3379 2049 3505 2120 quis

1911 2148 2047 2202 vitia
2072 2148 2159 2202 vel
2192 2148 2422 2202 vulnera
2449 2146 2699 2218 corporis
2728 2145 2815 2200 sui
2844 2144 3075 2209 revelat,
3102 2158 3207 2196 nec
3236 2138 3506 2211 quibusli-

1912 2236 2024 2301 bet,
2054 2238 2151 2291 sed
2175 2237 2262 2291 his
2291 2236 2683 2290 tantummodo
2713 2234 2809 2306 qui
2840 2249 3075 2288 summa:
3106 2229 3321 2302 peritia:
3348 2227 3505 2282 testi-

1912 2326 2166 2381 monium
2201 2326 2433 2391 habent,
2463 2330 2520 2379 et
2547 2341 2694 2379 curae
2738 2330 2795 2377 et
2841 2320 3072 2376 medelas
3110 2317 3500 2389 disciplinam;

1913 2416 1995 2470 ita
2023 2423 2079 2470 et
2109 2415 2381 2469 confessio
2412 2420 2767 2485 peccatorum
2798 2411 2919 2465 fieri
2950 2409 3099 2481 apud
3130 2424 3224 2463 eos
3251 2412 3505 2462 tantum-

1914 2505 2080 2559 modo
2133 2504 2319 2569 debet,
2353 2503 2449 2573 qui
2493 2519 2689 2556 curare
2741 2502 2858 2555 haec
2900 2498 3204 2570 praevalent
3230 2502 3289 2551 et.
3312 2512 3505 2550 emen-

1911 2594 2067 2658 dare,
2102 2599 2208 2647 etc.
2244 2594 2302 2647 S.
2339 2592 2555 2657 lsidor.,
2586 2608 2636 2644 c.
2667 2589 2736 2645 13
2762 2589 3005 2660 regulae:
3044 2607 3067 2638 ι
3097 2586 3204 2651 Qui
3231 2592 3506 2639 nocturna

1910 2681 2170 2736 illusione
2201 2680 2493 2752 polluitur,
2528 2678 2814 2750 publicare
2841 2677 2947 2731 hoc
2976 2674 3131 2729 Patri
3177 2671 3506 2727 monasterii

1916 2787 2029 2825 non
2052 2775 2337 2834 moretur;
2374 2769 2661 2839 culpaque
2686 2783 2800 2821 suae
2829 2764 3047 2819 meritis
3078 2761 3310 2827 tribuat,
3339 2765 3395 2814 et
3420 2775 3508 2814 oc-

1917 2859 2066 2914 culte
2109 2857 2496 2930 poenitentiam
2544 2861 2694 2926 agat,
2732 2875 2754 2906 ι
2785 2860 2891 2908 etc.
2924 2853 2981 2909 S.
3010 2853 3371 2915 Fructuosus,
3415 2864 3507 2903 re-

312 2947 368 3018 (⁷)
404 2947 694 3001 Videamus
720 2948 921 3015 quibus
953 2951 1086 2999 tunc
1121 2945 1491 3012 conﬁtendum
1524 2946 1615 2997 sit.
1661 2944 1833 2998 Notes

1916 2948 2061 3020 gulae
2088 2964 2211 3018 cap.
2246 2944 2313 3003 13
2344 2964 2356 2999 :
2394 2964 2421 2998 α
2452 2946 2663 3000 Omnes
2688 2949 2845 2998 actus
2884 2942 2999 2996 sive
3022 2939 3375 2995 occasionum
3407 2954 3508 2992 ne-

2050 3037 2084 3053 ιλ
2150 3037 2186 3053 ι·
2212 3051 2219 3053 ξ
2360 3052 2367 3053 ,
2444 3052 2465 3053 η
2492 3051 2539 3053 .A-
2568 3050 2595 3053 μ
2615 3049 2785 3053 ---Α-Α
2823 3036 2899 3053 --Α
2937 3036 3000 3053 --Α
3023 3028 3328 3053 ..-ΑμρΑὶηεη
3355 3027 3505 3053 Πηιηε

244 3035 397 3089 velim
415 3036 523 3090 hoc
535 3036 660 3090 loco
678 3052 793 3089 non
812 3034 942 3099 dici,
957 3033 1257 3088 videndum
1278 3032 1509 3104 quinam
1535 3038 1687 3097 tunc,
1702 3038 1838 3102 puta

249 3122 302 3177 in
331 3141 394 3179 eo
416 3140 551 3178 casu
584 3140 697 3195 quo
728 3124 989 3195 praprius
1032 3122 1292 3177 sacerdos
1329 3121 1584 3192 infringit
1620 3121 1836 3175 confes-

246 3211 408 3267 sionis
435 3212 703 3283 sigillum,
724 3211 967 3266 habeant
995 3216 1330 3283 potestatem
1360 3210 1703 3275 absolvendi,
1733 3209 1835 3264 sed

244 3302 654 3367 tantummodo,
702 3303 904 3370 quibus
946 3307 1081 3355 tunc
1129 3302 1501 3367 conﬁtendum
1541 3303 1632 3353 sit.
1676 3299 1835 3353 Unde

241 3387 475 3461 intelligi
517 3390 691 3444 datur
730 3388 817 3455 iis,
869 3405 1010 3462 quos
1054 3396 1249 3461 postea
1297 3389 1489 3452 refert,
1524 3388 1836 3458 detegenda

246 3477 513 3533 duntaxat
564 3479 767 3533 humili
814 3478 1161 3533 confessione
1212 3482 1458 3548 peccata,
1518 3482 1583 3531 ut
1637 3477 1834 3531 exinde

244 3566 640 3638 paenitentibus
667 3568 850 3637 magis
894 3568 1150 3622 contritis
1193 3568 1344 3621 Deus
1392 3566 1831 3620 misericordiam

242 3654 546 3727 impendat,
579 3662 752 3727 atque
779 3656 1005 3711 interna
1022 3656 1291 3721 subsidia,
1322 3654 1469 3708 vires
1497 3660 1555 3707 et
1581 3655 1830 3719 consilia,

246 3745 443 3815 quibus
472 3746 531 3799 in
554 3751 844 3816 posterum
863 3745 935 3800 ad
965 3746 1254 3800 meliorem
1278 3744 1497 3814 frugem
1524 3743 1708 3798 redire
1740 3760 1837 3797 va-

245 3830 505 3901 leant,.ab
532 3834 908 3889 ecclesiastico
937 3834 1076 3902 viro,
1109 3851 1210 3889 seu
1241 3833 1411 3888 etiam
1441 3848 1476 3885 a
1503 3831 1643 3887 laico
1663 3832 1837 3904 probo

244 3920 758 3979 subministrentur.

311 4011 371 4079 (⁸)
399 4012 477 4067 Hi
501 4015 567 4066 in
581 4013 890 4081 primis,de
917 4014 1116 4081 quibus
1143 4014 1654 4081 diximus,cavendi
1681 4018 1835 4067 sunt.

246 4098 709 4171 Quandoquidem
761 4100 823 4154 in
871 4100 1343 4171 consequentibus
1391 4116 1586 4155 omnes
1614 4100 1839 4155 ordines

248 4193 497 4243 recenset
534 4188 599 4243 B.
645 4188 1016 4253 Lanfrancus,
1050 4189 1119 4243 de
1143 4189 1371 4260 proprio
1393 4190 1681 4243 sacerdote
1707 4188 1837 4243 inli-

1920 3037 2293 3093 cessitudines
2319 3051 2542 3105 semper
2568 3049 2792 3087 necesse
2817 3036 2902 3085 est
2937 3036 3002 3085 ut
3022 3028 3330 3084 monachus
3354 3027 3510 3082 Patri

1919 3131 2153 3191 reseret,
2172 3131 2229 3179 et
2257 3141 2321 3178 ex
2353 3124 2503 3178 illius
2525 3125 2823 3193 cognoscat
2833 3118 3169 3174 discretione
3192 3118 3277 3171 vel
3297 3115 3509 3187 judicio

1926 3215 2060 3286 quid
2093 3213 2369 3268 attendat.
2413 3212 2817 3282 Cogitationes,
2855 3207 3242 3271 revelationes,
3291 3204 3510 3259 illusio-

1917 3321 2018 3359 nes
2043 3309 2101 3357 et
2125 3302 2497 3373 negligentias
2525 3299 2781 3371 proprias
2815 3296 3023 3352 seniori
3050 3296 3239 3350 nullus
3262 3293 3505 3357 obcelet;

1918 3392 2017 3447 sed
2032 3409 2259 3462 semper
2288 3388 2676 3460 hujuscemodi
2703 3387 2839 3441 vitia
2873 3402 3001 3441 cum
3051 3384 3314 3455 lacrymis
3340 3388 3512 3453 atque

1916 3480 2346 3551 compunctione
2372 3478 2557 3533 cordis
2572 3484 2742 3549 atque
2770 3475 3088 3530 humilitate
3110 3472 3394 3527 verissime
3419 3471 3513 3526 ab-

1914 3568 2051 3632 bati,
2084 3568 2403 3640 praeposito,
2434 3567 2548 3621 sive
2578 3565 2823 3638 praelatis
2864 3562 3179 3618 senioribus
3217 3561 3516 3616 revelanda

1917 3666 2071 3723 sunt,
2122 3662 2179 3713 et
2225 3656 2627 3719 consolatione,
2666 3653 2938 3720 oratione,
2980 3652 3348 3722 castigatione
3398 3652 3513 3706 sive

1918 3747 2088 3801 etiam
2130 3745 2526 3801 exercitatione
2563 3743 2750 3798 idonei
2779 3741 2964 3813 operis
2990 3740 3335 3811 castiganda.
3385 3759 3409 3792 ι
3436 3740 3514 3795 Ex

1917 3836 2115 3906 regula
2137 3834 2429 3905 cujusdam
2459 3849 2580 3904 cap.
2611 3834 2667 3891 7.
2696 3833 2755 3886 in
2784 3847 2905 3901 cap.
2933 3829 3005 3883 15
3044 3829 3317 3884 Concord.
3346 3844 3515 3899 regu-

1918 3925 2102 3978 larum
2142 3942 2154 3977 :
2190 3942 2216 3975 α
2247 3922 2456 3990 Abbas,
2498 3921 2585 3975 vel
2631 3918 2981 3991 praepositus,
3030 3918 3119 3971 vel
3156 3916 3388 3988 quilibet
3432 3932 3517 3972 se-

1920 4012 2451 4073 niorum‘fratrum,
2481 4009 2569 4065 cui
2601 4008 2672 4062 ab
2707 4007 2908 4062 abbate
2945 4006 3307 4060 commissum
3344 4004 3516 4060 fuerit

1919 4107 1985 4155 ut
2004 4100 2377 4155 confessiones
2405 4098 2659 4170 recipiat,
2692 4096 2929 4151 crimina
2949 4096 3168 4165 majora
3186 4094 3275 4148 vel
3296 4093 3515 4147 minora

1920 4191 2243 4246 nullatenus
2278 4188 2617 4253 manifestet,
2668 4186 2778 4240 nisi
2820 4185 2925 4239 soli
2972 4185 3126 4253 justo
3164 4181 3366 4253 judici,
3416 4183 3513 4252 qui

251 4273 373 4353 deli,
404 4278 515 4333 hoc
559 4281 651 4332 est
695 4283 925 4348 peccata
964 4277 1319 4333 subditarum
1364 4277 1474 4333 sibi
1524 4277 2179 4337 animarumDomnium
2218 4277 2605 4332 confitentium
2631 4274 2870 4329 crimina
2909 4273 3077 4327 lavat.
3114 4292 3138 4323 ι
3169 4272 3349 4336 Quam
3377 4287 3513 4326 sane

247 4367 572 4437 propalante
599 4365 864 4437 superius
889 4366 1062 4421 fuisse
1088 4368 1360 4433 locutum,
1384 4368 1699 4422 necessario
1725 4368 1840 4421 col-

245 4451 530 4523 ligendum
576 4455 838 4521 videtur;
883 4457 1291 4527 consulereque
1319 4473 1390 4511 ne
1420 4455 1694 4527 ejusmodi
1721 4463 1839 4510 tra-

245 4541 432 4609 ditori,
462 4543 563 4598 Dei
593 4543 922 4605 Ecclesium,
957 4562 1079 4616 quae
1100 4562 1216 4600 una
1254 4550 1341 4599 est
1364 4552 1421 4600 et
1439 4553 1612 4611 casta,
1637 4545 1844 4599 divide-

244 4647 305 4686 re
345 4638 519 4703 atque
559 4632 839 4687 infamare
887 4635 1132 4703 conanti,
1185 4635 1582 4690 conscientiam
1623 4634 1844 4705 aperiat

245 4721 339 4792 qui
361 4721 665 4776 consilium
697 4722 963 4793 postulat.

312 4810 372 4879 (θ)
396 4813 466 4865 In
494 4812 595 4865 hoc
621 4813 992 4877 cognoscimus
1019 4814 1153 4880 quia
1183 4812 1245 4865 de
1275 4814 1499 4866 occultis
1513 4815 1669 4866 omni
1688 4815 1844 4866 eccle-

242 4901 464 4953 siastico
493 4900 692 4954 ordini
720 4902 971 4966 conﬁteri
995 4901 1266 4953 debemus.
1292 4900 1409 4954 Hoc
1436 4900 1665 4955 verbum
1695 4902 1845 4954 debe-

241 5003 369 5041 mus
388 5004 508 5043 non
531 5004 758 5059 semper
783 4987 1172 5065 necessitatem
1198 4994 1298 5042 aut
1326 4996 1663 5059 praeceptum
1694 4989 1847 5058 inge-

240 5075 337 5140 rit,
380 5077 486 5130 sed
542 5077 843 5131 consilium
884 5077 1218 5148 quandoque
1247 5078 1518 5147 suggerit,
1564 5077 1647 5131 uti
1696 5077 1847 5131 inter

240 5164 568 5219 aliosdocet
587 5171 775 5232 334
793 5164 1237 5231 Sotoin4sent.,
1270 5165 1404 5223 dist.
1456 5166 1534 5221 l8.
1561 5183 1615 5237 q.
1645 5166 1698 5231 Δ,
1732 5172 1840 5220 art.

238 5250 298 5316 ‘l,
344 5254 409 5307 in
465 5254 595 5320 ﬁne,
647 5270 822 5323 agens
862 5255 932 5309 de
975 5254 1323 5308 confessione
1354 5255 1493 5308 laico
1540 5255 1840 5310 facienda:

245 5358 272 5391 α
311 5340 567 5396 Verbum
599 5341 786 5408 debet,
818 5342 900 5397 ait
925 5343 1038 5407 ille,
1073 5359 1186 5397 non
1210 5353 1375 5396 sonat
1398 5349 1757 5415 przeceptum,
1782 5349 1847 5398 ut

240 5429 509 5483 nonnulli
528 5447 594 5484 ex
612 5431 934 5486 Summistis
965 5430 1337 5498 arbitrantur,
1382 5431 1479 5486 sed
1510 5432 1845 5500 decentiam,

1923 4368 2236 4422 doctrinam
2258 4370 2505 4419 mentem
2524 4364 2747 4434 assequi
2768 4362 3160 4426 auctoris,non
3181 4360 3261 4415 ita
3281 4360 3515 4415 obscure

1922 4456 2179 4527 superior
2215 4454 2450 4525 mystica
2474 4453 2734 4508 ordinum
2754 4450 3166 4522 interpretatio,
3200 4467 3265 4504 ex
3296 4450 3515 4505 Veteris

1921 4544 2265 4600 Testamenti
2296 4543 2480 4598 allatis
2503 4541 2789 4613 exemplis,
2820 4541 3191 4595 demonstrat.

1994 4633 2053 4691 2.
2084 4634 2193 4687 Per
2211 4632 2428 4687 occulta
2456 4637 2683 4703 peccata
2730 4630 2986 4695 venialia,
3025 4646 3127 4700 per
3164 4635 3378 4700 aperta,
3414 4630 3518 4684 hoc
3594 4676 3610 4688 .

1925 4727 2011 4776 est
2036 4726 2228 4792 aperte
2260 4722 2426 4784 mala,
2478 4719 2711 4774 lethalia
2742 4724 2979 4789 possunt
3018 4718 3279 4789 intelligi.
3313 4719 3405 4773 Sic
3428 4719 3513 4772 in-

1924 4816 2204 4881 terpretor
2232 4810 2289 4864 S.
2323 4809 2485 4863 Bedae
2522 4809 2725 4873 locum,
2760 4808 2814 4861 in
2843 4825 2892 4861 c.
2928 4809 2959 4862 5
2997 4808 3157 4878 Epist
3206 4809 3268 4862 B.
3303 4807 3516 4872 Jacobi,

1926 4899 1996 4954 ad
2012 4900 2124 4953 haec
2138 4898 2304 4953 verba
2327 4917 2338 4951 :
2362 4898 2715 4965 Conﬁtemini
2726 4899 3069 4951 alterutrum
3081 4901 3299 4966 peccata
3318 4901 3521 4963 vestra;

1926 4989 2063 5043 dicit
2092 5006 2148 5041 ε(
2182 4989 2246 5043 In
2275 4988 2378 5041 hac
2405 4992 2594 5040 autem
2628 4986 2910 5041 sententia
2939 4986 3037 5041 illa
3073 4985 3239 5041 debet
3276 5003 3398 5040 esse
3441 4986 3522 5039 di-

1927 5078 2130 5133 scretio
2159 5084 2222 5131 ut
2250 5076 2577 5148 quotidiana
2616 5076 2870 5147 leviaque
2914 5082 3142 5147 peccata
3183 5076 3519 5128 alterutrum

1926 5166 2299 5237 coaequalibus
2326 5167 2712 5225 confiteamur.
2728 5180 3036 5235 eorumque
3065 5162 3392 5233 quotidiana
3409 5177 3525 5215 cre-

1926 5256 2126 5310 damus
2156 5254 2408 5309 oratione
2446 5255 2672 5308 salvari.
2706 5255 2881 5308 Porro
2908 5251 3181 5322 gravioris
3217 5250 3385 5319 lepra:
3413 5249 3522 5303 im-

1929 5342 2265 5397 munditiam
2291 5344 2453 5412 juxta
2479 5343 2661 5412 legem
2691 5340 2967 5396 sacerdoti
2999 5338 3333 5410 pandamus,
3355 5344 3524 5409 atque

1930 5432 2000 5486 ad
2022 5432 2143 5500 ejus
2171 5430 2491 5495 arbitrium,
2519 5430 2765 5501 qualiter
2794 5436 2853 5483 et
2878 5432 3089 5498 quanto
3121 5432 3375 5497 tempore
3407 5429 3529 5498 jus-

243 5531 371 5587 quae
429 5521 687 5588 tempore
735 5518 913 5574 sancti
959 5518 1187 5574 Thomas
1228 5518 1580 5589 frequentior
1624 5525 1749 5575 erat
1792 5520 1850 5574 in
1933 5520 2089 5586 serit,
2113 5519 2410 5590 puriﬁcare
2446 5534 2727 5574 curemus.
2756 5536 2785 5571 ι
2806 5517 3010 5571 Vener.
3040 5515 3204 5571 Bedae
3234 5518 3528 5573 sententiae
