3864 6176
481 298 590 369 63b

1466 318 1530 375 B.
1570 316 1985 376 LANFRANCI
2023 319 2384 379 CANTUAR.
2425 322 2759 379 ARCHIEP.

3595 316 3687 384 636

486 439 759 494 calculum
793 442 1002 511 adjicit.
1040 444 1262 514 Suppar
1289 444 1350 498 B.
1388 445 1699 499 Lanfranco
1731 450 1946 511 auctor,
1972 446 2141 506 Ra-A
2157 447 2431 503 fulcienda
2460 447 2980 518 corroborandaque
3004 444 3433 503 auctoritatibus.
3456 445 3605 504 Liber
3619 452 3691 506 De

487 528 731 599 dulphus
760 529 996 595 Ardens,
1053 534 1320 587 concione
1367 534 1425 587 in
1469 534 1666 587 litania
1704 536 1917 603 majore
1951 539 2077 604 post

487 616 710 670 initium
762 637 774 671 :
813 637 840 671 (
895 618 997 674 Cui
1046 622 1168 674 ﬁeri
1223 622 1389 676 debet
1434 623 1743 676 confessio?
1789 624 2075 676 Confessio

484 705 861 761 criminalium
892 709 1057 763 debet
1082 711 1202 764 ﬁeri
1221 711 1515 776 sacerdoti,
1540 716 1595 765 et
1614 711 1962 776 nominatim,
1979 711 2076 780 qui

488 793 644 847 solus
696 794 904 850 habeat
945 804 1280 869 potestatem
1328 800 1538 870 ligandi
1579 806 1746 871 atque
1802 801 2069 866 solvendi,

486 880 633 935 sicut
660 888 718 936 et
758 885 925 955 lepra:
958 887 1232 955 judicium
1281 889 1414 942 solis
1457 890 1839 943 sacerdotibus
1867 890 1923 943 in
1953 890 2076 959 lege

485 976 610 1024 erat
626 974 1006 1027 commissum.
1031 976 1317 1030 Confessio
1327 991 1457 1031 vero
1472 978 1791 1033 venialium.
1818 979 2075 1033 alterutri

486 1064 543 1111 et
591 1061 837 1128 cuilibet,
893 1063 1064 1119 etiam
1119 1064 1323 1119 minori
1360 1072 1545 1137 potest
1585 1068 1751 1120 ﬁeri:
1806 1068 2071 1138 quoniam

484 1154 713 1218 propter
740 1150 977 1204 venialia
1025 1167 1135 1206 non
1184 1162 1479 1224 separatur
1518 1157 1684 1210 homo
1722 1171 1756 1209 a
1788 1158 1922 1221 Deo,
1964 1157 2074 1210 nisi

485 1252 587 1306 per
614 1238 886 1292 incuriam
921 1257 932 1292 :
965 1241 1111 1294 sicut
1156 1256 1259 1296 nec
1298 1260 1398 1313 per
1427 1244 1688 1309 scabiem,
1722 1246 1806 1298 vel
1838 1261 1938 1315 per
1964 1245 2074 1298 im-

487 1324 811 1393 petiginem,
844 1327 1047 1398 aliquis
1070 1329 1124 1382 in
1147 1330 1267 1399 lege
1290 1332 1659 1401 separabatur
1683 1350 1715 1385 a
1740 1333 1956 1389 castris,
1990 1333 2077 1386 Fit

485 1418 672 1465 autem
704 1414 819 1468 haec
844 1418 1132 1481 confessio,
1166 1434 1277 1472 non
1302 1421 1449 1489 quod
1479 1422 1655 1490 possit
1672 1437 1705 1474 a
1732 1422 1971 1491 peccatis
1985 1421 2076 1475 ab-

486 1500 718 1565 solvere,
741 1504 835 1557 sed
861 1506 993 1575 quia
1022 1514 1251 1577 propter
1278 1509 1559 1578 prepriam
1596 1510 2065 1575 humiliationem,

484 1592 540 1640 et
586 1598 942 1658 peccatorum
987 1602 1309 1649 nostrorum
1350 1598 1781 1661 accusationem,
1833 1600 2072 1652 munda-

2155 554 2288 592 vera
2317 543 2372 592 et
2400 539 2540 591 falsa
2565 537 2820 592 doctrina
2868 537 3115 597 (nomine
3143 537 3204 590 B.
3236 538 3515 607 Augustini
3539 554 3568 592 ι
3599 540 3691 609 ple-

2157 628 2345 698 risque
2373 628 2622 691 citatus),
2648 643 2695 678 c.
2734 623 2817 690 i0,
2850 626 2907 678 in
2935 625 3237 695 appendice
3252 631 3383 679 tom.
3415 627 3692 697 lVoperum

2157 717 2411 787 ejusdem
2439 715 2759 785 Augustini,
2799 715 2917 769 haec
2942 714 3295 784 suppeditat:
3331 733 3354 764 ι
3392 715 3695 769 Verecundia

2157 821 2363 875 magna
2389 810 2474 858 est
2503 819 2701 875 paena;
2735 803 2830 874 qui
2859 801 3140 857 erubescit
3164 818 3262 873 pro
3292 803 3499 857 Christo
3525 803 3696 873 dignus

2160 898 2242 947 est
2262 894 2442 946 venia.
2455 912 2480 944 »
2489 893 2556 945 Et
2570 897 2694 962 post
2711 905 2888 961 pauca
2902 908 2914 943 :
2928 910 2949 940 ι
2968 890 3150 944 Tanta
3165 890 3701 959 itaquevisconfessio-

2158 983 2243 1037 nis
2282 988 2369 1035 est
2413 985 2475 1035 ut
2516 981 2563 1033 si
2607 981 2766 1033 deest
2802 980 3080 1041 sacerdos,
3108 979 3434 1032 confiteatur
3460 980 3697 1049 proximo.

2160 1073 2317 1142 Saepe
2364 1071 2511 1124 enim
2560 1070 2835 1138 contingit
2886 1068 3034 1139 quod
3080 1068 3354 1139 poenitens
3401 1083 3505 1121 non
3546 1073 3703 1137 potest

2158 1160 2411 1214 conﬁteri
2439 1174 2629 1213 coram
2680 1158 2987 1215 sacerdote.
3040 1173 3206 1227 quem
3253 1154 3574 1209 desideranti
3614 1170 3700 1209 nec

2158 1251 2310 1303 locus
2339 1264 2441 1302 nec
2470 1253 2692 1317 tempus
2730 1246 2910 1299 offert.
2952 1246 3022 1299 Et
3063 1246 3110 1298 si
3157 1245 3252 1297 ille
3281 1244 3365 1297 cui
3392 1242 3704 1298 conﬁtebitur

2158 1343 2492 1409 potestatem
2536 1335 2784 1389 solvendi
2835 1350 2946 1387 non
3000 1333 3187 1395 habet,
3222 1333 3286 1386 ﬁt
3320 1337 3500 1386 tamen
3535 1332 3705 1401 dignus

2158 1428 2316 1481 venia
2343 1443 2405 1479 ex
2437 1425 2715 1478 desiderio
2750 1422 3075 1487 sacerdotis,
3119 1422 3215 1493 qui
3264 1421 3407 1474 socio
3447 1420 3705 1475 conﬁtetur

2154 1515 2564 1587 turpitudinem
2595 1513 2865 1566 criminis.
2901 1511 3157 1565 Mundati
3185 1510 3333 1564 enim
3363 1514 3489 1562 sunt
3511 1504 3703 1578 leprosi,

2154 1607 2288 1660 dum
2322 1605 2470 1657 irent
2498 1602 2794 1656 ostendere
2815 1617 2910 1653 ora
2932 1598 3333 1663 sacerdotibus,
3357 1603 3633 1667 antequam
3649 1596 3707 1649 ad

473 1680 611 1730 ’mur
640 1696 675 1731 a
705 1683 944 1750 peccatis
977 1701 989 1735 ε
1023 1684 1180 1737 Unde
1213 1691 1269 1738 et
1296 1702 1407 1739 non
1433 1687 1822 1753 dicimus:Ego
1852 1690 2130 1764 άίῖηὶίιθΔ
2154 1711 2249 1749 eos
2288 1691 2647 1764 pervenirent
2682 1692 2834 1758 (Luc,
2865 1702 3000 1753 xv“,
3039 1687 3145 1755 14),
3179 1687 3338 1742 Unde
3374 1692 3522 1757 patet
3546 1684 3707 1739 Domi-

486 1767 589 1819 tibi
612 1775 831 1835 peccata
867 1777 964 1824 tua
980 1790 995 1835 ;
1038 1774 1135 1825 sed
1187 1774 1424 1827 dicimus
1453 1776 1665 1829 orando
1702 1794 1714 1828 :
1747 1757 2138 1829 MiscreaturB
2157 1757 2389 1837 num-ad
2413 1796 2508 1833 cor
2531 1757 2826 1849 respicere,
2846 1777 2981 1830 dum
3003 1793 3068 1830 ex
3083 1776 3413 1829 necessitate
3448 1773 3708 1844 prohibe“.

488 1857 576 1909 tui
612 1862 953 1926 omnipotens
981 1863 1142 1931 Deus,
1178 1881 1200 1913 ι
1235 1869 1339 1917 etc.
1368 1865 1490 1917 Huc
1518 1880 1696 1935 usque
1726 1864 2071 1934 Radulphus,

488 1944 582 2014 qui
612 1947 817 2000 mirum
849 1949 906 2001 in
932 1950 1159 2003 modum
1209 1953 1543 2006 sententiam
1574 1954 1718 2007 hanc
1746 1954 1816 2006 de
1845 1953 2076 2007 occultis

490 2038 545 2086 et
574 2035 783 2104 apertis
803 2037 1022 2092 delictis
1050 2039 1313 2093 illustrat.

555 2122 608 2176 3.
642 2123 751 2177 Per
771 2125 870 2179 illa
898 2126 1084 2195 verba,
1114 2133 1417 2191 occulta,et
1431 2136 1638 2198 aperta,
1673 2131 2077 2186 confessionem

485 2208 544 2263 in
570 2227 778 2281 genere
810 2230 874 2268 ac
902 2215 960 2268 in
990 2218 1171 2287 specie
1216 2219 1398 2271 notari
1438 2220 1631 2272 volunt
1671 2221 1924 2273 nonnulli
1959 2240 1970 2272 :
2001 2222 2078 2275 si-

488 2300 714 2369 quidem
753 2318 881 2357 cum
919 2304 975 2357 in
1014 2321 1220 2375 genere
1250 2296 1532 2360 dicimus:
1569 2308 1684 2377 Ego
1713 2310 2076 2378 gravissimus

489 2394 751 2457 peccator
796 2390 853 2445 in
896 2392 1086 2447 multis
1114 2395 1442 2449 criminibus
1482 2397 1726 2450 divinam
1766 2398 2075 2451 bonitatem

487 2478 692 2531 offendi
726 2499 737 2532 :
768 2496 895 2534 cum
925 2484 1225 2537 recitamus
1253 2485 1535 2538 Conﬁteor
1550 2486 1665 2539 Deo
1686 2486 2074 2557 omnipotenti,

487 2571 618 2631 etc.,
657 2570 1000 2624 occultemus
1042 2580 1287 2641 peccata,
1321 2574 1772 2644 quandoquidem
1808 2592 1873 2627 ea
1903 2577 2077 2629 nomi-

488 2657 665 2709 natim
704 2657 935 2712 minime
983 2661 1353 2715 declaramus.
1398 2663 1696 2732 Speciatim
1736 2669 1925 2717 autem
1975 2664 2079 2717 cri-

488 2745 644 2798 mina
674 2761 776 2799 sua
799 2748 926 2817 quis
954 2750 1173 2820 aperire
1204 2751 1471 2813 noscitur,
1512 2753 1645 2805 dum
1692 2769 1741 2804 v.
1780 2769 1836 2822 g.
1870 2753 2080 2806 fatetur

490 2847 549 2885 se
578 2832 634 2887 in
666 2834 1092 2906 blasphemiam,
1135 2839 1579 2905 fornicationem,
1623 2847 1751 2905 etc.,
1788 2841 1956 2894 toties
1999 2843 2081 2895 in-

489 2922 711 2976 cidisse.
747 2924 814 2977 Et
842 2927 1139 2996 posteriori
1183 2928 1289 2981 hoc
1321 2929 1485 2981 modo
1517 2935 1743 2999 peccata
1773 2930 1874 2982 soli
1904 2945 2083 2983 sacer-

2156 1877 2253 1925 tur
2298 1871 2367 1923 ad
2418 1869 2736 1922 sacerdotes
2783 1867 3065 1919 accedere.
3116 1884 3138 1915 »
3190 1865 3391 1919 Petrus
3429 1860 3707 1926 Lombard.,

2159 1959 2284 2014 libr.
2317 1974 2389 2011 ιν.
2424 1958 2699 2011 Sentent..
2748 1955 2996 2008 distinct.
3033 1951 3117 2007 l7.
3156 1969 3182 2003 (ι
3224 1952 3284 2006 Si
3312 1950 3540 2005 defuerit
3562 1960 3712 2002 sacer-

2160 2048 2281 2112 dos,
2314 2046 2565 2118 proximo
2621 2044 2708 2097 vel
2756 2044 2905 2097 socio
2956 2048 3043 2095 est
3082 2040 3339 2095 facienda
3386 2038 3709 2093 confessio.)

2160 2138 2326 2199 Item,
2357 2135 2502 2188 infra
2536 2153 2546 2185 :
2584 2152 2605 2184 ι
2657 2131 3003 2195 Quaerendus
3030 2135 3115 2183 est
3144 2128 3407 2183 sacerdos
3435 2127 3637 2197 sapiens
3668 2129 3715 2178 et

2161 2227 2456 2286 discretus,
2490 2222 2732 2293 quicum
2756 2224 3033 2291 potestate
3047 2219 3214 2272 simul
3238 2217 3440 2271 habeat
3452 2214 3710 2286 judicium;

2159 2315 2254 2385 qui
2277 2315 2323 2367 si
2348 2313 2490 2366 forte
2512 2310 2771 2373 defuerit,
2800 2308 3053 2362 conﬁteri
3073 2307 3240 2360 debet
3271 2306 3436 2359 socio.
3479 2323 3499 2354 ι
3531 2302 3711 2357 Deinde

2160 2403 2353 2456 multis
2384 2399 2713 2469 interjectis,
2757 2413 2823 2451 ex
2844 2398 2909 2450 D.
2933 2397 3337 2467 Chrysostomo
3355 2393 3555 2464 profert
3586 2392 3710 2444 ista:

2167 2510 2189 2542 α
2233 2490 2337 2554 Qui
2377 2490 2538 2543 timet
2562 2487 2832 2556 judicium
2865 2485 2985 2550 Dei,
3020 2490 3311 2555 peccatum
3342 2497 3450 2535 non
3477 2475 3718 2534 erubescit

2162 2579 2435 2635 conﬁteri.
2470 2578 2757 2632 Perfectus
2780 2575 2952 2628 timor
2992 2573 3156 2627 solvit
3185 2587 3410 2625 onmem
3442 2569 3713 2640 pudorem;

2160 2668 2431 2723 confessio
2449 2666 2655 2737 peccati
2681 2665 2951 2735 pudorem
2968 2663 3153 2726 habet,
3164 2662 3355 2732 etipsa
3373 2656 3720 2713 erubescentia

2162 2763 2246 2811 est
2267 2756 2452 2827 gravis
2482 2770 2661 2826 poena.
2692 2753 2935 2823 Ideoque
2950 2751 3217 2821 jubemur
3234 2748 3485 2803 conﬁteri
3504 2753 3717 2818 peccata,

2161 2852 2225 2901 ut
2235 2844 2678 2898 erubescentiam
2702 2842 2988 2913 patiamur
3000 2856 3100 2911 pro
3114 2853 3298 2910 poena.
3325 2856 3353 2890 ι
3369 2840 3422 2893 S.
3434 2837 3657 2891 Thomas
3672 2832 3721 2885 in

2162 2934 2195 2990 4
2226 2939 2404 2997 sent.,
2424 2933 2552 2985 dist.
2584 2930 2664 2993 Π,
2695 2947 2746 3000 q.
2778 2928 2827 2993 3,
2861 2935 2965 2982 art.
3000 2929 3052 2992 3,
3088 2928 3159 2980 ad
3199 2945 3215 2980 ι
3244 2942 3418 2996 agens
3446 2924 3512 2977 de
3540 2920 3721 2975 confes-

486 3010 623 3075 doti,
653 3013 748 3082 qui
766 3010 973 3083 ligandi
999 3014 1204 3069 habeat
1230 3023 1561 3087 potestatem
1588 3024 1640 3070 et
1662 3018 1929 3085 solvendi,
1950 3024 2084 3073 sunt
2164 3024 2318 3077 sione
2348 3022 2490 3074 laico
2502 3016 2774 3081 facienda,
2803 3017 2898 3071 ubi
2927 3017 3086 3070 deest
3105 3016 3267 3086 copia
3283 3010 3598 3073 sacerdotis,
3621 3009 3719 3063 ait:

487 3101 826 3155 conﬁtenda.
857 3104 944 3156 Ita
979 3105 1294 3158 Alexander
1317 3106 1386 3158 de
1403 3105 1533 3159 Ales
1564 3106 1622 3159 in
1650 3106 1702 3160 4.
1731 3115 1877 3160 sent.
1908 3123 1961 3178 q.
1988 3106 2074 3163 78.
2099 3112 2144 3172 Ο
2170 3133 2191 3164 ‹
2236 3110 2472 3175 Quando
2494 3109 2794 3163 necessitas
2813 3106 3087 3170 imminet,
3102 3100 3271 3159 debet
3286 3100 3722 3173 facereptenitens

486 3194 593 3244 art.
626 3187 675 3247 1.

557 3279 615 3333 li.
646 3278 941 3335 Rationem
971 3298 1072 3335 cur
1095 3284 1226 3336 olim
1257 3284 1429 3337 fuerit
1442 3299 1548 3338 usu
1560 3291 1784 3355 recepta
1811 3285 2078 3339 confessio

487 3378 676 3420 coram
696 3369 857 3429 laico,
880 3369 1147 3424 adferunt
1165 3372 1308 3424 hanc
1336 3372 1602 3441 theologi,
1629 3374 1777 3442 quod
1801 3374 2078 3442 ejusmodi

485 3456 761 3509 confessio
777 3458 844 3510 ad
857 3458 1237 3513 confusionem
1253 3466 1310 3513 et
1325 3460 1791 3525 erubescentiam.
1812 3477 1934 3531 qua:
1949 3477 2077 3532 pars

487 3547 575 3595 est
608 3561 645 3600 πή
668 3550 793 3610 με
820 3547 1235 3606 satisfactionis,
1286 3548 1603 3617 ordinetur;
1631 3551 1713 3603 illi
1743 3551 1951 3603 etenim
1982 3551 2078 3620 qui

487 3630 648 3695 laico,
678 3648 779 3686 seu
827 3649 937 3688 non
982 3637 1281 3702 sacerdoti,
1326 3643 1385 3691 et
1431 3637 1535 3691 sibi
1578 3640 1777 3709 aequali
1817 3640 2079 3710 aperiunt

487 3720 698 3774 scelera
725 3737 846 3787 sua,
882 3724 938 3777 id
964 3740 1029 3778 ex
1061 3726 1397 3780 contritione
1422 3732 1596 3797 agant
1617 3744 1844 3781 necesse
1883 3736 1986 3784 est.
2014 3745 2078 3782 ac

487 3809 724 3877 proinde
760 3812 965 3866 virtute
1018 3814 1352 3869 humilitatis
1394 3817 1654 3886 supplere
1705 3818 1852 3871 Deus
1901 3818 2077 3871 vicem

487 3899 812 3966 sacerdotis,
860 3907 918 3955 et
962 3903 1203 3972 gratiam
1251 3908 1381 3971 (non
1423 3919 1556 3958 sane
1589 3907 2074 3972 sacramentalem,

486 4001 615 4041 cum
640 3993 1063 4046 sacramentalis
1091 3994 1320 4048 minime
1358 3995 1527 4048 fuerit
1553 3997 1841 4063 confessio)
1875 3997 2078 4067 imper-

486 4075 581 4129 tiri
637 4079 845 4132 eisdem
903 4082 1279 4151 prazsumitur.
1314 4080 1400 4137 Ita
1447 4099 1580 4153 ergo
1630 4085 1684 4137 ll.
1734 4084 2077 4139 Lanfrancus

2161 3201 2309 3272 quod
2345 3217 2408 3253 ex
2435 3205 2593 3270 parte
2623 3213 2723 3251 sua
2753 3190 2867 3260 est,
2905 3195 3117 3249 scilicet
3153 3193 3370 3248 conteri
3411 3198 3467 3246 et
3501 3185 3724 3243 conﬁteri

2160 3291 2251 3343 cui
2280 3295 2481 3361 potest,
2515 3288 2608 3358 qui
2637 3286 2891 3358 quamvis
2911 3290 3327 3340 sacramentum
3357 3282 3613 3354 perﬁcere
3629 3291 3723 3330 non

2161 3378 2335 3448 possit
2368 3382 2431 3430 ut
2459 3377 2626 3429 faciat
2659 3375 2713 3427 id
2754 3373 2901 3445 quod
2932 3388 3000 3426 ex
3032 3377 3190 3443 parte
3234 3370 3556 3433 sacerdotis,
3585 3365 3726 3419 abso-

2160 3467 2429 3519 lutionem
2452 3464 2875 3526 scilicet,tamen
2895 3461 3169 3516 defectum
3182 3459 3725 3513 sacerdotissummus

2162 3552 2438 3607 Sacerdos
2469 3553 2725 3623 supplet;
2760 3550 3123 3604 nihilominus
3169 3546 3443 3602 confessio
3492 3545 3624 3600 laico
3670 3555 3725 3593 ex

2160 3643 2437 3697 desiderio
2485 3642 2788 3695 sacerdotis
2818 3640 2985 3701 facta,
3018 3637 3446 3692 sacramentalis
3488 3640 3569 3689 est
3605 3645 3726 3702 quo-

2158 3732 2479 3801 dammodo,
2493 3730 2748 3801 quamvis
2765 3745 2877 3783 non
2894 3729 2971 3782 sit
2988 3732 3408 3782 sacramentum
3423 3724 3722 3796 perfectum,

2161 3821 2294 3891 quia
2337 3820 2495 3874 deest
2541 3820 2591 3873 ei
2641 3819 2787 3889 quod
2839 3825 2926 3872 est
2971 3833 3037 3871 ex
3084 3822 3244 3887 parte
3269 3813 3589 3870 sacerdotis.
3617 3828 3641 3861 θ
3671 3807 3729 3861 Et

2159 3910 2326 3980 paulo
2350 3914 2474 3979 post
2528 3927 2553 3959 α
2596 3907 2861 3972 Quamvis
2890 3907 2986 3960 ille
3027 3905 3123 3976 qui
3171 3905 3317 3959 laico
3359 3902 3632 3957 confessus
3657 3901 3730 3950 est

2160 3998 2219 4050 in
2256 3998 2490 4051 articulo
2502 3996 2873 4063 necessitatis,
2887 4000 3220 4048 consecutus
3230 3993 3310 4046 sit
3326 3991 3545 4046 veniam
3565 4003 3598 4042 a
3609 3986 3726 4050 Deo,

2160 4102 2225 4139 eo
2250 4087 2396 4155 quod
2425 4085 2774 4156 propositum
2818 4082 3138 4147 conﬁtendi,
3186 4082 3497 4136 secundum
3527 4075 3731 4131 manda-

487 4166 705 4219 occulta
752 4169 932 4223 solum
989 4169 1142 4224 omni
1191 4171 1308 4225 viro
1355 4169 1725 4226 ecclesiastico
1766 4173 2078 4243 detegenda
2159 4181 2279 4229 tum
2309 4175 2428 4240 Dei,
2453 4174 2597 4245 quod
2626 4174 2895 4243 concepit,
2925 4173 3071 4226 sicut
3096 4171 3301 4247 potuit,
3336 4166 3595 4240 implevit,
3633 4175 3731 4218 non

486 4256 747 4321 consulit,
780 4258 1057 4328 siquidem
1084 4274 1148 4313 ex
1176 4260 1866 4331 hujusmodipeccatorum
1895 4262 2078 4332 prodi-
2159 4270 2348 4318 tamen
2378 4264 2559 4317 adhuc
2591 4263 2845 4317 Ecclesiae
2865 4260 3255 4315 reconciliatus
3266 4265 3374 4323 est,
3398 4264 3462 4313 ut
3481 4257 3550 4310 ad
3573 4263 3733 4308 sacta-

486 4346 640 4398 tione
688 4353 995 4414 generatur
1018 4350 1352 4402 verecundia
1394 4356 1451 4403 et
1477 4351 1563 4403 sui
1594 4350 1769 4421 ipsius
1797 4350 2033 4419 abjectio
2058 4367 2070 4411 ;
2094 4358 2351 4448 Dmenta
2384 4352 2638 4406 Ecclesiae
2668 4350 2887 4404 admitti
2915 4349 3134 4407 debeat,
3167 4348 3277 4402 nisi
3311 4348 3471 4419 prius
3505 4360 3539 4398 a
3574 4352 3733 4396 sacer-

485 4433 635 4486 unde
663 4434 935 4489 conﬁtens
982 4437 1172 4491 divina
1224 4439 1607 4492 misericordia
1652 4445 1820 4509 atque
1860 4433 2292 4512 integra'fdote
2323 4441 2644 4495 absolvatur
2696 4460 2716 4489 ι
2752 4434 3048 4494 Rationem
3073 4436 3297 4492 atfertS
3344 4438 3731 4490 Bonaventura,

486 4524 838 4590 peccatorum
873 4525 1032 4578 venia
1078 4528 1142 4579 ﬁt
1181 4523 1403 4596 dignus.
1446 4528 1526 4580 De
1566 4528 1775 4598 apertis
1805 4544 1952 4593 vero,
1981 4544 2081 4583 seu
2164 4546 2337 4601 quare
2366 4530 2640 4583 confessio
2670 4529 2789 4582 ﬁeri
2810 4528 2989 4598 possit
3008 4527 3157 4581 socio
3173 4526 3232 4579 in
3259 4526 3289 4579 4
3317 4529 3485 4585 sent.,
3514 4521 3637 4575 dist.
3658 4512 3732 4581 l7,

490 4610 725 4681 publicis
741 4614 965 4667 nonita.
983 4615 1089 4677 Qui
1109 4616 1259 4668 enim
1289 4616 1628 4670 suffunditur
1643 4618 2080 4687 humiliaturque
2162 4635 2281 4690 par.
2315 4631 2397 4684 Ill,
2431 4618 2562 4672 dub.
2595 4619 2622 4671 1
2649 4633 2661 4672 :
2684 4637 2706 4669 ι
2734 4619 2856 4671 Non
2884 4618 2949 4669 ﬁt
2966 4616 3135 4679 socio,
3165 4620 3229 4668 ut
3257 4610 3736 4684 suppleaturlocus

488 4699 677 4767 homo,
705 4716 835 4755 cum
864 4719 933 4755 ea
971 4718 1092 4773 quae
1127 4704 1385 4757 omnibus
1427 4712 1560 4759 sunt
1601 4713 1733 4759 nota
1783 4712 1840 4759 et
1888 4723 2077 4759 coram
2160 4708 2480 4772 sacerdotis,
2508 4707 2593 4760 vel
2651 4714 2714 4760 ut
2756 4704 3030 4760 confessio
3075 4709 3498 4757 sacramentum
3539 4712 3602 4753 ex
3645 4697 3736 4749 hoc

490 4787 764 4842 universis
785 4796 1013 4859 peracta
1031 4792 1331 4846 conﬁtetur
1352 4792 1604 4863 ?Nempe
1638 4794 1686 4847 si
1715 4794 1999 4848 hominem
2020 4795 2079 4849 in
2164 4796 2456 4860 habeatur,
2504 4796 2599 4849 sed
2645 4800 2708 4848 ut
2744 4795 3002 4847 voluntas
3032 4792 3355 4846 conﬁtentis
3380 4789 3659 4862 probetur,
3690 4788 3739 4837 et

487 4875 608 4929 foro
656 4877 781 4947 quis
841 4878 1122 4946 occiderit,
1183 4886 1410 4951 propter
1459 4880 1860 4953 blasphemiam
1909 4884 2082 4937 fuerit
2162 4886 2494 4949 innotescat,
2529 4891 2593 4938 ut
2618 4888 2801 4937 totum
2842 4883 2989 4952 quod
3036 4882 3093 4935 in
3135 4897 3195 4935 se
3233 4887 3320 4935 est
3367 4876 3555 4939 faciat,
3588 4894 3609 4927 ο
3641 4879 3735 4927 etC-

487 4972 669 5019 morte
697 4967 1015 5033 damnatus,
1040 4969 1096 5022 in
1119 4970 1521 5040 domopropria
1538 4970 1821 5041 publicum
1844 4972 2079 5042 lupanar
2162 4974 2462 5028 Durandus
2495 4974 2563 5027 de
2583 4973 2637 5030 S.
2658 4970 2948 5032 Porciano,
2973 4972 3032 5024 in
3055 4969 3146 5023 lib.
3176 4982 3250 5023 Iv.
3289 4970 3431 5024 Sent
3457 5011 3470 5033 ,
3498 4966 3625 5022 dist.
3660 4962 3737 5025 i7,

488 5054 689 5120 foveat,
711 5062 814 5110 etc.
840 5057 977 5111 nihil
999 5059 1195 5113 exinde
1216 5068 1401 5113 sumet
1437 5060 1771 5114 humilitatis
1799 5066 1899 5113 aut
1928 5076 2081 5114 vere-
2162 5079 2216 5133 q.
2247 5063 2259 5117 l
2284 5062 2407 5125 Lex
2435 5061 2698 5131 opinione
2718 5056 3091 5130 quorumdam
3119 5058 3238 5112 hzec
3256 5057 3429 5111 habet
3450 5076 3495 5113 τι
3520 5051 3739 5120 Quando

486 5146 724 5212 cundiae,
757 5146 853 5200 ubi
876 5163 940 5201 ea
971 5149 1119 5202 socio
1148 5150 1492 5215 revelaverit,
1511 5165 1693 5219 neque
1714 5149 2077 5203 confessionis
2162 5152 2319 5205 deest
2348 5150 2654 5204 sacerdotis
2684 5150 2931 5219 copla,et
2949 5148 3253 5202 necessitas
3283 5145 3562 5209 imminet,
3588 5140 3742 5198 debet

486 5236 691 5290 virtute
718 5236 1049 5290 delictorum
1086 5238 1492 5307 indulgentiam
1528 5237 1837 5291 merebitur
1863 5238 2035 5291 ullam
2060 5257 2073 5304 ;

484 5326 691 5396 quippe
720 5323 896 5390 deest,
935 5327 1025 5378 cui
1054 5326 1291 5396 aperuit,
1325 5333 1679 5396 peccatorum
1723 5327 2075 5396 iigandorum

485 5415 989 5485 solvendorumque
1020 5421 1267 5485 potestas
1307 5432 1429 5485 quae
1458 5416 1560 5468 soli
1590 5416 1861 5485 competit
1897 5429 2076 5468 sacer-

484 5503 624 5557 doti.
661 5506 844 5573 Atque
873 5505 990 5557 haec
1021 5504 1297 5575 posterior
1337 5504 1627 5559 sententiae
1665 5504 1727 5557 B.
1779 5504 2076 5559 Lanfranci

483 5589 875 5661 interpretatio
887 5593 1024 5646 mihi
1044 5593 1224 5662 magis
1235 5593 1464 5659 arridet;
1481 5578 1671 5647 verum
1686 5591 2077 5662 theologorum

2159 5240 2341 5293 facere
2372 5239 2651 5309 pcenitcns
2691 5239 2834 5307 quod
2875 5238 2933 5290 in
2967 5253 3035 5312 se.
3070 5242 3155 5290 est
3188 5235 3420 5303 (scilicet
3457 5228 3666 5287 conteri
3687 5233 3737 5281 et

2159 5326 2413 5380 conﬁteri
2478 5323 2565 5380 cui
2641 5332 2840 5396 potest,
2891 5325 3091 5378 clerico
3145 5339 3257 5377 non
3311 5319 3609 5383 sacerdoti,
3657 5314 3736 5368 vel

2158 5416 2341 5481 laico).
2385 5415 2491 5469 Sed
2539 5415 2687 5468 istud
2735 5429 2845 5467 non
2903 5414 3121 5466 videtur
3172 5410 3575 5467 necessarium,
3616 5405 3737 5477 quia

2157 5509 2410 5558 cessante
2430 5502 2720 5574 principali
2739 5508 2919 5556 cessat
2930 5502 3328 5565 arcessorium;
3354 5498 3455 5552 sed
3476 5493 3736 5552 confessio

2158 5592 2224 5647 ﬁt
2240 5592 2624 5664 principaliter
2652 5597 2883 5662 prepter
2909 5588 3318 5645 absolutionem
3343 5605 3358 5654 ;
3386 5600 3524 5656 ergo
3537 5585 3586 5639 si
3604 5580 3739 5638 desit
