3864 6176
191 339 274 397 637
1317 333 1558 390 sermo
1603 329 1764 388 sm;
1803 325 2250 386 SENTENTIA}.
2580 416 2585 420 ﬁ
3317 285 3426 394 533

191 464 323 537 copia
343 463 639 518 sacerdotis
653 461 1010 529 absolventis,
1033 463 1130 535 qui
1148 459 1300 517 solus
1322 465 1506 533 potest
1534 461 1592 514 in
1622 459 1741 514 foro
1758 461 1808 518 A
1827 460 2085 526 desperes.
2145 455 2264 510 Hoc
2309 453 2428 510 loco
2478 472 2592 510 non
2643 453 2876 510 obscure
2924 455 3086 514 docet
3136 465 3333 515 auctor
3361 461 3432 517 de

191 553 496 626 poenitentiae
539 552 848 615 absolvere,
891 551 1181 606 absolutus
1234 557 1320 606 est
1358 549 1636 622 pmnitens
1678 547 1747 602 ab
1830 546 2174 602 confessione
2230 546 2287 600 in
2332 551 2580 599 extrema
2618 545 2952 601 necessitate
2987 547 3245 604 facienda
3274 552 3431 622 prius

189 642 492 712 obligatione
521 641 902 696 confessionis.
944 643 1184 710 Propter
1221 641 1324 694 hoc
1364 646 1548 711 potest
1584 639 1750 692 aliter
1829 635 2000 690 fuisse
2045 637 2325 699 locutum;
2360 650 2462 687 nec
2492 651 2604 688 non
2651 641 2706 688 et
2731 635 2927 688 eadem
2958 653 3188 706 prorsus
3213 646 3428 707 mente,

189 733 278 786 dici
305 731 442 802 quod
473 746 766 800 nunquam
805 735 891 784 est
931 729 1312 784 necessarium
1341 728 1596 784 conﬁteri
1635 744 1745 782 non
1830 724 3433 799 quaesequuntursanctorumPatrumauctoritatessubje-

188 820 445 884 sacerdoti;
465 825 552 884 est
569 825 760 873 tamen
776 819 1071 885 licitum,si
1094 820 1193 873 ﬁat
1211 814 1277 873 ex
1289 819 1406 872 sola
1423 817 1744 872 humilitate
1829 815 1969 868 cisse
1997 834 2010 882 ;
2065 815 2460 870 necessitatem
2491 831 2619 868 vero
2647 813 2914 885 intelligit
2956 831 3101 878 eam,
3133 815 3269 870 dum
3299 835 3425 888 pro-

187 904 242 959 ad
274 901 579 958 habendum
617 901 935 970 consilium,
988 900 1074 956 vel
1129 899 1202 956 ad
1259 899 1744 956 verecundandum
1827 903 2731 975 prium,aliumvesacerdotem,et
2749 924 2888 977 quos
2921 923 3090 978 supra
3114 905 3416 974 recensuit,

187 998 382 1064 propter
402 992 603 1058 Deum,
637 1009 764 1045 cum
795 990 1128 1046 verecundia
1158 991 1232 1046 sit
1257 1008 1385 1062 pars
1415 990 1746 1044 satisfactio-
1829 989 2034 1064 quibus
2078 999 2202 1047 tuto
2231 999 2289 1047 et
2313 993 2523 1064 absque
2569 991 2962 1064 publicationis
2985 994 3184 1050 timore
3213 995 3426 1050 scelera

187 1081 271 1147 nis,
287 1081 582 1134 dummodo
602 1083 876 1134 conﬁtens
907 1097 1018 1134 non
1051 1097 1112 1134 se
1142 1079 1400 1150 subjiciat
1425 1096 1536 1134 non
1567 1095 1748 1132 sacer-
1829 1099 1932 1135 sua
1957 1081 2220 1152 deponat,
2244 1083 2506 1154 nuspiam
2540 1087 2725 1154 potest
2751 1082 3020 1136 invenire.

189 1169 280 1222 doti
303 1169 782 1224 sacramentaliter
807 1175 871 1223 ut
897 1168 1172 1234 ministro,
1218 1189 1240 1220 ι
1282 1176 1386 1222 etc.
1425 1168 1746 1224 Dominicus
1903 1169 1984 1238 (η)
2018 1172 2160 1238 Quia
2213 1173 2276 1224 in
2324 1172 2420 1225 hoc
2465 1174 2702 1225 Patrum
2753 1177 3086 1225 conveniunt
3124 1173 3428 1228 sententia).

190 1258 296 1312 Soto
321 1257 376 1311 in
402 1262 434 1310 4
463 1265 636 1328 sent,
666 1258 778 1311 dist
833 1258 916 1322 i8,
949 1276 983 1328 q
1047 1264 1098 1322 4,
1143 1275 1194 1311 a.
1243 1257 1284 1318 Ι,
1327 1257 1432 1312 sub
1475 1257 1740 1323 medium,
1829 1257 2097 1326 Magister
2120 1259 2524 1312 sententiarum
2556 1257 2651 1312 ubi
2674 1275 2864 1330 supra,
2898 1265 2954 1312 et
2970 1257 3270 1312 cardinalis
3301 1257 3432 1312 Bel-

187 1346 240 1400 de
282 1347 374 1400 hac
411 1363 473 1399 re
525 1345 676 1400 inter
703 1347 816 1400 alia
847 1347 962 1401 haec
994 1347 1206 1418 profert
1236 1367 1247 1399 :
1287 1365 1308 1394 «
1347 1345 1747 1400 Erubescentia
1828 1346 2099 1400 larminus
2124 1363 2244 1418 cap.
2288 1351 2342 1397 lii
2385 1353 2440 1401 et
2467 1347 2556 1406 ‘20.
2595 1348 2630 1400 Ι.
2670 1362 2734 1400 In
2761 1349 2840 1401 De
2872 1347 3227 1418 poenitentia,
3261 1347 3432 1402 hasce

186 1435 468 1500 conﬁtendi,
503 1442 561 1489 et
599 1435 888 1490 humilitas
927 1436 1215 1507 augebunt
1252 1435 1331 1489 illi
1364 1436 1647 1499 meritum,
1689 1441 1747 1488 et
1827 1435 2057 1489 Patrum
2086 1436 2392 1490 sententias
2423 1436 2492 1490 de
2520 1436 2742 1508 publica
2771 1435 3118 1490 confessione
3149 1436 3430 1507 interpre-

184 1521 432 1594 potet-itab
448 1523 548 1578 illo
563 1524 743 1578 amico
759 1525 1055 1579 consilium
1085 1525 1426 1595 accipere,et
1467 1524 1744 1578 medelam
1828 1531 2040 1578 tantur.
2075 1525 2207 1578 Illos
2236 1525 2483 1589 consule,
2517 1525 2562 1577 si
2589 1523 2761 1578 lubet.
2796 1523 3038 1578 Easdem
3062 1523 3432 1578 nihilominus

185 1613 546 1666 suiscurandis
573 1613 802 1668 morbis.
833 1634 856 1664 ι
884 1614 1128 1684 Etpaulo
1151 1619 1277 1684 post
1300 1618 1491 1677 336
1513 1629 1746 1682 respon-
1829 1613 2136 1668 sententias
2165 1614 2234 1667 de
2260 1614 2602 1668 revelatione
2619 1630 2717 1667 seu
2747 1612 3080 1667 infractione
3111 1612 3282 1681 sigilli
3301 1629 3431 1667 con-

183 1702 259 1754 det
279 1701 448 1766 Scuto,
494 1701 594 1772 qui
624 1701 898 1771 ejusmodi
928 1701 1335 1756 confessionem
1363 1701 1418 1754 in
1449 1701 1748 1754 detrimen-
1827 1701 2082 1756 fessionis
2126 1718 2246 1755 esse
2285 1702 2694 1772 intelligendas,
2729 1703 3067 1755 contendere
3106 1701 3329 1754 videtur
3361 1699 3426 1756 B.

186 1797 278 1843 tum
305 1790 412 1844 fore
434 1791 639 1844 salutis
664 1790 910 1844 afﬁrmat
941 1809 952 1842 :
999 1811 1021 1842 α
1057 1789 1399 1844 Moderatius
1427 1797 1639 1856 tamen,
1664 1790 1810 1886 in-B
1829 1791 2202 1861 Lanfrancus;
2231 1793 2327 1847 ubi
2359 1792 2610 1846 videlicet
2623 1809 2836 1858 secure,
2855 1795 2943 1846 cui
2973 1791 3149 1863 possit
3167 1789 3422 1845 commit-

185 1877 281 1948 quit
300 1879 403 1946 ille,
429 1879 623 1932 dicere
654 1896 952 1950 possumus
969 1879 1088 1948 jam
1120 1896 1232 1932 non
1264 1895 1384 1932 esse
1405 1879 1464 1932 in
1493 1896 1622 1938 usu.
1643 1895 1744 1933 ne-
1767 1877 1807 1886 “’
1828 1885 1946 1934 tere
1993 1898 2096 1935 sua
2137 1889 2382 1952 peccata,
2418 1882 2577 1936 adest
2602 1900 2766 1936 nemo
2796 1902 2809 1949 ;
2853 1883 3006 1937 velut
3052 1881 3170 1953 ipse
3200 1878 3427 1937 disertis

185 1983 268 2037 que
298 1983 411 2021 esse
440 1968 868 2032 consulendam,
917 1988 939 2018 ι
997 1973 1102 2022 etc.
1143 1967 1362 2021 Videsis
1413 1967 1583 2022 etiam
1615 1968 1744 2022 Ale-
1825 1969 2007 2023 verbis
2027 1969 2214 2025 innuit
2243 1991 2255 2026 :
2292 1990 2315 2022 ί
2353 1971 2510 2034 Quod
2535 1971 2582 2024 si
2613 1987 2776 2024 nemo
2807 1971 2896 2025 cui
2921 1969 3240 2025 conﬁtearis
3272 1969 3424 2024 inve-

185 2056 421 2110 xandrum
449 2057 524 2110 de
553 2058 688 2111 Ales
716 2055 774 2110 in
803 2057 840 2110 4
871 2062 1000 2111 sent
1031 2074 1104 2127 .q.
1128 2055 1538 2121 78,membr01,
1561 2057 1698 2110 art.l
1725 2076 1738 2124 ;
1826 2059 1998 2124 nitur,
2026 2076 2095 2112 ne
2121 2057 2399 2130 desperes,
2431 2060 2564 2130 quia
2597 2059 2655 2113 in
2688 2061 2794 2113 hoc
2836 2060 3070 2114 Patrum
3089 2059 3429 2114 conveniunt

187 2143 484 2212 Gabrielem,
541 2146 656 2200 dist
723 2145 814 2208 17,
853 2163 887 2216 q
939 2147 986 2210 l,
1029 2145 1160 2199 dub.
1205 2145 1265 2212 7;
1322 2147 1666 2216 Sylvestrum
1695 2145 1744 2198 V
1825 2147 2134 2213 sententiae,
2164 2154 2228 2201 ut
2267 2146 2502 2201 Domino
2533 2147 2872 2202 conﬁtearis.
2898 2165 2925 2199 ι

185 2232 458 2288 Confessor.
487 2233 545 2300 1,
589 2253 644 2306 q.
685 2239 699 2286 l
725 2253 737 2302 ;
781 2235 1015 2288 Navarri
1047 2251 1224 2302 man.,
1255 2251 1376 2306 cap.
1419 2233 1505 2296 24,
1550 2252 1605 2288 n.
1637 2236 1698 2290 4t
1726 2253 1740 2302 ;
1899 2233 1986 2302 (⁸³)
2011 2237 2288 2290 Maximus
2309 2241 2371 2290 in
2391 2253 2638 2290 sermone
2660 2237 2929 2305 paschali.
2949 2237 3060 2290 Seu
3082 2235 3146 2292 B.
3177 2233 3421 2290 Ambro-

185 2322 321 2374 Guill.
344 2323 566 2377 Estium
599 2324 658 2376 in
682 2322 734 2375 4.
769 2329 936 2387 sent.,
970 2323 1097 2376 dist.
1139 2323 1222 2388 I7,
1254 2322 1281 2396 §
1311 2325 1359 2376 1.
1399 2344 1419 2373 ι
1825 2323 1963 2390 sius,
1991 2321 2087 2378 lib.
2122 2343 2157 2379 x
2187 2325 2246 2379 in
2277 2325 2486 2379 Lucam
2513 2342 2636 2396 cap.
2664 2325 2754 2380 96.
2773 2325 2902 2378 Haec
2931 2331 2988 2379 et
3018 2341 3139 2397 quae
3167 2325 3427 2396 sequitur

240 2409 314 2481 (¹⁰)
341 2413 401 2466 Et
428 2413 699 2481 quosdam
731 2417 1052 2465 sanctorum
1090 2415 1325 2465 Patrum
1361 2413 1616 2481 legimus,
1647 2415 1746 2481 qui
1828 2414 1884 2468 S.
1935 2413 2136 2468 Leonis
2193 2413 2494 2476 sententia,
2527 2413 2746 2468 duobus
2794 2414 2972 2468 modis
3013 2431 3044 2468 a
3079 2413 3423 2468 Bellarmino

181 2503 369 2553 animos
383 2506 674 2567 rexerant,
699 2507 748 2554 et
771 2506 954 2554 tamen
977 2515 1169 2552 eorum
1199 2501 1419 2553 ordines
1449 2503 1738 2554 noscimus.
1825 2503 2154 2572 explicatur,
2187 2503 2308 2557 loco
2333 2502 2522 2567 citato,
2547 2520 2592 2555 c.
2628 2507 2714 2565 2η,
2735 2501 2839 2556 sub
2871 2503 3038 2556 ﬁnem
3065 2519 3078 2557 :
3107 2501 3184 2555 Li
3217 2503 3429 2558 Eodem

184 2585 311 2648 Quod
339 2595 694 2660 compertum
721 2586 1025 2641 habeturin
1045 2587 1741 2654 SS.Antonio,Ililarione,
1827 2596 2080 2662 tempore
2135 2591 2387 2645 nondum
2445 2591 2758 2646 institutam
2800 2591 2972 2645 fuisse
3011 2591 3425 2646 confessionem

182 2675 379 2740 Pambn,
409 2677 684 2742 Macario,
740 2677 1034 2730 Francisco
1072 2675 1142 2729 de
1198 2677 1390 2740 Paula,
1426 2685 1594 2748 atque
1620 2678 1746 2731 aliis
1828 2681 2312 2744 sacramentalem,
2369 2697 2433 2734 ac
2483 2697 2583 2750 per
2626 2679 2729 2733 hoc
2767 2680 2906 2733 nihil
2944 2697 3066 2733 esse
3107 2679 3333 2746 mirum,
3377 2681 3426 2734 si

181 2765 614 2835 quamplurimis;
672 2765 741 2818 de
790 2781 1028 2835 quorum
1088 2763 1372 2818 ordinibus
1411 2783 1480 2818 ne
1511 2765 1742 2820 verbum
1827 2769 1979 2822 Petri
2004 2768 2278 2822 confessio
2309 2785 2422 2822 non
2451 2769 2690 2839 legatur.
2724 2766 2936 2822 Deinde
2967 2769 3025 2824 S.
3061 2768 3426 2822 Ambrosium

180 2853 373 2922 quidem
401 2853 555 2924 apud
586 2853 851 2926 probatos
870 2853 1170 2924 scriptores
1192 2853 1508 2908 offenderis.
1543 2853 1742 2910 Coram
1827 2857 1979 2927 loqui
2033 2858 2102 2910 de
2154 2857 2438 2927 lacrymis,
2489 2875 2612 2928 quae
2657 2855 3065 2912 confessionem
3121 2857 3428 2928 quamdam

181 2940 266 2994 illis
295 2943 469 3008 modo,
503 2961 621 3016 quo
647 2959 818 3013 supra
839 2943 895 2996 in
929 2943 1112 3013 priore
1143 2943 1508 3013 explicatione
1533 2944 1742 2999 dictum
1827 2945 2151 3012 continent;
2193 2945 2273 3000 sic
2297 2945 2445 3000 enim
2473 2946 2530 2998 S.
2560 2945 2780 3011 Petrus,
2807 2962 2934 3000 cum
2975 2945 3144 3000 sciret
3202 2945 3426 2999 Christo
3461 2969 3470 2977 -

181 3036 248 3082 est
267 3031 329 3085 de
352 3033 587 3087 occultis
619 3039 676 3086 et
717 3031 926 3102 apertis
975 3031 1218 3102 peccatis
1246 3032 1534 3097 (nimirum
1565 3033 1747 3088 direc-
1830 3040 2025 3088 notum
2057 3035 2227 3088 fuisse
2255 3035 2467 3088 crimen
2496 3051 2684 3091 suum.
2709 3051 2822 3088 non
2845 3031 3110 3097 voce,sed
3131 3030 3419 3105 lacrymis,

181 3119 320 3172 tionis
343 3122 570 3190 gratia),
607 3119 819 3176 ﬁebant
845 3119 1240 3176 confessiones.
1771 3137 1815 3197 ρ
1835 3124 2119 3178 confessus
2159 3130 2271 3190 est;
2299 3123 2351 3177 id
2380 3121 2528 3194 quod
2554 3123 2782 3176 omnino
2804 3121 3011 3177 sufﬁcit
3039 3122 3098 3176 in
3127 3121 3430 3178 confessio-

237 3209 312 3278 (η)
337 3212 489 3278 Quod
515 3215 571 3264 si
604 3227 784 3277 nemo,
825 3212 918 3262 cui
947 3211 1277 3278 conﬁtearis,
1325 3213 1635 3278 invenitur,
1677 3229 1744 3266 ne
1824 3229 1895 3266 ne
1921 3229 2044 3283 quae
2072 3213 2138 3266 ﬁt
2166 3214 2302 3280 Deo,
2329 3214 2423 3284 qui
2453 3211 2642 3266 omnia
2670 3212 2848 3280 novit,
2885 3233 2910 3264 »
2943 3217 3051 3271 etc.

1359 3323 1489 3371 SOLI
1515 3328 1634 3372 Ι)Εο
1666 3327 1870 3374 HONOR
1895 3327 1972 3370 ET
1994 3325 2242 3374 GLORIA.

203 3498 3297 3524 MWW

1028 3599 1130 3658 DE
1161 3595 1572 3660 OPUSCULO
1605 3591 2143 3664 SUBSEQUENTI
2176 3589 2564 3655 MONITUM.

1240 3727 1424 3810 (Hist.
1461 3727 1579 3790 litt.
1611 3727 1686 3789 de
1715 3727 1775 3786 la
1808 3719 2062 3800 France,
2098 3725 2258 3800 VIII,
2283 3725 2455 3806 293.)

233 3969 322 4024 Les
340 3971 604 4026 derniers
629 3970 878 4024 éditeurs
902 3969 972 4023 de
993 3969 1048 4023 la
1074 3967 1466 4039 Bibliotheque
1487 3969 1586 4022 des
1609 3969 1780 4022 Peres
1809 3973 1909 4022 ont
1933 3969 2124 4039 ajouté
2147 3983 2260 4020 aux
2289 3967 2454 4039 écrits
2483 3966 2553 4020 de
2577 3965 2854 4020 Lanfranc
2870 3965 3116 4039 publies
3139 3979 3243 4039 par
3284 3961 3428 4016 Dom

175 4039 399 4114 d’Acheri
439 4059 521 4096 un
566 4048 732 4096 autre
776 4039 1041 4114 opusculo
1085 4037 1309 4114 intitulé
1349 4035 1580 4114 Serman
1614 4057 1686 4094 ou
1718 4035 2000 4114 Scroitcnccfs
2049 4041 2112 4094 de
2143 4037 2510 4114 lfarchecéqim
2541 4035 3342 4114 [ian/ﬂius._D_om_d’ArcherL
3358 4047 3432 4114 ne

176 4109 354 4179 l‘ayant
379 4115 693 4168 découvert
721 4104 830 4182 que
861 4113 982 4182 plus
1010 4112 1078 4165 de
1105 4111 1278 4164 douze
1307 4127 1415 4182 ans
1439 4111 1601 4180 apres
1631 4111 1784 4164 avoir
1799 4110 1983 4164 donné
2012 4127 2112 4164 son
2150 4108 2382 4182 edition,
2415 4104 2603 4161 l’avait
2625 4107 2752 4174 déja
2774 4106 2960 4182 publié
2991 4107 3136 4182 dans
3164 4119 3272 4182 son
3309 4104 3431 4182 Spi:

174 4173 318 4266 cili-ﬁge
340 4191 377 4238 t.
417 4185 525 4266 lV._
551 4203 613 4266 ρΣ
645 4173 766 4244 ΞῖΪ,
798 4173 923 4246 22's,
951 4183 1234 4266 lors'qu’on
1254 4181 1448 4266 lja‘fait
1473 4173 1668 4266 entrer
1687 4182 1828 4266 dans
1851 4181 2052 4266 lia-utre
2077 4179 2460 4266 recueil‘ﬂ’est'
2479 4195 2554 4232 un
2583 4173 3429 4266 qouftfmaisfexcellent

177 4244 440 4326 ascritique,
467 4244 687 4326 ou'l’on
714 4244 1002 4308 reconnait
1023 4244 1298 4326 aisément
1334 4253 1389 4326 la
1433 4253 1621 4326 plume
1663 4259 1720 4326 et
1748 4255 1804 4306 la
1827 4251 1974 4326 piété
1995 4253 2064 4304 de
2093 4251 2234 4326 celui
2263 4251 2400 4326 dont
2427 4251 2461 4302 il
2497 4254 2655 4326 porte
2685 4247 3226 4326 le‘nom._Lanfranc
3253 4261 3288 4314 y
3327 4244 3432 4300 fait

179 4267 440 4326 asceuque,
467 4267 544 4310 ou
575 4267 687 4308 l'on
714 4267 1002 4308 reconnait
1023 4267 1298 4306 aisement
1335 4267 1389 4306 1a
1433 4267 1621 4376 ptume
1663 4267 1720 4306 et
1749 4267 1804 4306 1a
1827 4267 1974 4321 piete
1995 4267 2064 4304 ne
2093 4267 2234 4305 ceiui
2263 4267 2400 4311 uont
2427 4267 2461 4302 ιι
2497 4267 2655 4372 porte
2687 4267 2735 4301 le
2765 4267 2916 4301 nom.
2949 4267 3226 4302 Lanll'anc
3253 4267 3288 4314 y
3327 4267 3429 4300 naua

179 4338 236 4375 un
255 4325 738 4380 détailarlmirahle
763 4325 832 4378 de
861 4331 1046 4378 toutes
1075 4325 1156 4378 les
1188 4323 1438 4394 principa
1464 4340 1522 4376 es
1551 4323 1836 4394 pratiques
1863 4323 1958 4393 qui
1987 4328 2116 4376 sont
2140 4321 2481 4394 necessaires
2550 4336 2626 4372 un
2649 4319 2834 4394 ascete
2857 4317 3429 4394 eta_u_n_moin_e_pour

174 4398 393 4468 soutenir
419 4397 839 4468 dignementla
869 4387 1494 4468 profession'qutils-ont
1521 4387 1855 4468 e'mbrassée.
1879 4387 1938 4468 'll_
1960 4411 1995 4464 y
2025 4393 2288 4468 touchea
2323 4393 2375 4468 la
2407 4392 2492 4468 ﬁn
2521 4407 2584 4444 ce
2602 4389 2765 4468 Aqu’il
2783 4389 2932 4468 a_vait
2959 4388 3103 4468 déja‘
3130 4387 3308 4442 établi
3353 4403 3430 4442 ou
3528 4431 3542 4438 -

172 4467 280 4538 qu’il
307 4457 517 4523 «εωθιίῖ
531 4468 734 4538 depuis
759 4457 899 4520 dans
929 4484 1038 4520 une
1079 4467 1148 4519 de
1177 4457 1265 4538 ses
1289 4465 1484 4538 lettres
1529 4463 1756 4538 (ép.33),
1796 4457 2065 4538 touchant
2087 4462 2492 4538 l’Eucharistie,
2524 4457 2662 4538 qu’i'l
2690 4464 2776 4538 est
2808 4459 2916 4538 bon
2961 4457 3042 4514 de'
3069 4457 3284 4514 donner
3321 4473 3432 4515 aux

171 4531 378 4607 enfants,
411 4541 564 4594 mais
595 4531 691 4610 qui
723 4555 794 4592 ne
814 4539 937 4592 leur
966 4543 1052 4592 est
1071 4554 1170 4608 pas
1201 4536 1555 4590 absolument
1583 4531 1896 4590 héceissaire
1921 4551 2062 4606 pour
2088 4535 2139 4589 le
2164 4535 2312 4588 salut
2345 4540 2514 4588 avant
2536 4531 2680 4601 I’Age
2703 4531 2772 4586 de
2792 4531 3006 4584 raison.

936 4722 1184 4736 ἡ

928 4807 1493 4943 ΒΕΔΤῙ
1563 4813 2652 4944 ιΔΝεειιΔΝοι

601 5031 1219 5170 SERMO
1321 5039 1716 5167 SIVE
1802 5035 2920 5166 ΞΕΝἹῈΝΤΙᾸΕ.

221 5349 347 5409 Octo
369 5359 514 5409 sunt
541 5369 684 5424 quae,
711 5353 756 5406 si
780 5351 1082 5423 diligenter
1105 5369 1140 5405 a
1161 5348 1440 5422 religiosis
1457 5351 1747 5405 observen-
1833 5351 2026 5413 neant,
2061 5365 2242 5418 neque
2269 5349 2337 5402 de
2358 5347 2454 5402 illo
2478 5346 2592 5402 ullo
2625 5344 2793 5400 modo
2823 5346 2943 5398 sine
2960 5340 3186 5396 licentia
3203 5340 3422 5408 exeant,

166 5443 257 5502 tur,
302 5457 404 5512 per
436 5437 648 5495 horum
681 5441 1092 5495 observantiam
1124 5457 1236 5494 non
1267 5455 1388 5494 esse
1418 5457 1617 5510 segnes
1661 5441 1749 5493 sui
1831 5455 2012 5510 neque
2030 5437 2199 5492 etiam
2218 5437 2488 5504 tunc,nisi
2509 5431 2902 5490 rationabilem
2924 5445 3148 5485 causam
3163 5427 3424 5484 habeant.

165 5528 352 5584 ordinis
383 5530 674 5594 custodes,
710 5526 780 5584 ab
809 5530 878 5584 iis
921 5530 1017 5602 qui
1049 5546 1249 5586 sanum
1295 5529 1539 5600 sapiunt,
1589 5528 1750 5583 facile
1834 5529 2150 5582 Secundum
2178 5532 2282 5590 est,
2307 5532 2371 5580 ut
2402 5520 2688 5579 silentium
2717 5537 2880 5576 suum
2902 5518 3156 5574 districte
3177 5517 3425 5586 teneant,

163 5613 578 5682 iudicabuntur.
621 5619 870 5674 Primum
901 5622 1004 5687 est,
1043 5627 1110 5675 ut
1133 5615 1441 5674 claustrum
1473 5633 1636 5672 suum
1661 5621 1750 5670 te-
1833 5633 1934 5672 nec
1965 5617 2104 5672 illud
2125 5631 2226 5688 pro
2247 5613 2366 5669 ulla
2393 5612 2622 5668 omnino
2649 5625 2730 5679 re,
2764 5609 2877 5664 nisi
2901 5605 3250 5665 rationabilis
3275 5623 3431 5664 occa-

1581 5245 1987 5261 ---ι
