3902 6166
403 231 510 289 639

1356 237 1453 291 AD
1494 235 1732 291 OPERA
1771 235 1834 292 B.
1877 234 2291 294 LANFRANCI
2328 235 2717 296 APPENDIX.

3561 230 3672 291 640

401 357 487 412 sio
513 364 571 414 et
587 358 924 416 inevitabilis
948 363 1187 428 eveniat,
1220 361 1384 416 facile
1422 367 1708 435 rumpant.
1744 361 1993 416 Tertium
2013 365 2060 422 A
2074 363 2328 433 jucunda
2355 364 2419 417 fit
2446 361 2780 431 laudatio,si
2805 361 2953 434 quod
2974 379 3071 416 ore
3085 361 3537 431 canimus,opere
3549 374 3667 413 non

405 452 507 512 est,
534 455 597 503 ut
629 450 840 503 nullam
860 452 1261 522 proprietatem
1284 451 1548 514 habeant,
1577 468 1679 506 nec
1703 452 1871 504 etiam
1894 467 1992 522 per

402 536 682 591 licentiam
715 540 840 609 plus
873 540 1079 594 habere
1093 558 1260 611 quam
1291 541 1592 595 necessitas
1615 541 1879 612 postulat,
1903 557 1992 592 ex-

400 631 615 695 petant.
649 627 922 690 Quartum
975 635 1081 698 est,
1110 635 1171 683 ut
1208 630 1453 700 praelatis
1493 631 1610 683 suis
1638 630 1696 682 in
1732 628 1991 683 omnibus

400 711 683 778 obediant,
718 717 827 770 nisi
854 718 996 772 forte
1016 719 1189 788 (quod
1219 719 1430 786 absit!)
1460 718 1530 771 iis
1559 717 1770 788 aliquid
1799 724 1995 771 contra

399 802 745 858 voluntatem
777 807 876 860 Dei
908 808 1264 878 praecipiant;
1297 813 1431 861 tunc
1456 807 1607 860 enim
1644 807 1799 861 nullo
1829 806 1994 860 modo

401 890 570 946 eis'in
601 893 705 947 hac
745 911 805 949 re
851 894 1222 950 obediendum
1253 901 1374 960 est;
1423 896 1573 966 quia,
1607 895 1752 949 sicut
1799 894 1994 948 beatus

399 979 705 1052 Gregorius
726 984 822 1049 ait,
839 985 1049 1038 malum
1064 991 1294 1056 propter
1311 984 1686 1038 obedientiam
1707 1001 1992 1056 nunquam

400 1071 523 1125 ﬁeri
545 1071 737 1139 debet;
770 1072 979 1127 bonum
1000 1091 1130 1127 vero
1159 1074 1767 1145 aliquandointermitti
1788 1079 1989 1144 potest.

402 1160 673 1223 Quintum
701 1166 805 1226 est,
849 1168 912 1215 ut
942 1179 1042 1232 pro
1074 1164 1229 1216 nulla
1258 1180 1443 1227 causa,
1478 1163 1696 1216 etiamsi
1727 1163 1806 1215 eis
1839 1165 1995 1232 justa

400 1247 678 1314 videatur,
721 1267 1073 1304 murmurare
1099 1253 1183 1304 vel
1221 1251 1626 1304 detractionem
1673 1251 1854 1305 facere
1901 1270 1996 1306 au-

401 1337 594 1401 deant,
618 1354 688 1391 ne
719 1355 883 1392 omne
908 1339 1137 1400 bonum,
1157 1341 1202 1394 si
1228 1340 1374 1409 quod
1393 1341 1573 1394 facere
1605 1341 1878 1401 videntur,
1896 1359 1996 1411 per

2074 451 2637 522 impugnamus.Cum
2661 453 2936 524 psalmum
2953 451 3110 515 dicis,
3132 453 3290 520 cujus
3303 448 3467 503 verba
3481 449 3674 519 loque-

2071 540 2151 593 ris
2180 557 2436 610 agnosce,
2470 547 2526 595 et
2555 541 2609 594 in
2639 541 3064 614 compunctione
3097 541 3274 610 magis
3294 538 3464 592 animi
3495 554 3668 607 quam

2073 627 2132 682 in
2190 629 2442 682 tremulae
2478 629 2625 683 vocis
2677 630 2976 683 dulcedine
3014 630 3336 682 delectare:
3389 626 3670 695 lacrymas

2073 715 2222 770 enim
2239 717 2527 787 psallentis
2549 719 2698 772 Deus
2725 719 2903 788 magis
2921 734 3088 788 quam
3118 716 3393 786 garritum
3409 729 3672 784 compro-

2073 803 2189 858 bat.
2219 807 2342 859 Non
2370 813 2526 861 vacet
2555 824 2712 862 mens
2735 813 2835 862 tua
2863 807 2921 860 in
2949 807 3114 860 variis
3127 802 3666 876 perturbationibus;

2077 895 2224 966 quod
2246 895 2289 948 si
2325 896 2536 965 pectori
2551 901 2647 950 tuo
2669 896 2994 960 insederint,
3016 893 3458 949 dominabuntur
3475 891 3578 957 tui,
3599 897 3665 944 et

2077 983 2353 1037 deducent
2377 989 2433 1037 te
2465 984 2536 1038 ad
2565 985 2828 1039 delictum
2854 985 3183 1042 maximum.

2149 1073 2414 1137 Dixit....,
2455 1089 2648 1127 verum
2681 1073 2888 1128 Christi
2913 1073 3187 1144 templum
3217 1076 3302 1125 est
3333 1069 3521 1124 anima
3549 1083 3675 1121 cre-

2076 1160 2280 1214 dentis.
2315 1161 2494 1215 Etiam
2518 1162 2573 1215 in
2599 1162 2846 1215 minimis
2876 1167 3039 1215 caute
3061 1178 3164 1231 age
3191 1180 3202 1214 :
3243 1175 3355 1213 non
3381 1158 3526 1212 enim
3558 1156 3674 1209 mi-

2081 1252 2298 1305 nimum
2348 1251 2405 1304 in
2445 1252 2554 1304 vita
2603 1252 2816 1305 homini
2854 1252 3138 1322 negligere
3167 1249 3420 1303 minima.
3461 1247 3675 1300 Otiosae

2078 1340 2251 1394 menti
2281 1341 2509 1410 maligni
2526 1340 2755 1411 spiritus
2775 1357 2973 1412 pravas
2992 1339 3356 1409 cogitationes
3386 1337 3669 1400 inserunt,

401 1424 551 1478 hanc
595 1427 905 1496 nequitiam
955 1429 1213 1498 perdant.
1263 1429 1489 1482 Sextum
1523 1435 1625 1494 est,
1667 1435 1731 1483 ut
1759 1430 1991 1484 invicem
2077 1435 2139 1483 ut
2176 1429 2221 1482 si
2263 1429 2511 1499 quiescat
2549 1429 2617 1482 ab
2655 1446 2841 1500 Opere,
2877 1446 2986 1482 non
3029 1429 3281 1498 quiescat
3317 1443 3351 1478 a
3388 1425 3678 1479 malorum

401 1515 712 1568 secundum
743 1516 918 1570 Deum
950 1534 1008 1570 se
1039 1517 1294 1585 diligant,
1331 1523 1388 1570 et
1407 1535 1572 1572 omne
1602 1519 1811 1572 bonum
1843 1520 1991 1589 quod
2075 1535 2307 1589 operum
2337 1518 2724 1572 delectatione.
2751 1519 2954 1572 Omnia
2975 1535 3098 1588 quae
3127 1516 3527 1578 blandimento,
3547 1529 3680 1582 qua:

402 1602 611 1671 singuli
645 1602 749 1656 sibi
781 1604 852 1657 ab
901 1605 1027 1658 aliis
1061 1605 1306 1676 impendi
1337 1607 1678 1672 desiderant,
1728 1608 1831 1678 ipsi
1867 1609 1993 1662 aliis
2076 1608 2294 1660 occulta
2331 1607 2616 1660 voluntate
2641 1607 2894 1660 animum
2917 1605 3373 1674 trahunt,rejice.
3401 1602 3514 1656 Ede
3533 1601 3682 1655 citra

399 1689 658 1744 hilariter
682 1699 739 1746 et
767 1710 892 1747 cum
930 1695 1136 1764 gaudio
1168 1696 1511 1766 impendant.
1547 1697 1857 1768 Septimum
1887 1703 1990 1761 est,
2013 1679 2056 1732 Β
2077 1697 2453 1760 saturitatem,
2475 1695 2600 1750 bibe
2629 1695 3141 1759 citraebrietatem;
3168 1710 3271 1746 nec
3301 1688 3681 1762 praesentibus

401 1783 466 1832 ut
485 1779 851 1834 constitutum
867 1782 1152 1836 servitium
1178 1784 1483 1838 secundum
1508 1801 1721 1838 morem
1740 1785 1995 1839 Ecclesia:

401 1882 536 1932 suae,
574 1868 621 1922 si
653 1872 869 1938 possint
898 1871 1148 1934 reddere,
1176 1889 1285 1925 non
1317 1873 1638 1942 negligant;
1685 1878 1743 1926 et
1785 1873 1842 1926 in
1892 1874 1996 1927 hoc

400 1957 619 2025 agendo
659 1957 862 2012 intenti
896 1966 952 2013 et
993 1977 1103 2013 non
1133 1961 1256 2031 vagi
1301 1963 1602 2028 assistant;
1636 1979 1707 2016 ne
1745 1963 1995 2032 vagando

400 2045 588 2098 oculos
637 2046 835 2100 divinae
866 2049 1197 2118 majestatis,
1252 2055 1382 2103 ante
1431 2052 1590 2120 cujus
1637 2057 1992 2122 conspectum

397 2133 661 2188 videntur
675 2136 958 2201 assistere,
978 2138 1280 2191 oflendant.
1298 2139 1564 2192 Octavum
1599 2146 1699 2202 est,
1718 2145 1781 2193 ut
1796 2157 1992 2210 puram

399 2221 801 2294 confessionem
822 2224 889 2277 de
911 2224 1169 2278 omnibus
1187 2227 1424 2296 peccatis
1437 2228 1553 2280 suis
1564 2228 1774 2281 faciant
1795 2241 1804 2274 ε
1826 2245 1994 2298 quam

399 2316 591 2365 tamen
624 2311 1027 2366 confessionem
1061 2330 1173 2367 non
1205 2314 1408 2384 passim
1431 2315 1690 2368 omnibus
1711 2324 1876 2386 prout
1904 2317 1994 2370 cui

399 2399 648 2465 libuerit,
681 2401 788 2454 nisi
811 2403 1204 2455 tantummodo
1234 2403 1350 2455 suis
1388 2405 1649 2474 praelatis,
1679 2405 1758 2456 vel
1794 2404 1995 2474 quibus

402 2488 570 2542 ﬁdem
592 2489 807 2559 praelati
833 2497 1166 2560 potestatem
1198 2491 1470 2558 tribuunt,
1493 2493 1715 2546 faciant.
1740 2494 1993 2562 Regnum

2078 1785 2294 1838 deliciis
2323 1784 2639 1848 inhzerebis,
2662 1801 2764 1838 nec
2794 1783 3051 1837 absentes
3089 1780 3450 1835 desiderabis.
3480 1779 3681 1832 Victus

2077 1873 2180 1928 tibi
2207 1891 2272 1926 ex
2304 1873 2452 1927 facili
2483 1873 2576 1935 sit,
2610 1889 2710 1926 nec
2740 1873 2809 1926 ad
2848 1873 3215 1942 voluptatem,
3249 1869 3347 1923 sed
3385 1868 3456 1922 ad
3486 1867 3681 1921 cibum

2083 1963 2302 2028 accede;
2331 1962 2608 2016 desideria
2627 1967 2727 2014 tua
2752 1977 2920 2032 parvo
2933 1959 3308 2029 redime,quia
3324 1959 3431 2011 hoc
3443 1962 3674 2010 tantum

2077 2069 2273 2106 curare
2295 2051 2463 2104 debes
2488 2057 2552 2104 ut
2570 2050 2853 2104 desinant.
2879 2049 3115 2102 Gravior
3133 2047 3414 2119 appetitus
3440 2062 3508 2099 ex
3533 2044 3682 2098 indi-

2079 2141 2347 2210 gnatione
2377 2140 2553 2193 nimia
2580 2139 2846 2203 nascitur,
2885 2155 3048 2208 quem
3076 2141 3314 2206 accepta:
3334 2137 3676 2206 plerumque

2076 2230 2332 2283 accendit
2355 2229 2575 2298 injuria:
2596 2228 2772 2282 dolor.
2792 2228 2945 2281 Nulli
2966 2231 3053 2280 est
3067 2226 3421 2297 aliquatenus
3443 2223 3681 2292 abigen-

2076 2319 2209 2371 dum
2244 2333 2701 2387 unumquemque
2731 2316 2980 2369 fidelium
3024 2315 3270 2385 corporis
3299 2319 3357 2366 et
3378 2311 3680 2382 sanguinis

2077 2406 2352 2461 Dominici
2381 2413 2515 2460 tunc
2548 2423 2670 2460 esse
2706 2405 3052 2476 participem,
3088 2420 3216 2457 cum
3255 2403 3311 2456 in
3335 2401 3682 2472 baptismate

2078 2495 2394 2548 membrum
2423 2495 2664 2548 efﬁcitur
2693 2493 2939 2565 corporis
2970 2492 3198 2552 Christi,
3222 2508 3323 2545 nec
3352 2488 3679 2544 alienariab

403 2575 513 2630 Dei
543 2583 601 2630 et
622 2578 899 2646 justitiam
926 2580 1045 2648 ejus
1083 2597 1352 2650 quaerere,
1399 2588 1484 2634 est
1513 2582 1751 2635 cmlestis
1799 2582 1992 2652 patriae
2080 2585 2232 2638 illius
2258 2585 2419 2656 panis
2461 2583 2760 2652 calicisque
2811 2581 3109 2643 consortio,
3163 2589 3220 2632 et
3258 2579 3326 2643 si,
3367 2585 3681 2647 antequam

405 2663 556 2719 bona
587 2665 926 2733 desiderare,
964 2673 1020 2720 et
1050 2667 1249 2738 quibus
1271 2669 1505 2737 justitiaa
1536 2669 1750 2722 meritis
1787 2670 1858 2723 ad
1890 2671 1994 2723 hoc
2084 2689 2284 2744 panem
2335 2672 2493 2725 illum
2533 2671 2791 2725 comedat
2845 2670 3188 2739 calicemque
3225 2666 3400 2732 bibat,
3448 2667 3518 2720 de
3573 2667 3686 2721 hoc

402 2755 679 2826 perveniri
710 2755 912 2809 debeat
939 2755 1322 2811 indesinenter
1355 2758 1658 2828 inquirere.
1705 2759 1914 2812 Docere
1943 2765 2001 2812 et
2083 2762 2284 2815 saeculo
2313 2761 2654 2831 migraverit,
2690 2760 2747 2813 in
2777 2759 2994 2812 unitate
3023 2757 3270 2828 corporis
3302 2755 3511 2810 Christi
3537 2771 3681 2809 con-

405 2861 519 2899 non
549 2846 846 2900 conviciari
873 2849 1195 2918 ignorantes
1225 2848 1510 2913 debemus,
1535 2850 1680 2904 sicut
1699 2867 1870 2904 caecos
1888 2867 1999 2904 non
2082 2849 2306 2916 stituto;
2357 2848 2693 2902 sacramenti
2729 2863 2950 2918 quoque
2974 2846 3124 2899 illius
3149 2844 3586 2916 participatione
3619 2860 3686 2898 ac

407 2935 806 3002 conviciamur,
837 2937 933 2990 sed
974 2953 1144 2992 manu
1173 2938 1447 2994 ducimus.
1491 2939 1712 3003 Quanto
1754 2940 1998 3008 graviori
2080 2937 2349 2992 beneficio
2381 2955 2492 2992 non
2522 2938 2791 3010 privatur,
2835 2952 2959 2990 cum
2993 2936 3052 2989 in
3093 2951 3153 2988 se
3200 2934 3305 2986 hoc
3338 2933 3486 3004 quod
3533 2933 3681 2987 illud

415 3025 663 3078 tumultu
691 3025 1093 3095 cogitationum
1127 3028 1438 3082 carnalium
1474 3029 1804 3098 premimur,
1838 3034 1997 3083 tanto
2080 3034 2494 3082 sacramentum
2523 3026 2820 3097 signiﬁcat,
2857 3024 3139 3079 invenitur
3166 3022 3395 3076 habere.

407 3114 647 3167 orationi
692 3115 982 3169 ardentius
1026 3115 1286 3170 insistere
1324 3116 1609 3171 debemus.
1656 3118 1771 3172 Deo
1809 3111 2062 3172 nostroC

1372 3399 2704 3582 APPENDIX

837 3663 992 3758 AD
1055 3664 1853 3761 lLLUSTltANDA
1938 3666 2037 3760 B.
2110 3667 2770 3762 LANFRANCI
2839 3668 3252 3759 OPERA.

2809 3264 3665 3294 ᾤ

399 3267 2808 3294 W

1203 3959 1751 4054 CHRONICON
1811 3960 2326 4054 BECCENSIS
2391 3959 2883 4076 ABBATIZE,

705 4115 804 4176 Ab
834 4118 962 4199 ipsa
987 4119 1341 4200 fundalione
1369 4119 1451 4180 ad
1477 4139 1576 4181 an.
1614 4124 1793 4197 1467,
1829 4139 1904 4180 ex
1936 4121 2123 4180 veteri
2147 4118 2547 4199 manuscrz'pto
2577 4115 2770 4177 codice
2805 4113 3070 4195 ejusdem
3101 4109 3368 4172 caenobz'i.

489 4389 526 4448 ι
569 4384 731 4438 Anno
751 4383 821 4438 ab
841 4385 1231 4439 Incarnatione
1255 4385 1478 4439 Domini
1501 4385 1657 4452 103i,
1680 4385 1903 4439 Henrici
1917 4401 2002 4438 re-
2021 4387 2066 4444 D
2083 4351 2356 4453 originem
2381 4382 2543 4436 duxit
2565 4387 2725 4452 pater
2744 4381 2864 4450 ejus
2888 4397 2902 4442 ;
2921 4384 3106 4433 mater
3125 4384 3314 4433 autem
3335 4378 3456 4448 ejus
3490 4376 3689 4448 proxi-

405 4471 493 4540 gis
518 4471 861 4526 Francorum
889 4489 1037 4526 anno
1070 4481 1290 4543 quarto,
1321 4475 1583 4538 Roberto,
1623 4475 1735 4528 filio
1765 4474 1996 4528 secundi

405 4559 690 4626 Richardi,
735 4566 792 4613 et
838 4561 1008 4614 fratre
1057 4563 1210 4616 tertii
1252 4563 1515 4616 Richardi
1561 4563 1808 4617 habenas
1852 4565 1999 4616 Nor-

403 4648 712 4702 thmannia:
738 4647 1107 4718 gubernante,
1128 4652 1432 4705 Herluinus
1452 4653 1778 4706 veneranda)
1799 4652 2001 4706 sancti-

403 4737 540 4792 tatis
569 4736 743 4790 abbas
790 4738 1080 4791 Beccensis
1111 4739 1366 4793 Ecclesiae
1415 4741 1648 4810 primus,
1692 4740 2000 4811 inspirante

402 4825 644 4880 Domino
675 4831 867 4880 nostro
897 4827 1026 4880 Jesu
1061 4829 1283 4882 Christo
1316 4830 1567 4882 omnium
1599 4829 1872 4884 bonorum
1904 4846 2001 4883 au-

403 4921 590 4979 ctore,
610 4914 920 4987 postposita
947 4916 1239 4970 nobilitate
1269 4924 1510 4978 terrena,
1530 4935 1640 4988 qua
1666 4919 1802 4972 satis
1833 4918 1998 4988 polle-

408 5004 518 5070 bat,
551 5002 767 5073 abjecta
802 5005 987 5058 saeculi
1029 5023 1252 5076 pompa,
1299 5023 1410 5077 qua
1459 5012 1590 5060 ante
1645 5023 1755 5060 non
1796 5023 1996 5076 parum

397 5093 553 5162 justa
583 5093 809 5146 modum
839 5109 1006 5146 suum
1044 5096 1332 5160 ﬂoruerat,
1361 5095 1623 5166 fastuque
1651 5103 1874 5149 terreno
1905 5112 1994 5149 re-

400 5181 554 5247 licto,
585 5182 690 5234 hoc
721 5197 869 5235 anno
906 5182 1128 5251 cingulo
1168 5183 1380 5236 militiae
1410 5183 1682 5253 deposito,
1703 5183 1773 5236 ad
1787 5183 1993 5237 Christi

403 5275 796 5341 paupertatem
822 5276 938 5324 tota
974 5271 1267 5326 devotione
1316 5289 1376 5324 se
1423 5271 1676 5334 contulit,
1703 5279 1778 5337 et,
1809 5279 1870 5324 ut
1895 5272 1997 5324 soli

404 5359 522 5415 Deo
552 5360 782 5415 liberius
819 5366 1060 5426 vacaret,
1095 5363 1214 5414 sola
1263 5361 1360 5414 Dei
1404 5360 1701 5414 dilectione
1741 5360 1998 5414 habitum

403 5448 794 5504 monachalem
824 5465 951 5502 cum
970 5449 1176 5518 gaudio
1203 5449 1463 5519 suscepit.

475 5539 524 5592 A
555 5537 746 5603 Danis,
780 5539 875 5610 qui
914 5537 1080 5608 primi
1110 5538 1580 5594 Northmanniam
1612 5537 1995 5606 obtinuerunt,

2079 4489 2232 4526 mam
2289 4473 2494 4526 ducum
2538 4471 2812 4524 Flandriae
2853 4469 3400 4539 consanguinitatem
3463 4466 3684 4536 attigit.

2079 4563 2362 4632 Ansgotus
2399 4561 2513 4626 ille,
2547 4561 2655 4613 ista
2697 4560 2915 4629 llelloys
2945 4575 3149 4612 nomen
3195 4555 3454 4610 habebat.
3497 4555 3690 4618 Quem

2083 4654 2406 4708 Guilbertus
2440 4652 2762 4706 Brionensis
2790 4668 2996 4715 comes,
3030 4650 3198 4721 primi
3225 4648 3488 4703 Richardi
3529 4647 3691 4701 Nor-

2083 4744 2482 4797 thmannorum
2505 4741 2659 4794 ducis
2676 4756 2847 4810 nepos
2862 4757 2926 4793 ex
2948 4740 3062 4793 lilio
3091 4739 3320 4793 consule
3351 4736 3684 4802 Godefrido,

2082 4831 2243 4884 illum
2276 4831 2584 4884 enutritum
2633 4846 2802 4900 penes
2831 4846 2890 4882 se
2923 4829 3070 4882 inter
3109 4845 3302 4882 omnes
3351 4827 3522 4880 curiae
3561 4842 3689 4881 sua:

2081 4919 2352 4990 primates
2373 4918 2569 4973 habuit
2595 4919 2999 4989 acceptissima.
3031 4917 3247 4970 Habilis
3283 4916 3375 4969 ille
3416 4915 3485 4968 ad
3514 4932 3688 4969 arma

2080 5007 2381 5079 plurimum
2409 5013 2548 5071 erat,
2565 5024 2667 5061 nec
2697 5007 2912 5060 minore
2931 5023 2995 5059 ea
3017 5006 3374 5058 animositate
3393 5002 3684 5073 gestabat.

2079 5099 2286 5150 Omnes
2333 5096 2582 5150 omnium
2615 5096 2789 5149 totius
2830 5094 3256 5148 Northmanniee
3305 5094 3585 5162 majorum
3620 5093 3687 5147 in

2076 5185 2267 5238 electis
2297 5184 2452 5237 illum
2484 5183 2782 5237 habebant.
2802 5185 2864 5236 In
2895 5182 3066 5236 armis
3094 5182 3385 5252 omnisque
3414 5180 3496 5234 rei
3523 5180 3690 5235 mili-

2080 5273 2219 5328 taris
2245 5289 2349 5326 usu
2381 5278 2438 5326 et
2464 5273 2617 5326 cultu
2647 5272 2895 5342 corporis
2925 5271 3013 5324 sui
3047 5270 3398 5324 attollebant.
3423 5269 3587 5324 Domi
3619 5275 3687 5321 et

2081 5363 2295 5417 militiae
2311 5363 2758 5417 commilitonum
2778 5377 3006 5414 suorum
3023 5359 3514 5432 praestantissimus
3527 5363 3680 5412 erat.

2082 5452 2295 5517 Quibus
2325 5453 2393 5505 de
2417 5451 2603 5516 rebus,
2637 5467 2750 5504 non
2773 5451 2954 5504 solum
2987 5449 3330 5520 singularem
3348 5446 3562 5502 domini
3583 5446 3681 5500 sui

2083 5541 2403 5595 obtinuerat
2450 5541 2718 5606 favorem,
2774 5555 2973 5594 verum
3027 5545 3085 5592 et
3139 5538 3287 5609 apud
3335 5536 3675 5599 Robertum,
