3902 6166
202 258 290 316 su
1389 253 1817 313 cnnnmcon
1853 222 2241 312 BECCENSE.
3348 260 3457 331 642

202 383 358 440 totius
375 381 799 438 Northmannia:
820 381 1039 448 ducem,
1073 385 1130 435 et
1150 380 1299 452 apud
1324 385 1645 436 exterarum
1676 381 1846 440 do-A
1865 380 2290 451 peritissimum,
2320 379 2521 434 deinde
2548 381 2878 437 Anselmum
2919 383 3100 439 virum
3128 402 3230 457 per
3266 392 3459 447 omnia

204 473 367 527 minos
402 471 695 542 regionum
722 477 1019 541 pepererat
1054 470 1162 525 sibi
1216 486 1423 525 nomen
1469 471 1777 542 plurimum
1861 470 2254 541 approbatum,
2284 469 2586 540 pollentem
2618 471 2886 538 moribus,
2904 473 3132 528 consilio
3152 477 3452 542 affabilem.

204 566 252 615 et
267 575 542 614 accessum
565 557 923 612 familiarem.
1861 558 2298 623 misericordem,
2333 564 2569 623 castum,
2623 558 2890 626 sobrium,
2926 561 2982 615 in
3031 565 3185 619 omni
3213 569 3458 626 clericali

264 650 359 703 Hic
380 648 513 702 talis
543 654 601 702 et
625 652 816 701 tantus
837 648 922 701 vir
938 664 1064 701 cum
1094 647 1317 718 prmdiis
1344 652 1403 701 et
1422 646 1781 702 facultatibus
1863 647 2046 701 ofﬁcio
2070 646 2406 701 mirabiliter
2448 647 2731 703 eruditum
2759 669 2771 717 ;
2804 650 2901 721 qui
2929 652 3112 718 ambo,
3153 655 3255 710 Dei
3292 659 3459 729 adju-

204 738 262 793 ad
290 742 498 793 statum
533 737 936 791 monachorum
967 736 1155 791 venire
1183 737 1482 792 desiderat.
1517 738 1581 792 In
1607 737 1781 791 fundo
1862 740 2028 789 vantc
2059 735 2285 800 auxilio,
2309 735 2709 808 archiepiscopi
2757 739 3074 802 Cantuariis
3100 750 3296 814 postea
3322 764 3458 804 con-

201 827 327 897 juris
355 826 443 880 sui
470 826 565 897 qui
597 825 919 880 Burnevilla
938 826 1161 893 dicitur,
1189 826 1339 881 haud
1359 826 1600 898 procula
1623 824 1780 878 Brio-
1861 823 2061 877 secrati
2082 830 2233 878 sunt.

205 916 303 981 nio,
338 916 523 970 volens
541 913 856 985 coenobium
888 920 1233 981 construere,
1277 916 1566 970 ecclesiam
1613 914 1781 968 reﬁdi-
1938 913 2075 967 Inde
2092 914 2160 966 ad
2184 913 2445 968 eumdem
2470 914 2654 969 locum
2702 916 3031 973 Beccensem
3078 924 3165 975 tot
3208 927 3266 977 et
3311 926 3458 981 tanti

207 1002 404 1057 cavitin
430 1004 645 1057 honore
676 1008 882 1057 sanctae
902 1003 1111 1069 Marize,
1154 1002 1340 1074 ibique
1373 1002 1661 1073 religionis
1692 1001 1787 1055 ba—
1869 1001 1992 1063 viri,
2020 1006 2138 1055 tam
2168 1003 2352 1057 clerici
2383 1019 2547 1074 quam
2580 1002 2727 1069 laici,
2780 1021 2845 1058 ex
2899 1007 3069 1061 nobili
3112 1026 3318 1080 genere
3338 1015 3460 1070 nati

209 1091 365 1146 bitum
393 1091 641 1163 suscepit
664 1090 736 1145 ab
765 1092 1022 1164 episcopo
1042 1091 1670 1157 Lexoviensi,Herberto
1690 1107 1787 1145 no-
1868 1090 2273 1155 conﬂuxere,ut
2294 1097 2485 1151 sancto
2507 1092 2779 1147 Herluino
2810 1092 2999 1148 abbati
3031 1097 3169 1151 satis
3196 1099 3461 1156 decenter

208 1183 358 1249 mine,
384 1183 629 1237 maxime
652 1183 969 1238 sanctitatis
998 1184 1134 1248 viro,
1154 1183 1584 1255 quadragesimo
1607 1181 1788 1238 aetatis
1868 1184 2059 1248 posset
2072 1178 2180 1232 dici
2206 1193 2218 1228 ε
2241 1198 2267 1232 α
2292 1179 2372 1233 Ab
2392 1179 2649 1234 ubertate
2679 1182 2881 1236 domus
2917 1189 3027 1237 tuae
3055 1184 3343 1243 inebriasti
3372 1190 3458 1244 fa»-

210 1289 307 1327 sua:
332 1288 497 1338 anno,
528 1272 838 1342 devotaque
857 1273 1131 1343 portavit;
1155 1290 1257 1327 nec
1274 1272 1451 1327 multo
1470 1276 1599 1343 post
1613 1271 1683 1325 ab
1701 1287 1791 1325 eo-
1869 1265 2008 1320 ciem
2032 1272 2215 1331 terrae,
2251 1272 2307 1321 et
2334 1285 2368 1321 a
2386 1273 2635 1322 torrente
2676 1269 2964 1338 sapientiae
2997 1287 3192 1326 eorum
3232 1277 3463 1346 replesti

210 1361 319 1415 dem
344 1360 582 1432 ρι-ωευιθ
612 1360 874 1414 sacerdos
893 1360 1186 1415 ordinatus
1199 1366 1283 1415 est
1305 1366 1363 1415 et
1385 1360 1557 1415 abbas
1584 1360 1789 1414 consti-
1870 1353 2059 1408 orbem
2075 1361 2412 1409 terrarum.»
2430 1355 2584 1410 Inter
2603 1373 2741 1426 quos
2770 1357 2985 1411 exstitit
3000 1359 3228 1430 quidam
3258 1365 3463 1421 nobilis

209 1454 365 1517 tutus,
395 1449 547 1521 quia,
583 1454 816 1520 propter
843 1455 1231 1520 paupertatem
1258 1450 1364 1504 loci
1390 1450 1559 1517 illius,
1603 1447 1785 1521 quivis
1872 1444 1970 1509 vir,
1994 1444 2220 1498 nomine
2246 1444 2684 1515 Willelmus,qui
2708 1445 2915 1500 ibidem
2934 1449 3162 1505 veniens
3177 1453 3248 1506 ad
3270 1470 3466 1510 mona-

208 1539 332 1592 alius
358 1538 613 1609 regimen
644 1538 827 1609 ipsum
854 1537 1080 1592 nolebat
1104 1538 1407 1609 suscipere.
1867 1533 2115 1596 chatum,
2134 1533 2289 1586 dedit
2317 1533 2497 1586 eidem
2525 1535 2864 1588 monasterio
2897 1537 3157 1593 Beccensi
3188 1542 3464 1611 praedium

268 1626 985 1697 Undesciendumestquod
1022 1626 1081 1680 in
1117 1626 1315 1680 Galliis
1360 1631 1484 1680 erat
1535 1631 1592 1678 et
1638 1620 1960 1697 quae-_11bi
1989 1622 2271 1692 quondam
2316 1622 2502 1674 fuerat
2557 1624 2960 1677 monasterium
3006 1625 3195 1682 Sancti
3251 1630 3465 1685 Ebrulfi

210 1713 319 1767 dam
346 1714 633 1785 provincia
656 1714 790 1768 olim
831 1692 1026 1769 vocata
1064 1714 1346 1776 Neustria.
1378 1719 1507 1785 post
1533 1731 1565 1767 a
1587 1692 1851 1768 North-B
1872 1710 2021 1780 apud
2049 1709 2294 1775 Uticum,
2311 1710 2382 1762 ad
2404 1726 2568 1780 quem
2588 1711 2770 1764 locum
2796 1712 3162 1769 habitandum
3176 1723 3234 1770 et
3259 1735 3466 1788 procu-

211 1802 429 1867 mannis,
464 1802 563 1872 qui
590 1818 624 1855 a
645 1803 818 1856 Norst
847 1803 1077 1872 regione
1096 1802 1792 1873 venerunt,cognominata
1873 1796 2111 1850 randum
2126 1795 2456 1850 venerabilis
2474 1798 2776 1853 llerluinus
2794 1799 2947 1853 misit
2976 1802 3300 1871 praedictum
3316 1806 3467 1861 Lan-

212 1888 622 1951 Northmannia,
653 1889 711 1943 in
739 1905 850 1960 qua
871 1894 958 1943 est
986 1889 1213 1961 quidam
1246 1890 1399 1944 locus
1441 1889 1536 1960 qui
1584 1888 1791 1943 dicitur
1871 1886 2292 1949 francum,cum
2313 1884 2493 1939 tribus
2519 1887 2805 1940 monachis
2846 1888 3230 1946 Beccensibus.
3262 1893 3470 1959 Postea

215 1977 418 2043 Beccus,
437 1977 592 2031 etita
613 1977 887 2031 vocitatus
905 1994 940 2031 a
971 1978 1151 2032 rivulo
1196 1977 1277 2032 ibi
1319 1978 1669 2041 decurrente,
1694 1977 1790 2048 qui
1872 1974 2019 2027 idem
2045 1973 2385 2039 Willelmus,
2437 1979 2493 2027 et
2516 1980 2747 2044 nepotes
2775 1976 2861 2029 sui
2892 1976 3188 2045 Robertus,
3221 1984 3281 2033 et
3301 1982 3468 2053 Hugo

214 2065 372 2119 adhuc
410 2065 701 2119 hodiernis
741 2065 1087 2137 temporibus
1132 2066 1378 2121 decurrit
1410 2067 1571 2136 juxta
1601 2084 1791 2122 muros

213 2154 340 2224 prati
369 2152 469 2207 ubi
490 2153 803 2207 construxit
856 2154 1179 2218 Herluinus,
1205 2153 1301 2224 qui
1328 2160 1452 2208 erat
1479 2154 1550 2208 de
1583 2171 1791 2225 genere

214 2240 820 2309 Danorum,secundam
839 2243 1152 2309 ecclesiam,
1176 2242 1307 2297 inde
1337 2247 1592 2297 vocatam
1622 2244 1791 2298 eccle-

214 2329 334 2383 siam
358 2329 540 2384 Becci.

272 2416 463 2472 Tribus
485 2418 558 2471 de
582 2416 767 2472 causis
795 2422 910 2471 tam
932 2434 1104 2488 parvo
1140 2424 1393 2490 tempore
1421 2418 1628 2472 dicitur
1668 2434 1791 2471 cre-

213 2504 338 2559 visse
356 2522 468 2560 non
498 2506 681 2560 solum
710 2506 935 2572 divitiis,
967 2507 1063 2561 sed
1094 2508 1263 2561 etiam
1318 2507 1606 2577 religione,
1640 2506 1792 2560 intus

218 2595 385 2649 studio
407 2595 596 2667 operis
624 2594 745 2659 Dei,
761 2600 819 2649 et
854 2595 1070 2650 fervore
1095 2595 1384 2665 religionis
1410 2614 1422 2662 ;
1449 2595 1584 2649 foris
1612 2594 1796 2649 studio

1872 2061 1941 2115 de
1964 2061 2361 2126 Grentimenti,
2402 2067 2866 2118 restauravcrunt
2892 2066 3221 2135 prmdictum
3238 2085 3471 2124 monas-

1871 2150 2077 2204 terium
2109 2149 2299 2204 Sancti
2328 2149 2557 2215 Ebrulfi,
2591 2156 2646 2205 et
2703 2151 2982 2207 dederunt
3024 2155 3271 2211 ecclesiae
3308 2157 3474 2216 Becci.

1871 2238 2061 2292 villam
2111 2238 2374 2293 Russerie
2428 2255 2529 2309 pro
2577 2241 3015 2296 commutatione
3070 2244 3323 2315 praedicti
3362 2246 3473 2315 loci

1873 2326 2063 2382 Sancti
2080 2324 2284 2383 Ebrulﬁ
2298 2326 2445 2397 apud
2461 2327 2677 2382 Uticum
2688 2329 2813 2392 .Qui
2828 2330 2982 2385 locus
2998 2331 3288 2389 Beccensis
3298 2352 3475 2406 quan-

1872 2420 1993 2469 tum
2017 2416 2199 2469 adhuc
2260 2415 2468 2469 nostris
2512 2417 2862 2487 temporibus
2890 2420 3182 2476 charitatis
3216 2424 3474 2495 resplen-

1877 2504 2009 2558 deat
2032 2503 2329 2570 radicibus,
2358 2505 2600 2575 expertis
2620 2505 3006 2562 disserendum
3027 2509 3386 2567 dimittimus.

1950 2591 2201 2647 Audiens
2216 2593 2562 2647 Lanfrancus
2584 2594 2792 2647 famam
2808 2596 3053 2667 regionis
3062 2599 3113 2653 N
3117 2587 3469 2669 orthmaniae,

216 2683 508 2749 charitatis,
531 2684 591 2738 in
650 2700 763 2755 qua
805 2683 992 2754 gratia
1035 2684 1137 2739 Dei
1164 2683 1234 2736 ab
1264 2683 1424 2737 initio
1453 2700 1631 2753 usque
1650 2700 1799 2738 nunc
1881 2698 2005 2752 quae
2032 2682 2189 2752 prius
2217 2681 2484 2735 Neustria
2512 2682 2820 2745 dicebatur,
2852 2685 2911 2739 in
2958 2703 3073 2758 qua
3098 2687 3365 2744 ducatum
3392 2698 3473 2746 te-

220 2772 393 2843 plures
422 2773 663 2827 virtutes
688 2777 827 2826 sunt
851 2771 1006 2827 facta:
1032 2777 1090 2826 et
1114 2777 1372 2827 ostensae.
1883 2769 2054 2823 nebat
2076 2769 2429 2825 haereditario
2474 2772 2604 2841 jure
2652 2772 2969 2828 Willelmus
3015 2775 3111 2829 ille
3153 2776 3249 2847 qui
3278 2783 3476 2849 postea

284 2862 392 2916 Hoc
412 2860 733 2916 caenobium
764 2862 833 2915 de
881 2877 991 2932 quo
1048 2861 1351 2931 loquimur,
1388 2861 1446 2915 in
1492 2860 1654 2914 initio
1683 2876 1797 2914 sum
1880 2858 2199 2929 subjugavit
2227 2859 2331 2912 sibi
2360 2865 2536 2913 totam
2569 2860 2830 2930 Angliam
2879 2863 3072 2927 armis,
3106 2865 3286 2920 sciens
3318 2873 3474 2923 certo

220 2946 549 3003 fundationis
578 2948 868 3018 aliquanto
898 2954 1149 3019 tempore
1178 2948 1238 3002 in
1284 2948 1526 3003 maxima
1553 2953 1800 3018 egestate
1881 2947 2065 3000 relatu
2094 2946 2208 3000 illic
2240 2947 2482 3000 multum
2514 2947 2820 3017 collapsum
2853 2950 3100 3005 studium
3142 2952 3475 3009 litteratum

224 3045 272 3092 et
283 3038 517 3109 penuria
533 3037 836 3102 exstitit,ut
850 3053 1085 3091 monens
1096 3054 1191 3092 eos
1213 3036 1477 3108 probaret
1505 3027 1798 3104 Dominus,
1823 3042 1867 3102 ο
1882 3034 2187 3088 barbarica:
2200 3035 2404 3103 gentis,
2424 3039 2481 3088 et
2506 3035 2825 3107 intelligens
2854 3038 3195 3108 providentis
3241 3040 3358 3096 ima
3393 3042 3477 3097 in-

223 3132 273 3179 et
297 3125 581 3197 probando
601 3127 933 3198 impleretur
961 3124 1099 3180 illud
1129 3126 1187 3180 in
1223 3126 1304 3180 eis
1351 3125 1455 3179 viri
1484 3124 1753 3196 sapientis
1782 3145 1796 3180 :

227 3214 378 3267 Omne
400 3215 549 3283 quod
571 3216 901 3283 applicitum
936 3214 1040 3267 tibi
1064 3214 1258 3280 fuerit,
1281 3214 1387 3280 ﬁli,
1411 3215 1610 3280 accipe,
1652 3217 1700 3265 et
1738 3214 1804 3266 in

224 3301 390 3356 dolore
406 3305 643 3369 sustine,
676 3307 724 3356 et
754 3305 819 3355 in
843 3302 1158 3355 humilitate
1175 3306 1271 3355 tua
1300 3303 1631 3369 patientiam
1648 3301 1801 3367 habe,

226 3393 476 3457 quoniam
499 3392 564 3443 in
578 3394 705 3458 igne
719 3392 1210 3459 probaturaurum
1229 3394 1607 3457 etargentum;
1630 3391 1807 3444 homi-

223 3488 304 3531 nes
328 3495 449 3533 vero
479 3480 815 3547 receptibiles
845 3481 909 3532 in
941 3481 1160 3532 camino
1188 3479 1609 3533 humiliationis
1640 3479 1803 3547 (Eccl.

224 3576 279 3630 II,
298 3564 348 3631 4,
381 3564 457 3633 5).
490 3566 564 3619 Et
589 3571 657 3619 ut
684 3564 1077 3619 ostenderetur
1098 3565 1247 3635 quod
1290 3566 1390 3619 illa
1413 3566 1667 3620 fundatio
1693 3583 1807 3621 non

225 3658 332 3706 erat
359 3670 422 3707 ex
443 3653 696 3718 homine,
719 3653 815 3707 sed
845 3669 911 3707 ex
940 3652 1034 3707 illo
1065 3658 1122 3706 et
1148 3652 1218 3707 de
1272 3653 1393 3724 ipso
1434 3652 1504 3708 de
1534 3670 1643 3725 quo
1671 3653 1806 3709 dicit

224 3741 512 3811 Apostolus
537 3761 549 3795 :
566 3743 1015 3796 Fundamentum
1035 3744 1199 3796 aliud
1213 3758 1371 3796 nemo
1384 3747 1556 3811 potest
1584 3758 1803 3811 ponere,

220 3835 404 3897 prater
428 3832 579 3884 illud
594 3831 743 3899 quod
752 3833 993 3899 positum
1016 3836 1114 3896 est,
1130 3832 1274 3898 quod
1290 3835 1364 3884 est
1375 3831 1405 3885 ,Ι
1410 3846 1539 3884 esus
1553 3830 1809 3885 Christus

222 3917 272 3986 (Ι
288 3917 407 3973 Cor.
438 3933 524 3984 In,
557 3917 669 3989 ll),
700 3917 885 3973 noluit
910 3924 975 3973 ut
992 3935 1093 3990 per
1129 3934 1290 3989 reges
1319 3923 1377 3972 et
1394 3917 1808 3989 principesipsa

224 4003 467 4060 fundatio
485 4010 773 4077 ageretur,
791 4006 889 4060 sed
905 4022 1006 4077 per
1033 4005 1300 4077 scipsum,
1326 4010 1385 4060 et
1412 4022 1513 4077 per
1536 4005 1807 4059 humilem

223 4099 275 4147 et
300 4093 591 4150 timentem
630 4094 798 4149 verba
811 4111 932 4161 sua,
950 4094 1095 4149 sicut
1133 4094 1255 4166 ipse
1285 4110 1385 4166 per
1420 4094 1625 4149 Isaiam
1643 4098 1811 4148 testa-

225 4186 312 4236 tur
333 4183 563 4239 dicens:
596 4184 684 4238 Ad
702 4201 864 4253 quem
895 4186 1185 4253 respiciam
1230 4187 1346 4239 nisi
1393 4184 1468 4237 ad
1506 4199 1813 4253 paupercu-

1884 3122 2190 3194 spiratione
2217 3121 2346 3176 inde
2371 3140 2431 3176 se
2459 3141 2621 3194 posse
2658 3126 2890 3196 adipisci
2922 3128 3191 3197 majorem
3211 3129 3474 3199 gloriam,

1886 3217 1942 3265 et
1965 3211 2272 3283 plurimum
2305 3218 2600 3281 quaestum,
2648 3213 2799 3267 venit
2826 3215 2940 3268 illic
2957 3232 3084 3269 cum
3112 3217 3323 3286 paucis.
3367 3219 3479 3275 Sed

1885 3305 2188 3370 antequam
2204 3300 2548 3370 pervenisset
2559 3301 2629 3354 ad
2644 3301 2899 3356 notitiam
2917 3303 3483 3371 multorum,attraxit

1886 3388 2046 3443 illum
2074 3387 2144 3441 ad
2174 3404 2234 3441 se
2247 3387 2343 3458 qui
2356 3387 2594 3443 Paulum
2618 3388 2831 3443 vocavit
2860 3390 2930 3444 de
2958 3392 3116 3458 caelo,
3131 3392 3239 3447 hoc
3265 3394 3432 3449 modo
3459 3411 3477 3451 :

1888 3476 2141 3541 Quadam
2169 3475 2279 3542 die,
2312 3476 2446 3530 dum
2486 3476 2597 3531 iter
2633 3483 2827 3547 ageret
2846 3480 2999 3533 solus
3025 3496 3155 3534 cum
3183 3498 3296 3537 uno
3316 3483 3482 3538 scho-

1888 3565 2017 3630 lari,
2050 3564 2249 3618 incidit
2276 3565 2333 3618 in
2354 3565 2619 3630 latrones,
2654 3566 2770 3636 qui,
2828 3572 2886 3621 et
2930 3568 3251 3624 auferentes
3290 3570 3486 3626 omnia

1889 3670 2011 3723 qua:
2034 3652 2296 3715 habebat,
2338 3653 2533 3707 sinunt
2557 3653 2732 3720 abire,
2771 3659 2990 3710 tantum
3020 3658 3069 3711 ei
3100 3658 3486 3730 relinquentes

1888 3745 2164 3795 vetustam
2186 3740 2543 3806 chlamidem,
2577 3748 2775 3797 cmtera
2803 3745 2994 3798 omnia
3020 3762 3210 3801 secum
3242 3746 3490 3801 retinen-

1889 3834 1993 3882 tes.
2028 3829 2185 3883 Tunc
2213 3828 2307 3883 ille
2336 3829 2662 3884 recordatus
2692 3837 2779 3885 est
2796 3833 2942 3887 alius
2970 3834 3263 3903 cujusdam
3306 3835 3487 3890 sancti

1887 3915 2038 3983 facti,
2058 3917 2152 3988 qui
2178 3934 2305 3972 cum
2325 3934 2359 3971 a
2385 3918 2766 3989 Longobardis
2797 3923 2881 3988 (ut
2908 3928 3103 3976 narrat
3126 3923 3323 3977 beatus
3343 3924 3488 3979 Grc-

1887 4005 2338 4077 gorius)(Dia£og.
2368 4009 2463 4060 lib.
2488 4024 2525 4060 1.
2552 4024 2669 4077 cap.
2691 4008 2942 4074 2,tentus
2963 4019 3129 4077 esset,
3149 4019 3207 4067 et
3237 4014 3289 4067 ei
3318 4029 3487 4067 suum

1893 4094 2174 4148 caballum
2204 4091 2586 4160 abstulissent,
2638 4102 2833 4167 postea
2876 4100 3143 4168 clamans,
3177 4101 3485 4172 ﬂagellum,

1897 4199 2008 4253 quo
2038 4198 2245 4253 equum
2272 4181 2471 4237 solitus
2500 4189 2623 4238 erat
2645 4184 2870 4253 minari,
2912 4187 3115 4242 obtulit
3136 4190 3217 4243 eis
3248 4189 3440 4243 dicens
3469 4206 3484 4243 :

230 4274 338 4324 lum
362 4278 409 4326 et
443 4275 754 4327 contritum
803 4273 1028 4341 spiritu,
1080 4276 1128 4326 et
1177 4277 1498 4326 trementem
1542 4287 1814 4325 sermones
1895 4269 2115 4336 Tollite,
2147 4275 2211 4324 ut
2230 4268 2482 4324 habeatis
2509 4271 2657 4325 unde
2676 4272 2782 4326 hoc
2793 4273 3116 4342 jumentum
3145 4277 3349 4331 minari
3364 4292 3491 4349 pos-

229 4365 392 4414 meos?
417 4362 573 4429 (lsai.
590 4374 734 4424 LIVI,
760 4357 837 4428 2.)

292 4448 437 4503 Nota
467 4449 618 4520 quod
647 4447 973 4503 Bonnevilla
1027 4452 1151 4503 erat
1175 4447 1489 4521 .proprium
1514 4447 1814 4503 haeredita-

223 4535 367 4605 gium
391 4537 607 4591 domini
627 4536 908 4602 Herluini,
938 4542 996 4591 et
1014 4535 1226 4591 ibidem
1258 4537 1499 4609 primam
1522 4537 1813 4592 ecclesiam

223 4625 511 4680 adificavit
535 4626 596 4680 in
624 4626 896 4680 honorem
924 4631 1130 4680 sanctae
1161 4626 1369 4695 Mariae,
1403 4632 1460 4682 et
1486 4625 1693 4681 ibidem
1712 4627 1815 4681 ha-

224 4711 397 4768 bitum
426 4711 693 4786 suscepit.
1102 4716 1109 4721 ’

284 4802 496 4859 Verum
519 4802 655 4875 quia
672 4802 1001 4875 campestris
1021 4808 1078 4878 et
1094 4801 1400 4876 inaquosus
1416 4809 1499 4860 est
1512 4803 1816 4867 locus,mo-

219 4889 366 4946 nitus
393 4908 498 4963 per
523 4908 784 4963 soporem
813 4908 849 4945 a
874 4889 1039 4946 beata
1059 4891 1162 4947 Dei
1181 4892 1453 4964 genitrice
1480 4900 1541 4960 οι
1556 4891 1817 4958 Maria,in

220 4979 416 5034 vallem
454 4980 525 5034 ad
556 4980 741 5035 rivum
766 4977 863 5050 qui
890 4978 1100 5035 Beccus
1138 4978 1358 5044 dicitur.
1394 4982 1509 5036 Deo
1537 4981 1812 5052 adjutore,

220 5068 513 5133 successit;
542 5068 737 5139 ibique
764 5066 949 5122 nobile
978 5068 1254 5124 mdiflcare
1267 5067 1435 5141 ccepit
1461 5070 1519 5124 in
1547 5070 1817 5125 honorem

222 5158 474 5227 ejusdem
512 5157 711 5212 matris
733 5156 958 5212 Domini
988 5157 1176 5211 Mariae
1214 5158 1642 5222 monasterium,
1670 5156 1819 5229 quod

222 5243 369 5299 Deus
396 5246 635 5317 perfecit
651 5246 724 5300 ad
761 5245 850 5301 sui
870 5245 1111 5301 nominis
1134 5245 1394 5317 gloriam,
1427 5252 1485 5300 et
1511 5246 1818 5300 multorum

222 5331 516 5388 hominum
529 5334 792 5389 solatium
815 5339 872 5390 et
884 5334 1257 5390 salutem.Cui
1282 5335 1433 5390 Deus
1450 5335 1521 5390 ad
1547 5334 1820 5389 auxilium

221 5425 278 5474 et
293 5421 593 5478 consilium
616 5423 866 5488 adducit,
892 5424 1052 5493 juxta
1100 5422 1439 5478 desiderium
1490 5423 1673 5479 cordis
1710 5421 1817 5492 sui,

224 5507 602 5568 Lanfrancum
618 5511 799 5569 virum
819 5510 878 5568 in
890 5509 1215 5567 liberalibus
1224 5510 1440 5568 artibus
1450 5511 1822 5584 undecunque

1836 4352 2041 4414 Dsitis.
2073 4357 2287 4423 Quibus
2313 4358 2498 4424 dictis,
2520 4358 2593 4412 ad
2613 4360 2924 4415 orationem
2948 4363 3203 4434 protinus
3230 4383 3291 4421 se
3310 4367 3489 4422 dedit.

1898 4445 1986 4500 Illi
2015 4462 2143 4500 vero
2167 4462 2332 4500 cursu
2353 4446 2546 4517 rapido
2570 4455 2841 4503 venerunt
2884 4451 2955 4505 ad
2997 4452 3227 4508 ﬂuvium
3262 4456 3491 4511 nomine

1898 4531 2264 4600 Vulturnum,
2290 4550 2459 4605 quem
2505 4535 2662 4590 nullo
2691 4538 2857 4591 modo
2889 4540 3131 4595 transire
3160 4547 3489 4615 potuerunt,

1896 4638 2137 4694 cumque
2164 4622 2320 4677 nullo
2350 4623 2515 4678 modo
2543 4625 2786 4680 transire
2808 4633 3055 4697 possent,
3094 4629 3495 4688 intellexerunt

1897 4712 2031 4783 quia
2058 4712 2125 4766 ex
2141 4712 2306 4784 culpa
2329 4728 2497 4783 quam
2518 4729 2677 4768 servo
2702 4714 2804 4768 Dei
2826 4715 3094 4782 fecerant,
3126 4717 3241 4774 ista
3263 4720 3495 4792 dispen-

1897 4801 1992 4857 dia
2016 4800 2362 4868 tolerabant;
2400 4800 2496 4872 qui
2524 4801 2716 4856 statim
2747 4805 2957 4859 reversi
2983 4822 3097 4861 non
3153 4808 3335 4864 solum
3372 4810 3499 4865 red-

1898 4889 2040 4944 dunt
2067 4887 2218 4960 quod
2236 4887 2608 4957 abstulerant,
2630 4891 2727 4946 sed
2750 4892 2923 4947 etiam
2948 4893 3131 4965 ipsum
3144 4896 3497 4954 Libertinum

1896 4979 2133 5033 invitum
2157 4978 2216 5032 in
2237 4994 2465 5049 equum,
2497 4979 2567 5033 de
2593 4995 2702 5050 quo
2730 4980 3123 5051 deposuerant,
3148 4983 3495 5054 levaverunt,

1898 5073 1955 5122 et
1980 5066 2237 5139 protinus
2266 5067 2591 5132 abscedunt,
2617 5072 2673 5122 et
2690 5067 2801 5123 iter
2814 5087 2981 5125 suum
3004 5072 3176 5129 libere
3195 5081 3495 5146 peragunt.

1900 5155 2009 5220 Sic,
2035 5154 2298 5226 inquiens
2327 5155 2694 5221 Lanfrancus,
2717 5174 2820 5229 ego
2850 5158 3073 5225 faciam,
3114 5162 3325 5228 redibo,
3358 5163 3497 5217 oﬂ‘e—

1899 5260 2020 5298 ram
2053 5243 2133 5299 eis
2162 5261 2285 5316 qua
2314 5243 2715 5311 deseruerunt,
2737 5251 2794 5300 et
2821 5264 2948 5302 cum
2978 5249 3082 5303 hoc
3122 5250 3322 5316 fecero,
3363 5250 3498 5305 red-

1900 5332 2037 5387 dent
2054 5332 2192 5387 mihi
2224 5332 2416 5387 omnia
2451 5350 2617 5400 mea;
2649 5338 2707 5388 et
2743 5351 2869 5389 cum
2925 5335 3165 5401 fecisset,
3214 5336 3354 5392 nihil
3392 5337 3498 5393 sibi

1900 5421 2124 5494 profuit,
2158 5420 2257 5477 sed
2280 5422 2342 5477 in
2370 5422 2532 5493 pejus
2549 5423 2631 5477 illi
2646 5424 2921 5494 provenit,
2947 5428 3021 5490 et,
3057 5429 3119 5477 ut
3133 5423 3253 5495 ipse
3280 5425 3501 5482 solebat

1903 5510 2127 5569 referre.
2164 5511 2484 5568 Libertinus
2527 5511 2642 5567 alia
2678 5510 2989 5567 intentione
3022 5511 3168 5581 fecit,
3199 5513 3313 5569 alia
3365 5530 3493 5587 ego.
