  <div class='ocr_page' id='page_1' title='image "/cluster/home/n/w/nwhite01/storage/ocr_20150623/150/hvd.32044054760087/327.png"; bbox 0 0 3902 6166; ppageno 0'>
   <div class='ocr_carea' id='block_1_1' title="bbox 481 235 587 293">
    <p class='ocr_par' dir='ltr' id='par_1_1' title="bbox 481 235 587 293">
     <span class='ocr_line' id='line_1_1' title="bbox 481 235 587 293; baseline 0.019 -2"><span class='ocrx_word' id='word_1_1' title='bbox 481 235 587 293; x_wconf 81' lang='grc'>643</span> 
     </span>
    </p>
   </div>
   <div class='ocr_carea' id='block_1_2' title="bbox 1437 227 2797 292">
    <p class='ocr_par' dir='ltr' id='par_1_2' title="bbox 1437 227 2797 292">
     <span class='ocr_line' id='line_1_2' title="bbox 1437 227 2797 292; baseline -0.007 -2"><span class='ocrx_word' id='word_1_2' title='bbox 1437 237 1534 291; x_wconf 87' lang='lat' dir='ltr'>AD</span> <span class='ocrx_word' id='word_1_3' title='bbox 1575 233 1815 292; x_wconf 84' lang='lat' dir='ltr'>OPERA</span> <span class='ocrx_word' id='word_1_4' title='bbox 1853 237 1916 292; x_wconf 83' lang='grc' dir='ltr'>Β.</span> <span class='ocrx_word' id='word_1_5' title='bbox 1958 232 2371 289; x_wconf 80' lang='lat' dir='ltr'>LANFRANCI</span> <span class='ocrx_word' id='word_1_6' title='bbox 2410 227 2797 287; x_wconf 86' lang='lat' dir='ltr'>APPENDIX.</span> 
     </span>
    </p>
   </div>
   <div class='ocr_carea' id='block_1_3' title="bbox 3600 231 3685 287">
    <p class='ocr_par' dir='ltr' id='par_1_3' title="bbox 3600 231 3685 287">
     <span class='ocr_line' id='line_1_3' title="bbox 3600 231 3685 287; baseline 0.024 -3"><span class='ocrx_word' id='word_1_7' title='bbox 3600 231 3685 287; x_wconf 68' lang='grc'>644</span> 
     </span>
    </p>
   </div>
   <div class='ocr_carea' id='block_1_4' title="bbox 480 350 3691 430">
    <p class='ocr_par' dir='ltr' id='par_1_4' title="bbox 480 350 3691 430">
     <span class='ocr_line' id='line_1_4' title="bbox 480 350 3691 430; baseline -0.002 -16"><span class='ocrx_word' id='word_1_8' title='bbox 480 361 617 430; x_wconf 86' lang='lat' dir='ltr'>quia</span> <span class='ocrx_word' id='word_1_9' title='bbox 642 359 965 414; x_wconf 90' lang='lat' dir='ltr'>Libertinus</span> <span class='ocrx_word' id='word_1_10' title='bbox 987 374 1128 429; x_wconf 87' lang='lat' dir='ltr'>pura</span> <span class='ocrx_word' id='word_1_11' title='bbox 1167 360 1374 423; x_wconf 83' lang='lat' dir='ltr'>mente,</span> <span class='ocrx_word' id='word_1_12' title='bbox 1430 366 1495 414; x_wconf 91' lang='lat' dir='ltr'>ut</span> <span class='ocrx_word' id='word_1_13' title='bbox 1527 362 1803 417; x_wconf 79' lang='lat' dir='ltr'>haberent</span> <span class='ocrx_word' id='word_1_14' title='bbox 1822 367 1878 415; x_wconf 92' lang='lat' dir='ltr'>et</span> <span class='ocrx_word' id='word_1_15' title='bbox 1903 356 2391 430; x_wconf 87' lang='lat' dir='ltr'>possi-Anomina</span> <span class='ocrx_word' id='word_1_16' title='bbox 2418 354 2750 426; x_wconf 84' lang='lat' dir='ltr'>praecellere,</span> <span class='ocrx_word' id='word_1_17' title='bbox 2768 356 2956 422; x_wconf 88' lang='lat' dir='ltr'>spreta</span> <span class='ocrx_word' id='word_1_18' title='bbox 2990 366 3090 420; x_wconf 91' lang='lat' dir='ltr'>pro</span> <span class='ocrx_word' id='word_1_19' title='bbox 3115 350 3211 404; x_wconf 89' lang='lat' dir='ltr'>Dei</span> <span class='ocrx_word' id='word_1_20' title='bbox 3238 352 3449 405; x_wconf 87' lang='lat' dir='ltr'>nomine</span> <span class='ocrx_word' id='word_1_21' title='bbox 3466 353 3622 422; x_wconf 84' lang='lat' dir='ltr'>patris</span> <span class='ocrx_word' id='word_1_22' title='bbox 3644 359 3691 407; x_wconf 85' lang='lat' dir='ltr'>et</span> 
     </span>
    </p>
   </div>
   <div class='ocr_carea' id='block_1_5' title="bbox 480 439 3691 518">
    <p class='ocr_par' dir='ltr' id='par_1_5' title="bbox 480 439 3691 518">
     <span class='ocr_line' id='line_1_5' title="bbox 480 439 3691 518; baseline -0.003 -15"><span class='ocrx_word' id='word_1_23' title='bbox 480 448 697 513; x_wconf 85' lang='lat' dir='ltr'>derent,</span> <span class='ocrx_word' id='word_1_24' title='bbox 727 465 828 518; x_wconf 93' lang='lat' dir='ltr'>ego</span> <span class='ocrx_word' id='word_1_25' title='bbox 850 452 1037 501; x_wconf 89' lang='lat' dir='ltr'>autem</span> <span class='ocrx_word' id='word_1_26' title='bbox 1069 447 1372 501; x_wconf 79' lang='lat' dir='ltr'>calliditate</span> <span class='ocrx_word' id='word_1_27' title='bbox 1395 455 1451 501; x_wconf 88' lang='lat' dir='ltr'>et</span> <span class='ocrx_word' id='word_1_28' title='bbox 1477 450 1623 516; x_wconf 86' lang='lat' dir='ltr'>dolo,</span> <span class='ocrx_word' id='word_1_29' title='bbox 1675 458 1738 505; x_wconf 94' lang='lat' dir='ltr'>ut</span> <span class='ocrx_word' id='word_1_30' title='bbox 1778 451 2079 505; x_wconf 79' lang='lat' dir='ltr'>redderent</span> <span class='ocrx_word' id='word_1_31' title='bbox 2161 445 2362 498; x_wconf 83' lang='lat' dir='ltr'>matris</span> <span class='ocrx_word' id='word_1_32' title='bbox 2394 442 2727 497; x_wconf 86' lang='lat' dir='ltr'>multimoda</span> <span class='ocrx_word' id='word_1_33' title='bbox 2749 440 3236 503; x_wconf 82' lang='lat' dir='ltr'>hacreditate,cum</span> <span class='ocrx_word' id='word_1_34' title='bbox 3255 439 3531 509; x_wconf 86' lang='lat' dir='ltr'>aliquantis</span> <span class='ocrx_word' id='word_1_35' title='bbox 3557 442 3691 495; x_wconf 83' lang='lat' dir='ltr'>fami-</span> 
     </span>
    </p>
   </div>
   <div class='ocr_carea' id='block_1_6' title="bbox 479 534 2077 600">
    <p class='ocr_par' dir='ltr' id='par_1_6' title="bbox 479 534 2077 600">
     <span class='ocr_line' id='line_1_6' title="bbox 479 534 2077 600; baseline -0.001 -9"><span class='ocrx_word' id='word_1_36' title='bbox 479 538 639 600; x_wconf 87' lang='lat' dir='ltr'>mihi,</span> <span class='ocrx_word' id='word_1_37' title='bbox 671 553 780 590; x_wconf 87' lang='lat' dir='ltr'>non</span> <span class='ocrx_word' id='word_1_38' title='bbox 810 542 873 589; x_wconf 93' lang='lat' dir='ltr'>ut</span> <span class='ocrx_word' id='word_1_39' title='bbox 922 534 1211 588; x_wconf 88' lang='lat' dir='ltr'>haberent.</span> <span class='ocrx_word' id='word_1_40' title='bbox 1273 537 1411 590; x_wconf 88' lang='lat' dir='ltr'>Cum</span> <span class='ocrx_word' id='word_1_41' title='bbox 1460 540 1609 592; x_wconf 90' lang='lat' dir='ltr'>enim</span> <span class='ocrx_word' id='word_1_42' title='bbox 1671 541 1963 594; x_wconf 81' lang='lat' dir='ltr'>obtulisset</span> <span class='ocrx_word' id='word_1_43' title='bbox 1997 538 2077 591; x_wconf 89' lang='lat' dir='ltr'>eis</span> 
     </span>
    </p>
   </div>
   <div class='ocr_carea' id='block_1_7' title="bbox 477 624 2075 694">
    <p class='ocr_par' dir='ltr' id='par_1_7' title="bbox 477 624 2075 694">
     <span class='ocr_line' id='line_1_7' title="bbox 477 624 2075 694; baseline -0.001 -14"><span class='ocrx_word' id='word_1_44' title='bbox 477 625 810 680; x_wconf 86' lang='lat' dir='ltr'>chlamidcm</span> <span class='ocrx_word' id='word_1_45' title='bbox 838 640 1005 694; x_wconf 89' lang='lat' dir='ltr'>quam</span> <span class='ocrx_word' id='word_1_46' title='bbox 1062 624 1113 676; x_wconf 90' lang='lat' dir='ltr'>ei</span> <span class='ocrx_word' id='word_1_47' title='bbox 1159 624 1507 687; x_wconf 85' lang='lat' dir='ltr'>dimiserant,</span> <span class='ocrx_word' id='word_1_48' title='bbox 1541 629 1622 681; x_wconf 90' lang='lat' dir='ltr'>illi</span> <span class='ocrx_word' id='word_1_49' title='bbox 1654 630 1707 682; x_wconf 92' lang='lat' dir='ltr'>in</span> <span class='ocrx_word' id='word_1_50' title='bbox 1750 629 1890 683; x_wconf 87' lang='lat' dir='ltr'>iram</span> <span class='ocrx_word' id='word_1_51' title='bbox 1932 627 2075 679; x_wconf 89' lang='lat' dir='ltr'>versi</span> 
     </span>
    </p>
   </div>
   <div class='ocr_carea' id='block_1_8' title="bbox 478 711 2075 785">
    <p class='ocr_par' dir='ltr' id='par_1_8' title="bbox 478 711 2075 785">
     <span class='ocr_line' id='line_1_8' title="bbox 478 711 2075 785; baseline 0 -19"><span class='ocrx_word' id='word_1_52' title='bbox 478 729 682 766; x_wconf 66' lang='lat' dir='ltr'>caesum</span> <span class='ocrx_word' id='word_1_53' title='bbox 710 711 923 765; x_wconf 85' lang='lat' dir='ltr'>diutius</span> <span class='ocrx_word' id='word_1_54' title='bbox 975 712 1042 764; x_wconf 90' lang='lat' dir='ltr'>ad</span> <span class='ocrx_word' id='word_1_55' title='bbox 1086 711 1342 765; x_wconf 85' lang='lat' dir='ltr'>arborem</span> <span class='ocrx_word' id='word_1_56' title='bbox 1396 715 1610 768; x_wconf 88' lang='lat' dir='ltr'>nudum</span> <span class='ocrx_word' id='word_1_57' title='bbox 1642 716 1975 785; x_wconf 77' lang='lat' dir='ltr'>ligaverunt,</span> <span class='ocrx_word' id='word_1_58' title='bbox 2020 720 2075 767; x_wconf 92' lang='lat' dir='ltr'>et</span> 
     </span>
    </p>
   </div>
   <div class='ocr_carea' id='block_1_9' title="bbox 478 800 2076 871">
    <p class='ocr_par' dir='ltr' id='par_1_9' title="bbox 478 800 2076 871">
     <span class='ocr_line' id='line_1_9' title="bbox 478 800 2076 871; baseline 0.001 -17"><span class='ocrx_word' id='word_1_59' title='bbox 478 800 747 854; x_wconf 82' lang='lat' dir='ltr'>seolarem</span> <span class='ocrx_word' id='word_1_60' title='bbox 782 800 902 869; x_wconf 89' lang='lat' dir='ltr'>ejus</span> <span class='ocrx_word' id='word_1_61' title='bbox 930 801 999 853; x_wconf 91' lang='lat' dir='ltr'>ad</span> <span class='ocrx_word' id='word_1_62' title='bbox 1030 800 1217 866; x_wconf 86' lang='lat' dir='ltr'>aliam,</span> <span class='ocrx_word' id='word_1_63' title='bbox 1238 817 1348 854; x_wconf 91' lang='lat' dir='ltr'>non</span> <span class='ocrx_word' id='word_1_64' title='bbox 1384 802 1549 871; x_wconf 85' lang='lat' dir='ltr'>longe</span> <span class='ocrx_word' id='word_1_65' title='bbox 1580 804 1648 856; x_wconf 89' lang='lat' dir='ltr'>ab</span> <span class='ocrx_word' id='word_1_66' title='bbox 1670 822 1753 867; x_wconf 92' lang='lat' dir='ltr'>eo,</span> <span class='ocrx_word' id='word_1_67' title='bbox 1779 810 1835 857; x_wconf 91' lang='lat' dir='ltr'>et</span> <span class='ocrx_word' id='word_1_68' title='bbox 1856 805 1935 857; x_wconf 92' lang='lat' dir='ltr'>sic</span> <span class='ocrx_word' id='word_1_69' title='bbox 1966 803 2076 856; x_wconf 88' lang='lat' dir='ltr'>dis-</span> 
     </span>
    </p>
   </div>
   <div class='ocr_carea' id='block_1_10' title="bbox 473 890 2077 946">
    <p class='ocr_par' dir='ltr' id='par_1_10' title="bbox 473 890 2077 946">
     <span class='ocr_line' id='line_1_10' title="bbox 473 890 2077 946; baseline 0.002 -4"><span class='ocrx_word' id='word_1_70' title='bbox 473 894 783 942; x_wconf 91' lang='lat' dir='ltr'>cesserunt.</span> <span class='ocrx_word' id='word_1_71' title='bbox 814 891 969 943; x_wconf 92' lang='lat' dir='ltr'>Tunc</span> <span class='ocrx_word' id='word_1_72' title='bbox 998 890 1190 942; x_wconf 86' lang='lat' dir='ltr'>videns</span> <span class='ocrx_word' id='word_1_73' title='bbox 1215 907 1273 943; x_wconf 89' lang='lat' dir='ltr'>se</span> <span class='ocrx_word' id='word_1_74' title='bbox 1296 892 1447 944; x_wconf 90' lang='lat' dir='ltr'>omni</span> <span class='ocrx_word' id='word_1_75' title='bbox 1472 892 1716 946; x_wconf 90' lang='lat' dir='ltr'>humano</span> <span class='ocrx_word' id='word_1_76' title='bbox 1746 893 1954 946; x_wconf 82' lang='lat' dir='ltr'>auxilio</span> <span class='ocrx_word' id='word_1_77' title='bbox 1985 892 2077 945; x_wconf 89' lang='lat' dir='ltr'>de-</span> 
     </span>
    </p>
   </div>
   <div class='ocr_carea' id='block_1_11' title="bbox 476 976 2073 1052">
    <p class='ocr_par' dir='ltr' id='par_1_11' title="bbox 476 976 2073 1052">
     <span class='ocr_line' id='line_1_11' title="bbox 476 976 2073 1052; baseline 0.001 -21"><span class='ocrx_word' id='word_1_78' title='bbox 476 976 756 1043; x_wconf 80' lang='lat' dir='ltr'>stitutum,</span> <span class='ocrx_word' id='word_1_79' title='bbox 787 978 955 1049; x_wconf 71' lang='lat' dir='ltr'>cmpit</span> <span class='ocrx_word' id='word_1_80' title='bbox 983 978 1133 1031; x_wconf 86' lang='lat' dir='ltr'>intra</span> <span class='ocrx_word' id='word_1_81' title='bbox 1188 995 1247 1031; x_wconf 86' lang='lat' dir='ltr'>se</span> <span class='ocrx_word' id='word_1_82' title='bbox 1291 980 1571 1033; x_wconf 74' lang='lat' dir='ltr'>revolvere</span> <span class='ocrx_word' id='word_1_83' title='bbox 1624 987 1679 1034; x_wconf 90' lang='lat' dir='ltr'>et</span> <span class='ocrx_word' id='word_1_84' title='bbox 1730 987 2073 1052; x_wconf 87' lang='lat' dir='ltr'>pertractare</span> 
     </span>
    </p>
   </div>
   <div class='ocr_carea' id='block_1_12' title="bbox 474 1065 2076 1137">
    <p class='ocr_par' dir='ltr' id='par_1_12' title="bbox 474 1065 2076 1137">
     <span class='ocr_line' id='line_1_12' title="bbox 474 1065 2076 1137; baseline 0.002 -19"><span class='ocrx_word' id='word_1_85' title='bbox 474 1080 641 1135; x_wconf 86' lang='lat' dir='ltr'>quam</span> <span class='ocrx_word' id='word_1_86' title='bbox 670 1065 882 1135; x_wconf 81' lang='lat' dir='ltr'>fragilis</span> <span class='ocrx_word' id='word_1_87' title='bbox 911 1071 967 1118; x_wconf 92' lang='lat' dir='ltr'>et</span> <span class='ocrx_word' id='word_1_88' title='bbox 995 1066 1201 1119; x_wconf 86' lang='lat' dir='ltr'>caduca</span> <span class='ocrx_word' id='word_1_89' title='bbox 1227 1067 1302 1119; x_wconf 90' lang='lat' dir='ltr'>sit</span> <span class='ocrx_word' id='word_1_90' title='bbox 1330 1067 1497 1137; x_wconf 84' lang='lat' dir='ltr'>hujus</span> <span class='ocrx_word' id='word_1_91' title='bbox 1555 1069 1748 1121; x_wconf 89' lang='lat' dir='ltr'>mundi</span> <span class='ocrx_word' id='word_1_92' title='bbox 1778 1069 1975 1137; x_wconf 87' lang='lat' dir='ltr'>gloria,</span> <span class='ocrx_word' id='word_1_93' title='bbox 2019 1074 2076 1122; x_wconf 89' lang='lat' dir='ltr'>et</span> 
     </span>
    </p>
   </div>
   <div class='ocr_carea' id='block_1_13' title="bbox 476 1153 2067 1225">
    <p class='ocr_par' dir='ltr' id='par_1_13' title="bbox 476 1153 2067 1225">
     <span class='ocr_line' id='line_1_13' title="bbox 476 1153 2067 1225; baseline 0.001 -19"><span class='ocrx_word' id='word_1_94' title='bbox 476 1170 642 1207; x_wconf 88' lang='lat' dir='ltr'>omne</span> <span class='ocrx_word' id='word_1_95' title='bbox 669 1154 815 1224; x_wconf 91' lang='lat' dir='ltr'>quod</span> <span class='ocrx_word' id='word_1_96' title='bbox 829 1153 1089 1207; x_wconf 89' lang='lat' dir='ltr'>laborant</span> <span class='ocrx_word' id='word_1_97' title='bbox 1108 1154 1364 1208; x_wconf 87' lang='lat' dir='ltr'>homines</span> <span class='ocrx_word' id='word_1_98' title='bbox 1385 1173 1555 1225; x_wconf 82' lang='lat' dir='ltr'>super</span> <span class='ocrx_word' id='word_1_99' title='bbox 1577 1162 1806 1221; x_wconf 88' lang='lat' dir='ltr'>terram,</span> <span class='ocrx_word' id='word_1_100' title='bbox 1832 1156 2067 1209; x_wconf 82' lang='lat' dir='ltr'>vanitas.</span> 
     </span>
    </p>
   </div>
   <div class='ocr_carea' id='block_1_14' title="bbox 477 1243 2074 1314">
    <p class='ocr_par' dir='ltr' id='par_1_14' title="bbox 477 1243 2074 1314">
     <span class='ocr_line' id='line_1_14' title="bbox 477 1243 2074 1314; baseline 0.001 -17"><span class='ocrx_word' id='word_1_101' title='bbox 477 1243 746 1297; x_wconf 86' lang='lat' dir='ltr'>Promisit</span> <span class='ocrx_word' id='word_1_102' title='bbox 775 1243 890 1296; x_wconf 90' lang='lat' dir='ltr'>Deo</span> <span class='ocrx_word' id='word_1_103' title='bbox 921 1243 1149 1296; x_wconf 90' lang='lat' dir='ltr'>omnino</span> <span class='ocrx_word' id='word_1_104' title='bbox 1182 1244 1501 1297; x_wconf 90' lang='lat' dir='ltr'>relicturum</span> <span class='ocrx_word' id='word_1_105' title='bbox 1552 1246 1722 1314; x_wconf 91' lang='lat' dir='ltr'>hujus</span> <span class='ocrx_word' id='word_1_106' title='bbox 1761 1246 1955 1298; x_wconf 90' lang='lat' dir='ltr'>mundi</span> <span class='ocrx_word' id='word_1_107' title='bbox 1986 1262 2074 1298; x_wconf 86' lang='lat' dir='ltr'>ca-</span> 
     </span>
    </p>
   </div>
   <div class='ocr_carea' id='block_1_15' title="bbox 475 1331 2075 1403">
    <p class='ocr_par' dir='ltr' id='par_1_15' title="bbox 475 1331 2075 1403">
     <span class='ocr_line' id='line_1_15' title="bbox 475 1331 2075 1403; baseline 0.001 -18"><span class='ocrx_word' id='word_1_108' title='bbox 475 1331 647 1386; x_wconf 87' lang='lat' dir='ltr'>ducos</span> <span class='ocrx_word' id='word_1_109' title='bbox 669 1331 929 1398; x_wconf 83' lang='lat' dir='ltr'>honores,</span> <span class='ocrx_word' id='word_1_110' title='bbox 958 1338 1013 1385; x_wconf 87' lang='lat' dir='ltr'>et</span> <span class='ocrx_word' id='word_1_111' title='bbox 1042 1331 1144 1384; x_wconf 89' lang='lat' dir='ltr'>sub</span> <span class='ocrx_word' id='word_1_112' title='bbox 1202 1332 1350 1385; x_wconf 90' lang='lat' dir='ltr'>illius</span> <span class='ocrx_word' id='word_1_113' title='bbox 1397 1334 1535 1402; x_wconf 87' lang='lat' dir='ltr'>jugo</span> <span class='ocrx_word' id='word_1_114' title='bbox 1566 1335 1711 1403; x_wconf 90' lang='lat' dir='ltr'>quod</span> <span class='ocrx_word' id='word_1_115' title='bbox 1745 1339 1827 1387; x_wconf 91' lang='lat' dir='ltr'>est</span> <span class='ocrx_word' id='word_1_116' title='bbox 1871 1335 1987 1387; x_wconf 88' lang='lat' dir='ltr'>leve</span> <span class='ocrx_word' id='word_1_117' title='bbox 2018 1340 2075 1386; x_wconf 88' lang='lat' dir='ltr'>et</span> 
     </span>
    </p>
   </div>
   <div class='ocr_carea' id='block_1_16' title="bbox 473 1420 2070 1492">
    <p class='ocr_par' dir='ltr' id='par_1_16' title="bbox 473 1420 2070 1492">
     <span class='ocr_line' id='line_1_16' title="bbox 473 1420 2070 1492; baseline 0.001 -18"><span class='ocrx_word' id='word_1_118' title='bbox 473 1437 645 1474; x_wconf 81' lang='lat' dir='ltr'>suave</span> <span class='ocrx_word' id='word_1_119' title='bbox 673 1420 784 1474; x_wconf 88' lang='lat' dir='ltr'>illis</span> <span class='ocrx_word' id='word_1_120' title='bbox 813 1421 906 1491; x_wconf 90' lang='lat' dir='ltr'>qui</span> <span class='ocrx_word' id='word_1_121' title='bbox 927 1437 1055 1474; x_wconf 88' lang='lat' dir='ltr'>eum</span> <span class='ocrx_word' id='word_1_122' title='bbox 1078 1420 1337 1489; x_wconf 89' lang='lat' dir='ltr'>diligunt,</span> <span class='ocrx_word' id='word_1_123' title='bbox 1373 1423 1795 1492; x_wconf 88' lang='lat' dir='ltr'>suppositurum</span> <span class='ocrx_word' id='word_1_124' title='bbox 1840 1439 1903 1475; x_wconf 84' lang='lat' dir='ltr'>ex</span> <span class='ocrx_word' id='word_1_125' title='bbox 1934 1428 2070 1487; x_wconf 85' lang='lat' dir='ltr'>toto,</span> 
     </span>
    </p>
   </div>
   <div class='ocr_carea' id='block_1_17' title="bbox 475 1509 2072 1581">
    <p class='ocr_par' dir='ltr' id='par_1_17' title="bbox 475 1509 2072 1581">
     <span class='ocr_line' id='line_1_17' title="bbox 475 1509 2072 1581; baseline 0.001 -18"><span class='ocrx_word' id='word_1_126' title='bbox 475 1509 523 1563; x_wconf 85' lang='lat' dir='ltr'>si</span> <span class='ocrx_word' id='word_1_127' title='bbox 553 1525 683 1563; x_wconf 88' lang='lat' dir='ltr'>eum</span> <span class='ocrx_word' id='word_1_128' title='bbox 714 1509 931 1581; x_wconf 88' lang='lat' dir='ltr'>eripere</span> <span class='ocrx_word' id='word_1_129' title='bbox 960 1510 1288 1579; x_wconf 81' lang='lat' dir='ltr'>dignaretur</span> <span class='ocrx_word' id='word_1_130' title='bbox 1309 1509 1377 1563; x_wconf 88' lang='lat' dir='ltr'>ab</span> <span class='ocrx_word' id='word_1_131' title='bbox 1430 1511 1533 1563; x_wconf 90' lang='lat' dir='ltr'>hac</span> <span class='ocrx_word' id='word_1_132' title='bbox 1564 1512 1838 1581; x_wconf 72' lang='lat' dir='ltr'>captione.</span> <span class='ocrx_word' id='word_1_133' title='bbox 1874 1511 2072 1564; x_wconf 88' lang='lat' dir='ltr'>Statim</span> 
     </span>
    </p>
   </div>
   <div class='ocr_carea' id='block_1_18' title="bbox 473 1598 2076 1670">
    <p class='ocr_par' dir='ltr' id='par_1_18' title="bbox 473 1598 2076 1670">
     <span class='ocr_line' id='line_1_18' title="bbox 473 1598 2076 1670; baseline 0.001 -18"><span class='ocrx_word' id='word_1_134' title='bbox 473 1601 538 1652; x_wconf 87' lang='lat' dir='ltr'>ut</span> <span class='ocrx_word' id='word_1_135' title='bbox 564 1604 754 1651; x_wconf 89' lang='lat' dir='ltr'>votum</span> <span class='ocrx_word' id='word_1_136' title='bbox 786 1615 850 1650; x_wconf 83' lang='lat' dir='ltr'>ex</span> <span class='ocrx_word' id='word_1_137' title='bbox 879 1598 1043 1651; x_wconf 90' lang='lat' dir='ltr'>corde</span> <span class='ocrx_word' id='word_1_138' title='bbox 1065 1604 1118 1651; x_wconf 89' lang='lat' dir='ltr'>et</span> <span class='ocrx_word' id='word_1_139' title='bbox 1160 1616 1255 1651; x_wconf 84' lang='lat' dir='ltr'>ore</span> <span class='ocrx_word' id='word_1_140' title='bbox 1288 1599 1399 1652; x_wconf 83' lang='lat' dir='ltr'>Deo</span> <span class='ocrx_word' id='word_1_141' title='bbox 1430 1600 1706 1668; x_wconf 82' lang='lat' dir='ltr'>promisit,</span> <span class='ocrx_word' id='word_1_142' title='bbox 1751 1601 1909 1670; x_wconf 88' lang='lat' dir='ltr'>quasi</span> <span class='ocrx_word' id='word_1_143' title='bbox 1964 1617 2076 1654; x_wconf 91' lang='lat' dir='ltr'>uno</span> 
     </span>
    </p>
   </div>
   <div class='ocr_carea' id='block_1_19' title="bbox 2160 528 3693 596">
    <p class='ocr_par' dir='ltr' id='par_1_19' title="bbox 2160 528 3693 596">
     <span class='ocr_line' id='line_1_19' title="bbox 2160 528 3693 596; baseline -0.003 -10"><span class='ocrx_word' id='word_1_144' title='bbox 2160 534 2363 586; x_wconf 89' lang='lat' dir='ltr'>liarum</span> <span class='ocrx_word' id='word_1_145' title='bbox 2395 532 2631 588; x_wconf 81' lang='lat' dir='ltr'>clericis,</span> <span class='ocrx_word' id='word_1_146' title='bbox 2661 530 2813 582; x_wconf 87' lang='lat' dir='ltr'>venit</span> <span class='ocrx_word' id='word_1_147' title='bbox 2841 529 2911 581; x_wconf 90' lang='lat' dir='ltr'>ad</span> <span class='ocrx_word' id='word_1_148' title='bbox 2943 545 3103 592; x_wconf 90' lang='lat' dir='ltr'>eum;</span> <span class='ocrx_word' id='word_1_149' title='bbox 3136 528 3191 580; x_wconf 90' lang='lat' dir='ltr'>in</span> <span class='ocrx_word' id='word_1_150' title='bbox 3235 529 3385 596; x_wconf 87' lang='lat' dir='ltr'>cujus</span> <span class='ocrx_word' id='word_1_151' title='bbox 3413 529 3594 582; x_wconf 88' lang='lat' dir='ltr'>scholis</span> <span class='ocrx_word' id='word_1_152' title='bbox 3614 530 3693 582; x_wconf 86' lang='lat' dir='ltr'>ali-</span> 
     </span>
    </p>
   </div>
   <div class='ocr_carea' id='block_1_20' title="bbox 2160 615 3693 693">
    <p class='ocr_par' dir='ltr' id='par_1_20' title="bbox 2160 615 3693 693">
     <span class='ocr_line' id='line_1_20' title="bbox 2160 615 3693 693; baseline -0.004 -18"><span class='ocrx_word' id='word_1_153' title='bbox 2160 622 2409 693; x_wconf 88' lang='lat' dir='ltr'>quandiu</span> <span class='ocrx_word' id='word_1_154' title='bbox 2440 621 2741 689; x_wconf 85' lang='lat' dir='ltr'>diligenter</span> <span class='ocrx_word' id='word_1_155' title='bbox 2763 634 3014 677; x_wconf 89' lang='lat' dir='ltr'>manens,</span> <span class='ocrx_word' id='word_1_156' title='bbox 3048 621 3103 669; x_wconf 87' lang='lat' dir='ltr'>et</span> <span class='ocrx_word' id='word_1_157' title='bbox 3140 615 3239 669; x_wconf 89' lang='lat' dir='ltr'>sibi</span> <span class='ocrx_word' id='word_1_158' title='bbox 3270 622 3324 667; x_wconf 91' lang='lat' dir='ltr'>et</span> <span class='ocrx_word' id='word_1_159' title='bbox 3349 615 3464 669; x_wconf 89' lang='lat' dir='ltr'>aliis</span> <span class='ocrx_word' id='word_1_160' title='bbox 3490 618 3693 669; x_wconf 87' lang='lat' dir='ltr'>multum</span> 
     </span>
    </p>
   </div>
   <div class='ocr_carea' id='block_1_21' title="bbox 2157 704 3694 781">
    <p class='ocr_par' dir='ltr' id='par_1_21' title="bbox 2157 704 3694 781">
     <span class='ocr_line' id='line_1_21' title="bbox 2157 704 3694 781; baseline -0.005 -18"><span class='ocrx_word' id='word_1_161' title='bbox 2157 709 2705 781; x_wconf 83' lang='lat' dir='ltr'>proficiens.tandcm</span> <span class='ocrx_word' id='word_1_162' title='bbox 2737 705 3031 761; x_wconf 84' lang='lat' dir='ltr'>Lanfranci</span> <span class='ocrx_word' id='word_1_163' title='bbox 3062 704 3410 757; x_wconf 87' lang='lat' dir='ltr'>incitamento</span> <span class='ocrx_word' id='word_1_164' title='bbox 3421 712 3473 756; x_wconf 90' lang='lat' dir='ltr'>et</span> <span class='ocrx_word' id='word_1_165' title='bbox 3486 704 3694 757; x_wconf 79' lang='lat' dir='ltr'>Maurilii</span> 
     </span>
    </p>
   </div>
   <div class='ocr_carea' id='block_1_22' title="bbox 2158 792 3695 867">
    <p class='ocr_par' dir='ltr' id='par_1_22' title="bbox 2158 792 3695 867">
     <span class='ocr_line' id='line_1_22' title="bbox 2158 792 3695 867; baseline -0.005 -15"><span class='ocrx_word' id='word_1_166' title='bbox 2158 798 2626 867; x_wconf 86' lang='lat' dir='ltr'>Rothomagensis</span> <span class='ocrx_word' id='word_1_167' title='bbox 2679 792 3081 866; x_wconf 84' lang='lat' dir='ltr'>archiepiscopi</span> <span class='ocrx_word' id='word_1_168' title='bbox 3121 792 3362 857; x_wconf 90' lang='lat' dir='ltr'>consilio,</span> <span class='ocrx_word' id='word_1_169' title='bbox 3395 792 3565 845; x_wconf 89' lang='lat' dir='ltr'>divina</span> <span class='ocrx_word' id='word_1_170' title='bbox 3587 809 3695 863; x_wconf 87' lang='lat' dir='ltr'>pro-</span> 
     </span>
    </p>
   </div>
   <div class='ocr_carea' id='block_1_23' title="bbox 2158 880 3695 947">
    <p class='ocr_par' dir='ltr' id='par_1_23' title="bbox 2158 880 3695 947">
     <span class='ocr_line' id='line_1_23' title="bbox 2158 880 3695 947; baseline -0.005 -8"><span class='ocrx_word' id='word_1_171' title='bbox 2158 888 2382 941; x_wconf 80' lang='lat' dir='ltr'>vidente</span> <span class='ocrx_word' id='word_1_172' title='bbox 2412 885 2794 947; x_wconf 89' lang='lat' dir='ltr'>clementia,in</span> <span class='ocrx_word' id='word_1_173' title='bbox 2816 883 3073 938; x_wconf 87' lang='lat' dir='ltr'>Beccensi</span> <span class='ocrx_word' id='word_1_174' title='bbox 3100 881 3324 935; x_wconf 85' lang='lat' dir='ltr'>ecclesia</span> <span class='ocrx_word' id='word_1_175' title='bbox 3348 880 3579 934; x_wconf 87' lang='lat' dir='ltr'>habitum</span> <span class='ocrx_word' id='word_1_176' title='bbox 3597 897 3695 934; x_wconf 87' lang='lat' dir='ltr'>mo-</span> 
     </span>
    </p>
   </div>
   <div class='ocr_carea' id='block_1_24' title="bbox 2158 969 3695 1039">
    <p class='ocr_par' dir='ltr' id='par_1_24' title="bbox 2158 969 3695 1039">
     <span class='ocr_line' id='line_1_24' title="bbox 2158 969 3695 1039; baseline -0.006 -9"><span class='ocrx_word' id='word_1_177' title='bbox 2158 977 2449 1030; x_wconf 89' lang='lat' dir='ltr'>nachalem</span> <span class='ocrx_word' id='word_1_178' title='bbox 2475 982 2591 1029; x_wconf 88' lang='lat' dir='ltr'>tota</span> <span class='ocrx_word' id='word_1_179' title='bbox 2636 973 2927 1027; x_wconf 86' lang='lat' dir='ltr'>devotione</span> <span class='ocrx_word' id='word_1_180' title='bbox 2974 972 3078 1024; x_wconf 88' lang='lat' dir='ltr'>hoc</span> <span class='ocrx_word' id='word_1_181' title='bbox 3123 986 3267 1023; x_wconf 90' lang='lat' dir='ltr'>anno</span> <span class='ocrx_word' id='word_1_182' title='bbox 3298 969 3544 1039; x_wconf 88' lang='lat' dir='ltr'>suscepit,</span> <span class='ocrx_word' id='word_1_183' title='bbox 3574 986 3695 1022; x_wconf 89' lang='lat' dir='ltr'>anno</span> 
     </span>
    </p>
   </div>
   <div class='ocr_carea' id='block_1_25' title="bbox 2156 1057 3696 1131">
    <p class='ocr_par' dir='ltr' id='par_1_25' title="bbox 2156 1057 3696 1131">
     <span class='ocr_line' id='line_1_25' title="bbox 2156 1057 3696 1131; baseline -0.006 -13"><span class='ocrx_word' id='word_1_184' title='bbox 2156 1064 2336 1119; x_wconf 75' lang='lat' dir='ltr'>aetatis</span> <span class='ocrx_word' id='word_1_185' title='bbox 2360 1080 2473 1116; x_wconf 60' lang='lat' dir='ltr'>sua;</span> <span class='ocrx_word' id='word_1_186' title='bbox 2499 1063 2761 1115; x_wconf 86' lang='lat' dir='ltr'>vicesimo</span> <span class='ocrx_word' id='word_1_187' title='bbox 2793 1059 3046 1131; x_wconf 90' lang='lat' dir='ltr'>septimo.</span> <span class='ocrx_word' id='word_1_188' title='bbox 3083 1057 3190 1121; x_wconf 87' lang='lat' dir='ltr'>Qui</span> <span class='ocrx_word' id='word_1_189' title='bbox 3216 1057 3282 1109; x_wconf 86' lang='lat' dir='ltr'>ad</span> <span class='ocrx_word' id='word_1_190' title='bbox 3307 1062 3502 1128; x_wconf 85' lang='lat' dir='ltr'>quanta</span> <span class='ocrx_word' id='word_1_191' title='bbox 3529 1058 3696 1109; x_wconf 88' lang='lat' dir='ltr'>sancti-</span> 
     </span>
    </p>
   </div>
   <div class='ocr_carea' id='block_1_26' title="bbox 2156 1144 3697 1221">
    <p class='ocr_par' dir='ltr' id='par_1_26' title="bbox 2156 1144 3697 1221">
     <span class='ocr_line' id='line_1_26' title="bbox 2156 1144 3697 1221; baseline -0.007 -14"><span class='ocrx_word' id='word_1_192' title='bbox 2156 1153 2289 1207; x_wconf 84' lang='lat' dir='ltr'>tatis</span> <span class='ocrx_word' id='word_1_193' title='bbox 2310 1158 2365 1206; x_wconf 89' lang='lat' dir='ltr'>et</span> <span class='ocrx_word' id='word_1_194' title='bbox 2389 1151 2678 1221; x_wconf 84' lang='lat' dir='ltr'>dignitatis</span> <span class='ocrx_word' id='word_1_195' title='bbox 2700 1150 2944 1203; x_wconf 90' lang='lat' dir='ltr'>culmina</span> <span class='ocrx_word' id='word_1_196' title='bbox 2966 1152 3159 1218; x_wconf 88' lang='lat' dir='ltr'>postea</span> <span class='ocrx_word' id='word_1_197' title='bbox 3183 1144 3501 1216; x_wconf 75' lang='lat' dir='ltr'>pervenerit,</span> <span class='ocrx_word' id='word_1_198' title='bbox 3523 1145 3575 1197; x_wconf 89' lang='lat' dir='ltr'>in</span> <span class='ocrx_word' id='word_1_199' title='bbox 3593 1145 3697 1198; x_wconf 87' lang='lat' dir='ltr'>sub-</span> 
     </span>
    </p>
   </div>
   <div class='ocr_carea' id='block_1_27' title="bbox 2156 1234 3698 1312">
    <p class='ocr_par' dir='ltr' id='par_1_27' title="bbox 2156 1234 3698 1312">
     <span class='ocr_line' id='line_1_27' title="bbox 2156 1234 3698 1312; baseline -0.007 -16"><span class='ocrx_word' id='word_1_200' title='bbox 2156 1242 2411 1312; x_wconf 85' lang='lat' dir='ltr'>sequenti</span> <span class='ocrx_word' id='word_1_201' title='bbox 2444 1241 2683 1309; x_wconf 87' lang='lat' dir='ltr'>diligens</span> <span class='ocrx_word' id='word_1_202' title='bbox 2713 1240 2890 1292; x_wconf 88' lang='lat' dir='ltr'>lector</span> <span class='ocrx_word' id='word_1_203' title='bbox 2919 1236 3180 1290; x_wconf 81' lang='lat' dir='ltr'>inveniet.</span> <span class='ocrx_word' id='word_1_204' title='bbox 3210 1235 3349 1287; x_wconf 89' lang='lat' dir='ltr'>Nam</span> <span class='ocrx_word' id='word_1_205' title='bbox 3367 1234 3507 1286; x_wconf 88' lang='lat' dir='ltr'>inter</span> <span class='ocrx_word' id='word_1_206' title='bbox 3533 1238 3698 1285; x_wconf 62' lang='lat' dir='ltr'>(vetera</span> 
     </span>
    </p>
   </div>
   <div class='ocr_carea' id='block_1_28' title="bbox 2157 1321 3699 1400">
    <p class='ocr_par' dir='ltr' id='par_1_28' title="bbox 2157 1321 3699 1400">
     <span class='ocr_line' id='line_1_28' title="bbox 2157 1321 3699 1400; baseline -0.007 -16"><span class='ocrx_word' id='word_1_207' title='bbox 2157 1330 2446 1400; x_wconf 82' lang='lat' dir='ltr'>dignitatis</span> <span class='ocrx_word' id='word_1_208' title='bbox 2460 1328 2859 1387; x_wconf 81' lang='lat' dir='ltr'>culmina,cum</span> <span class='ocrx_word' id='word_1_209' title='bbox 2883 1342 3028 1378; x_wconf 89' lang='lat' dir='ltr'>anno</span> <span class='ocrx_word' id='word_1_210' title='bbox 3051 1322 3268 1378; x_wconf 89' lang='lat' dir='ltr'>Domini</span> <span class='ocrx_word' id='word_1_211' title='bbox 3292 1321 3699 1375; x_wconf 81' lang='lat' dir='ltr'>millesimosexa—</span> 
     </span>
    </p>
   </div>
   <div class='ocr_carea' id='block_1_29' title="bbox 2157 1409 3700 1489">
    <p class='ocr_par' dir='ltr' id='par_1_29' title="bbox 2157 1409 3700 1489">
     <span class='ocr_line' id='line_1_29' title="bbox 2157 1409 3700 1489; baseline -0.007 -17"><span class='ocrx_word' id='word_1_212' title='bbox 2157 1418 2373 1489; x_wconf 89' lang='lat' dir='ltr'>gesimo</span> <span class='ocrx_word' id='word_1_213' title='bbox 2404 1417 2647 1471; x_wconf 83' lang='lat' dir='ltr'>secundo</span> <span class='ocrx_word' id='word_1_214' title='bbox 2709 1416 3056 1470; x_wconf 88' lang='lat' dir='ltr'>Lanfrancus</span> <span class='ocrx_word' id='word_1_215' title='bbox 3106 1411 3449 1481; x_wconf 89' lang='lat' dir='ltr'>supradictus</span> <span class='ocrx_word' id='word_1_216' title='bbox 3485 1409 3700 1462; x_wconf 72' lang='lat' dir='ltr'>Ecclesiae</span> 
     </span>
    </p>
   </div>
   <div class='ocr_carea' id='block_1_30' title="bbox 2159 1498 3702 1578">
    <p class='ocr_par' dir='ltr' id='par_1_30' title="bbox 2159 1498 3702 1578">
     <span class='ocr_line' id='line_1_30' title="bbox 2159 1498 3702 1578; baseline -0.008 -17"><span class='ocrx_word' id='word_1_217' title='bbox 2159 1508 2317 1562; x_wconf 90' lang='lat' dir='ltr'>Becci</span> <span class='ocrx_word' id='word_1_218' title='bbox 2350 1507 2520 1578; x_wconf 88' lang='lat' dir='ltr'>prior,</span> <span class='ocrx_word' id='word_1_219' title='bbox 2556 1505 2808 1575; x_wconf 88' lang='lat' dir='ltr'>regimen</span> <span class='ocrx_word' id='word_1_220' title='bbox 2840 1502 3143 1573; x_wconf 86' lang='lat' dir='ltr'>accepisset</span> <span class='ocrx_word' id='word_1_221' title='bbox 3159 1500 3333 1554; x_wconf 84' lang='lat' dir='ltr'>sancti</span> <span class='ocrx_word' id='word_1_222' title='bbox 3354 1498 3597 1569; x_wconf 84' lang='lat' dir='ltr'>Stephani</span> <span class='ocrx_word' id='word_1_223' title='bbox 3620 1498 3702 1551; x_wconf 88' lang='lat' dir='ltr'>Ca-</span> 
     </span>
    </p>
   </div>
   <div class='ocr_carea' id='block_1_31' title="bbox 2160 1588 3701 1667">
    <p class='ocr_par' dir='ltr' id='par_1_31' title="bbox 2160 1588 3701 1667">
     <span class='ocr_line' id='line_1_31' title="bbox 2160 1588 3701 1667; baseline -0.008 -17"><span class='ocrx_word' id='word_1_224' title='bbox 2160 1597 2330 1661; x_wconf 87' lang='lat' dir='ltr'>domi,</span> <span class='ocrx_word' id='word_1_225' title='bbox 2366 1596 2659 1667; x_wconf 72' lang='lat' dir='ltr'>prmtlictus</span> <span class='ocrx_word' id='word_1_226' title='bbox 2688 1593 2987 1647; x_wconf 88' lang='lat' dir='ltr'>Anselmus</span> <span class='ocrx_word' id='word_1_227' title='bbox 3016 1591 3194 1644; x_wconf 86' lang='lat' dir='ltr'>factus</span> <span class='ocrx_word' id='word_1_228' title='bbox 3221 1598 3304 1642; x_wconf 87' lang='lat' dir='ltr'>est</span> <span class='ocrx_word' id='word_1_229' title='bbox 3332 1588 3476 1659; x_wconf 89' lang='lat' dir='ltr'>prior</span> <span class='ocrx_word' id='word_1_230' title='bbox 3499 1588 3701 1639; x_wconf 86' lang='lat' dir='ltr'>Beccen-</span> 
     </span>
    </p>
   </div>
   <div class='ocr_carea' id='block_1_32' title="bbox 473 1676 3499 1768">
    <p class='ocr_par' dir='ltr' id='par_1_32' title="bbox 473 1676 3499 1768">
     <span class='ocr_line' id='line_1_32' title="bbox 473 1676 3499 1768; baseline -0.004 -29"><span class='ocrx_word' id='word_1_231' title='bbox 473 1691 761 1740; x_wconf 89' lang='lat' dir='ltr'>momento</span> <span class='ocrx_word' id='word_1_232' title='bbox 792 1687 974 1739; x_wconf 86' lang='lat' dir='ltr'>soluta</span> <span class='ocrx_word' id='word_1_233' title='bbox 1002 1692 1134 1739; x_wconf 92' lang='lat' dir='ltr'>sunt</span> <span class='ocrx_word' id='word_1_234' title='bbox 1163 1688 1349 1741; x_wconf 87' lang='lat' dir='ltr'>omnia</span> <span class='ocrx_word' id='word_1_235' title='bbox 1373 1688 1609 1753; x_wconf 67' lang='lat' dir='ltr'>vincula,</span> <span class='ocrx_word' id='word_1_236' title='bbox 1637 1688 1838 1759; x_wconf 88' lang='lat' dir='ltr'>quibus</span> <span class='ocrx_word' id='word_1_237' title='bbox 1868 1689 2138 1768; x_wconf 81' lang='lat' dir='ltr'>ligatusB</span> <span class='ocrx_word' id='word_1_238' title='bbox 2159 1686 2254 1743; x_wconf 87' lang='lat' dir='ltr'>sis,</span> <span class='ocrx_word' id='word_1_239' title='bbox 2287 1684 2381 1756; x_wconf 89' lang='lat' dir='ltr'>qui</span> <span class='ocrx_word' id='word_1_240' title='bbox 2411 1684 2590 1737; x_wconf 89' lang='lat' dir='ltr'>tribus</span> <span class='ocrx_word' id='word_1_241' title='bbox 2619 1682 2780 1735; x_wconf 89' lang='lat' dir='ltr'>annis</span> <span class='ocrx_word' id='word_1_242' title='bbox 2809 1682 2991 1734; x_wconf 82' lang='lat' dir='ltr'>fuerat</span> <span class='ocrx_word' id='word_1_243' title='bbox 3013 1679 3133 1733; x_wconf 88' lang='lat' dir='ltr'>sine</span> <span class='ocrx_word' id='word_1_244' title='bbox 3166 1676 3499 1749; x_wconf 70' lang='lat' dir='ltr'>praelatione.</span> 
     </span>
    </p>
   </div>
   <div class='ocr_carea' id='block_1_33' title="bbox 474 1775 2075 1847">
    <p class='ocr_par' dir='ltr' id='par_1_33' title="bbox 474 1775 2075 1847">
     <span class='ocr_line' id='line_1_33' title="bbox 474 1775 2075 1847; baseline 0.002 -19"><span class='ocrx_word' id='word_1_245' title='bbox 474 1780 631 1843; x_wconf 86' lang='lat' dir='ltr'>erat;</span> <span class='ocrx_word' id='word_1_246' title='bbox 662 1783 717 1829; x_wconf 87' lang='lat' dir='ltr'>et</span> <span class='ocrx_word' id='word_1_247' title='bbox 735 1775 877 1828; x_wconf 91' lang='lat' dir='ltr'>liber</span> <span class='ocrx_word' id='word_1_248' title='bbox 897 1775 1143 1839; x_wconf 80' lang='lat' dir='ltr'>effectus,</span> <span class='ocrx_word' id='word_1_249' title='bbox 1170 1777 1283 1829; x_wconf 86' lang='lat' dir='ltr'>Deo</span> <span class='ocrx_word' id='word_1_250' title='bbox 1311 1778 1524 1847; x_wconf 83' lang='lat' dir='ltr'>gratias</span> <span class='ocrx_word' id='word_1_251' title='bbox 1573 1794 1766 1847; x_wconf 83' lang='lat' dir='ltr'>agens,</span> <span class='ocrx_word' id='word_1_252' title='bbox 1794 1778 1863 1830; x_wconf 90' lang='lat' dir='ltr'>ad</span> <span class='ocrx_word' id='word_1_253' title='bbox 1911 1795 2075 1831; x_wconf 91' lang='lat' dir='ltr'>suum</span> 
     </span>
    </p>
   </div>
   <div class='ocr_carea' id='block_1_34' title="bbox 474 1863 2078 1936">
    <p class='ocr_par' dir='ltr' id='par_1_34' title="bbox 474 1863 2078 1936">
     <span class='ocr_line' id='line_1_34' title="bbox 474 1863 2078 1936; baseline 0.001 -19"><span class='ocrx_word' id='word_1_254' title='bbox 474 1864 737 1917; x_wconf 81' lang='lat' dir='ltr'>clericum</span> <span class='ocrx_word' id='word_1_255' title='bbox 763 1863 1012 1927; x_wconf 88' lang='lat' dir='ltr'>accessit,</span> <span class='ocrx_word' id='word_1_256' title='bbox 1048 1870 1105 1917; x_wconf 90' lang='lat' dir='ltr'>et</span> <span class='ocrx_word' id='word_1_257' title='bbox 1133 1882 1259 1918; x_wconf 91' lang='lat' dir='ltr'>eum</span> <span class='ocrx_word' id='word_1_258' title='bbox 1292 1866 1471 1930; x_wconf 82' lang='lat' dir='ltr'>solvit,</span> <span class='ocrx_word' id='word_1_259' title='bbox 1494 1870 1549 1919; x_wconf 90' lang='lat' dir='ltr'>et</span> <span class='ocrx_word' id='word_1_260' title='bbox 1566 1872 1756 1919; x_wconf 87' lang='lat' dir='ltr'>votum</span> <span class='ocrx_word' id='word_1_261' title='bbox 1782 1867 1931 1936; x_wconf 87' lang='lat' dir='ltr'>apud</span> <span class='ocrx_word' id='word_1_262' title='bbox 1947 1867 2078 1919; x_wconf 90' lang='lat' dir='ltr'>Bec-</span> 
     </span>
    </p>
   </div>
   <div class='ocr_carea' id='block_1_35' title="bbox 473 1952 882 2027">
    <p class='ocr_par' dir='ltr' id='par_1_35' title="bbox 473 1952 882 2027">
     <span class='ocr_line' id='line_1_35' title="bbox 473 1952 882 2027; baseline -0.005 -20"><span class='ocrx_word' id='word_1_263' title='bbox 473 1967 603 2007; x_wconf 87' lang='lat' dir='ltr'>cum</span> <span class='ocrx_word' id='word_1_264' title='bbox 631 1952 882 2027; x_wconf 82' lang='lat' dir='ltr'>perfecit.</span> 
     </span>
    </p>
   </div>
   <div class='ocr_carea' id='block_1_36' title="bbox 484 2040 2071 2105">
    <p class='ocr_par' dir='ltr' id='par_1_36' title="bbox 484 2040 2071 2105">
     <span class='ocr_line' id='line_1_36' title="bbox 484 2040 2071 2105; baseline 0.001 -11"><span class='ocrx_word' id='word_1_265' title='bbox 484 2058 491 2071; x_wconf 72' lang='grc'>⁶</span> <span class='ocrx_word' id='word_1_266' title='bbox 544 2043 707 2094; x_wconf 86' lang='lat' dir='ltr'>Anno</span> <span class='ocrx_word' id='word_1_267' title='bbox 735 2041 955 2094; x_wconf 90' lang='lat' dir='ltr'>Domini</span> <span class='ocrx_word' id='word_1_268' title='bbox 1020 2040 1173 2105; x_wconf 64' lang='lat'>104?,</span> <span class='ocrx_word' id='word_1_269' title='bbox 1218 2042 1583 2105; x_wconf 86' lang='lat' dir='ltr'>Lanfrancus,</span> <span class='ocrx_word' id='word_1_270' title='bbox 1632 2044 1699 2097; x_wconf 91' lang='lat' dir='ltr'>de</span> <span class='ocrx_word' id='word_1_271' title='bbox 1747 2050 2071 2097; x_wconf 88' lang='lat' dir='ltr'>senatorum</span> 
     </span>
    </p>
   </div>
   <div class='ocr_carea' id='block_1_37' title="bbox 472 2128 2070 2202">
    <p class='ocr_par' dir='ltr' id='par_1_37' title="bbox 472 2128 2070 2202">
     <span class='ocr_line' id='line_1_37' title="bbox 472 2128 2070 2202; baseline 0.002 -19"><span class='ocrx_word' id='word_1_272' title='bbox 472 2128 660 2199; x_wconf 66' lang='lat' dir='ltr'>Papiae</span> <span class='ocrx_word' id='word_1_273' title='bbox 690 2128 860 2183; x_wconf 89' lang='lat' dir='ltr'>nobili</span> <span class='ocrx_word' id='word_1_274' title='bbox 888 2145 1093 2199; x_wconf 87' lang='lat' dir='ltr'>genere</span> <span class='ocrx_word' id='word_1_275' title='bbox 1147 2136 1332 2194; x_wconf 89' lang='lat' dir='ltr'>natus,</span> <span class='ocrx_word' id='word_1_276' title='bbox 1385 2132 1441 2184; x_wconf 90' lang='lat' dir='ltr'>in</span> <span class='ocrx_word' id='word_1_277' title='bbox 1477 2139 1690 2202; x_wconf 88' lang='lat' dir='ltr'>septem</span> <span class='ocrx_word' id='word_1_278' title='bbox 1743 2133 2070 2186; x_wconf 89' lang='lat' dir='ltr'>liberalibus</span> 
     </span>
    </p>
   </div>
   <div class='ocr_carea' id='block_1_38' title="bbox 470 2216 2068 2284">
    <p class='ocr_par' dir='ltr' id='par_1_38' title="bbox 470 2216 2068 2284">
     <span class='ocr_line' id='line_1_38' title="bbox 470 2216 2068 2284; baseline 0.002 -13"><span class='ocrx_word' id='word_1_279' title='bbox 470 2217 687 2272; x_wconf 85' lang='lat' dir='ltr'>artibus</span> <span class='ocrx_word' id='word_1_280' title='bbox 718 2216 1053 2271; x_wconf 86' lang='lat' dir='ltr'>mirabiliter</span> <span class='ocrx_word' id='word_1_281' title='bbox 1082 2220 1353 2284; x_wconf 88' lang='lat' dir='ltr'>eruditus,</span> <span class='ocrx_word' id='word_1_282' title='bbox 1380 2221 1494 2273; x_wconf 92' lang='lat' dir='ltr'>Deo</span> <span class='ocrx_word' id='word_1_283' title='bbox 1525 2222 1776 2274; x_wconf 89' lang='lat' dir='ltr'>omnium</span> <span class='ocrx_word' id='word_1_284' title='bbox 1792 2221 2068 2277; x_wconf 90' lang='lat' dir='ltr'>bonorum</span> 
     </span>
    </p>
   </div>
   <div class='ocr_carea' id='block_1_39' title="bbox 474 2307 2073 2378">
    <p class='ocr_par' dir='ltr' id='par_1_39' title="bbox 474 2307 2073 2378">
     <span class='ocr_line' id='line_1_39' title="bbox 474 2307 2073 2378; baseline 0.001 -17"><span class='ocrx_word' id='word_1_285' title='bbox 474 2313 705 2361; x_wconf 80' lang='lat' dir='ltr'>auctore</span> <span class='ocrx_word' id='word_1_286' title='bbox 730 2307 1077 2377; x_wconf 89' lang='lat' dir='ltr'>disponente,</span> <span class='ocrx_word' id='word_1_287' title='bbox 1106 2309 1253 2378; x_wconf 87' lang='lat' dir='ltr'>apud</span> <span class='ocrx_word' id='word_1_288' title='bbox 1286 2310 1560 2363; x_wconf 89' lang='lat' dir='ltr'>Beccense</span> <span class='ocrx_word' id='word_1_289' title='bbox 1583 2310 1917 2371; x_wconf 67' lang='lat' dir='ltr'>emnobium,</span> <span class='ocrx_word' id='word_1_290' title='bbox 1950 2327 2073 2363; x_wconf 90' lang='lat' dir='ltr'>ma-</span> 
     </span>
    </p>
   </div>
   <div class='ocr_carea' id='block_1_40' title="bbox 454 2396 2077 2466">
    <p class='ocr_par' dir='ltr' id='par_1_40' title="bbox 454 2396 2077 2466">
     <span class='ocr_line' id='line_1_40' title="bbox 454 2396 2077 2466; baseline 0.002 -18"><span class='ocrx_word' id='word_1_291' title='bbox 454 2396 599 2466; x_wconf 26' lang='lat' dir='ltr'>‘guis</span> <span class='ocrx_word' id='word_1_292' title='bbox 623 2401 757 2449; x_wconf 90' lang='lat' dir='ltr'>tunc</span> <span class='ocrx_word' id='word_1_293' title='bbox 776 2396 1043 2465; x_wconf 89' lang='lat' dir='ltr'>temporis</span> <span class='ocrx_word' id='word_1_294' title='bbox 1100 2397 1460 2450; x_wconf 83' lang='lat' dir='ltr'>facultatibus</span> <span class='ocrx_word' id='word_1_295' title='bbox 1508 2399 1852 2465; x_wconf 89' lang='lat' dir='ltr'>inornatum,</span> <span class='ocrx_word' id='word_1_296' title='bbox 1885 2416 2077 2452; x_wconf 91' lang='lat' dir='ltr'>secun-</span> 
     </span>
    </p>
   </div>
   <div class='ocr_carea' id='block_1_41' title="bbox 474 2484 2070 2551">
    <p class='ocr_par' dir='ltr' id='par_1_41' title="bbox 474 2484 2070 2551">
     <span class='ocr_line' id='line_1_41' title="bbox 474 2484 2070 2551; baseline 0.003 -15"><span class='ocrx_word' id='word_1_297' title='bbox 474 2484 608 2537; x_wconf 88' lang='lat' dir='ltr'>dum</span> <span class='ocrx_word' id='word_1_298' title='bbox 641 2484 818 2537; x_wconf 85' lang='lat' dir='ltr'>sancti</span> <span class='ocrx_word' id='word_1_299' title='bbox 840 2485 1094 2538; x_wconf 86' lang='lat' dir='ltr'>Herluini</span> <span class='ocrx_word' id='word_1_300' title='bbox 1117 2484 1320 2538; x_wconf 91' lang='lat' dir='ltr'>ibidem</span> <span class='ocrx_word' id='word_1_301' title='bbox 1350 2485 1567 2539; x_wconf 89' lang='lat' dir='ltr'>abbatis</span> <span class='ocrx_word' id='word_1_302' title='bbox 1586 2487 2070 2551; x_wconf 88' lang='lat' dir='ltr'>desiderium,mo-</span> 
     </span>
    </p>
   </div>
   <div class='ocr_carea' id='block_1_42' title="bbox 472 2572 2069 2645">
    <p class='ocr_par' dir='ltr' id='par_1_42' title="bbox 472 2572 2069 2645">
     <span class='ocr_line' id='line_1_42' title="bbox 472 2572 2069 2645; baseline 0.002 -19"><span class='ocrx_word' id='word_1_303' title='bbox 472 2572 770 2626; x_wconf 87' lang='lat' dir='ltr'>nachalem</span> <span class='ocrx_word' id='word_1_304' title='bbox 801 2572 1047 2642; x_wconf 84' lang='lat' dir='ltr'>suscepit</span> <span class='ocrx_word' id='word_1_305' title='bbox 1078 2572 1330 2626; x_wconf 86' lang='lat' dir='ltr'>habitum</span> <span class='ocrx_word' id='word_1_306' title='bbox 1360 2593 1370 2633; x_wconf 87' lang='lat'><strong>;</strong></span> <span class='ocrx_word' id='word_1_307' title='bbox 1406 2574 1499 2644; x_wconf 87' lang='lat' dir='ltr'>qui</span> <span class='ocrx_word' id='word_1_308' title='bbox 1544 2581 1753 2645; x_wconf 89' lang='lat' dir='ltr'>quanto</span> <span class='ocrx_word' id='word_1_309' title='bbox 1802 2576 2069 2629; x_wconf 90' lang='lat' dir='ltr'>miraculo</span> 
     </span>
    </p>
   </div>
   <div class='ocr_carea' id='block_1_43' title="bbox 471 2659 2073 2734">
    <p class='ocr_par' dir='ltr' id='par_1_43' title="bbox 471 2659 2073 2734">
     <span class='ocr_line' id='line_1_43' title="bbox 471 2659 2073 2734; baseline 0.002 -21"><span class='ocrx_word' id='word_1_310' title='bbox 471 2659 607 2717; x_wconf 87' lang='lat' dir='ltr'>illuc</span> <span class='ocrx_word' id='word_1_311' title='bbox 636 2660 969 2724; x_wconf 78' lang='lat' dir='ltr'>advenisset,</span> <span class='ocrx_word' id='word_1_312' title='bbox 991 2669 1260 2731; x_wconf 90' lang='lat' dir='ltr'>quantum</span> <span class='ocrx_word' id='word_1_313' title='bbox 1285 2662 1489 2715; x_wconf 90' lang='lat' dir='ltr'>ibidem</span> <span class='ocrx_word' id='word_1_314' title='bbox 1512 2664 1824 2733; x_wconf 86' lang='lat' dir='ltr'>profuisset,</span> <span class='ocrx_word' id='word_1_315' title='bbox 1860 2670 1917 2717; x_wconf 92' lang='lat' dir='ltr'>et</span> <span class='ocrx_word' id='word_1_316' title='bbox 1941 2681 2073 2734; x_wconf 87' lang='lat' dir='ltr'>quo-</span> 
     </span>
    </p>
   </div>
   <div class='ocr_carea' id='block_1_44' title="bbox 470 2748 2070 2822">
    <p class='ocr_par' dir='ltr' id='par_1_44' title="bbox 470 2748 2070 2822">
     <span class='ocr_line' id='line_1_44' title="bbox 470 2748 2070 2822; baseline 0.002 -20"><span class='ocrx_word' id='word_1_317' title='bbox 470 2749 639 2802; x_wconf 91' lang='lat' dir='ltr'>modo</span> <span class='ocrx_word' id='word_1_318' title='bbox 672 2748 885 2818; x_wconf 91' lang='lat' dir='ltr'>primus</span> <span class='ocrx_word' id='word_1_319' title='bbox 944 2748 1116 2803; x_wconf 87' lang='lat' dir='ltr'>abbas</span> <span class='ocrx_word' id='word_1_320' title='bbox 1165 2751 1393 2804; x_wconf 89' lang='lat' dir='ltr'>Cadomi</span> <span class='ocrx_word' id='word_1_321' title='bbox 1438 2752 1761 2811; x_wconf 77' lang='lat' dir='ltr'>exstitisset,</span> <span class='ocrx_word' id='word_1_322' title='bbox 1796 2757 1853 2805; x_wconf 85' lang='lat' dir='ltr'>et</span> <span class='ocrx_word' id='word_1_323' title='bbox 1902 2769 2070 2822; x_wconf 90' lang='lat' dir='ltr'>quam</span> 
     </span>
    </p>
   </div>
   <div class='ocr_carea' id='block_1_45' title="bbox 470 2836 2071 2909">
    <p class='ocr_par' dir='ltr' id='par_1_45' title="bbox 470 2836 2071 2909">
     <span class='ocr_line' id='line_1_45' title="bbox 470 2836 2071 2909; baseline 0.002 -19"><span class='ocrx_word' id='word_1_324' title='bbox 470 2836 830 2891; x_wconf 84' lang='lat' dir='ltr'>laudabiliter</span> <span class='ocrx_word' id='word_1_325' title='bbox 882 2839 1333 2909; x_wconf 88' lang='lat' dir='ltr'>archiepiscopus</span> <span class='ocrx_word' id='word_1_326' title='bbox 1382 2839 1805 2893; x_wconf 87' lang='lat' dir='ltr'>Cantuariensis</span> <span class='ocrx_word' id='word_1_327' title='bbox 1854 2841 1951 2894; x_wconf 90' lang='lat' dir='ltr'>diu</span> <span class='ocrx_word' id='word_1_328' title='bbox 1990 2841 2071 2894; x_wconf 90' lang='lat' dir='ltr'>vi-</span> 
     </span>
    </p>
   </div>
   <div class='ocr_carea' id='block_1_46' title="bbox 474 2925 1659 2997">
    <p class='ocr_par' dir='ltr' id='par_1_46' title="bbox 474 2925 1659 2997">
     <span class='ocr_line' id='line_1_46' title="bbox 474 2925 1659 2997; baseline 0.002 -19"><span class='ocrx_word' id='word_1_329' title='bbox 474 2926 708 2994; x_wconf 82' lang='lat' dir='ltr'>guisset,</span> <span class='ocrx_word' id='word_1_330' title='bbox 740 2926 797 2979; x_wconf 90' lang='lat' dir='ltr'>in</span> <span class='ocrx_word' id='word_1_331' title='bbox 827 2925 955 2979; x_wconf 88' lang='lat' dir='ltr'>Vita</span> <span class='ocrx_word' id='word_1_332' title='bbox 984 2926 1160 2996; x_wconf 90' lang='lat' dir='ltr'>ipsius</span> <span class='ocrx_word' id='word_1_333' title='bbox 1190 2927 1427 2981; x_wconf 87' lang='lat' dir='ltr'>inveniri</span> <span class='ocrx_word' id='word_1_334' title='bbox 1461 2933 1659 2997; x_wconf 84' lang='lat' dir='ltr'>potest.</span> 
     </span>
    </p>
   </div>
   <div class='ocr_carea' id='block_1_47' title="bbox 2232 1761 3703 1836">
    <p class='ocr_par' dir='ltr' id='par_1_47' title="bbox 2232 1761 3703 1836">
     <span class='ocr_line' id='line_1_47' title="bbox 2232 1761 3703 1836; baseline -0.008 -10"><span class='ocrx_word' id='word_1_335' title='bbox 2232 1775 2370 1827; x_wconf 88' lang='lat' dir='ltr'>Item</span> <span class='ocrx_word' id='word_1_336' title='bbox 2395 1789 2519 1826; x_wconf 83' lang='lat' dir='ltr'>cum</span> <span class='ocrx_word' id='word_1_337' title='bbox 2554 1772 2707 1824; x_wconf 90' lang='lat' dir='ltr'>locus</span> <span class='ocrx_word' id='word_1_338' title='bbox 2737 1770 3027 1823; x_wconf 89' lang='lat' dir='ltr'>Beccensis</span> <span class='ocrx_word' id='word_1_339' title='bbox 3047 1768 3230 1821; x_wconf 87' lang='lat' dir='ltr'>adhuc</span> <span class='ocrx_word' id='word_1_340' title='bbox 3253 1766 3519 1836; x_wconf 84' lang='lat' dir='ltr'>indigeret</span> <span class='ocrx_word' id='word_1_341' title='bbox 3547 1761 3703 1815; x_wconf 82' lang='lat' dir='ltr'>multis</span> 
     </span>
    </p>
   </div>
   <div class='ocr_carea' id='block_1_48' title="bbox 2158 1850 3703 1931">
    <p class='ocr_par' dir='ltr' id='par_1_48' title="bbox 2158 1850 3703 1931">
     <span class='ocr_line' id='line_1_48' title="bbox 2158 1850 3703 1931; baseline -0.008 -16"><span class='ocrx_word' id='word_1_342' title='bbox 2158 1861 2344 1928; x_wconf 88' lang='lat' dir='ltr'>rebus,</span> <span class='ocrx_word' id='word_1_343' title='bbox 2372 1862 2425 1914; x_wconf 90' lang='lat' dir='ltr'>in</span> <span class='ocrx_word' id='word_1_344' title='bbox 2466 1868 2688 1929; x_wconf 88' lang='lat' dir='ltr'>recepta</span> <span class='ocrx_word' id='word_1_345' title='bbox 2718 1858 3003 1931; x_wconf 87' lang='lat' dir='ltr'>pauperie,</span> <span class='ocrx_word' id='word_1_346' title='bbox 3039 1857 3188 1910; x_wconf 91' lang='lat' dir='ltr'>inter</span> <span class='ocrx_word' id='word_1_347' title='bbox 3242 1855 3351 1908; x_wconf 88' lang='lat' dir='ltr'>alia</span> <span class='ocrx_word' id='word_1_348' title='bbox 3398 1854 3604 1907; x_wconf 87' lang='lat' dir='ltr'>lucerna</span> <span class='ocrx_word' id='word_1_349' title='bbox 3632 1850 3703 1903; x_wconf 83' lang='lat' dir='ltr'>die</span> 
     </span>
    </p>
   </div>
   <div class='ocr_carea' id='block_1_49' title="bbox 2159 1938 3705 2018">
    <p class='ocr_par' dir='ltr' id='par_1_49' title="bbox 2159 1938 3705 2018">
     <span class='ocr_line' id='line_1_49' title="bbox 2159 1938 3705 2018; baseline -0.008 -13"><span class='ocrx_word' id='word_1_350' title='bbox 2159 1968 2222 2004; x_wconf 88' lang='lat' dir='ltr'>ac</span> <span class='ocrx_word' id='word_1_351' title='bbox 2259 1957 2419 2004; x_wconf 91' lang='lat' dir='ltr'>nocte</span> <span class='ocrx_word' id='word_1_352' title='bbox 2438 1967 2548 2003; x_wconf 92' lang='lat' dir='ltr'>non</span> <span class='ocrx_word' id='word_1_353' title='bbox 2580 1965 2801 2018; x_wconf 89' lang='lat' dir='ltr'>semper</span> <span class='ocrx_word' id='word_1_354' title='bbox 2847 1946 3079 2000; x_wconf 87' lang='lat' dir='ltr'>ardebat</span> <span class='ocrx_word' id='word_1_355' title='bbox 3125 1946 3183 1998; x_wconf 92' lang='lat' dir='ltr'>in</span> <span class='ocrx_word' id='word_1_356' title='bbox 3212 1943 3435 1997; x_wconf 83' lang='lat' dir='ltr'>ecclesia</span> <span class='ocrx_word' id='word_1_357' title='bbox 3465 1946 3541 2010; x_wconf 84' lang='lat' dir='ltr'>(ut</span> <span class='ocrx_word' id='word_1_358' title='bbox 3563 1938 3705 1993; x_wconf 87' lang='lat' dir='ltr'>moris</span> 
     </span>
    </p>
   </div>
   <div class='ocr_carea' id='block_1_50' title="bbox 2156 2027 3703 2109">
    <p class='ocr_par' dir='ltr' id='par_1_50' title="bbox 2156 2027 3703 2109">
     <span class='ocr_line' id='line_1_50' title="bbox 2156 2027 3703 2109; baseline -0.009 -16"><span class='ocrx_word' id='word_1_359' title='bbox 2156 2045 2259 2100; x_wconf 71' lang='lat' dir='ltr'>est)</span> <span class='ocrx_word' id='word_1_360' title='bbox 2295 2056 2408 2109; x_wconf 69' lang='lat' dir='ltr'>pra:</span> <span class='ocrx_word' id='word_1_361' title='bbox 2440 2037 2647 2108; x_wconf 85' lang='lat' dir='ltr'>inopia,</span> <span class='ocrx_word' id='word_1_362' title='bbox 2674 2037 2769 2089; x_wconf 91' lang='lat' dir='ltr'>sed</span> <span class='ocrx_word' id='word_1_363' title='bbox 2803 2052 2928 2089; x_wconf 80' lang='lat' dir='ltr'>cuni</span> <span class='ocrx_word' id='word_1_364' title='bbox 2967 2036 3105 2088; x_wconf 89' lang='lat' dir='ltr'>hora</span> <span class='ocrx_word' id='word_1_365' title='bbox 3136 2031 3471 2087; x_wconf 82' lang='lat' dir='ltr'>nocturnalis</span> <span class='ocrx_word' id='word_1_366' title='bbox 3514 2027 3703 2099; x_wconf 75' lang='lat' dir='ltr'>synaxis</span> 
     </span>
    </p>
   </div>
   <div class='ocr_carea' id='block_1_51' title="bbox 2156 2115 3706 2199">
    <p class='ocr_par' dir='ltr' id='par_1_51' title="bbox 2156 2115 3706 2199">
     <span class='ocr_line' id='line_1_51' title="bbox 2156 2115 3706 2199; baseline -0.01 -17"><span class='ocrx_word' id='word_1_367' title='bbox 2156 2129 2681 2199; x_wconf 86' lang='lat' dir='ltr'>appropinquasset,</span> <span class='ocrx_word' id='word_1_368' title='bbox 2703 2124 3038 2178; x_wconf 85' lang='lat' dir='ltr'>secretarius</span> <span class='ocrx_word' id='word_1_369' title='bbox 3066 2138 3303 2192; x_wconf 86' lang='lat' dir='ltr'>surgens</span> <span class='ocrx_word' id='word_1_370' title='bbox 3324 2121 3391 2173; x_wconf 90' lang='lat' dir='ltr'>de</span> <span class='ocrx_word' id='word_1_371' title='bbox 3419 2117 3589 2182; x_wconf 88' lang='lat' dir='ltr'>cubili,</span> <span class='ocrx_word' id='word_1_372' title='bbox 3608 2115 3706 2168; x_wconf 87' lang='lat' dir='ltr'>ibat</span> 
     </span>
    </p>
   </div>
   <div class='ocr_carea' id='block_1_52' title="bbox 2155 2206 3701 2287">
    <p class='ocr_par' dir='ltr' id='par_1_52' title="bbox 2155 2206 3701 2287">
     <span class='ocr_line' id='line_1_52' title="bbox 2155 2206 3701 2287; baseline -0.01 -16"><span class='ocrx_word' id='word_1_373' title='bbox 2155 2217 2212 2270; x_wconf 90' lang='lat' dir='ltr'>in</span> <span class='ocrx_word' id='word_1_374' title='bbox 2244 2217 2563 2287; x_wconf 87' lang='lat' dir='ltr'>pristinum,</span> <span class='ocrx_word' id='word_1_375' title='bbox 2591 2216 2674 2268; x_wconf 84' lang='lat' dir='ltr'>vel</span> <span class='ocrx_word' id='word_1_376' title='bbox 2704 2215 2761 2267; x_wconf 91' lang='lat' dir='ltr'>in</span> <span class='ocrx_word' id='word_1_377' title='bbox 2775 2213 3093 2283; x_wconf 88' lang='lat' dir='ltr'>coquinam,</span> <span class='ocrx_word' id='word_1_378' title='bbox 3118 2208 3506 2264; x_wconf 82' lang='lat' dir='ltr'>deferensinde</span> <span class='ocrx_word' id='word_1_379' title='bbox 3524 2206 3701 2259; x_wconf 87' lang='lat' dir='ltr'>lumen:</span> 
     </span>
    </p>
   </div>
   <div class='ocr_carea' id='block_1_53' title="bbox 2158 2293 3707 2375">
    <p class='ocr_par' dir='ltr' id='par_1_53' title="bbox 2158 2293 3707 2375">
     <span class='ocr_line' id='line_1_53' title="bbox 2158 2293 3707 2375; baseline -0.01 -15"><span class='ocrx_word' id='word_1_380' title='bbox 2158 2314 2319 2360; x_wconf 91' lang='lat' dir='ltr'>nocte</span> <span class='ocrx_word' id='word_1_381' title='bbox 2346 2305 2718 2375; x_wconf 87' lang='lat' dir='ltr'>subsequente</span> <span class='ocrx_word' id='word_1_382' title='bbox 2744 2304 2834 2356; x_wconf 89' lang='lat' dir='ltr'>die</span> <span class='ocrx_word' id='word_1_383' title='bbox 2862 2301 3248 2363; x_wconf 80' lang='lat' dir='ltr'>dedicationis,</span> <span class='ocrx_word' id='word_1_384' title='bbox 3281 2299 3338 2352; x_wconf 90' lang='lat' dir='ltr'>id</span> <span class='ocrx_word' id='word_1_385' title='bbox 3350 2303 3431 2352; x_wconf 86' lang='lat' dir='ltr'>est</span> <span class='ocrx_word' id='word_1_386' title='bbox 3455 2300 3594 2350; x_wconf 81' lang='lat' dir='ltr'>sexto</span> <span class='ocrx_word' id='word_1_387' title='bbox 3619 2293 3707 2347; x_wconf 82' lang='lat' dir='ltr'>Ka-</span> 
     </span>
    </p>
   </div>
   <div class='ocr_carea' id='block_1_54' title="bbox 2157 2384 3707 2458">
    <p class='ocr_par' dir='ltr' id='par_1_54' title="bbox 2157 2384 3707 2458">
     <span class='ocr_line' id='line_1_54' title="bbox 2157 2384 3707 2458; baseline -0.009 -10"><span class='ocrx_word' id='word_1_388' title='bbox 2157 2396 2351 2449; x_wconf 89' lang='lat' dir='ltr'>lendas</span> <span class='ocrx_word' id='word_1_389' title='bbox 2373 2394 2579 2458; x_wconf 89' lang='lat' dir='ltr'>Martii,</span> <span class='ocrx_word' id='word_1_390' title='bbox 2606 2410 2730 2447; x_wconf 92' lang='lat' dir='ltr'>cum</span> <span class='ocrx_word' id='word_1_391' title='bbox 2763 2393 2902 2445; x_wconf 90' lang='lat' dir='ltr'>hora</span> <span class='ocrx_word' id='word_1_392' title='bbox 2933 2389 3285 2443; x_wconf 87' lang='lat' dir='ltr'>matutinalis</span> <span class='ocrx_word' id='word_1_393' title='bbox 3316 2384 3707 2456; x_wconf 85' lang='lat' dir='ltr'>appropinquas-</span> 
     </span>
    </p>
   </div>
   <div class='ocr_carea' id='block_1_55' title="bbox 2158 2472 3709 2547">
    <p class='ocr_par' dir='ltr' id='par_1_55' title="bbox 2158 2472 3709 2547">
     <span class='ocr_line' id='line_1_55' title="bbox 2158 2472 3709 2547; baseline -0.01 -10"><span class='ocrx_word' id='word_1_394' title='bbox 2158 2490 2261 2547; x_wconf 90' lang='lat' dir='ltr'>set,</span> <span class='ocrx_word' id='word_1_395' title='bbox 2322 2482 2676 2543; x_wconf 89' lang='lat' dir='ltr'>secretarius,</span> <span class='ocrx_word' id='word_1_396' title='bbox 2718 2481 2943 2534; x_wconf 90' lang='lat' dir='ltr'>nomine</span> <span class='ocrx_word' id='word_1_397' title='bbox 2993 2478 3351 2541; x_wconf 83' lang='lat' dir='ltr'>Gothbertus,</span> <span class='ocrx_word' id='word_1_398' title='bbox 3411 2472 3650 2544; x_wconf 87' lang='lat' dir='ltr'>evigilans</span> <span class='ocrx_word' id='word_1_399' title='bbox 3680 2486 3709 2523; x_wconf 88' lang='lat' dir='ltr'>a</span> 
     </span>
    </p>
   </div>
   <div class='ocr_carea' id='block_1_56' title="bbox 2153 2560 3709 2626">
    <p class='ocr_par' dir='ltr' id='par_1_56' title="bbox 2153 2560 3709 2626">
     <span class='ocr_line' id='line_1_56' title="bbox 2153 2560 3709 2626; baseline -0.009 -1"><span class='ocrx_word' id='word_1_400' title='bbox 2153 2589 2348 2626; x_wconf 87' lang='lat' dir='ltr'>somno</span> <span class='ocrx_word' id='word_1_401' title='bbox 2374 2571 2510 2624; x_wconf 90' lang='lat' dir='ltr'>vidit</span> <span class='ocrx_word' id='word_1_402' title='bbox 2539 2575 2714 2623; x_wconf 88' lang='lat' dir='ltr'>totam</span> <span class='ocrx_word' id='word_1_403' title='bbox 2738 2569 3026 2622; x_wconf 89' lang='lat' dir='ltr'>ecclesiam</span> <span class='ocrx_word' id='word_1_404' title='bbox 3058 2568 3138 2620; x_wconf 86' lang='lat' dir='ltr'>ita</span> <span class='ocrx_word' id='word_1_405' title='bbox 3169 2566 3532 2619; x_wconf 83' lang='lat' dir='ltr'>illuminatam</span> <span class='ocrx_word' id='word_1_406' title='bbox 3578 2560 3709 2613; x_wconf 86' lang='lat' dir='ltr'>ccele-</span> 
     </span>
    </p>
   </div>
   <div class='ocr_carea' id='block_1_57' title="bbox 2155 2650 3706 2731">
    <p class='ocr_par' dir='ltr' id='par_1_57' title="bbox 2155 2650 3706 2731">
     <span class='ocr_line' id='line_1_57' title="bbox 2155 2650 3706 2731; baseline -0.009 -17"><span class='ocrx_word' id='word_1_407' title='bbox 2155 2661 2226 2714; x_wconf 90' lang='lat' dir='ltr'>sti</span> <span class='ocrx_word' id='word_1_408' title='bbox 2256 2661 2468 2715; x_wconf 89' lang='lat' dir='ltr'>lumine</span> <span class='ocrx_word' id='word_1_409' title='bbox 2492 2669 2556 2713; x_wconf 90' lang='lat' dir='ltr'>ut</span> <span class='ocrx_word' id='word_1_410' title='bbox 2584 2660 2859 2731; x_wconf 90' lang='lat' dir='ltr'>potuisset</span> <span class='ocrx_word' id='word_1_411' title='bbox 2887 2674 3019 2711; x_wconf 91' lang='lat' dir='ltr'>acus</span> <span class='ocrx_word' id='word_1_412' title='bbox 3048 2655 3283 2726; x_wconf 88' lang='lat' dir='ltr'>reperiri</span> <span class='ocrx_word' id='word_1_413' title='bbox 3330 2654 3386 2707; x_wconf 93' lang='lat' dir='ltr'>in</span> <span class='ocrx_word' id='word_1_414' title='bbox 3408 2650 3706 2723; x_wconf 79' lang='lat' dir='ltr'>pavimento.</span> 
     </span>
    </p>
   </div>
   <div class='ocr_carea' id='block_1_58' title="bbox 2154 2736 3709 2819">
    <p class='ocr_par' dir='ltr' id='par_1_58' title="bbox 2154 2736 3709 2819">
     <span class='ocr_line' id='line_1_58' title="bbox 2154 2736 3709 2819; baseline -0.011 -15"><span class='ocrx_word' id='word_1_415' title='bbox 2154 2750 2261 2813; x_wconf 86' lang='lat' dir='ltr'>Qui</span> <span class='ocrx_word' id='word_1_416' title='bbox 2291 2766 2524 2819; x_wconf 88' lang='lat' dir='ltr'>surgens</span> <span class='ocrx_word' id='word_1_417' title='bbox 2555 2748 2871 2819; x_wconf 85' lang='lat' dir='ltr'>pavefactus</span> <span class='ocrx_word' id='word_1_418' title='bbox 2904 2746 3115 2800; x_wconf 89' lang='lat' dir='ltr'>audivit</span> <span class='ocrx_word' id='word_1_419' title='bbox 3166 2744 3435 2815; x_wconf 86' lang='lat' dir='ltr'>quasdam</span> <span class='ocrx_word' id='word_1_420' title='bbox 3489 2754 3630 2793; x_wconf 86' lang='lat' dir='ltr'>voces</span> <span class='ocrx_word' id='word_1_421' title='bbox 3662 2736 3709 2788; x_wconf 91' lang='lat' dir='ltr'>in</span> 
     </span>
    </p>
   </div>
   <div class='ocr_carea' id='block_1_59' title="bbox 2155 2825 3709 2910">
    <p class='ocr_par' dir='ltr' id='par_1_59' title="bbox 2155 2825 3709 2910">
     <span class='ocr_line' id='line_1_59' title="bbox 2155 2825 3709 2910; baseline -0.01 -18"><span class='ocrx_word' id='word_1_422' title='bbox 2155 2840 2322 2892; x_wconf 92' lang='lat' dir='ltr'>choro</span> <span class='ocrx_word' id='word_1_423' title='bbox 2342 2838 2501 2910; x_wconf 90' lang='lat' dir='ltr'>quasi</span> <span class='ocrx_word' id='word_1_424' title='bbox 2527 2837 2827 2908; x_wconf 89' lang='lat' dir='ltr'>psallentes</span> <span class='ocrx_word' id='word_1_425' title='bbox 2853 2836 2955 2889; x_wconf 92' lang='lat' dir='ltr'>sub</span> <span class='ocrx_word' id='word_1_426' title='bbox 2972 2834 3196 2889; x_wconf 90' lang='lat' dir='ltr'>silentio</span> <span class='ocrx_word' id='word_1_427' title='bbox 3218 2852 3231 2901; x_wconf 88' lang='lat'><strong>;</strong></span> <span class='ocrx_word' id='word_1_428' title='bbox 3265 2839 3398 2886; x_wconf 89' lang='lat' dir='ltr'>tunc</span> <span class='ocrx_word' id='word_1_429' title='bbox 3424 2825 3709 2900; x_wconf 89' lang='lat' dir='ltr'>pedentium</span> 
     </span>
    </p>
   </div>
   <div class='ocr_carea' id='block_1_60' title="bbox 2154 2916 3711 2998">
    <p class='ocr_par' dir='ltr' id='par_1_60' title="bbox 2154 2916 3711 2998">
     <span class='ocr_line' id='line_1_60' title="bbox 2154 2916 3711 2998; baseline -0.01 -17"><span class='ocrx_word' id='word_1_430' title='bbox 2154 2927 2400 2998; x_wconf 82' lang='lat' dir='ltr'>perrexit</span> <span class='ocrx_word' id='word_1_431' title='bbox 2414 2927 2485 2980; x_wconf 89' lang='lat' dir='ltr'>ad</span> <span class='ocrx_word' id='word_1_432' title='bbox 2515 2926 2720 2980; x_wconf 84' lang='lat' dir='ltr'>ostium</span> <span class='ocrx_word' id='word_1_433' title='bbox 2752 2925 2925 2985; x_wconf 90' lang='lat' dir='ltr'>chori,</span> <span class='ocrx_word' id='word_1_434' title='bbox 2961 2941 2994 2977; x_wconf 89' lang='lat' dir='ltr'>a</span> <span class='ocrx_word' id='word_1_435' title='bbox 3041 2928 3203 2995; x_wconf 88' lang='lat' dir='ltr'>parte</span> <span class='ocrx_word' id='word_1_436' title='bbox 3235 2921 3447 2985; x_wconf 86' lang='lat' dir='ltr'>altaris,</span> <span class='ocrx_word' id='word_1_437' title='bbox 3474 2922 3528 2971; x_wconf 89' lang='lat' dir='ltr'>et</span> <span class='ocrx_word' id='word_1_438' title='bbox 3567 2916 3711 2968; x_wconf 87' lang='lat' dir='ltr'>intro-</span> 
     </span>
    </p>
   </div>
   <div class='ocr_carea' id='block_1_61' title="bbox 542 3002 3710 3116">
    <p class='ocr_par' dir='ltr' id='par_1_61' title="bbox 542 3002 3710 3116">
     <span class='ocr_line' id='line_1_61' title="bbox 542 3002 3710 3116; baseline -0.003 -49"><span class='ocrx_word' id='word_1_439' title='bbox 542 3015 707 3067; x_wconf 78' lang='lat' dir='ltr'>Anno</span> <span class='ocrx_word' id='word_1_440' title='bbox 726 3015 945 3068; x_wconf 86' lang='lat' dir='ltr'>Domini</span> <span class='ocrx_word' id='word_1_441' title='bbox 969 3013 1386 3079; x_wconf 71' lang='lat' dir='ltr'>105l,Francia2</span> <span class='ocrx_word' id='word_1_442' title='bbox 1408 3017 1669 3070; x_wconf 89' lang='lat' dir='ltr'>turbatur</span> <span class='ocrx_word' id='word_1_443' title='bbox 1709 3018 1952 3073; x_wconf 88' lang='lat' dir='ltr'>Ecclesia</span> <span class='ocrx_word' id='word_1_444' title='bbox 1975 3036 2074 3089; x_wconf 89' lang='lat' dir='ltr'>per</span> <span class='ocrx_word' id='word_1_445' title='bbox 2097 3016 2332 3116; x_wconf 77' lang='lat' dir='ltr'>Cspexit</span> <span class='ocrx_word' id='word_1_446' title='bbox 2358 3016 2414 3069; x_wconf 92' lang='lat' dir='ltr'>in</span> <span class='ocrx_word' id='word_1_447' title='bbox 2459 3016 2714 3079; x_wconf 87' lang='lat' dir='ltr'>chorum,</span> <span class='ocrx_word' id='word_1_448' title='bbox 2748 3019 2805 3067; x_wconf 90' lang='lat' dir='ltr'>et</span> <span class='ocrx_word' id='word_1_449' title='bbox 2858 3013 2995 3066; x_wconf 90' lang='lat' dir='ltr'>vidit</span> <span class='ocrx_word' id='word_1_450' title='bbox 3022 3012 3402 3065; x_wconf 89' lang='lat' dir='ltr'>beatissimam</span> <span class='ocrx_word' id='word_1_451' title='bbox 3431 3012 3485 3060; x_wconf 81' lang='lat' dir='ltr'>et</span> <span class='ocrx_word' id='word_1_452' title='bbox 3521 3002 3710 3116; x_wconf 41' lang='lat' dir='ltr'>‘glo‘rio-</span> 
     </span>
    </p>
   </div>
   <div class='ocr_carea' id='block_1_62' title="bbox 469 3092 3712 3175">
    <p class='ocr_par' dir='ltr' id='par_1_62' title="bbox 469 3092 3712 3175">
     <span class='ocr_line' id='line_1_62' title="bbox 469 3092 3712 3175; baseline -0.004 -18"><span class='ocrx_word' id='word_1_453' title='bbox 469 3103 873 3173; x_wconf 86' lang='lat' dir='ltr'>Berengarium</span> <span class='ocrx_word' id='word_1_454' title='bbox 905 3105 1307 3165; x_wconf 89' lang='lat' dir='ltr'>Turonensem,</span> <span class='ocrx_word' id='word_1_455' title='bbox 1350 3105 1442 3175; x_wconf 88' lang='lat' dir='ltr'>qui</span> <span class='ocrx_word' id='word_1_456' title='bbox 1491 3106 1775 3160; x_wconf 86' lang='lat' dir='ltr'>asserebat</span> <span class='ocrx_word' id='word_1_457' title='bbox 1825 3108 2075 3162; x_wconf 87' lang='lat' dir='ltr'>euchari-</span> <span class='ocrx_word' id='word_1_458' title='bbox 2098 3092 2439 3158; x_wconf 55' lang='lat' dir='ltr'>usissimam</span> <span class='ocrx_word' id='word_1_459' title='bbox 2466 3109 2704 3157; x_wconf 90' lang='lat' dir='ltr'>matrem</span> <span class='ocrx_word' id='word_1_460' title='bbox 2740 3102 2963 3156; x_wconf 93' lang='lat' dir='ltr'>Domini</span> <span class='ocrx_word' id='word_1_461' title='bbox 2996 3100 3235 3154; x_wconf 85' lang='lat' dir='ltr'>Mariam</span> <span class='ocrx_word' id='word_1_462' title='bbox 3267 3103 3502 3152; x_wconf 88' lang='lat' dir='ltr'>stantem</span> <span class='ocrx_word' id='word_1_463' title='bbox 3521 3094 3570 3147; x_wconf 84' lang='lat' dir='ltr'>in</span> <span class='ocrx_word' id='word_1_464' title='bbox 3612 3092 3712 3145; x_wconf 88' lang='lat' dir='ltr'>loco</span> 
     </span>
    </p>
   </div>
   <div class='ocr_carea' id='block_1_63' title="bbox 474 3187 3714 3262">
    <p class='ocr_par' dir='ltr' id='par_1_63' title="bbox 474 3187 3714 3262">
     <span class='ocr_line' id='line_1_63' title="bbox 474 3187 3714 3262; baseline -0.004 -17"><span class='ocrx_word' id='word_1_465' title='bbox 474 3191 842 3262; x_wconf 79' lang='lat' dir='ltr'>stiam,quam</span> <span class='ocrx_word' id='word_1_466' title='bbox 873 3194 1150 3247; x_wconf 87' lang='lat' dir='ltr'>sumimus</span> <span class='ocrx_word' id='word_1_467' title='bbox 1186 3193 1242 3246; x_wconf 91' lang='lat' dir='ltr'>in</span> <span class='ocrx_word' id='word_1_468' title='bbox 1267 3194 1569 3257; x_wconf 87' lang='lat' dir='ltr'>altari,non</span> <span class='ocrx_word' id='word_1_469' title='bbox 1602 3211 1722 3247; x_wconf 91' lang='lat' dir='ltr'>esse</span> <span class='ocrx_word' id='word_1_470' title='bbox 1742 3212 1933 3249; x_wconf 86' lang='lat' dir='ltr'>revera</span> <span class='ocrx_word' id='word_1_471' title='bbox 1949 3214 2072 3249; x_wconf 92' lang='lat' dir='ltr'>cor-</span> <span class='ocrx_word' id='word_1_472' title='bbox 2156 3192 2414 3246; x_wconf 85' lang='lat' dir='ltr'>stationis</span> <span class='ocrx_word' id='word_1_473' title='bbox 2444 3190 2777 3245; x_wconf 88' lang='lat' dir='ltr'>venerabilis</span> <span class='ocrx_word' id='word_1_474' title='bbox 2807 3188 3063 3243; x_wconf 87' lang='lat' dir='ltr'>Ilerluini</span> <span class='ocrx_word' id='word_1_475' title='bbox 3091 3187 3332 3251; x_wconf 87' lang='lat' dir='ltr'>abbatis,</span> <span class='ocrx_word' id='word_1_476' title='bbox 3382 3192 3435 3239; x_wconf 89' lang='lat' dir='ltr'>et</span> <span class='ocrx_word' id='word_1_477' title='bbox 3463 3196 3631 3237; x_wconf 88' lang='lat' dir='ltr'>coram</span> <span class='ocrx_word' id='word_1_478' title='bbox 3659 3192 3714 3231; x_wconf 82' lang='lat' dir='ltr'>ea</span> 
     </span>
    </p>
   </div>
   <div class='ocr_carea' id='block_1_64' title="bbox 470 3274 3711 3353">
    <p class='ocr_par' dir='ltr' id='par_1_64' title="bbox 470 3274 3711 3353">
     <span class='ocr_line' id='line_1_64' title="bbox 470 3274 3711 3353; baseline -0.002 -20"><span class='ocrx_word' id='word_1_479' title='bbox 470 3296 578 3351; x_wconf 85' lang='lat' dir='ltr'>pus</span> <span class='ocrx_word' id='word_1_480' title='bbox 609 3288 665 3333; x_wconf 89' lang='lat' dir='ltr'>et</span> <span class='ocrx_word' id='word_1_481' title='bbox 692 3281 1433 3350; x_wconf 87' lang='lat' dir='ltr'>sanguinemChristi.Unde</span> <span class='ocrx_word' id='word_1_482' title='bbox 1464 3288 1657 3335; x_wconf 88' lang='lat' dir='ltr'>contra</span> <span class='ocrx_word' id='word_1_483' title='bbox 1689 3300 1813 3336; x_wconf 91' lang='lat' dir='ltr'>eum</span> <span class='ocrx_word' id='word_1_484' title='bbox 1830 3285 2071 3338; x_wconf 91' lang='lat' dir='ltr'>multum</span> <span class='ocrx_word' id='word_1_485' title='bbox 2155 3289 2403 3338; x_wconf 85' lang='lat' dir='ltr'>astantes</span> <span class='ocrx_word' id='word_1_486' title='bbox 2432 3282 2787 3336; x_wconf 88' lang='lat' dir='ltr'>beatissimos</span> <span class='ocrx_word' id='word_1_487' title='bbox 2803 3282 3084 3353; x_wconf 89' lang='lat' dir='ltr'>apostolos</span> <span class='ocrx_word' id='word_1_488' title='bbox 3115 3281 3344 3334; x_wconf 89' lang='lat' dir='ltr'>Petrum</span> <span class='ocrx_word' id='word_1_489' title='bbox 3376 3284 3431 3332; x_wconf 89' lang='lat' dir='ltr'>et</span> <span class='ocrx_word' id='word_1_490' title='bbox 3483 3274 3711 3336; x_wconf 87' lang='lat' dir='ltr'>Paulum,</span> 
     </span>
    </p>
   </div>
   <div class='ocr_carea' id='block_1_65' title="bbox 469 3359 3713 3441">
    <p class='ocr_par' dir='ltr' id='par_1_65' title="bbox 469 3359 3713 3441">
     <span class='ocr_line' id='line_1_65' title="bbox 469 3359 3713 3441; baseline -0.003 -20"><span class='ocrx_word' id='word_1_491' title='bbox 469 3383 506 3421; x_wconf 86' lang='lat' dir='ltr'>a</span> <span class='ocrx_word' id='word_1_492' title='bbox 533 3369 728 3422; x_wconf 89' lang='lat' dir='ltr'>multis</span> <span class='ocrx_word' id='word_1_493' title='bbox 753 3374 810 3423; x_wconf 90' lang='lat' dir='ltr'>et</span> <span class='ocrx_word' id='word_1_494' title='bbox 831 3370 1013 3423; x_wconf 87' lang='lat' dir='ltr'>verbis</span> <span class='ocrx_word' id='word_1_495' title='bbox 1044 3378 1098 3423; x_wconf 90' lang='lat' dir='ltr'>et</span> <span class='ocrx_word' id='word_1_496' title='bbox 1123 3370 1343 3440; x_wconf 88' lang='lat' dir='ltr'>scriptis</span> <span class='ocrx_word' id='word_1_497' title='bbox 1370 3370 1714 3440; x_wconf 80' lang='lat' dir='ltr'>disputatum</span> <span class='ocrx_word' id='word_1_498' title='bbox 1771 3377 1890 3437; x_wconf 85' lang='lat' dir='ltr'>est;</span> <span class='ocrx_word' id='word_1_499' title='bbox 1926 3373 2074 3427; x_wconf 88' lang='lat' dir='ltr'>inter</span> <span class='ocrx_word' id='word_1_500' title='bbox 2155 3377 2211 3425; x_wconf 89' lang='lat' dir='ltr'>et</span> <span class='ocrx_word' id='word_1_501' title='bbox 2229 3373 2454 3425; x_wconf 90' lang='lat' dir='ltr'>tertium</span> <span class='ocrx_word' id='word_1_502' title='bbox 2482 3371 2653 3425; x_wconf 89' lang='lat' dir='ltr'>alium</span> <span class='ocrx_word' id='word_1_503' title='bbox 2687 3387 2853 3441; x_wconf 89' lang='lat' dir='ltr'>quem</span> <span class='ocrx_word' id='word_1_504' title='bbox 2896 3387 3008 3423; x_wconf 91' lang='lat' dir='ltr'>non</span> <span class='ocrx_word' id='word_1_505' title='bbox 3050 3369 3392 3439; x_wconf 87' lang='lat' dir='ltr'>agnoscebat</span> <span class='ocrx_word' id='word_1_506' title='bbox 3438 3364 3603 3430; x_wconf 89' lang='lat' dir='ltr'>vultu,</span> <span class='ocrx_word' id='word_1_507' title='bbox 3637 3359 3713 3412; x_wconf 79' lang='lat' dir='ltr'>de-</span> 
     </span>
    </p>
   </div>
   <div class='ocr_carea' id='block_1_66' title="bbox 470 3447 3714 3528">
    <p class='ocr_par' dir='ltr' id='par_1_66' title="bbox 470 3447 3714 3528">
     <span class='ocr_line' id='line_1_66' title="bbox 470 3447 3714 3528; baseline -0.003 -17"><span class='ocrx_word' id='word_1_508' title='bbox 470 3474 611 3528; x_wconf 88' lang='lat' dir='ltr'>quos</span> <span class='ocrx_word' id='word_1_509' title='bbox 641 3458 880 3511; x_wconf 91' lang='lat' dir='ltr'>domnus</span> <span class='ocrx_word' id='word_1_510' title='bbox 905 3458 1264 3522; x_wconf 83' lang='lat' dir='ltr'>Wimundus,</span> <span class='ocrx_word' id='word_1_511' title='bbox 1291 3460 1596 3511; x_wconf 86' lang='lat' dir='ltr'>monachus</span> <span class='ocrx_word' id='word_1_512' title='bbox 1624 3459 1691 3511; x_wconf 87' lang='lat' dir='ltr'>de</span> <span class='ocrx_word' id='word_1_513' title='bbox 1732 3460 1909 3513; x_wconf 88' lang='lat' dir='ltr'>Cruce</span> <span class='ocrx_word' id='word_1_514' title='bbox 1939 3461 2074 3515; x_wconf 85' lang='lat' dir='ltr'>San-</span> <span class='ocrx_word' id='word_1_515' title='bbox 2154 3466 2449 3514; x_wconf 88' lang='lat' dir='ltr'>cantantes</span> <span class='ocrx_word' id='word_1_516' title='bbox 2479 3460 2530 3513; x_wconf 92' lang='lat' dir='ltr'>ei</span> <span class='ocrx_word' id='word_1_517' title='bbox 2561 3460 2887 3513; x_wconf 89' lang='lat' dir='ltr'>matutinas.</span> <span class='ocrx_word' id='word_1_518' title='bbox 2941 3460 3193 3526; x_wconf 88' lang='lat' dir='ltr'>Cumque</span> <span class='ocrx_word' id='word_1_519' title='bbox 3225 3458 3321 3510; x_wconf 92' lang='lat' dir='ltr'>diu</span> <span class='ocrx_word' id='word_1_520' title='bbox 3363 3456 3475 3508; x_wconf 64' lang='lat' dir='ltr'>haec</span> <span class='ocrx_word' id='word_1_521' title='bbox 3502 3447 3714 3520; x_wconf 85' lang='lat' dir='ltr'>aspexis-</span> 
     </span>
    </p>
   </div>
   <div class='ocr_carea' id='block_1_67' title="bbox 473 3536 3713 3620">
    <p class='ocr_par' dir='ltr' id='par_1_67' title="bbox 473 3536 3713 3620">
     <span class='ocr_line' id='line_1_67' title="bbox 473 3536 3713 3620; baseline -0.003 -21"><span class='ocrx_word' id='word_1_522' title='bbox 473 3545 547 3620; x_wconf 81' lang='lat' dir='ltr'>cti</span> <span class='ocrx_word' id='word_1_523' title='bbox 572 3545 849 3603; x_wconf 78' lang='lat' dir='ltr'>Leufredi.</span> <span class='ocrx_word' id='word_1_524' title='bbox 882 3550 1075 3598; x_wconf 87' lang='lat' dir='ltr'>contra</span> <span class='ocrx_word' id='word_1_525' title='bbox 1124 3561 1251 3597; x_wconf 91' lang='lat' dir='ltr'>eum</span> <span class='ocrx_word' id='word_1_526' title='bbox 1302 3545 1369 3597; x_wconf 89' lang='lat' dir='ltr'>de</span> <span class='ocrx_word' id='word_1_527' title='bbox 1424 3563 1653 3616; x_wconf 83' lang='lat' dir='ltr'>corpore</span> <span class='ocrx_word' id='word_1_528' title='bbox 1700 3553 1755 3600; x_wconf 91' lang='lat' dir='ltr'>et</span> <span class='ocrx_word' id='word_1_529' title='bbox 1798 3550 2071 3618; x_wconf 88' lang='lat' dir='ltr'>sanguine</span> <span class='ocrx_word' id='word_1_530' title='bbox 2154 3554 2257 3611; x_wconf 84' lang='lat' dir='ltr'>set,</span> <span class='ocrx_word' id='word_1_531' title='bbox 2283 3549 2544 3618; x_wconf 86' lang='lat' dir='ltr'>cogitavit</span> <span class='ocrx_word' id='word_1_532' title='bbox 2569 3564 2800 3620; x_wconf 89' lang='lat' dir='ltr'>pergere</span> <span class='ocrx_word' id='word_1_533' title='bbox 2844 3547 2913 3600; x_wconf 88' lang='lat' dir='ltr'>ad</span> <span class='ocrx_word' id='word_1_534' title='bbox 2970 3546 3172 3599; x_wconf 91' lang='lat' dir='ltr'>ostium</span> <span class='ocrx_word' id='word_1_535' title='bbox 3200 3545 3347 3615; x_wconf 89' lang='lat' dir='ltr'>quod</span> <span class='ocrx_word' id='word_1_536' title='bbox 3380 3548 3497 3596; x_wconf 89' lang='lat' dir='ltr'>erat</span> <span class='ocrx_word' id='word_1_537' title='bbox 3536 3556 3595 3593; x_wconf 80' lang='lat' dir='ltr'>ex</span> <span class='ocrx_word' id='word_1_538' title='bbox 3621 3536 3713 3590; x_wconf 85' lang='lat' dir='ltr'>alia</span> 
     </span>
    </p>
   </div>
   <div class='ocr_carea' id='block_1_68' title="bbox 470 3618 3711 3709">
    <p class='ocr_par' dir='ltr' id='par_1_68' title="bbox 470 3618 3711 3709">
     <span class='ocr_line' id='line_1_68' title="bbox 470 3618 3711 3709; baseline -0.001 -22"><span class='ocrx_word' id='word_1_539' title='bbox 470 3618 679 3687; x_wconf 84' lang='lat' dir='ltr'>Christi</span> <span class='ocrx_word' id='word_1_540' title='bbox 711 3636 1022 3703; x_wconf 86' lang='lat' dir='ltr'>elegantem</span> <span class='ocrx_word' id='word_1_541' title='bbox 1056 3633 1231 3685; x_wconf 87' lang='lat' dir='ltr'>edidit</span> <span class='ocrx_word' id='word_1_542' title='bbox 1252 3632 1477 3685; x_wconf 87' lang='lat' dir='ltr'>librum.</span> <span class='ocrx_word' id='word_1_543' title='bbox 2151 3643 2309 3709; x_wconf 88' lang='lat' dir='ltr'>parte</span> <span class='ocrx_word' id='word_1_544' title='bbox 2349 3638 2522 3701; x_wconf 90' lang='lat' dir='ltr'>chori,</span> <span class='ocrx_word' id='word_1_545' title='bbox 2540 3618 2701 3707; x_wconf 80' lang='lat' dir='ltr'>juxta</span> <span class='ocrx_word' id='word_1_546' title='bbox 2722 3637 2906 3690; x_wconf 88' lang='lat' dir='ltr'>locum</span> <span class='ocrx_word' id='word_1_547' title='bbox 2929 3635 3183 3689; x_wconf 84' lang='lat' dir='ltr'>stationis</span> <span class='ocrx_word' id='word_1_548' title='bbox 3215 3632 3451 3691; x_wconf 87' lang='lat' dir='ltr'>abbatis,</span> <span class='ocrx_word' id='word_1_549' title='bbox 3474 3632 3598 3685; x_wconf 79' lang='lat' dir='ltr'>etut</span> <span class='ocrx_word' id='word_1_550' title='bbox 3617 3640 3711 3679; x_wconf 73' lang='lat' dir='ltr'>me-</span> 
     </span>
    </p>
   </div>
   <div class='ocr_carea' id='block_1_69' title="bbox 547 3715 3710 3803">
    <p class='ocr_par' dir='ltr' id='par_1_69' title="bbox 547 3715 3710 3803">
     <span class='ocr_line' id='line_1_69' title="bbox 547 3715 3710 3803; baseline -0.004 -27"><span class='ocrx_word' id='word_1_551' title='bbox 547 3723 893 3776; x_wconf 76' lang='lat' dir='ltr'>Lauirancus</span> <span class='ocrx_word' id='word_1_552' title='bbox 924 3721 1091 3774; x_wconf 88' lang='lat' dir='ltr'>etiam</span> <span class='ocrx_word' id='word_1_553' title='bbox 1126 3720 1435 3788; x_wconf 87' lang='lat' dir='ltr'>Papiensis,</span> <span class='ocrx_word' id='word_1_554' title='bbox 1469 3722 1711 3791; x_wconf 84' lang='lat' dir='ltr'>primum</span> <span class='ocrx_word' id='word_1_555' title='bbox 1761 3725 2068 3803; x_wconf 73' lang='lat' dir='ltr'>monachus</span> <span class='ocrx_word' id='word_1_556' title='bbox 2152 3725 2257 3778; x_wconf 92' lang='lat' dir='ltr'>lius</span> <span class='ocrx_word' id='word_1_557' title='bbox 2291 3731 2347 3779; x_wconf 91' lang='lat' dir='ltr'>et</span> <span class='ocrx_word' id='word_1_558' title='bbox 2376 3726 2633 3796; x_wconf 83' lang='lat' dir='ltr'>proprius</span> <span class='ocrx_word' id='word_1_559' title='bbox 2661 3725 2869 3778; x_wconf 86' lang='lat' dir='ltr'>valeret</span> <span class='ocrx_word' id='word_1_560' title='bbox 2923 3723 3107 3775; x_wconf 86' lang='lat' dir='ltr'>videre</span> <span class='ocrx_word' id='word_1_561' title='bbox 3148 3722 3274 3775; x_wconf 89' lang='lat' dir='ltr'>illas</span> <span class='ocrx_word' id='word_1_562' title='bbox 3320 3715 3710 3790; x_wconf 87' lang='lat' dir='ltr'>gloriosissimas</span> 
     </span>
    </p>
   </div>
   <div class='ocr_carea' id='block_1_70' title="bbox 468 3809 2068 3879">
    <p class='ocr_par' dir='ltr' id='par_1_70' title="bbox 468 3809 2068 3879">
     <span class='ocr_line' id='line_1_70' title="bbox 468 3809 2068 3879; baseline 0 -13"><span class='ocrx_word' id='word_1_563' title='bbox 468 3810 994 3867; x_wconf 79' lang='lat' dir='ltr'>Beccensis,deinde</span> <span class='ocrx_word' id='word_1_564' title='bbox 1019 3809 1468 3879; x_wconf 82' lang='lat' dir='ltr'>archiepiscopus</span> <span class='ocrx_word' id='word_1_565' title='bbox 1499 3812 2068 3877; x_wconf 83' lang='lat' dir='ltr'>Cantuariensis,om-</span> 
     </span>
    </p>
   </div>
   <div class='ocr_carea' id='block_1_71' title="bbox 470 3896 2067 3971">
    <p class='ocr_par' dir='ltr' id='par_1_71' title="bbox 470 3896 2067 3971">
     <span class='ocr_line' id='line_1_71' title="bbox 470 3896 2067 3971; baseline 0.002 -18"><span class='ocrx_word' id='word_1_566' title='bbox 470 3899 638 3954; x_wconf 87' lang='lat' dir='ltr'>nibus</span> <span class='ocrx_word' id='word_1_567' title='bbox 661 3896 1002 3950; x_wconf 89' lang='lat' dir='ltr'>luculentius</span> <span class='ocrx_word' id='word_1_568' title='bbox 1027 3902 1083 3949; x_wconf 90' lang='lat' dir='ltr'>et</span> <span class='ocrx_word' id='word_1_569' title='bbox 1104 3897 1413 3951; x_wconf 88' lang='lat' dir='ltr'>mirabilius</span> <span class='ocrx_word' id='word_1_570' title='bbox 1442 3898 1644 3951; x_wconf 90' lang='lat' dir='ltr'>librum</span> <span class='ocrx_word' id='word_1_571' title='bbox 1668 3916 1837 3971; x_wconf 86' lang='lat' dir='ltr'>super</span> <span class='ocrx_word' id='word_1_572' title='bbox 1865 3901 1969 3955; x_wconf 89' lang='lat' dir='ltr'>hac</span> <span class='ocrx_word' id='word_1_573' title='bbox 2008 3921 2067 3957; x_wconf 89' lang='lat' dir='ltr'>re</span> 
     </span>
    </p>
   </div>
   <div class='ocr_carea' id='block_1_72' title="bbox 467 3985 2066 4056">
    <p class='ocr_par' dir='ltr' id='par_1_72' title="bbox 467 3985 2066 4056">
     <span class='ocr_line' id='line_1_72' title="bbox 467 3985 2066 4056; baseline 0.002 -16"><span class='ocrx_word' id='word_1_574' title='bbox 467 3985 816 4055; x_wconf 89' lang='lat' dir='ltr'>composuit;</span> <span class='ocrx_word' id='word_1_575' title='bbox 838 3986 894 4038; x_wconf 90' lang='lat' dir='ltr'>in</span> <span class='ocrx_word' id='word_1_576' title='bbox 917 4002 1026 4056; x_wconf 91' lang='lat' dir='ltr'>quo</span> <span class='ocrx_word' id='word_1_577' title='bbox 1059 3986 1295 4055; x_wconf 89' lang='lat' dir='ltr'>singulis</span> <span class='ocrx_word' id='word_1_578' title='bbox 1317 3986 1465 4039; x_wconf 91' lang='lat' dir='ltr'>illius</span> <span class='ocrx_word' id='word_1_579' title='bbox 1483 3988 1883 4056; x_wconf 61' lang='lat' dir='ltr'>quaestionibus</span> <span class='ocrx_word' id='word_1_580' title='bbox 1904 3997 1960 4045; x_wconf 89' lang='lat' dir='ltr'>et</span> <span class='ocrx_word' id='word_1_581' title='bbox 1979 4008 2066 4043; x_wconf 60' lang='lat' dir='ltr'>ex-</span> 
     </span>
    </p>
   </div>
   <div class='ocr_carea' id='block_1_73' title="bbox 470 4074 2066 4146">
    <p class='ocr_par' dir='ltr' id='par_1_73' title="bbox 470 4074 2066 4146">
     <span class='ocr_line' id='line_1_73' title="bbox 470 4074 2066 4146; baseline 0.004 -20"><span class='ocrx_word' id='word_1_582' title='bbox 470 4074 842 4146; x_wconf 88' lang='lat' dir='ltr'>positionibus</span> <span class='ocrx_word' id='word_1_583' title='bbox 863 4074 1223 4127; x_wconf 87' lang='lat' dir='ltr'>laudabiliter</span> <span class='ocrx_word' id='word_1_584' title='bbox 1247 4076 1552 4145; x_wconf 88' lang='lat' dir='ltr'>respondit,</span> <span class='ocrx_word' id='word_1_585' title='bbox 1578 4077 1721 4133; x_wconf 90' lang='lat' dir='ltr'>male</span> <span class='ocrx_word' id='word_1_586' title='bbox 1749 4077 1896 4131; x_wconf 84' lang='lat' dir='ltr'>dicta</span> <span class='ocrx_word' id='word_1_587' title='bbox 1910 4079 1979 4132; x_wconf 91' lang='lat' dir='ltr'>ab</span> <span class='ocrx_word' id='word_1_588' title='bbox 2000 4096 2066 4132; x_wconf 90' lang='lat' dir='ltr'>eo</span> 
     </span>
    </p>
   </div>
   <div class='ocr_carea' id='block_1_74' title="bbox 470 4162 2065 4234">
    <p class='ocr_par' dir='ltr' id='par_1_74' title="bbox 470 4162 2065 4234">
     <span class='ocr_line' id='line_1_74' title="bbox 470 4162 2065 4234; baseline 0.003 -18"><span class='ocrx_word' id='word_1_589' title='bbox 470 4167 529 4216; x_wconf 87' lang='lat' dir='ltr'>et</span> <span class='ocrx_word' id='word_1_590' title='bbox 564 4162 848 4217; x_wconf 89' lang='lat' dir='ltr'>intellecta</span> <span class='ocrx_word' id='word_1_591' title='bbox 878 4163 1294 4234; x_wconf 87' lang='lat' dir='ltr'>Scripturarum</span> <span class='ocrx_word' id='word_1_592' title='bbox 1351 4164 1685 4218; x_wconf 84' lang='lat' dir='ltr'>testimoniis</span> <span class='ocrx_word' id='word_1_593' title='bbox 1750 4166 2065 4221; x_wconf 87' lang='lat' dir='ltr'>divinarum</span> 
     </span>
    </p>
   </div>
   <div class='ocr_carea' id='block_1_75' title="bbox 466 4250 1220 4323">
    <p class='ocr_par' dir='ltr' id='par_1_75' title="bbox 466 4250 1220 4323">
     <span class='ocr_line' id='line_1_75' title="bbox 466 4250 1220 4323; baseline 0.001 -17"><span class='ocrx_word' id='word_1_594' title='bbox 466 4250 837 4323; x_wconf 84' lang='lat' dir='ltr'>improbando</span> <span class='ocrx_word' id='word_1_595' title='bbox 864 4253 1220 4308; x_wconf 90' lang='lat' dir='ltr'>convincens.</span> 
     </span>
    </p>
   </div>
   <div class='ocr_carea' id='block_1_76' title="bbox 2151 3807 3709 3886">
    <p class='ocr_par' dir='ltr' id='par_1_76' title="bbox 2151 3807 3709 3886">
     <span class='ocr_line' id='line_1_76' title="bbox 2151 3807 3709 3886; baseline -0.008 -19"><span class='ocrx_word' id='word_1_596' title='bbox 2151 3831 2437 3886; x_wconf 88' lang='lat' dir='ltr'>personas,</span> <span class='ocrx_word' id='word_1_597' title='bbox 2471 3819 2525 3865; x_wconf 91' lang='lat' dir='ltr'>et</span> <span class='ocrx_word' id='word_1_598' title='bbox 2570 3813 2764 3866; x_wconf 89' lang='lat' dir='ltr'>audire</span> <span class='ocrx_word' id='word_1_599' title='bbox 2806 3829 2927 3882; x_wconf 85' lang='lat' dir='ltr'>quae</span> <span class='ocrx_word' id='word_1_600' title='bbox 2957 3811 3063 3865; x_wconf 82' lang='lat' dir='ltr'>illae</span> <span class='ocrx_word' id='word_1_601' title='bbox 3105 3810 3368 3865; x_wconf 88' lang='lat' dir='ltr'>dicebant</span> <span class='ocrx_word' id='word_1_602' title='bbox 3395 3814 3450 3862; x_wconf 89' lang='lat' dir='ltr'>et</span> <span class='ocrx_word' id='word_1_603' title='bbox 3477 3807 3709 3859; x_wconf 85' lang='lat' dir='ltr'>decanta-</span> 
     </span>
    </p>
   </div>
   <div class='ocr_carea' id='block_1_77' title="bbox 2152 3891 3712 3967">
    <p class='ocr_par' dir='ltr' id='par_1_77' title="bbox 2152 3891 3712 3967">
     <span class='ocr_line' id='line_1_77' title="bbox 2152 3891 3712 3967; baseline -0.008 -13"><span class='ocrx_word' id='word_1_604' title='bbox 2152 3901 2306 3955; x_wconf 89' lang='lat' dir='ltr'>bant.</span> <span class='ocrx_word' id='word_1_605' title='bbox 2343 3901 2412 3954; x_wconf 87' lang='lat' dir='ltr'>Et</span> <span class='ocrx_word' id='word_1_606' title='bbox 2440 3917 2565 3954; x_wconf 90' lang='lat' dir='ltr'>cum</span> <span class='ocrx_word' id='word_1_607' title='bbox 2596 3900 2699 3953; x_wconf 90' lang='lat' dir='ltr'>hoc</span> <span class='ocrx_word' id='word_1_608' title='bbox 2723 3899 2929 3952; x_wconf 88' lang='lat' dir='ltr'>faceret</span> <span class='ocrx_word' id='word_1_609' title='bbox 2959 3899 3224 3961; x_wconf 88' lang='lat' dir='ltr'>suaviter,</span> <span class='ocrx_word' id='word_1_610' title='bbox 3263 3902 3320 3950; x_wconf 82' lang='lat' dir='ltr'>et</span> <span class='ocrx_word' id='word_1_611' title='bbox 3366 3894 3516 3967; x_wconf 90' lang='lat' dir='ltr'>quasi</span> <span class='ocrx_word' id='word_1_612' title='bbox 3537 3891 3712 3963; x_wconf 85' lang='lat' dir='ltr'>peden-</span> 
     </span>
    </p>
   </div>
   <div class='ocr_carea' id='block_1_78' title="bbox 2148 3976 3711 4058">
    <p class='ocr_par' dir='ltr' id='par_1_78' title="bbox 2148 3976 3711 4058">
     <span class='ocr_line' id='line_1_78' title="bbox 2148 3976 3711 4058; baseline -0.008 -15"><span class='ocrx_word' id='word_1_613' title='bbox 2148 3990 2271 4055; x_wconf 91' lang='lat' dir='ltr'>tim,</span> <span class='ocrx_word' id='word_1_614' title='bbox 2346 3995 2648 4058; x_wconf 88' lang='lat' dir='ltr'>antequam</span> <span class='ocrx_word' id='word_1_615' title='bbox 2696 3987 3043 4058; x_wconf 87' lang='lat' dir='ltr'>pervenisset</span> <span class='ocrx_word' id='word_1_616' title='bbox 3071 3987 3141 4041; x_wconf 88' lang='lat' dir='ltr'>ad</span> <span class='ocrx_word' id='word_1_617' title='bbox 3189 3987 3419 4047; x_wconf 88' lang='lat' dir='ltr'>ostium,</span> <span class='ocrx_word' id='word_1_618' title='bbox 3474 3983 3559 4035; x_wconf 84' lang='lat' dir='ltr'>lux</span> <span class='ocrx_word' id='word_1_619' title='bbox 3598 3976 3711 4032; x_wconf 90' lang='lat' dir='ltr'>sub-</span> 
     </span>
    </p>
   </div>
   <div class='ocr_carea' id='block_1_79' title="bbox 2149 4074 3713 4146">
    <p class='ocr_par' dir='ltr' id='par_1_79' title="bbox 2149 4074 3713 4146">
     <span class='ocr_line' id='line_1_79' title="bbox 2149 4074 3713 4146; baseline -0.009 -14"><span class='ocrx_word' id='word_1_620' title='bbox 2149 4083 2356 4132; x_wconf 87' lang='lat' dir='ltr'>stracta</span> <span class='ocrx_word' id='word_1_621' title='bbox 2380 4083 2483 4140; x_wconf 89' lang='lat' dir='ltr'>est,</span> <span class='ocrx_word' id='word_1_622' title='bbox 2508 4082 2564 4132; x_wconf 91' lang='lat' dir='ltr'>et</span> <span class='ocrx_word' id='word_1_623' title='bbox 2592 4093 2749 4130; x_wconf 88' lang='lat' dir='ltr'>voces</span> <span class='ocrx_word' id='word_1_624' title='bbox 2780 4075 3189 4131; x_wconf 88' lang='lat' dir='ltr'>subcinentium</span> <span class='ocrx_word' id='word_1_625' title='bbox 3223 4074 3579 4146; x_wconf 90' lang='lat' dir='ltr'>quieverunt;</span> <span class='ocrx_word' id='word_1_626' title='bbox 3607 4082 3713 4120; x_wconf 83' lang='lat' dir='ltr'>sua-</span> 
     </span>
    </p>
   </div>
   <div class='ocr_carea' id='block_1_80' title="bbox 2148 4162 3711 4234">
    <p class='ocr_par' dir='ltr' id='par_1_80' title="bbox 2148 4162 3711 4234">
     <span class='ocr_line' id='line_1_80' title="bbox 2148 4162 3711 4234; baseline -0.006 -16"><span class='ocrx_word' id='word_1_627' title='bbox 2148 4167 2289 4220; x_wconf 86' lang='lat' dir='ltr'>vitas</span> <span class='ocrx_word' id='word_1_628' title='bbox 2310 4173 2498 4219; x_wconf 88' lang='lat' dir='ltr'>tamen</span> <span class='ocrx_word' id='word_1_629' title='bbox 2529 4165 2658 4218; x_wconf 88' lang='lat' dir='ltr'>miri</span> <span class='ocrx_word' id='word_1_630' title='bbox 2683 4165 2869 4218; x_wconf 91' lang='lat' dir='ltr'>odoris</span> <span class='ocrx_word' id='word_1_631' title='bbox 2883 4170 3040 4218; x_wconf 88' lang='lat' dir='ltr'>tanta</span> <span class='ocrx_word' id='word_1_632' title='bbox 3065 4163 3137 4216; x_wconf 91' lang='lat' dir='ltr'>ibi</span> <span class='ocrx_word' id='word_1_633' title='bbox 3175 4180 3406 4234; x_wconf 89' lang='lat' dir='ltr'>aspersa</span> <span class='ocrx_word' id='word_1_634' title='bbox 3430 4166 3510 4215; x_wconf 91' lang='lat' dir='ltr'>est</span> <span class='ocrx_word' id='word_1_635' title='bbox 3534 4162 3593 4212; x_wconf 90' lang='lat' dir='ltr'>ut</span> <span class='ocrx_word' id='word_1_636' title='bbox 3605 4169 3711 4208; x_wconf 86' lang='lat' dir='ltr'>cum</span> 
     </span>
    </p>
   </div>
   <div class='ocr_carea' id='block_1_81' title="bbox 2147 4243 3714 4322">
    <p class='ocr_par' dir='ltr' id='par_1_81' title="bbox 2147 4243 3714 4322">
     <span class='ocr_line' id='line_1_81' title="bbox 2147 4243 3714 4322; baseline -0.008 -14"><span class='ocrx_word' id='word_1_637' title='bbox 2147 4255 2348 4308; x_wconf 89' lang='lat' dir='ltr'>fratres</span> <span class='ocrx_word' id='word_1_638' title='bbox 2383 4253 2791 4307; x_wconf 82' lang='lat' dir='ltr'>assurexissent</span> <span class='ocrx_word' id='word_1_639' title='bbox 2818 4252 2886 4305; x_wconf 86' lang='lat' dir='ltr'>ad</span> <span class='ocrx_word' id='word_1_640' title='bbox 2916 4252 3147 4322; x_wconf 87' lang='lat' dir='ltr'>vigilias,</span> <span class='ocrx_word' id='word_1_641' title='bbox 3178 4251 3535 4313; x_wconf 88' lang='lat' dir='ltr'>mirarentur,</span> <span class='ocrx_word' id='word_1_642' title='bbox 3566 4244 3626 4298; x_wconf 89' lang='lat' dir='ltr'>ad</span> <span class='ocrx_word' id='word_1_643' title='bbox 3646 4243 3714 4295; x_wconf 90' lang='lat' dir='ltr'>in-</span> 
     </span>
    </p>
   </div>
   <div class='ocr_carea' id='block_1_82' title="bbox 538 4326 3714 4413">
    <p class='ocr_par' dir='ltr' id='par_1_82' title="bbox 538 4326 3714 4413">
     <span class='ocr_line' id='line_1_82' title="bbox 538 4326 3714 4413; baseline -0.002 -18"><span class='ocrx_word' id='word_1_644' title='bbox 538 4343 701 4395; x_wconf 88' lang='lat' dir='ltr'>Anno</span> <span class='ocrx_word' id='word_1_645' title='bbox 726 4341 947 4396; x_wconf 91' lang='lat' dir='ltr'>Domini</span> <span class='ocrx_word' id='word_1_646' title='bbox 979 4339 1139 4406; x_wconf 80' lang='lat'>1053,</span> <span class='ocrx_word' id='word_1_647' title='bbox 1174 4340 1514 4395; x_wconf 80' lang='lat' dir='ltr'>Hunﬂ‘redus</span> <span class='ocrx_word' id='word_1_648' title='bbox 1546 4342 1615 4395; x_wconf 90' lang='lat' dir='ltr'>de</span> <span class='ocrx_word' id='word_1_649' title='bbox 1643 4341 1888 4401; x_wconf 70' lang='lat' dir='ltr'>Vitullis,</span> <span class='ocrx_word' id='word_1_650' title='bbox 1904 4326 2129 4413; x_wconf 83' lang='lat' dir='ltr'>paterD</span> <span class='ocrx_word' id='word_1_651' title='bbox 2147 4344 2324 4397; x_wconf 90' lang='lat' dir='ltr'>vicem</span> <span class='ocrx_word' id='word_1_652' title='bbox 2355 4359 2413 4396; x_wconf 91' lang='lat' dir='ltr'>se</span> <span class='ocrx_word' id='word_1_653' title='bbox 2436 4343 2848 4411; x_wconf 87' lang='lat' dir='ltr'>interrogantes</span> <span class='ocrx_word' id='word_1_654' title='bbox 2869 4346 3009 4394; x_wconf 92' lang='lat' dir='ltr'>nutu</span> <span class='ocrx_word' id='word_1_655' title='bbox 3034 4345 3090 4394; x_wconf 90' lang='lat' dir='ltr'>et</span> <span class='ocrx_word' id='word_1_656' title='bbox 3112 4340 3294 4411; x_wconf 86' lang='lat' dir='ltr'>signis</span> <span class='ocrx_word' id='word_1_657' title='bbox 3318 4338 3447 4409; x_wconf 90' lang='lat' dir='ltr'>quid</span> <span class='ocrx_word' id='word_1_658' title='bbox 3466 4338 3562 4391; x_wconf 91' lang='lat' dir='ltr'>hoc</span> <span class='ocrx_word' id='word_1_659' title='bbox 3573 4331 3714 4385; x_wconf 69' lang='lat' dir='ltr'>vellet</span> 
     </span>
    </p>
   </div>
   <div class='ocr_carea' id='block_1_83' title="bbox 464 4429 2064 4501">
    <p class='ocr_par' dir='ltr' id='par_1_83' title="bbox 464 4429 2064 4501">
     <span class='ocr_line' id='line_1_83' title="bbox 464 4429 2064 4501; baseline 0.001 -17"><span class='ocrx_word' id='word_1_660' title='bbox 464 4429 693 4498; x_wconf 81' lang='lat' dir='ltr'>Rogerii</span> <span class='ocrx_word' id='word_1_661' title='bbox 716 4431 784 4483; x_wconf 92' lang='lat' dir='ltr'>de</span> <span class='ocrx_word' id='word_1_662' title='bbox 815 4431 1181 4494; x_wconf 88' lang='lat' dir='ltr'>Bellomonte;</span> <span class='ocrx_word' id='word_1_663' title='bbox 1218 4435 1275 4483; x_wconf 89' lang='lat' dir='ltr'>et</span> <span class='ocrx_word' id='word_1_664' title='bbox 1303 4430 1579 4484; x_wconf 88' lang='lat' dir='ltr'>Albereda</span> <span class='ocrx_word' id='word_1_665' title='bbox 1602 4447 1742 4484; x_wconf 84' lang='lat' dir='ltr'>uxor</span> <span class='ocrx_word' id='word_1_666' title='bbox 1778 4432 1920 4501; x_wconf 84' lang='lat' dir='ltr'>ejus,</span> <span class='ocrx_word' id='word_1_667' title='bbox 1953 4432 2064 4489; x_wconf 85' lang='lat' dir='ltr'>duo</span> 
     </span>
    </p>
   </div>
   <div class='ocr_carea' id='block_1_84' title="bbox 463 4516 2058 4584">
    <p class='ocr_par' dir='ltr' id='par_1_84' title="bbox 463 4516 2058 4584">
     <span class='ocr_line' id='line_1_84' title="bbox 463 4516 2058 4584; baseline 0.003 -16"><span class='ocrx_word' id='word_1_668' title='bbox 463 4516 828 4579; x_wconf 86' lang='lat' dir='ltr'>monasteria,</span> <span class='ocrx_word' id='word_1_669' title='bbox 852 4532 1026 4569; x_wconf 91' lang='lat' dir='ltr'>unum</span> <span class='ocrx_word' id='word_1_670' title='bbox 1059 4517 1305 4569; x_wconf 89' lang='lat' dir='ltr'>virorum</span> <span class='ocrx_word' id='word_1_671' title='bbox 1328 4523 1384 4571; x_wconf 92' lang='lat' dir='ltr'>et</span> <span class='ocrx_word' id='word_1_672' title='bbox 1430 4519 1669 4572; x_wconf 88' lang='lat' dir='ltr'>alterum</span> <span class='ocrx_word' id='word_1_673' title='bbox 1700 4520 2058 4584; x_wconf 87' lang='lat' dir='ltr'>feminarum,</span> 
     </span>
    </p>
   </div>
   <div class='ocr_carea' id='block_1_85' title="bbox 460 4602 1372 4659">
    <p class='ocr_par' dir='ltr' id='par_1_85' title="bbox 460 4602 1372 4659">
     <span class='ocr_line' id='line_1_85' title="bbox 460 4602 1372 4659; baseline 0.003 -3"><span class='ocrx_word' id='word_1_674' title='bbox 460 4602 523 4656; x_wconf 86' lang='lat' dir='ltr'>in</span> <span class='ocrx_word' id='word_1_675' title='bbox 553 4604 726 4657; x_wconf 89' lang='lat' dir='ltr'>fundo</span> <span class='ocrx_word' id='word_1_676' title='bbox 757 4604 982 4657; x_wconf 89' lang='lat' dir='ltr'>Pratelli</span> <span class='ocrx_word' id='word_1_677' title='bbox 1007 4603 1372 4659; x_wconf 75' lang='lat' dir='ltr'>aediﬁcarunt.</span> 
     </span>
    </p>
   </div>
   <div class='ocr_carea' id='block_1_86' title="bbox 534 4690 2060 4765">
    <p class='ocr_par' dir='ltr' id='par_1_86' title="bbox 534 4690 2060 4765">
     <span class='ocr_line' id='line_1_86' title="bbox 534 4690 2060 4765; baseline 0.003 -20"><span class='ocrx_word' id='word_1_678' title='bbox 534 4690 1109 4757; x_wconf 82' lang='lat' dir='ltr'>AnnoDomini1060,</span> <span class='ocrx_word' id='word_1_679' title='bbox 1133 4698 1361 4747; x_wconf 90' lang='lat' dir='ltr'>sanctus</span> <span class='ocrx_word' id='word_1_680' title='bbox 1396 4693 1699 4749; x_wconf 86' lang='lat' dir='ltr'>Anselmus</span> <span class='ocrx_word' id='word_1_681' title='bbox 1726 4697 1784 4750; x_wconf 91' lang='lat' dir='ltr'>in</span> <span class='ocrx_word' id='word_1_682' title='bbox 1804 4697 2060 4765; x_wconf 84' lang='lat' dir='ltr'>Augusta</span> 
     </span>
    </p>
   </div>
   <div class='ocr_carea' id='block_1_87' title="bbox 465 4778 2060 4852">
    <p class='ocr_par' dir='ltr' id='par_1_87' title="bbox 465 4778 2060 4852">
     <span class='ocr_line' id='line_1_87' title="bbox 465 4778 2060 4852; baseline 0.003 -18"><span class='ocrx_word' id='word_1_683' title='bbox 465 4778 643 4834; x_wconf 89' lang='lat' dir='ltr'>nobili</span> <span class='ocrx_word' id='word_1_684' title='bbox 655 4781 899 4846; x_wconf 88' lang='lat' dir='ltr'>civitate,</span> <span class='ocrx_word' id='word_1_685' title='bbox 930 4797 1053 4851; x_wconf 69' lang='lat' dir='ltr'>quae</span> <span class='ocrx_word' id='word_1_686' title='bbox 1066 4782 1299 4835; x_wconf 85' lang='lat' dir='ltr'>confinis</span> <span class='ocrx_word' id='word_1_687' title='bbox 1330 4782 1730 4852; x_wconf 66' lang='lat' dir='ltr'>Burgundizea</span> <span class='ocrx_word' id='word_1_688' title='bbox 1746 4791 1832 4838; x_wconf 92' lang='lat' dir='ltr'>est</span> <span class='ocrx_word' id='word_1_689' title='bbox 1843 4790 1898 4838; x_wconf 93' lang='lat' dir='ltr'>et</span> <span class='ocrx_word' id='word_1_690' title='bbox 1913 4786 2060 4838; x_wconf 86' lang='lat' dir='ltr'>Lon—</span> 
     </span>
    </p>
   </div>
   <div class='ocr_carea' id='block_1_88' title="bbox 464 4868 2066 4945">
    <p class='ocr_par' dir='ltr' id='par_1_88' title="bbox 464 4868 2066 4945">
     <span class='ocr_line' id='line_1_88' title="bbox 464 4868 2066 4945; baseline 0.004 -24"><span class='ocrx_word' id='word_1_691' title='bbox 464 4868 771 4939; x_wconf 72' lang='lat' dir='ltr'>gobardiae,</span> <span class='ocrx_word' id='word_1_692' title='bbox 796 4869 1086 4935; x_wconf 89' lang='lat' dir='ltr'>oriundus,</span> <span class='ocrx_word' id='word_1_693' title='bbox 1112 4870 1243 4923; x_wconf 88' lang='lat' dir='ltr'>licet</span> <span class='ocrx_word' id='word_1_694' title='bbox 1276 4870 1448 4923; x_wconf 84' lang='lat' dir='ltr'>nobili</span> <span class='ocrx_word' id='word_1_695' title='bbox 1481 4878 1774 4941; x_wconf 88' lang='lat' dir='ltr'>parentum</span> <span class='ocrx_word' id='word_1_696' title='bbox 1806 4874 2066 4945; x_wconf 87' lang='lat' dir='ltr'>prosapia</span> 
     </span>
    </p>
   </div>
   <div class='ocr_carea' id='block_1_89' title="bbox 462 4957 2062 5028">
    <p class='ocr_par' dir='ltr' id='par_1_89' title="bbox 462 4957 2062 5028">
     <span class='ocr_line' id='line_1_89' title="bbox 462 4957 2062 5028; baseline 0.006 -18"><span class='ocrx_word' id='word_1_697' title='bbox 462 4963 653 5020; x_wconf 82' lang='lat' dir='ltr'>natus,</span> <span class='ocrx_word' id='word_1_698' title='bbox 677 4957 1011 5011; x_wconf 89' lang='lat' dir='ltr'>disertorum</span> <span class='ocrx_word' id='word_1_699' title='bbox 1042 4958 1241 5012; x_wconf 88' lang='lat' dir='ltr'>studiis</span> <span class='ocrx_word' id='word_1_700' title='bbox 1256 4959 1654 5028; x_wconf 87' lang='lat' dir='ltr'>magistrorum</span> <span class='ocrx_word' id='word_1_701' title='bbox 1686 4962 1743 5014; x_wconf 92' lang='lat' dir='ltr'>in</span> <span class='ocrx_word' id='word_1_702' title='bbox 1771 4962 1925 5016; x_wconf 89' lang='lat' dir='ltr'>brevi</span> <span class='ocrx_word' id='word_1_703' title='bbox 1946 4963 2062 5019; x_wconf 90' lang='lat' dir='ltr'>Deo</span> 
     </span>
    </p>
   </div>
   <div class='ocr_carea' id='block_1_90' title="bbox 463 5044 2063 5117">
    <p class='ocr_par' dir='ltr' id='par_1_90' title="bbox 463 5044 2063 5117">
     <span class='ocr_line' id='line_1_90' title="bbox 463 5044 2063 5117; baseline 0.003 -19"><span class='ocrx_word' id='word_1_704' title='bbox 463 5044 711 5099; x_wconf 82' lang='lat' dir='ltr'>donante</span> <span class='ocrx_word' id='word_1_705' title='bbox 734 5052 1072 5116; x_wconf 72' lang='lat' dir='ltr'>coaequatus,</span> <span class='ocrx_word' id='word_1_706' title='bbox 1094 5053 1151 5100; x_wconf 91' lang='lat' dir='ltr'>et</span> <span class='ocrx_word' id='word_1_707' title='bbox 1171 5047 1524 5117; x_wconf 86' lang='lat' dir='ltr'>perdivinam</span> <span class='ocrx_word' id='word_1_708' title='bbox 1539 5049 1806 5103; x_wconf 88' lang='lat' dir='ltr'>visionem</span> <span class='ocrx_word' id='word_1_709' title='bbox 1822 5051 1889 5103; x_wconf 89' lang='lat' dir='ltr'>ad</span> <span class='ocrx_word' id='word_1_710' title='bbox 1904 5050 2063 5104; x_wconf 88' lang='lat' dir='ltr'>sedes</span> 
     </span>
    </p>
   </div>
   <div class='ocr_carea' id='block_1_91' title="bbox 460 5134 2062 5207">
    <p class='ocr_par' dir='ltr' id='par_1_91' title="bbox 460 5134 2062 5207">
     <span class='ocr_line' id='line_1_91' title="bbox 460 5134 2062 5207; baseline 0.002 -19"><span class='ocrx_word' id='word_1_711' title='bbox 460 5134 685 5188; x_wconf 76' lang='lat' dir='ltr'>ccelicas</span> <span class='ocrx_word' id='word_1_712' title='bbox 705 5135 946 5205; x_wconf 89' lang='lat' dir='ltr'>denique</span> <span class='ocrx_word' id='word_1_713' title='bbox 964 5135 1019 5188; x_wconf 89' lang='lat' dir='ltr'>in</span> <span class='ocrx_word' id='word_1_714' title='bbox 1036 5135 1235 5207; x_wconf 88' lang='lat' dir='ltr'>spiritu</span> <span class='ocrx_word' id='word_1_715' title='bbox 1248 5142 1460 5206; x_wconf 88' lang='lat' dir='ltr'>raptus.</span> <span class='ocrx_word' id='word_1_716' title='bbox 1491 5138 1687 5191; x_wconf 88' lang='lat' dir='ltr'>salutis</span> <span class='ocrx_word' id='word_1_717' title='bbox 1723 5154 1836 5192; x_wconf 67' lang='lat' dir='ltr'>suae</span> <span class='ocrx_word' id='word_1_718' title='bbox 1857 5155 2062 5193; x_wconf 88' lang='lat' dir='ltr'>arcana</span> 
     </span>
    </p>
   </div>
   <div class='ocr_carea' id='block_1_92' title="bbox 461 5223 2059 5296">
    <p class='ocr_par' dir='ltr' id='par_1_92' title="bbox 461 5223 2059 5296">
     <span class='ocr_line' id='line_1_92' title="bbox 461 5223 2059 5296; baseline 0.004 -21"><span class='ocrx_word' id='word_1_719' title='bbox 461 5223 632 5278; x_wconf 81' lang='lat' dir='ltr'>verba</span> <span class='ocrx_word' id='word_1_720' title='bbox 661 5224 953 5278; x_wconf 88' lang='lat' dir='ltr'>confestim</span> <span class='ocrx_word' id='word_1_721' title='bbox 994 5224 1222 5287; x_wconf 88' lang='lat' dir='ltr'>audivit,</span> <span class='ocrx_word' id='word_1_722' title='bbox 1251 5241 1375 5294; x_wconf 74' lang='lat' dir='ltr'>quze</span> <span class='ocrx_word' id='word_1_723' title='bbox 1401 5241 1514 5278; x_wconf 91' lang='lat' dir='ltr'>non</span> <span class='ocrx_word' id='word_1_724' title='bbox 1548 5227 1722 5279; x_wconf 85' lang='lat' dir='ltr'>multo</span> <span class='ocrx_word' id='word_1_725' title='bbox 1758 5233 1883 5296; x_wconf 92' lang='lat' dir='ltr'>post</span> <span class='ocrx_word' id='word_1_726' title='bbox 1913 5233 2059 5281; x_wconf 89' lang='lat' dir='ltr'>tem-</span> 
     </span>
    </p>
   </div>
   <div class='ocr_carea' id='block_1_93' title="bbox 462 5311 2059 5387">
    <p class='ocr_par' dir='ltr' id='par_1_93' title="bbox 462 5311 2059 5387">
     <span class='ocr_line' id='line_1_93' title="bbox 462 5311 2059 5387; baseline 0.003 -22"><span class='ocrx_word' id='word_1_727' title='bbox 462 5327 599 5387; x_wconf 85' lang='lat' dir='ltr'>pore</span> <span class='ocrx_word' id='word_1_728' title='bbox 631 5311 946 5383; x_wconf 86' lang='lat' dir='ltr'>complevit.</span> <span class='ocrx_word' id='word_1_729' title='bbox 1011 5312 1261 5367; x_wconf 87' lang='lat' dir='ltr'>Audiens</span> <span class='ocrx_word' id='word_1_730' title='bbox 1318 5313 1491 5381; x_wconf 90' lang='lat' dir='ltr'>igitur</span> <span class='ocrx_word' id='word_1_731' title='bbox 1537 5313 1747 5367; x_wconf 84' lang='lat' dir='ltr'>famam</span> <span class='ocrx_word' id='word_1_732' title='bbox 1802 5317 2059 5385; x_wconf 87' lang='lat' dir='ltr'>magistri</span> 
     </span>
    </p>
   </div>
   <div class='ocr_carea' id='block_1_94' title="bbox 463 5400 2061 5474">
    <p class='ocr_par' dir='ltr' id='par_1_94' title="bbox 463 5400 2061 5474">
     <span class='ocr_line' id='line_1_94' title="bbox 463 5400 2061 5474; baseline 0.003 -20"><span class='ocrx_word' id='word_1_733' title='bbox 463 5400 783 5463; x_wconf 82' lang='lat' dir='ltr'>Lanfranci,</span> <span class='ocrx_word' id='word_1_734' title='bbox 801 5401 917 5474; x_wconf 89' lang='lat' dir='ltr'>jam</span> <span class='ocrx_word' id='word_1_735' title='bbox 949 5401 1206 5454; x_wconf 89' lang='lat' dir='ltr'>monachi</span> <span class='ocrx_word' id='word_1_736' title='bbox 1239 5400 1552 5471; x_wconf 82' lang='lat' dir='ltr'>Beccensis,</span> <span class='ocrx_word' id='word_1_737' title='bbox 1595 5407 1653 5455; x_wconf 89' lang='lat' dir='ltr'>et</span> <span class='ocrx_word' id='word_1_738' title='bbox 1706 5402 1922 5461; x_wconf 85' lang='lat' dir='ltr'>scholas</span> <span class='ocrx_word' id='word_1_739' title='bbox 1960 5404 2061 5459; x_wconf 88' lang='lat' dir='ltr'>ibi-</span> 
     </span>
    </p>
   </div>
   <div class='ocr_carea' id='block_1_95' title="bbox 460 5486 2056 5564">
    <p class='ocr_par' dir='ltr' id='par_1_95' title="bbox 460 5486 2056 5564">
     <span class='ocr_line' id='line_1_95' title="bbox 460 5486 2056 5564; baseline 0.004 -22"><span class='ocrx_word' id='word_1_740' title='bbox 460 5486 597 5544; x_wconf 82' lang='lat' dir='ltr'>dem</span> <span class='ocrx_word' id='word_1_741' title='bbox 615 5489 861 5545; x_wconf 86' lang='lat' dir='ltr'>tenentis</span> <span class='ocrx_word' id='word_1_742' title='bbox 889 5494 948 5545; x_wconf 85' lang='lat' dir='ltr'>et</span> <span class='ocrx_word' id='word_1_743' title='bbox 981 5488 1248 5561; x_wconf 80' lang='lat' dir='ltr'>regentis,</span> <span class='ocrx_word' id='word_1_744' title='bbox 1297 5488 1552 5544; x_wconf 88' lang='lat' dir='ltr'>omnium</span> <span class='ocrx_word' id='word_1_745' title='bbox 1599 5507 1742 5564; x_wconf 90' lang='lat' dir='ltr'>pene</span> <span class='ocrx_word' id='word_1_746' title='bbox 1764 5490 2056 5551; x_wconf 86' lang='lat' dir='ltr'>doctorum</span> 
     </span>
    </p>
   </div>
   <div class='ocr_carea' id='block_1_96' title="bbox 2147 4421 3713 4503">
    <p class='ocr_par' dir='ltr' id='par_1_96' title="bbox 2147 4421 3713 4503">
     <span class='ocr_line' id='line_1_96' title="bbox 2147 4421 3713 4503; baseline -0.008 -17"><span class='ocrx_word' id='word_1_747' title='bbox 2147 4449 2287 4486; x_wconf 90' lang='lat' dir='ltr'>esse.</span> <span class='ocrx_word' id='word_1_748' title='bbox 2316 4432 2451 4495; x_wconf 70' lang='lat' dir='ltr'>Quae</span> <span class='ocrx_word' id='word_1_749' title='bbox 2480 4431 2671 4485; x_wconf 88' lang='lat' dir='ltr'>omnia</span> <span class='ocrx_word' id='word_1_750' title='bbox 2690 4430 2954 4503; x_wconf 75' lang='lat' dir='ltr'>praedicta</span> <span class='ocrx_word' id='word_1_751' title='bbox 2986 4428 3170 4482; x_wconf 91' lang='lat' dir='ltr'>dictus</span> <span class='ocrx_word' id='word_1_752' title='bbox 3198 4425 3530 4485; x_wconf 88' lang='lat' dir='ltr'>secretarius</span> <span class='ocrx_word' id='word_1_753' title='bbox 3544 4421 3713 4477; x_wconf 73' lang='lat' dir='ltr'>recita-</span> 
     </span>
    </p>
   </div>
   <div class='ocr_carea' id='block_1_97' title="bbox 2144 4519 2514 4581">
    <p class='ocr_par' dir='ltr' id='par_1_97' title="bbox 2144 4519 2514 4581">
     <span class='ocr_line' id='line_1_97' title="bbox 2144 4519 2514 4581; baseline 0 -10"><span class='ocrx_word' id='word_1_754' title='bbox 2144 4521 2242 4581; x_wconf 86' lang='lat' dir='ltr'>vit,</span> <span class='ocrx_word' id='word_1_755' title='bbox 2274 4526 2337 4574; x_wconf 88' lang='lat' dir='ltr'>ut</span> <span class='ocrx_word' id='word_1_756' title='bbox 2362 4519 2514 4573; x_wconf 86' lang='lat' dir='ltr'>vidit.</span> 
     </span>
    </p>
   </div>
   <div class='ocr_carea' id='block_1_98' title="bbox 2212 4604 3708 4663">
    <p class='ocr_par' dir='ltr' id='par_1_98' title="bbox 2212 4604 3708 4663">
     <span class='ocr_line' id='line_1_98' title="bbox 2212 4604 3708 4663; baseline -0.008 0"><span class='ocrx_word' id='word_1_757' title='bbox 2212 4610 2355 4663; x_wconf 90' lang='lat' dir='ltr'>Item</span> <span class='ocrx_word' id='word_1_758' title='bbox 2404 4608 2580 4663; x_wconf 88' lang='lat' dir='ltr'>iratus</span> <span class='ocrx_word' id='word_1_759' title='bbox 2609 4625 2704 4663; x_wconf 85' lang='lat' dir='ltr'>rex</span> <span class='ocrx_word' id='word_1_760' title='bbox 2749 4607 3083 4663; x_wconf 87' lang='lat' dir='ltr'>Guillelmus</span> <span class='ocrx_word' id='word_1_761' title='bbox 3112 4613 3310 4663; x_wconf 90' lang='lat' dir='ltr'>contra</span> <span class='ocrx_word' id='word_1_762' title='bbox 3345 4604 3708 4662; x_wconf 86' lang='lat' dir='ltr'>Lanfrancum,</span> 
     </span>
    </p>
   </div>
   <div class='ocr_carea' id='block_1_99' title="bbox 2142 4685 3711 4767">
    <p class='ocr_par' dir='ltr' id='par_1_99' title="bbox 2142 4685 3711 4767">
     <span class='ocr_line' id='line_1_99' title="bbox 2142 4685 3711 4767; baseline -0.009 -15"><span class='ocrx_word' id='word_1_763' title='bbox 2142 4715 2271 4752; x_wconf 90' lang='lat' dir='ltr'>eum</span> <span class='ocrx_word' id='word_1_764' title='bbox 2298 4697 2564 4751; x_wconf 90' lang='lat' dir='ltr'>alienavit</span> <span class='ocrx_word' id='word_1_765' title='bbox 2585 4714 2620 4751; x_wconf 89' lang='lat' dir='ltr'>a</span> <span class='ocrx_word' id='word_1_766' title='bbox 2651 4714 2753 4751; x_wconf 88' lang='lat' dir='ltr'>sua</span> <span class='ocrx_word' id='word_1_767' title='bbox 2784 4697 2959 4758; x_wconf 88' lang='lat' dir='ltr'>curia,</span> <span class='ocrx_word' id='word_1_768' title='bbox 2988 4698 3147 4767; x_wconf 85' lang='lat' dir='ltr'>cujus</span> <span class='ocrx_word' id='word_1_769' title='bbox 3177 4693 3526 4752; x_wconf 91' lang='lat' dir='ltr'>consiliarius</span> <span class='ocrx_word' id='word_1_770' title='bbox 3563 4685 3711 4743; x_wconf 84' lang='lat' dir='ltr'>exsti-</span> 
     </span>
    </p>
   </div>
   <div class='ocr_carea' id='block_1_100' title="bbox 2147 4776 3712 4859">
    <p class='ocr_par' dir='ltr' id='par_1_100' title="bbox 2147 4776 3712 4859">
     <span class='ocr_line' id='line_1_100' title="bbox 2147 4776 3712 4859; baseline -0.008 -18"><span class='ocrx_word' id='word_1_771' title='bbox 2147 4793 2312 4852; x_wconf 86' lang='lat' dir='ltr'>terat,</span> <span class='ocrx_word' id='word_1_772' title='bbox 2337 4786 2467 4857; x_wconf 90' lang='lat' dir='ltr'>quia</span> <span class='ocrx_word' id='word_1_773' title='bbox 2488 4785 2906 4841; x_wconf 86' lang='lat' dir='ltr'>contradicebat</span> <span class='ocrx_word' id='word_1_774' title='bbox 2935 4786 3162 4859; x_wconf 86' lang='lat' dir='ltr'>nuptias</span> <span class='ocrx_word' id='word_1_775' title='bbox 3186 4786 3316 4840; x_wconf 64' lang='lat' dir='ltr'>ﬁliae</span> <span class='ocrx_word' id='word_1_776' title='bbox 3328 4781 3542 4841; x_wconf 90' lang='lat' dir='ltr'>comitis</span> <span class='ocrx_word' id='word_1_777' title='bbox 3564 4776 3712 4832; x_wconf 51' lang='lat' dir='ltr'>Flana</span> 
     </span>
    </p>
   </div>
   <div class='ocr_carea' id='block_1_101' title="bbox 2148 4863 3712 4946">
    <p class='ocr_par' dir='ltr' id='par_1_101' title="bbox 2148 4863 3712 4946">
     <span class='ocr_line' id='line_1_101' title="bbox 2148 4863 3712 4946; baseline -0.01 -16"><span class='ocrx_word' id='word_1_778' title='bbox 2148 4876 2302 4940; x_wconf 65' lang='lat' dir='ltr'>drize,</span> <span class='ocrx_word' id='word_1_779' title='bbox 2336 4891 2502 4946; x_wconf 88' lang='lat' dir='ltr'>quam</span> <span class='ocrx_word' id='word_1_780' title='bbox 2534 4874 2651 4945; x_wconf 90' lang='lat' dir='ltr'>ipse</span> <span class='ocrx_word' id='word_1_781' title='bbox 2681 4873 2785 4928; x_wconf 93' lang='lat' dir='ltr'>sibi</span> <span class='ocrx_word' id='word_1_782' title='bbox 2816 4875 2926 4929; x_wconf 76' lang='lat' dir='ltr'>dux</span> <span class='ocrx_word' id='word_1_783' title='bbox 2958 4874 3318 4946; x_wconf 88' lang='lat' dir='ltr'>copulaverat</span> <span class='ocrx_word' id='word_1_784' title='bbox 3359 4863 3712 4925; x_wconf 87' lang='lat' dir='ltr'>matrimonio,</span> 
     </span>
    </p>
   </div>
   <div class='ocr_carea' id='block_1_102' title="bbox 2148 4958 3714 5036">
    <p class='ocr_par' dir='ltr' id='par_1_102' title="bbox 2148 4958 3714 5036">
     <span class='ocr_line' id='line_1_102' title="bbox 2148 4958 3714 5036; baseline -0.006 -19"><span class='ocrx_word' id='word_1_785' title='bbox 2148 4964 2281 5036; x_wconf 89' lang='lat' dir='ltr'>quia</span> <span class='ocrx_word' id='word_1_786' title='bbox 2310 4962 2666 5035; x_wconf 80' lang='lat' dir='ltr'>proximitate</span> <span class='ocrx_word' id='word_1_787' title='bbox 2700 4962 2883 5019; x_wconf 81' lang='lat' dir='ltr'>carnis</span> <span class='ocrx_word' id='word_1_788' title='bbox 2928 4968 2984 5016; x_wconf 91' lang='lat' dir='ltr'>et</span> <span class='ocrx_word' id='word_1_789' title='bbox 3030 4961 3514 5033; x_wconf 85' lang='lat' dir='ltr'>consanguinitate</span> <span class='ocrx_word' id='word_1_790' title='bbox 3536 4958 3714 5028; x_wconf 81' lang='lat' dir='ltr'>junge-</span> 
     </span>
    </p>
   </div>
   <div class='ocr_carea' id='block_1_103' title="bbox 2144 5045 3714 5123">
    <p class='ocr_par' dir='ltr' id='par_1_103' title="bbox 2144 5045 3714 5123">
     <span class='ocr_line' id='line_1_103' title="bbox 2144 5045 3714 5123; baseline -0.009 -18"><span class='ocrx_word' id='word_1_791' title='bbox 2144 5052 2369 5105; x_wconf 90' lang='lat' dir='ltr'>bantur.</span> <span class='ocrx_word' id='word_1_792' title='bbox 2411 5049 2570 5109; x_wconf 87' lang='lat' dir='ltr'>Unde</span> <span class='ocrx_word' id='word_1_793' title='bbox 2631 5051 2963 5106; x_wconf 88' lang='lat' dir='ltr'>auctoritate</span> <span class='ocrx_word' id='word_1_794' title='bbox 2989 5051 3228 5105; x_wconf 83' lang='lat' dir='ltr'>Romani</span> <span class='ocrx_word' id='word_1_795' title='bbox 3272 5047 3568 5123; x_wconf 85' lang='lat' dir='ltr'>pontiﬁcis,</span> <span class='ocrx_word' id='word_1_796' title='bbox 3610 5045 3714 5095; x_wconf 83' lang='lat' dir='ltr'>tota</span> 
     </span>
    </p>
   </div>
   <div class='ocr_carea' id='block_1_104' title="bbox 2144 5132 3713 5212">
    <p class='ocr_par' dir='ltr' id='par_1_104' title="bbox 2144 5132 3713 5212">
     <span class='ocr_line' id='line_1_104' title="bbox 2144 5132 3713 5212; baseline -0.007 -17"><span class='ocrx_word' id='word_1_797' title='bbox 2144 5140 2410 5196; x_wconf 88' lang='lat' dir='ltr'>Neustria</span> <span class='ocrx_word' id='word_1_798' title='bbox 2426 5140 2716 5212; x_wconf 90' lang='lat' dir='ltr'>supposita</span> <span class='ocrx_word' id='word_1_799' title='bbox 2731 5145 2854 5195; x_wconf 89' lang='lat' dir='ltr'>erat</span> <span class='ocrx_word' id='word_1_800' title='bbox 2876 5138 3173 5194; x_wconf 88' lang='lat' dir='ltr'>interdicto</span> <span class='ocrx_word' id='word_1_801' title='bbox 3200 5158 3212 5204; x_wconf 90' lang='lat'><strong>;</strong></span> <span class='ocrx_word' id='word_1_802' title='bbox 3236 5140 3575 5209; x_wconf 82' lang='lat' dir='ltr'>quaprOpter</span> <span class='ocrx_word' id='word_1_803' title='bbox 3590 5132 3713 5185; x_wconf 83' lang='lat' dir='ltr'>Lan-</span> 
     </span>
    </p>
   </div>
   <div class='ocr_carea' id='block_1_105' title="bbox 2143 5226 3711 5298">
    <p class='ocr_par' dir='ltr' id='par_1_105' title="bbox 2143 5226 3711 5298">
     <span class='ocr_line' id='line_1_105' title="bbox 2143 5226 3711 5298; baseline -0.007 -18"><span class='ocrx_word' id='word_1_804' title='bbox 2143 5228 2366 5282; x_wconf 67' lang='lat' dir='ltr'>franous</span> <span class='ocrx_word' id='word_1_805' title='bbox 2392 5227 2628 5281; x_wconf 86' lang='lat' dir='ltr'>Romam</span> <span class='ocrx_word' id='word_1_806' title='bbox 2658 5227 2818 5284; x_wconf 81' lang='lat' dir='ltr'>adiit,</span> <span class='ocrx_word' id='word_1_807' title='bbox 2867 5227 3119 5298; x_wconf 86' lang='lat' dir='ltr'>quamvis</span> <span class='ocrx_word' id='word_1_808' title='bbox 3164 5226 3346 5280; x_wconf 91' lang='lat' dir='ltr'>iturus</span> <span class='ocrx_word' id='word_1_809' title='bbox 3390 5228 3534 5282; x_wconf 89' lang='lat' dir='ltr'>esset</span> <span class='ocrx_word' id='word_1_810' title='bbox 3568 5232 3711 5273; x_wconf 90' lang='lat' dir='ltr'>occa-</span> 
     </span>
    </p>
   </div>
   <div class='ocr_carea' id='block_1_106' title="bbox 2141 5304 3711 5388">
    <p class='ocr_par' dir='ltr' id='par_1_106' title="bbox 2141 5304 3711 5388">
     <span class='ocr_line' id='line_1_106' title="bbox 2141 5304 3711 5388; baseline -0.003 -17"><span class='ocrx_word' id='word_1_811' title='bbox 2141 5317 2297 5371; x_wconf 90' lang='lat' dir='ltr'>sione</span> <span class='ocrx_word' id='word_1_812' title='bbox 2321 5317 2611 5388; x_wconf 88' lang='lat' dir='ltr'>cujusdam</span> <span class='ocrx_word' id='word_1_813' title='bbox 2632 5315 2878 5373; x_wconf 72' lang='lat' dir='ltr'>haeretici</span> <span class='ocrx_word' id='word_1_814' title='bbox 2911 5316 3256 5387; x_wconf 88' lang='lat' dir='ltr'>Berengarii,</span> <span class='ocrx_word' id='word_1_815' title='bbox 3289 5319 3346 5369; x_wconf 89' lang='lat' dir='ltr'>et</span> <span class='ocrx_word' id='word_1_816' title='bbox 3382 5320 3514 5367; x_wconf 88' lang='lat' dir='ltr'>tunc</span> <span class='ocrx_word' id='word_1_817' title='bbox 3537 5304 3711 5385; x_wconf 66' lang='lat' dir='ltr'>prtesi-</span> 
     </span>
    </p>
   </div>
   <div class='ocr_carea' id='block_1_107' title="bbox 2140 5398 3712 5476">
    <p class='ocr_par' dir='ltr' id='par_1_107' title="bbox 2140 5398 3712 5476">
     <span class='ocr_line' id='line_1_107' title="bbox 2140 5398 3712 5476; baseline -0.01 -13"><span class='ocrx_word' id='word_1_818' title='bbox 2140 5405 2310 5463; x_wconf 87' lang='lat' dir='ltr'>debat</span> <span class='ocrx_word' id='word_1_819' title='bbox 2337 5406 2447 5461; x_wconf 91' lang='lat' dir='ltr'>Leo</span> <span class='ocrx_word' id='word_1_820' title='bbox 2501 5411 2745 5470; x_wconf 87' lang='lat' dir='ltr'>octavus,</span> <span class='ocrx_word' id='word_1_821' title='bbox 2804 5410 2860 5459; x_wconf 88' lang='lat' dir='ltr'>et</span> <span class='ocrx_word' id='word_1_822' title='bbox 2898 5405 3068 5460; x_wconf 90' lang='lat' dir='ltr'>etiam</span> <span class='ocrx_word' id='word_1_823' title='bbox 3118 5409 3182 5462; x_wconf 88' lang='lat' dir='ltr'>ut</span> <span class='ocrx_word' id='word_1_824' title='bbox 3218 5409 3413 5476; x_wconf 86' lang='lat' dir='ltr'>ageret</span> <span class='ocrx_word' id='word_1_825' title='bbox 3448 5417 3551 5475; x_wconf 92' lang='lat' dir='ltr'>pro</span> <span class='ocrx_word' id='word_1_826' title='bbox 3587 5398 3712 5452; x_wconf 87' lang='lat' dir='ltr'>duce</span> 
     </span>
    </p>
   </div>
   <div class='ocr_carea' id='block_1_108' title="bbox 2139 5486 3711 5569">
    <p class='ocr_par' dir='ltr' id='par_1_108' title="bbox 2139 5486 3711 5569">
     <span class='ocr_line' id='line_1_108' title="bbox 2139 5486 3711 5569; baseline -0.008 -17"><span class='ocrx_word' id='word_1_827' title='bbox 2139 5494 2660 5552; x_wconf 79' lang='lat' dir='ltr'>Northmannorum</span> <span class='ocrx_word' id='word_1_828' title='bbox 2690 5498 2747 5548; x_wconf 89' lang='lat' dir='ltr'>et</span> <span class='ocrx_word' id='word_1_829' title='bbox 2772 5510 2943 5551; x_wconf 84' lang='lat' dir='ltr'>uxore</span> <span class='ocrx_word' id='word_1_830' title='bbox 2989 5495 3131 5568; x_wconf 85' lang='lat' dir='ltr'>ejus.</span> <span class='ocrx_word' id='word_1_831' title='bbox 3176 5494 3359 5569; x_wconf 84' lang='lat' dir='ltr'>Igitur</span> <span class='ocrx_word' id='word_1_832' title='bbox 3388 5492 3602 5547; x_wconf 89' lang='lat' dir='ltr'>locutus</span> <span class='ocrx_word' id='word_1_833' title='bbox 3636 5486 3711 5539; x_wconf 83' lang='lat' dir='ltr'>est</span> 
     </span>
    </p>
   </div>
  </div>
