3864 6176
1384 258 1814 317 ΟΗΒΟΝΙΟΟΝ
1849 255 2265 318 ΒΕΟΟΕΝΒΕ.’

3348 269 3455 331 646

185 399 299 438 smn
324 402 479 459 papa
502 390 748 449 Nicolao.
776 394 840 444 et
871 386 1118 444 ostendit
1142 385 1292 455 quod
1321 386 1440 455 ejus
1469 383 1768 449 sententia,
1788 387 1837 446 Α
1854 385 2199 440 veneruntin
2218 402 2415 441 novam
2437 389 2729 447 ecclesiam
2742 407 2911 463 quam
2932 391 3129 449 beatus
3144 395 3447 454 Herluiuus

180 472 426 529 videlicet
464 479 851 542 interdictum,
892 494 987 533 eos
1040 480 1262 531 tantum
1315 472 1633 544 gravabat;
1674 471 1769 543 qui

184 577 273 615 nec
308 567 693 634 conjunxerat,
742 585 842 621 nec
896 584 961 620 eo
1015 580 1275 635 separare
1333 567 1580 633 poterat,
1638 578 1768 616 nam

182 649 280 703 dux
305 655 574 721 puellam,
601 673 770 727 quam
794 661 1101 727 acceperat,
1126 654 1280 708 nullo
1300 658 1461 723 pacto
1482 651 1768 706 dimittere

183 740 389 796 volebat
400 788 412 798 .

243 829 357 883 Hoc
386 838 582 887 autem
608 835 845 889 audiens
865 839 924 888 et
950 850 1139 888 verum
1164 848 1284 885 esse
1304 831 1599 887 advertens
1620 847 1770 886 sum-

181 934 294 973 mus
321 921 591 989 pontifex,
616 923 1032 994 dispensatione
1062 921 1254 975 habita
1282 920 1606 989 conjugium
1642 936 1769 975 con-

181 1008 350 1072 cessit,
381 1025 453 1063 eo
495 1016 687 1066 tamen
739 1014 905 1067 modo
934 1018 1212 1082 quatenus
1242 1011 1354 1065 dux
1384 1016 1441 1064 et
1477 1027 1615 1063 uxor
1644 1012 1767 1079 ejus

182 1094 279 1149 duo
329 1100 680 1177 mpnasteria
724 1106 1131 1159 construerent.
1170 1100 1231 1153 in
1280 1098 1480 1169 quibus
1518 1099 1766 1167 singulas

182 1188 628 1257 congregationes
669 1191 915 1245 virorum
942 1207 1006 1244 ac
1030 1190 1329 1244 mulierum
1361 1188 1762 1251 coadunarent,

182 1287 288 1341 quae
322 1273 397 1328 ibi
430 1276 539 1330 sub
583 1294 782 1333 norma
814 1284 1016 1333 sanctae
1047 1277 1331 1346 religionis
1358 1277 1450 1329 die
1487 1282 1768 1345 noctuque

178 1359 279 1415 Deo
301 1362 674 1430 deservirem,
707 1372 765 1420 et
791 1384 893 1437 pro
922 1368 1105 1422 salute
1134 1382 1328 1420 eorum
1357 1364 1763 1435 supplicarent;

178 1454 225 1501 et
250 1452 435 1518 paruit
462 1453 578 1507 dux
606 1455 924 1524 apostolica:
963 1454 1386 1525 dispensationi,
1419 1459 1478 1507 et
1522 1454 1765 1507 aediﬁca-

178 1545 362 1593 verunt
399 1540 515 1595 duo
555 1545 902 1598 monasteria
929 1544 985 1597 in
1018 1544 1225 1613 praedio
1255 1542 1400 1613 quod
1450 1542 1764 1611 antiquitus

176 1625 464 1683 Cadomum
500 1631 958 1701 nuncupabatur.
992 1633 1114 1688 Dux
1146 1648 1322 1685 unum
1362 1631 1762 1685 monachorum

1852 474 2104 543 ejusdem
2135 473 2241 528 loci
2267 476 2544 545 gloriosus
2572 478 2761 545 abbas,
2786 481 3150 549 Lanl‘rancus,
3175 491 3232 541 et
3256 489 3449 543 Ansel—

1852 578 1977 616 mus
2004 562 2105 617 viri
2130 579 2345 633 magnae
2369 567 2719 621 auctoritatis
2746 566 3172 628 aediﬁcaverant.

1919 653 2081 705 Anno
2139 652 2359 707 Domini
2399 654 2693 710 millesimo
2745 661 3156 730 septuagesimo
3184 666 3444 733 septimo,

1849 740 2064 795 decimo
2108 742 2388 797 Kalendas
2434 743 2761 802 Novembris
2799 749 3030 803 ecclesia
3058 751 3218 806 Becci
3246 752 3305 807 in
3343 755 3446 807 ho-

1850 845 2044 883 norem
2074 837 2279 885 sanctae
2306 832 2495 885 Mariae
2518 835 2713 888 matris
2734 836 2957 891 Domini
2978 838 3231 895 dedicata
3260 848 3347 897 est
3374 843 3444 899 ab

1849 919 2262 990 archiepiscopo
2317 918 2635 978 Cantuariis
2701 924 3030 986 Lanfranco,
3092 929 3238 999 quod
3304 947 3445 1002 opus

1847 1007 2161 1075 pergrande
2180 1007 2297 1079 ipse
2316 1008 2678 1073 inchoavit,et
2690 1018 2815 1080 post
2834 1013 3092 1069 abbatem
3111 1017 3444 1075 Herluiuum

1848 1094 2092 1165 primum
2124 1095 2362 1166 lapidem
2395 1097 2616 1168 posuit;
2670 1100 2817 1169 quod
2861 1117 3000 1172 opus
3038 1102 3094 1155 in
3126 1106 3443 1175 quindecim

1847 1183 2009 1237 anuis
2039 1190 2324 1254 peractum
2355 1191 2458 1239 est.
2495 1186 2633 1240 Huic
2662 1193 2851 1243 autem
2899 1190 3231 1247 dedicationi
3261 1194 3443 1250 inter-
3542 1256 3551 1261 _

1847 1270 2077 1324 fuerunt
2102 1271 2346 1342 episcopi
2384 1273 2503 1327 Odo
2535 1275 2873 1340 Baiocensis,
2907 1278 3231 1334 Guilbertus
3270 1283 3444 1339 Lexo-

1846 1358 2070 1423 viensis,
2107 1360 2389 1414 Gilbertus
2430 1362 2795 1427 Ebroicensis,
2833 1366 3111 1422 Robertus
3141 1370 3442 1440 Sagiensis,

1848 1447 2124 1502 Ernaldus
2154 1448 2597 1519 Cynom'anensis
2628 1452 2749 1521 [al.,
2785 1455 3014 1509 Arnald.
3052 1457 3445 1513 Cenomanen-

1846 1536 1964 1605 sis].
2011 1536 2089 1590 De
2120 1538 2314 1591 laetitia
2358 1539 2511 1593 illius
2542 1540 2671 1605 diei,
2705 1548 2762 1595 et
2787 1544 2994 1611 gaudio
3026 1546 3319 1619 multiplici
3358 1566 3447 1604 su-

1846 1626 2123 1693 perﬂuum
2160 1626 2378 1680 videtur
2412 1629 2688 1699 proloqui,
2716 1636 2835 1685 tum
2867 1632 2935 1685 de
2971 1633 3215 1688 adventu
3256 1653 3446 1706 perso—

174 1713 223 1768 in
259 1716 527 1771 honorem
560 1721 745 1773 sancti
784 1721 1072 1790 Stephani,
1104 1726 1160 1773 et
1188 1736 1328 1774 uxor
1368 1720 1490 1788 ejus
1521 1719 2045 1789 alterumBnarum
2090 1714 2332 1769 virorum
2370 1716 2672 1771 illustrium
2714 1724 2770 1771 et
2809 1720 3106 1775 mulierum
3148 1722 3439 1792 nobilium,

173 1804 673 1861 sanctimonialium
703 1809 763 1862 in
792 1810 1060 1863 honorem
1108 1814 1314 1863 sancta:
1351 1806 1664 1862 Trinitatis.
1706 1814 1764 1860 et

173 1900 279 1960 post
312 1894 549 1949 triennii
586 1897 1014 1967 completionem
1054 1898 1173 1951 sola
1209 1896 1447 1951 necdum
1484 1895 1764 1965 completa

171 1977 397 2042 basilica,
436 1984 794 2039 Lanfrancus
844 1986 1009 2056 caepti
1058 1985 1245 2055 operis
1292 1985 1603 2045 institutor,
1644 1990 1761 2038 tam

174 2066 306 2122 ducis
338 2071 775 2127 Northmaunize
803 2090 968 2144 quam
1000 2074 1300 2144 primatum
1331 2073 1757 2143 supplicatione,

172 2158 398 2214 coenobio
428 2159 794 2221 (hdomensi,
825 2163 971 2232 quod
1017 2163 1129 2217 dux
1164 2164 1392 2217 hortatu
1424 2178 1579 2232 papae
1623 2162 1760 2217 aedi-

174 2244 430 2316 ﬁcaverat,
453 2248 636 2302 abbas
658 2250 976 2319 praeﬁcitur,
998 2250 1057 2305 in
1091 2251 1237 2321 quod
1270 2250 1456 2320 plures
1486 2249 1554 2303 de
1584 2250 1758 2305 Becco

172 2348 336 2388 secum
374 2336 589 2401 duxit;
646 2339 743 2409 qui
781 2340 947 2409 paulo
985 2344 1113 2411 post
1164 2340 1235 2395 ad
1285 2339 1588 2409 dignitates
1625 2343 1759 2393 sunt

172 2425 409 2491 ll'omoti.
1694 2480 1701 2491 .

228 2514 378 2567 Anno
413 2515 650 2570 Domini
687 2516 985 2571 millesimo
1023 2516 1367 2586 sexagesimo
1395 2516 1577 2586 tertio
1608 2520 1756 2569 tem-

169 2615 283 2668 pore
308 2602 571 2658 Herluini
602 2605 769 2675 primi
808 2604 1046 2676 pastoris
1083 2611 1140 2659 et
1176 2605 1488 2659 fundatoris
1517 2604 1755 2658 coenobii

169 2688 457 2757 Beccensis,
485 2693 810 2747 Willelmus
836 2694 1258 2764 potentissimus
1284 2693 1397 2748 dux
1417 2694 1755 2748 Northman—

169 2776 273 2834 nisi.
304 2780 397 2849 qui
428 2788 633 2847 postea
658 2782 918 2852 Angliam
947 2782 1257 2853 acquisivit,
1284 2782 1451 2851 coepit
1478 2782 1754 2835 aediﬁcare

169 2867 437 2925 ecclesiam
478 2871 645 2938 juxta
689 2871 1075 2925 Ermentrudis
1105 2871 1292 2925 villam
1330 2887 1502 2941 prope
1540 2870 1754 2924 Rotho-

168 2968 391 3024 mgna).
447 2958 716 3028 Sequana
772 2959 923 3014 inter
958 2965 1260 3028 utrumque
1315 2959 1546 3019 ﬂuente,
1585 2975 1756 3028 super

1844 1816 1955 1854 non
2006 1802 2126 1855 sine
2175 1820 2383 1872 magna
2444 1805 2741 1875 largitione
2803 1807 3111 1875 donorum,
3169 1811 3438 1878 Francia),

1843 1889 2250 1957 Nortmannize,
2268 1892 2505 1963 Anglice,
2522 1898 2578 1946 et
2598 1894 2666 1947 de
2684 1911 2746 1947 su
2757 1895 3161 1965 perabundanti
3184 1899 3442 1955 omnibus

1842 1985 2153 2049 praeparata
2174 1981 2567 2049 procuratione
2593 1982 2671 2053 [al
2681 2022 2717 2051 .,
2745 1986 2933 2055 pastu]
2964 2002 3130 2041 nemo
3157 1987 3441 2043 sufﬁcien-

1843 2072 1931 2119 ter
1958 2067 2041 2120 vix
2073 2074 2261 2137 posset
2289 2068 2582 2122 disserere.

1911 2156 2074 2209 Anno
2127 2156 2403 2227 sequenti,
2448 2157 2503 2213 id
2543 2163 2629 2212 est
2673 2158 2971 2214 millesimo
3026 2164 3442 2237 septuagesimo

1842 2248 2034 2297 octavo
2080 2243 2278 2298 beatus
2327 2246 2645 2303 Ilerluinus.
2691 2249 2937 2319 praedicti
2995 2250 3102 2305 loci
3153 2252 3442 2309 Beccensis

1841 2331 2012 2387 abbas
2041 2333 2276 2402 primus,
2307 2335 2468 2389 miles
2503 2336 2711 2389 Christi
2738 2337 3036 2407 gloriosus,
3066 2339 3212 2394 inter
3243 2341 3442 2399 choros

1831 2420 2113 2488 justorum
2153 2421 2221 2475 ab
2268 2423 2479 2493 angelis
2508 2431 2800 2497 susceptus
2830 2432 2935 2487 est,
2976 2428 3281 2497 pretiosum
3316 2446 3441 2485 cor-

1836 2526 1942 2578 pus
1986 2515 2151 2564 terrze
2198 2511 2502 2583 reliquens,
2544 2514 2791 2568 animam
2841 2516 2992 2570 cmlis
3040 2516 3312 2583 inserens,
3350 2535 3439 2573 se-

1836 2598 2138 2669 pultusque
2168 2604 2255 2652 est
2282 2606 2339 2653 et
2382 2601 2692 2656 tumulatus
2728 2602 2785 2656 in
2816 2604 3000 2657 medio
3032 2607 3261 2679 capituli
3291 2609 3440 2678 quod

1834 2686 1955 2755 ipse
1984 2686 2386 2753 acditicaverat;
2438 2689 2734 2760 obitusque
2765 2693 2886 2760 ejus
2929 2693 3088 2746 dolor
3118 2695 3252 2759 suis,
3295 2711 3439 2767 gau-

1835 2774 1990 2828 dium
2021 2776 2235 2844 angelis
2264 2776 2386 2830 fuit.
2424 2777 2525 2830 Cui
2559 2778 2731 2832 etiam
2761 2778 3033 2835 Dominus
3061 2783 3230 2837 corda
3258 2783 3438 2837 homi-

1835 2879 1973 2916 num
2022 2864 2307 2928 revclavit,
2338 2870 2395 2917 et
2438 2865 2654 2919 animas
2699 2867 2769 2921 de
2806 2883 3037 2938 corpore
3084 2877 3369 2934 exeuntes,
3404 2889 3441 2925 a

1835 2950 2084 3005 daemone
2111 2957 2383 3023 arreptas,
2417 2953 2746 3021 plangentes
2769 2955 3000 3021 audivit,
3032 2962 3089 3010 et
3120 2957 3434 3028 plangendo

166 3046 351 3100 ιατιω
370 3050 433 3101 et
464 3046 856 3103 hereditatem
884 3047 1061 3118 ipsius
1087 3047 1412 3103 monasterii
1445 3047 1751 3105 Beccensis,
1769 3031 1810 3095 C
1831 3039 2105 3108 cognovit.
2124 3040 2215 3117 _De
2246 3039 2543 3094 virtutibus
2563 3043 2703 3111 ejus,
2739 3042 2854 3096 vita
2883 3049 2940 3097 et
2968 3044 3236 3119 moribus,
3272 3046 3319 3099 si
3349 3046 3437 3101 di-

167 3129 217 3187 in
237 3136 444 3204 campis
474 3134 627 3190 inter
642 3135 1008 3191 Chevilleium
1037 3142 1094 3190 et
1124 3134 1514 3193 Ermentrudis
1545 3135 1751 3202 villam,

168 3235 263 3289 qua
296 3222 486 3279 amba
522 3224 797 3293 parochias
844 3230 976 3279 sunt
1020 3225 1090 3279 de
1134 3224 1472 3294 patrimonio
1501 3224 1755 3293 ejusdem

82 3294 92 3306 ’
523 3314 658 3374 Quae
679 3313 904 3383 quidem
926 3314 1160 3368 ecclesia
1183 3318 1375 3366 vocata
1397 3312 1504 3367 fuit
1522 3312 1757 3367 ecclesia

169 3395 329 3455 Beate
371 3400 576 3457 Mariae
603 3401 674 3455 de
703 3402 871 3457 Prato
896 3402 1020 3470 [al.,
1061 3401 1130 3455 de
1165 3401 1563 3469 Bononuutio],
1595 3408 1653 3454 et
1677 3400 1755 3455 ibi

171 3489 441 3545 constituti
478 3488 710 3544 fuerunt
737 3490 992 3545 monachi
1022 3489 1091 3543 de
1129 3489 1467 3545 monasterio
1495 3490 1656 3545 Becci
1686 3489 1757 3543 ad

171 3573 256 3630 Dei
279 3577 578 3632 servitium
608 3577 816 3631 ibidem
836 3578 1173 3633 faciendum.

228 3665 438 3722 Deinde
480 3672 607 3735 post
644 3682 821 3721 annos
862 3666 1037 3721 ferme
1065 3667 1356 3736 sexaginta
1384 3667 1525 3722 duos
1574 3664 1754 3732 (1135)

172 3750 287 3808 obiit
312 3754 597 3810 Henricus
626 3756 840 3824 primus
860 3755 1167 3824 Anglorum
1191 3772 1304 3817 rex,
1331 3755 1478 3813 ﬁlius
1508 3755 1756 3824 praedicti

173 3834 451 3903 Willermi,
476 3838 733 3892 videlicet
763 3854 910 3893 anno
935 3839 1231 3893 millesimo
1256 3839 1561 3893 centesimo
1582 3839 1754 3907 trige-

170 3924 290 3981 simo
308 3928 511 3998 quinto
530 3927 680 3996 apud
704 3927 972 3981 Sanctum
1001 3927 1330 3997 Dionysium
1358 3928 1415 3981 in
1445 3928 1597 3982 Silva
1626 3928 1757 3982 Leo-

170 4028 288 4070 num
332 4017 529 4083 (Foret
556 4016 626 4069 de
663 4015 851 4077 Lions,
894 4016 1077 4071 ou-de
1114 4017 1352 4085 Forge);
1393 4016 1756 4085 delatumque

170 4101 263 4157 fuit
284 4120 489 4175 corpus
518 4105 644 4173 ejus
672 4104 1082 4173 Rothomagum
1105 4123 1117 4170 ;
1149 4110 1206 4159 et
1234 4105 1292 4160 in
1321 4104 1552 4159 ecclesia
1574 4105 1756 4158 Beatae

169 4187 338 4247 Mariis
375 4198 643 4262 apertum
671 4209 684 4258 ;
719 4197 775 4246 et
804 4208 919 4257 cor,
952 4192 1147 4262 lingua
1174 4198 1232 4246 et
1278 4193 1489 4246 viscera
1517 4193 1635 4261 ejus
1664 4208 1754 4246 se-

174 4279 307 4345 pulta
329 4287 385 4336 et
418 4280 706 4337 tumulata
734 4280 964 4335 fuerunt
991 4280 1049 4334 in
1085 4281 1320 4336 ecclesia
1350 4282 1531 4335 Beatze
1566 4280 1755 4335 Marize

1836 3143 1960 3181 cere
1993 3114 2353 3193 voluerimus,
2378 3128 2496 3183 dies
2523 3130 2773 3196 deﬁciet;
2807 3132 3083 3187 mittimus
3114 3133 3286 3204 igitur
3310 3151 3440 3205 pru-

1836 3215 2059 3271 dentem
2099 3216 2365 3270 lectorem
2406 3217 2476 3270 ad
2528 3217 2721 3271 Vitam
2779 3220 2900 3291 ejus
2940 3221 3298 3292 descriptam,
3341 3222 3436 3277 ubi

1836 3302 2189 3359 abundanter
2212 3304 2458 3361 inveniet
2488 3322 2597 3376 quo
2627 3306 2828 3361 instrui
2860 3308 3054 3378 possit.

1910 3393 2057 3445 Nota
2089 3393 2237 3463 quod
2288 3393 2620 3448 venerabilis
2668 3395 2749 3448 vir
2789 3396 3110 3465 Herluinus,
3159 3415 3270 3455 non
3316 3399 3438 3455 sine

1838 3485 1979 3534 nutu
2026 3486 2083 3535 et
2136 3481 2484 3551 providentia
2529 3482 2626 3537 Dei
2678 3483 2775 3553 qui
2816 3484 3075 3539 omnibus
3116 3486 3174 3539 in
3214 3503 3439 3559 sesPe-

1836 3569 2091 3623 rantibus
2116 3576 2396 3641 praeparat
2418 3570 2561 3625 bona
2591 3572 2843 3631 meliora.
2866 3573 3156 3629 ecclesiam
3178 3592 3303 3630 cum
3326 3594 3441 3631 om-

1838 3658 2005 3711 nibus
2056 3659 2294 3712 officinis
2351 3659 2589 3714 mutavit
2642 3661 2759 3714 loco
2808 3663 2993 3730 tertio,
3038 3681 3150 3719 non
3204 3665 3368 3735 longe
3406 3683 3443 3722 a

1838 3746 2156 3817 supradicto
2209 3748 2326 3801 loco
2391 3748 2483 3818 qui
2540 3765 2689 3803 nunc
2745 3750 2949 3805 dicitur
3006 3752 3232 3822 Capella
3292 3754 3440 3809 beati

1842 3835 2115 3899 llerluini,
2148 3853 2268 3904 qua:
2298 3836 2476 3906 prima
2516 3837 2624 3890 fuit
2652 3837 2709 3891 in
2740 3838 2843 3891 hoc
2874 3839 2988 3893 rivo
3020 3841 3280 3897 Beccensi
3310 3842 3438 3897 fun-

1837 3923 2003 3989 data;
2047 3931 2104 3977 et
2148 3924 2336 3989 istam,
2372 3925 2442 3978 de
2484 3942 2594 3996 qua
2638 3943 2784 3981 nunc
2814 3928 3114 3998 loquimur,
3148 3930 3442 3987 aediﬁcavit

1838 4011 2015 4065 multo
2044 4012 2336 4080 majorem,
2383 4018 2440 4067 et
2477 4014 2849 4084 amplissimas
2880 4017 3131 4071 ofﬁcinas
3154 4061 3167 4080 ,
3215 4035 3325 4089 qua
3354 4019 3439 4073 fa-

1836 4098 1990 4153 brica
2019 4100 2255 4172 expleta,
2288 4117 2387 4175 per
2416 4102 2689 4158 sexdecim
2722 4119 2918 4164 annos,
2951 4105 3294 4160 Lanfrancus
3324 4107 3439 4161 Do-

1836 4186 2193 4243 roberneusis
2236 4189 2491 4243 Ecclesia:
2554 4190 2913 4263 archiprmsul
2952 4193 3243 4259 dedicavit,
3288 4210 3437 4250 anno

1837 4277 2245 4333 Incarnationis
2304 4277 2605 4333 Dominicie
2662 4279 2965 4335 millesimo
3022 4282 3439 4352 septuagesimo

175 4363 235 4419 de
268 4367 434 4425 Prata
475 4376 612 4425 ante
653 4370 838 4438 majus
888 4370 1084 4435 altare,
1125 4376 1184 4423 et
1226 4386 1428 4439 corpus
1474 4370 1597 4438 ejus
1639 4349 2095 4435 saleDseptimo,
2124 4382 2317 4422 mense
2355 4366 2601 4432 Octobri,
2628 4367 2770 4423 feria
2801 4368 3047 4425 secunda
3073 4349 3285 4425 ultima:
3310 4371 3441 4425 heb-

170 4456 442 4513 eonditum
486 4458 739 4515 delatum
768 4457 877 4513 fuit
912 4457 1061 4527 apud
1095 4457 1425 4520 Cadomum,
1465 4473 1758 4528 usquequo

172 4551 347 4601 ventus
403 4542 558 4602 esset
607 4552 775 4617 aptus
826 4547 894 4601 ad
951 4545 1317 4602 deferendum
1366 4546 1504 4600 illud
1540 4545 1602 4600 in
1638 4548 1757 4600 An-

228 4728 286 4788 ιι
327 4727 493 4780 Anno
533 4723 759 4779 Domini
812 4724 1110 4783 millesimo
1156 4723 1569 4795 septuagesimo
1606 4723 1756 4779 Lan-

168 4810 377 4869 t'rancus
398 4814 715 4885 praedictus,
733 4814 887 4884 prius
902 4814 1210 4870 monachus
1231 4813 1542 4876 Beocensis,
1558 4812 1756 4867 deinde

168 4899 326 4959 Ibbas
364 4902 754 4968 Oadomensis,
794 4902 1129 4959 constitutus
1174 4907 1264 4957 est
1308 4902 1757 4972 archiepiscopus

170 4988 601 5057 Cantuariensis,
660 4990 755 5047 ubi
808 4991 1163 5047 laudabiliter
1213 4996 1272 5045 et
1322 4990 1565 5059 gloriose
1622 4989 1756 5045 vixit

168 5077 231 5133 Id
274 5080 593 5151 exemplum
634 5079 889 5135 omnium
936 5078 1211 5137 bonorum
1274 5078 1467 5135 decem
1524 5085 1583 5132 et
1626 5084 1752 5134 octo

168 5179 339 5222 υιωι.

226 5255 384 5310 Anno
414 5254 639 5310 Domini
686 5254 983 5308 millesimo
1026 5253 1437 5325 septuagesimo
1474 5254 1663 5315 tertio,
1692 5254 1753 5311 in

385 5343 707 5415 festivitatis
757 5343 1023 5400 Omnium
1081 5343 1433 5409 Sanctorum,
1493 5340 1752 5397 monachi

168 5429 474 5500 Beccenses,
508 5438 776 5487 exeuntes
815 5433 885 5487 de
916 5432 1099 5502 prima
1143 5432 1321 5485 veteri
1366 5430 1619 5493 ecclesia,
1660 5447 1752 5484 so-

166 5515 327 5575 lemni
375 5521 728 5593 processione
773 5526 834 5576 et
886 5536 1105 5591 magna:
1162 5518 1472 5575 devotionis
1523 5519 1750 5590 gaudio,

1840 4453 2091 4508 domadze
2115 4454 2366 4525 ejusdem
2397 4455 2605 4511 mensis

1912 4541 2150 4606 Quidam
2181 4542 2281 4611 vir,
2333 4543 2627 4599 Goselinus
2675 4543 2922 4612 nomine,
2952 4546 3021 4602 de
3050 4546 3180 4603 villa
3208 4564 3329 4619 quae
3358 4549 3438 4604 di-

1840 4629 1984 4684 citur
2012 4631 2312 4699 Malavilla,
2338 4632 2447 4687 sita
2480 4632 2537 4687 in
2564 4650 2709 4705 pago
2740 4634 3199 4705 Rothomagensi,
3235 4638 3438 4694 ardens

1839 4718 2018 4773 ambis
2056 4720 2311 4791 pedibus,
2357 4721 2670 4777 innumeris
2719 4723 2994 4793 angustiis
3040 4730 3098 4779 et
3152 4726 3438 4783 doloribus

1839 4807 2210 4863 cruciabatur.
2236 4809 2377 4864 Cum
2400 4816 2590 4865 autem
2612 4811 2717 4867 hoc
2746 4812 3069 4884 pertulisset
3098 4831 3210 4871 uno
3246 4832 3438 4871 mense

1836 4898 2021 4969 pleno,
2082 4897 2139 4950 id
2195 4904 2280 4952 est
2335 4915 2371 4952 a
2423 4899 2691 4955 Kalendis
2745 4901 3076 4957 Novembris
3133 4921 3309 4976 usque
3366 4906 3438 4961 ad

1837 4986 2119 5045 Kalendas
2159 4987 2499 5052 Decembris,
2525 4994 2580 5043 et
2609 4988 2694 5044 illi
2722 4991 2941 5046 nullum
2974 4994 3287 5049 remedium
3316 5012 3442 5064 pro-

1834 5075 2096 5140 venisset,
2119 5075 2216 5131 sed
2252 5092 2318 5130 ex
2346 5076 2498 5131 omni
2529 5083 2689 5148 parte
2720 5078 2883 5133 illum
2917 5081 3153 5137 miseria:
3180 5098 3440 5153 occupas-

1836 5172 1993 5231 sent;
2025 5164 2156 5233 quia
2185 5181 2367 5234 neque
2395 5165 2600 5233 cibum,
2632 5183 2815 5239 neque
2844 5177 3059 5238 potum,
3085 5185 3265 5238 neque
3293 5185 3438 5222 som-

1835 5270 1972 5313 num
2015 5254 2301 5326 percipere
2347 5260 2588 5326 poterat,
2629 5272 2811 5328 neque
2860 5257 3052 5327 aliqua
3101 5255 3323 5324 requies
3354 5255 3438 5309 illi

1835 5349 1999 5408 esset,
2032 5359 2189 5410 uxor,
2222 5347 2280 5397 et
2330 5344 2496 5398 amici
2540 5350 2712 5416 atque
2743 5344 2907 5401 vicini
2938 5345 3065 5413 ejus
3096 5348 3440 5403 monuerunt

1836 5448 1965 5485 eum
1998 5437 2061 5485 ut
2086 5432 2156 5485 ad
2189 5433 2455 5487 Sanctum
2477 5433 2785 5487 Leobinum
2816 5433 2873 5485 in
2895 5431 3136 5485 Carnote
3155 5438 3433 5502 pergeret,

1834 5524 1895 5593 et
1922 5519 1983 5574 in
2010 5518 2209 5574 lectica
2237 5520 2371 5575 ferri
2399 5537 2459 5576 se
2498 5520 2723 5577 faceret.
2774 5517 2987 5582 Quibus
3021 5518 3119 5575 ille
3146 5519 3439 5590 respondit
