3864 6176
474 270 580 331 647

1444 264 1540 325 ΑΙ)
1580 262 1818 320 OPERA
1855 264 1922 319 Β.
1961 261 2380 319 LANFRANC-I
2418 262 2805 318 APPENDIX.

3620 261 3713 319 648

476 413 537 452 se
557 414 671 452 non
698 395 920 466 longius
946 392 1029 446 ire
1048 406 1219 462 quam
1246 404 1425 460 usque
1448 389 1520 443 ad
1547 389 1879 443 Beccensem
1907 389 2076 443 eccle-
2092 392 2141 449 A
2158 388 2468 442 monachus
2491 386 2672 451 Becci,
2711 385 2913 440 deinde
2942 382 3114 439 abbas
3139 382 3509 450 Cadomensis,
3547 384 3614 439 ad
3636 387 3716 441 ul-

476 485 619 540 siam
649 501 772 556 quae
800 487 924 536 erat
952 480 1009 534 in
1039 479 1239 543 vicino,
1270 494 1383 531 non
1411 478 1536 548 plus
1567 494 1681 531 uno
1711 476 1992 540 milliario,
2019 481 2076 530 et

475 573 787 629 testabatur
806 570 1013 624 habere
1033 585 1093 622 se
1123 568 1287 621 ﬁdem
1320 566 1434 619 illic
1463 582 1623 636 posse
1650 566 1898 636 recipere
1929 564 2075 619 sani-

474 666 648 716 tatem
702 658 959 731 precibus
1004 655 1181 710 beatze
1224 653 1414 709 Mariae
1468 655 1664 707 matris
1711 653 1971 719 Domini;
2012 654 2073 706 in

473 751 634 819 cujus
658 750 925 802 honorem
958 750 1044 800 est
1069 747 1394 799 consecrata
1422 742 1545 812 ipsa
1580 742 1832 807 ecclesia,
1867 748 1922 796 et
1953 759 2073 796 me-

473 838 597 892 ritis
628 837 865 891 aliorum
894 838 1253 898 sanctorum;
1286 835 1344 884 et
1379 836 1443 883 ut
1469 830 1609 884 dixit
1632 830 1712 883 ita
1738 830 1889 895 fecit,
1927 835 1983 884 et
2009 835 2076 884 ut

474 924 715 979 credidit
743 925 823 978 ita
852 922 1053 977 evenit.
1080 920 1325 975 Veniens
1353 919 1529 989 igitur
1552 918 1623 972 ad
1651 934 1867 972 sacram
1896 920 2071 973 eccle-

472 1014 614 1068 siam
673 1013 858 1084 prima
914 1010 1205 1065 Dominica
1262 1009 1567 1072 Adventus,
1623 1025 1746 1079 quae
1800 1008 2075 1079 contingit

471 1102 641 1156 tertio
662 1103 851 1156 Nonas
872 1098 1212 1163 Decembris,
1234 1097 1484 1168 perstitit
1507 1097 1565 1150 in
1592 1096 1806 1168 porticu
1829 1098 2072 1152 ecclesiae

472 1192 594 1263 ipso
632 1191 724 1244 die
780 1195 836 1244 et
892 1187 1166 1259 sequenti,
1224 1186 1393 1240 tertio
1440 1202 1567 1240 vere
1617 1186 1708 1239 die
1757 1185 1924 1256 ccepit
1968 1187 2074 1240 ali—-

476 1280 811 1350 quantulum
843 1277 1127 1348 quiescere
1154 1294 1165 1342 ;
1217 1281 1401 1331 actum
1433 1279 1519 1328 est
1563 1279 1750 1328 autem
1780 1279 1846 1327 ut
1873 1280 2073 1345 quarto

474 1370 564 1423 die
591 1368 840 1422 evenerit
864 1366 1134 1420 festivitas
1164 1365 1314 1419 beati
1354 1364 1589 1418 Nicolai.
1622 1364 1696 1416 Eo
1727 1363 1836 1427 die,
1870 1378 2074 1416 aurora

468 1459 588 1527 jam
611 1457 990 1520 illucescente,
1009 1471 1133 1508 cum
1153 1453 1365 1523 janitor
1384 1452 1629 1506 ecclesia:
1650 1452 1829 1519 Becci,
1846 1451 2074 1505 nomine

473 1547 735 1610 Joannes,
787 1543 1100 1614 aperuisset
1150 1543 1374 1612 januas,
1434 1540 1797 1594 reminiscens
1842 1540 2070 1605 inﬁrmi,

2157 478 2361 531 timum
2404 476 2854 547 archiepiscopus
2893 473 3311 529 Cantuariensis
3351 473 3534 527 decem
3560 483 3613 528 et
3633 490 3719 530 no-

2156 582 2280 619 veru
2314 582 2497 619 annis.

2225 655 2500 725 Tempore
2526 654 2583 708 S.
2614 651 2865 707 Anselmi
2898 649 3115 705 abbatis
3154 649 3312 705 Becci
3339 654 3450 704 tres
3477 656 3717 705 matrona:

2155 741 2370 796 nobiles
2423 742 2701 795 dederunt
2742 757 2802 794 se
2847 740 2907 794 in
2948 739 3349 808 subjectionem
3390 738 3559 805 Becci,
3595 739 3720 795 vide-

2155 832 2288 885 licet
2315 830 2525 884 Basilia
2562 846 2702 884 uxor
2740 829 2992 899 Hugonis
3021 829 3091 883 de
3121 830 3387 894 Garnato,
3418 834 3473 882 et
3495 822 3721 883 Amfrida

2155 920 2339 990 neptis
2364 919 2541 989 ipsius
2571 918 2804 983 Basilite,
2841 924 2900 972 et
2925 918 3039 971 Eva
3066 935 3205 972 uxor
3230 916 3513 972 Guillelmi
3540 918 3721 988 Crispi-

2154 1009 2229 1062 ni.
2264 1009 2397 1072 Quae
2440 1013 2554 1061 tres
2583 1024 2709 1061 cum
2739 1007 2908 1061 simul
2951 1007 3109 1061 Becci
3138 1007 3404 1072 viverent,
3436 1007 3585 1076 quasi
3611 1023 3720 1061 con-

2153 1096 2416 1151 dixerunt
2439 1096 2545 1151 sibi
2572 1102 2635 1150 ut
2658 1097 2728 1150 de
2756 1096 2863 1150 hoc
2882 1096 3094 1149 mundo
3114 1112 3229 1149 una
3246 1099 3372 1166 post
3384 1094 3546 1148 aliam
3564 1100 3720 1150 trans-

2154 1185 2322 1249 irent,
2364 1190 2423 1239 et
2466 1192 2580 1239 tres
2601 1184 2919 1238 Dominicas
2940 1184 3258 1254 elegerunt,
3277 1183 3332 1236 in
3356 1182 3549 1254 quibus
3571 1184 3719 1238 vitam

2156 1274 2400 1329 ﬁnirent.
2428 1274 2620 1328 Prima
2646 1279 2856 1340 autem,
2891 1273 3104 1328 scilicet
3130 1272 3384 1327 Amfrida
3412 1272 3616 1327 Basilim
3641 1289 3720 1327 ne-

2154 1363 2284 1433 ptis,
2317 1379 2441 1433 quae
2470 1363 2655 1417 minor
2681 1367 2803 1416 erat
2829 1367 3012 1428 aetate,
3048 1362 3202 1432 virgo
3232 1367 3423 1415 autem
3447 1377 3655 1432 corpore
3674 1366 3726 1416 et

2157 1451 2271 1505 Deo
2294 1458 2536 1517 sacrata,
2564 1451 2772 1505 decidit
2798 1451 2853 1504 in
2875 1450 3284 1522 aegritudinem,
3309 1455 3367 1504 et
3388 1450 3624 1517 venitad
3647 1467 3723 1504 ex-

2157 1546 2399 1595 tremum
2422 1540 2733 1605 Dominica,
2768 1544 2969 1610 quarto
2999 1541 3190 1594 Nonas
3229 1539 3498 1593 Januarii.
3521 1540 3633 1602 Qua
3654 1555 3722 1592 se-

472 1634 697 1688 divertit
724 1633 795 1686 ad
837 1649 967 1686 eum
1011 1630 1108 1684 ubi
1139 1629 1380 1700 jacebat,
1411 1629 1505 1699 qui
1533 1629 1748 1683 invenit
1774 1645 1900 1682 eum
1934 1628 2074 1698 vigi-
2156 1630 2333 1700 pulta,
2385 1629 2555 1699 coepit
2601 1628 2875 1682 inﬁrmari
2922 1628 3132 1682 Basilia
3174 1628 3403 1682 domina
3440 1628 3584 1696 ejus;
3619 1642 3722 1697 quae

469 1724 700 1784 lantem,
717 1725 1085 1789 etantequam
1098 1736 1224 1773 eum
1247 1718 1461 1795 aliquid
1481 1718 1899 1788 interrogasset,
1916 1718 2070 1772 inﬁr—
2088 1703 2131 1761 Β
2154 1733 2279 1770 cum
2311 1733 2412 1787 per
2445 1716 2664 1787 aliquot
2692 1716 2811 1771 dies
2840 1716 2999 1786 gravi
3034 1716 3488 1770 incommoditate
3508 1716 3724 1786 corporis

470 1826 596 1864 mus
637 1825 766 1863 eum
793 1809 1137 1879 praeveniens
1166 1807 1304 1860 dixit
1332 1823 1390 1861 se
1433 1811 1616 1860 totum
1649 1799 1983 1861 exstinctum
2012 1810 2068 1859 et

469 1913 706 1960 sanum;
743 1896 955 1964 janitor
999 1896 1353 1964 interrogans
1397 1894 1619 1964 quando
1653 1899 1711 1947 et
1749 1893 2069 1964 quomodo?

469 1986 567 2039 ille
596 1985 902 2055 respondit.
935 1985 1077 2038 Tota
1121 1983 1229 2037 ista
1272 1988 1435 2036 nocte
1480 1982 1619 2036 bene
1662 1981 1851 2046 habui,
1885 1981 2070 2035 media

470 2078 659 2128 autem
709 2078 871 2127 nocte
916 2071 1244 2135 obdormivi,
1297 2075 1354 2124 et
1394 2070 1752 2141 postmodum
1800 2070 2069 2141 evigilans

470 2162 657 2216 inveni
684 2178 773 2215 me
822 2165 1006 2215 totum
1050 2159 1402 2225 exstinctum,
1453 2164 1510 2214 et
1556 2159 1969 2229 refrigeratum,
2015 2163 2072 2213 et

470 2268 622 2306 nunc
650 2250 750 2304 Dei
777 2249 962 2320 gratia
988 2249 1130 2303 bene
1159 2248 1296 2302 mihi
1324 2253 1430 2311 est,
1473 2248 1692 2302 meritis
1738 2247 2071 2302 beatissima:

469 2340 737 2409 Virginis,
783 2339 843 2392 in
889 2338 1049 2407 cujus
1095 2338 1308 2391 honore
1351 2337 1463 2391 ista
1492 2338 1725 2392 ecclesia
1751 2342 1838 2391 est
1875 2353 2070 2390 conse-

471 2434 647 2485 crata.
684 2429 886 2481 Actum
917 2432 1003 2481 est
1028 2427 1133 2479 hoc
1160 2442 1307 2480 anno
1332 2424 1743 2480 Incarnationis
1771 2424 2072 2479 Dominicas

470 2516 768 2571 millesimo
823 2515 1128 2570 centesimo
1169 2514 1485 2582 undecimo,
1528 2530 1718 2568 mense
1757 2512 2070 2582 Decembri,

473 2605 570 2675 qui
609 2610 696 2658 est
732 2604 881 2675 apud
920 2603 1183 2658 Hebrmos
1220 2603 1490 2667 decimus,
1533 2603 1683 2673 apud
1721 2619 1823 2656 nos
1861 2601 2073 2656 duode-

471 2694 650 2750 cimus
664 2739 677 2751 .

540 2783 815 2838 Defuncto
841 2782 1031 2854 itaque
1052 2786 1212 2853 patre
1235 2779 1506 2835 Herluino
1527 2780 1765 2852 septimo
1790 2780 2071 2836 Kalendas

471 2872 837 2943 Septembris,
889 2888 1036 2925 anno
1081 2870 1264 2925 artatis
1309 2887 1423 2924 suae
1482 2869 1821 2940 octogesimo
1871 2875 2070 2940 quarto

472 2961 842 3015 monachatus
872 2976 1002 3013 vero
1037 2958 1466 3037 quadragesimo
1495 2963 1715 3028 quarto,
1758 2957 1951 3028 paucis
1980 2958 2070 3011 in-

2152 1806 2571 1873 molestaretur,
2600 1805 2784 1858 velata
2811 1809 2897 1858 est
2919 1821 2954 1857 a
2989 1803 3292 1858 Guillelmo
3322 1802 3725 1873 Rothomagensi

2152 1892 2593 1964 archiepiscopo,
2636 1892 2841 1963 sicque
2881 1892 3146 1946 defuncta
3200 1897 3288 1947 est
3323 1891 3433 1946 alia
3467 1892 3725 1946 Dominica

2151 1982 2367 2035 decimo
2397 1981 2634 2052 septimo
2667 1980 2943 2035 Calendas
2981 1981 3296 2046 Februarii,
3328 1987 3385 2035 et
3410 1982 3616 2052 sepulta
3653 1987 3724 2034 est

2151 2075 2217 2123 ut
2258 2072 2432 2124 talem
2477 2085 2775 2141 personam
2811 2068 3060 2123 decebat.
3090 2069 3302 2135 Tertia,
3343 2069 3469 2134 Eva,
3499 2085 3601 2123 non
3641 2068 3724 2123 diu

2153 2159 2473 2229 supervixit,
2507 2175 2639 2213 nam
2690 2163 2855 2213 aetate
2887 2164 2945 2212 et
2973 2158 3208 2228 jejuniis
3256 2163 3557 2224 attenuata,
3582 2157 3725 2227 coepit

2153 2252 2384 2317 repente
2414 2246 2626 2302 viribus
2647 2247 2896 2318 corporis
2915 2246 3165 2301 destitui.
3189 2247 3328 2301 Post
3349 2252 3575 2301 mortem
3594 2245 3722 2300 enim

2152 2336 2257 2389 viri
2277 2336 2363 2390 sui
2390 2335 2676 2390 Guillelmi
2696 2336 2937 2407 Crispini
2966 2335 3120 2390 omni
3147 2334 3502 2390 continentiae
3518 2351 3575 2389 se
3591 2350 3727 2388 man-

2153 2425 2377 2495 cipavit,
2416 2425 2684 2496 Beccique
2705 2441 2882 2495 usque
2918 2424 2989 2478 ad
3016 2426 3184 2479 ﬁnem
3218 2424 3347 2478 vita;
3380 2424 3437 2478 in
3464 2424 3559 2478 Dei
3581 2422 3726 2478 servi-

2153 2514 2233 2568 tio
2262 2513 2669 2584 perseveravit;
2701 2514 2818 2569 haec
2843 2518 2973 2567 ante
3002 2513 3192 2584 plures
3222 2529 3400 2568 annos
3421 2529 3625 2567 sacrum
3643 2528 3723 2566 ve-

2154 2603 2341 2657 lamen
2387 2608 2678 2673 acceperat
2713 2619 2748 2656 a
2792 2602 3057 2674 praedicto
3097 2602 3401 2657 Guillelmo
3451 2601 3725 2656 Rothoma-

2153 2691 2312 2763 gensi
2340 2691 2778 2763 archiepiscopo.

2225 2781 2480 2850 Cumque
2517 2779 2575 2833 in
2604 2780 2723 2834 dies
2764 2780 3004 2851 languor
3031 2785 3311 2835 cresceret
3337 2786 3394 2835 et
3422 2781 3538 2852 ipsa
3564 2778 3725 2851 quoti-

2152 2867 2241 2922 die
2289 2868 2359 2921 ad
2404 2868 2692 2923 ecclesiam
2738 2874 3028 2939 pergeret,
3077 2869 3169 2923 die
3219 2869 3530 2923 festivitatis
3570 2867 3725 2923 sancti

2151 2957 2449 3023 Vincentii,
2476 2973 2639 3010 mane
2663 2956 2795 3011 fecit
2821 2974 2881 3011 se
2907 2957 2966 3010 in
2990 2957 3283 3011 ecclesiam
3309 2957 3453 3025 duci,
3485 2957 3673 3028 ubique
3696 2972 3726 3008 a

374 5224 377 5226 ,
455 5172 683 5238 nuncio,
712 5172 1046 5243 jussionem,
1074 5168 1467 5227 observabunt.

470 3048 758 3121 terpositis
799 3047 1014 3113 diebus,
1053 3025 1282 3102 electus
1321 3052 1408 3101 est
1449 3025 1621 3100 abbas
1667 3025 1921 3115 ejusdem
1964 3025 2128 3101 lociC
2150 3049 2269 3099 toto
2316 3049 2591 3099 conventu
2632 3045 2857 3099 visitata
2900 3051 3073 3115 atque
3127 3045 3361 3100 inuncta
3404 3050 3530 3100 ante
3571 3025 3727 3099 altare

470 3137 787 3203 Anselmus,
821 3136 917 3207 qui
965 3136 1123 3207 prior
1158 3134 1477 3205 quindecim
1525 3133 1688 3187 annis
1730 3133 1934 3188 fuerat.
1967 3134 2069 3187 Se-
2152 3133 2439 3199 Cruciﬁxi,
2490 3139 2547 3188 et
2591 3138 2793 3187 caetera
2836 3150 2960 3204 quae
3003 3134 3373 3189 morientibus
3423 3132 3728 3190 Christianis

471 3226 666 3296 quenti
699 3242 827 3279 vero
873 3241 1020 3279 anno
1067 3224 1127 3278 in
1171 3223 1472 3278 festivitate
1516 3222 1695 3276 sancti
1736 3221 1906 3287 Petri,
1947 3238 2070 3292 quae
2151 3223 2335 3277 solent
2368 3221 2614 3276 exhiberi
2646 3223 2934 3293 persoluta
2962 3224 3098 3276 sunt
3124 3223 3197 3276 ei.
3237 3224 3490 3295 Cumque
3513 3237 3728 3278 conven-

469 3314 676 3367 dicitur
703 3314 1002 3378 Cathedra,
1032 3312 1358 3367 benedictus
1402 3316 1488 3365 est
1529 3309 1700 3365 abbas
1738 3310 1796 3364 in
1838 3309 2072 3365 ecclesia
2150 3315 2243 3365 tus
2279 3310 2584 3376 recederet,
2632 3312 2848 3365 elevata
2888 3327 3062 3365 manu
3107 3310 3356 3382 signavit
3396 3328 3488 3366 eos
3512 3311 3721 3365 dicens:

469 3401 649 3469 Becci,
673 3401 743 3456 ab
768 3401 1090 3456 Ebroicensi
1118 3401 1376 3471 episcopo
1407 3397 1747 3456 Gisleberto.
2151 3400 2266 3454 Deo
2288 3416 2385 3454 vos
2405 3399 2753 3464 commendo,
2779 3400 2915 3466 ﬁlii;
2948 3400 3220 3471 diligebat
3241 3401 3395 3456 enim
3421 3406 3533 3455 tam
3557 3405 3727 3455 tenere

544 3493 706 3545 Anno
764 3489 988 3544 Domini
1044 3488 1345 3542 millesimo
1402 3486 1743 3557 octogesimo
1793 3485 2065 3550 secundo,
2151 3505 2253 3542 nos
2274 3488 2435 3559 quasi
2455 3504 2650 3543 omnes
2670 3489 2997 3559 peperisset.
3016 3489 3230 3543 Deinde
3255 3490 3482 3544 domum
3502 3490 3723 3554 reducta,

468 3579 768 3634 translatio
811 3577 1213 3632 monachorum
1261 3574 1448 3637 Becci,
1502 3573 1653 3644 apud
1692 3572 2067 3627 Conﬂanitum
2150 3576 2285 3630 dum
2315 3577 2386 3629 ad
2415 3576 2596 3630 focum
2629 3576 2869 3643 sederet,
2897 3577 3154 3648 sequenti
3173 3583 3341 3633 nocte
3360 3577 3725 3632 transiit.Cum

467 3666 955 3731 commorantium,
985 3682 1019 3719 a
1049 3663 1220 3719 veteri
1245 3663 1497 3729 ecclesia,
1529 3678 1652 3733 quae
1676 3662 1905 3733 Capella
1938 3661 2071 3715 dicio
2150 3665 2221 3719 ad
2250 3663 2460 3718 exitum
2489 3664 2985 3735 appropinquaret,
3020 3665 3262 3719 aderant
3290 3667 3488 3720 fratres
3510 3670 3571 3719 ut
3594 3665 3724 3736 psal-

465 3763 577 3824 tur,
610 3758 676 3811 ad
711 3771 911 3810 novam
944 3753 1254 3817 ecclesiam,
1287 3768 1412 3805 cum
1457 3767 1687 3822 corpore
1725 3756 1932 3804 sanctae
1962 3751 2070 3803 Ho-
2151 3753 2259 3807 mis
2300 3758 2358 3807 et
2385 3752 2730 3807 orationibus
2771 3752 2825 3805 ei
2857 3751 3261 3820 subvenirent;
3304 3755 3454 3808 inter
3477 3770 3606 3825 quos
3635 3752 3726 3806 fuit

463 3846 697 3910 norinae,
729 3861 857 3898 cum
889 3844 1005 3898 Yvo
1042 3843 1111 3896 de
1156 3841 1505 3895 Bellomonte
1544 3855 1729 3893 comes
1759 3855 1927 3909 super
1954 3840 2067 3893 Isa-
2150 3841 2378 3911 quidam
2399 3841 2591 3908 frater,
2626 3840 2854 3895 nomine
2884 3841 3234 3912 Rodulphus,
3271 3843 3368 3914 qui
3397 3859 3517 3897 eam
3535 3839 3725 3912 rogavit

462 3950 606 3997 ram,
642 3938 700 3987 et
726 3932 984 3987 Adelidis
1013 3947 1154 3985 uxor
1183 3930 1322 3999 ejus,
1361 3929 1612 3983 volentes
1640 3927 1697 3982 in
1731 3926 1963 3981 ecclesia
1997 3926 2060 3981 B.
2146 3934 2228 3995 ut,
2261 3930 2308 3983 si
2338 3929 2603 4000 possibile
2630 3933 2795 3995 esset,
2826 3934 2954 3999 post
2972 3934 3212 3985 mortem
3236 3931 3289 3984 ei
3318 3947 3584 4003 apparens
3600 3928 3725 3983 dice

464 4018 1275 4077 HonorinaedeConﬂuentium
1294 4016 1753 4071 amonachisDeo
1775 4014 2063 4079 deserviri,
2145 4023 2235 4072 ret
2279 4019 2427 4089 quod
2470 4017 2792 4074 invenisset.
2835 4018 2910 4071 At
2956 4018 3054 4071 illa
3092 4020 3405 4090 respondit,
3440 4019 3485 4074 si
3520 4019 3656 4073 Deus
3680 4016 3724 4071 ei

461 4109 742 4164 dederunt
768 4125 892 4163 eam
922 4113 980 4163 et
1010 4106 1200 4162 omnia
1228 4107 1299 4161 ad
1339 4122 1464 4160 eam
1502 4104 1843 4177 pertinentia
1867 4120 2064 4158 mona—
2145 4107 2491 4161 concederet.
2546 4105 2746 4176 Sicque
2787 4104 3049 4160 defuncta
3092 4113 3179 4162 est
3222 4108 3395 4163 tertia
3443 4106 3719 4169 Dominica,

460 4197 632 4253 sterio
659 4197 942 4264 Beccensi,
972 4195 1075 4251 sub
1119 4195 1302 4250 libera
1328 4199 1604 4266 potestate
1629 4198 1686 4248 et
1714 4192 2064 4247 ordinatione
2145 4194 2360 4249 decimo
2389 4194 2671 4249 Kalendas
2710 4193 3020 4261 Februarii,
3058 4200 3134 4261 et,
3167 4197 3365 4267 paucis
3409 4192 3723 4267 interpositis

463 4286 729 4341 abbatum
758 4285 975 4358 praefati
1020 4284 1277 4340 coenobii.
1311 4283 1455 4338 Huic
1492 4282 1782 4337 donationi
1809 4298 2124 4358 reveren-h
2145 4282 2343 4337 diebus
2370 4287 2669 4353 postquam
2697 4282 2960 4337 defuncta
3001 4289 3107 4350 est,
3139 4286 3406 4356 apparuit
3430 4284 3583 4339 fratri
3608 4283 3724 4336 dor-

460 4373 565 4428 dus
594 4340 886 4445 episcdpus
904 4340 1251 4429 Parisiensis
1273 4370 1593 4436 Godfridus,
1620 4370 1689 4425 de
1718 4372 1876 4441 cujus
1904 4340 2126 4440 paro-D
2146 4340 2577 4435 mientifQua'm
2603 4387 2730 4426 cum
2760 4371 3008 4435 vidisset,
3032 4340 3111 4427 ait
3136 4391 3147 4426 :
3176 4340 3323 4437 D‘uid
3356 4379 3459 4439 est,
3477 4366 3721 4428 domina?

460 4463 587 4516 chia
617 4462 886 4517 beneﬁcio
914 4468 1019 4530 est,
1047 4468 1111 4528 5
1135 4467 1200 4516 ut
1227 4477 1448 4531 semper
1478 4476 1598 4514 mos
1626 4464 1712 4514 est
1734 4458 1895 4513 bonis
1924 4458 2064 4513 bene
2147 4459 2436 4524 Quomodo
2464 4464 2521 4514 te
2552 4459 2766 4514 habes?
2810 4461 3119 4532 Respondit
3157 4478 3216 4516 se
3254 4463 3539 4534 sexaginta
3565 4474 3721 4515 annos

460 4550 599 4605 actis
636 4550 841 4617 favere,
873 4567 1000 4605 cum
1035 4550 1317 4605 canonicis
1345 4548 1590 4605 ecclesiae
1629 4548 1848 4603 Sanctae
1875 4547 2065 4602 Mariae
2145 4548 2488 4621 poenitentia:
2541 4548 2855 4619 accepisse;
2904 4556 2962 4604 et
3008 4566 3137 4605 cum
3192 4551 3291 4606 ille
3346 4537 3717 4623 obstupuisset,

460 4637 816 4705 Parisiensis,
850 4639 1161 4705 consentit;
1212 4639 1468 4693 Ecclesia
1514 4654 1629 4692 suae
1659 4652 1949 4691 reservans
1976 4641 2058 4702 ut,
2146 4636 2399 4708 quaesivit
2426 4653 2674 4691 causam.
2699 4638 2769 4691 Et
2795 4637 2877 4691 ait
2903 4656 2914 4691 :
2940 4638 3084 4702 Quia
3112 4655 3315 4710 parvos
3342 4657 3523 4699 canes,
3547 4642 3601 4692 et
3622 4635 3721 4690 alia

459 4726 508 4781 si
537 4728 760 4798 quando
789 4728 980 4799 aliqua
1006 4726 1225 4782 ratione
1249 4727 1504 4797 exigente
1532 4743 1634 4797 per
1652 4730 1837 4780 totum
1858 4725 2066 4797 episco-
2143 4724 2470 4795 hujusmodi
2509 4723 2683 4791 varia,
2729 4741 2852 4796 quae
2880 4725 3138 4781 homines
3172 4744 3276 4799 pro
3305 4727 3481 4782 nihilo
3507 4726 3717 4787 ducunt,

458 4820 655 4886 patum
683 4816 1078 4885 Parisiensem,
1107 4821 1208 4870 aut
1235 4816 1294 4870 in
1316 4814 1579 4887 praedicto
1606 4818 1829 4869 tantum
1855 4819 2057 4880 castro,
2145 4812 2347 4880 amavi,
2380 4818 2437 4867 et
2464 4813 2615 4868 ultra
2645 4813 2875 4868 modum
2903 4814 2962 4868 in
2991 4815 3061 4869 iis
3106 4815 3385 4871 delectata
3411 4831 3533 4870 sum
3556 4832 3568 4880 ;
3609 4811 3718 4865 ideo

459 4903 711 4959 divinum
766 4905 1012 4960 ofﬁcium
1064 4905 1357 4977 episcopus
1400 4902 1730 4958 Parisiensis
1775 4902 2059 4958 celebrare
2138 4902 2311 4956 talem
2348 4900 2735 4972 paenitentiam
2780 4903 2987 4974 accepi.
3040 4904 3110 4958 Et
3145 4904 3226 4958 sic
3264 4905 3418 4959 vides
3461 4901 3603 4976 quod
3641 4899 3719 4954 ha":

455 4994 810 5065 prohibuerit
826 4993 1067 5066 publice,
1086 4992 1346 5049 monachi
1365 4992 1425 5046 in
1449 4992 1599 5046 dicta
1626 4991 1858 5046 ecclesia
1876 4991 2061 5046 deser-
2137 4995 2254 5045 tres
2272 4989 2533 5051 dominae.
2550 4989 2731 5044 tribus
2758 4990 3066 5046 Dominicis
3094 4992 3296 5047 saeculo
3322 4991 3714 5061 migraverunt;

455 5081 690 5148 vientes,
749 5089 876 5154 post
937 5087 1258 5154 perceptam
1320 5080 1391 5134 ab
1457 5080 1733 5152 episcopo,
1791 5080 1878 5134 vel
1935 5080 2058 5150 ejus
2139 5079 2339 5152 prima,
2367 5078 2426 5132 in
2449 5083 2608 5149 parte
2645 5078 2851 5147 noctis;
2885 5080 3147 5148 secunda,
3180 5081 3367 5136 media
3393 5084 3566 5144 nocte,
3596 5075 3716 5129 dum

2141 5172 2504 5223 cantarentur
2519 5167 2840 5237 matutinae;
2864 5169 3052 5237 tertia,
3069 5185 3252 5235 mane,
3266 5170 3400 5224 dum
3416 5169 3715 5223 cantaretur

2138 5258 2343 5330 prima.

2210 5347 2360 5402 Nota
2384 5345 2554 5418 quod,
2584 5352 2647 5404 ut
2676 5346 2850 5406 refert
2878 5349 3127 5406 Historia
3154 5350 3225 5407 de
3252 5349 3415 5405 beato
3447 5344 3706 5408 Anselmo,

527 5262 690 5316 Anno
723 5260 1020 5317 Dominicas
1058 5258 1465 5316 Incarnationis
1505 5257 1805 5313 millesimo
1834 5263 2059 5329 octoge-

458 5348 601 5406 simo
628 5366 798 5421 nono,
843 5349 1001 5417 obiit,
1031 5350 1138 5422 piae
1166 5347 1450 5404 memoria;
1496 5347 1863 5419 Lanfrancus,
1901 5347 2060 5419 prius
