3864 6176
147 215 228 272 849
1303 207 1704 266 CHRONICOI‘

1807 208 2050 265 LECCEN
2055 209 2159 265 SE.
3264 217 3375 277 650

146 358 221 412 per
244 340 386 394 illum
409 337 499 409 qui
530 350 774 408 prasens
795 349 920 388 cum
951 332 1046 387 illo
1079 337 1203 387 erat
1221 330 1457 405 (69).qui
1471 335 1550 389 sic
1562 335 1644 389 ait
1664 354 1677 388 :
1699 340 1751 399 Α
1837 335 2000 388 Anno
2057 338 2246 390 autem
2280 335 2577 392 millesimo
2607 337 2970 408 nonagesimo
3014 345 3228 414 octavo,
3259 346 3372 400 An-

145 433 352 485 Attestor
385 428 560 482 Deum
616 442 704 478 me
739 439 886 494 sape
917 422 1078 475 illum
1111 421 1214 475 sub
1243 423 1496 478 veritatis
1525 423 1684 478 testi-
1768 422 1976 476 selmus
1998 423 2446 495 archiepiscopus
2477 427 2708 482 recessit
2752 429 2820 484 ab
2860 429 3082 500 Anglia,
3115 433 3247 503 quia
3274 450 3372 489 rex

143 518 291 571 monio
316 516 530 570 audisse
550 517 955 585 protestantem
980 511 1128 581 quod
1149 511 1419 566 libentius
1443 513 1610 568 vellet
1627 514 1686 567 in
1767 509 2115 579 Willermus,
2175 511 2322 566 ﬁlius
2351 512 2629 569 Willermi
2675 517 3084 591 Conquisitoris
3131 523 3365 592 Anglia,

143 605 527 678 congregatione
570 603 990 666 monachorum,
1021 601 1142 654 loco
1174 601 1330 671 pueri
1373 603 1521 656 inter
1548 618 1687 673 pue-
1769 597 1912 652 nihil
1936 599 2073 653 recti
2100 599 2157 653 in
2201 616 2374 670 regno
2405 619 2506 656 suo
2537 603 2660 658 fieri
2698 608 3078 678 permittebat,
3109 611 3207 664 sed
3236 628 3371 682 pro-

141 715 210 751 ros
233 695 323 750 sub
352 694 502 764 virga
551 689 806 762 magistri
837 705 1058 761 pavere,
1092 706 1259 760 quam
1307 707 1406 762 per
1441 697 1688 761 pastora-
1769 686 2419 744 vinciasintolerabiliter
2443 693 2676 748 vexabat
2713 694 2770 748 in
2801 697 3047 764 tributis,
3082 715 3204 770 qua
3221 716 3367 755 nun-

140 787 223 840 lem
262 799 440 838 curam
489 782 590 848 toti
622 778 924 834 Britannia
967 778 1248 849 praelatus,
1308 779 1367 833 in
1411 785 1687 836 conventu
1771 793 1939 847 quam
1991 777 2284 832 cessabant
2334 779 2394 833 in
2425 796 2592 850 opere
2622 785 2765 838 muri
2811 786 2957 840 circa
2986 788 3190 842 turrim
3221 789 3370 844 Lon-

138 874 444 947 populorum,
469 870 748 924 cathedra
774 867 1078 940 pontificali
1102 867 1419 939 prasidere.
1767 865 1968 933 donia,
2023 866 2080 920 in
2133 883 2300 938 opere
2331 870 2473 923 aula
2503 872 2724 941 regalis,
2759 875 2907 945 apud
2936 875 3366 933 Westmonster.

191 962 394 1016 Sublato
419 959 489 1014 de
528 959 632 1012 hac
664 957 779 1012 vita
809 955 1106 1010 venerabili
1139 956 1326 1021 Patre,
1358 963 1422 1012 ut
1448 957 1689 1013 diximus
1773 954 1926 1010 Idem
1953 972 2047 1010 rex
2075 956 2403 1012 Willermus
2430 958 2535 1013 hoc
2561 976 2709 1016 anno
2726 962 2830 1017 fuit
2855 963 2914 1018 in
2939 965 3370 1035 Northmannia,

138 1050 424 1114 Lanfranco,
473 1065 570 1102 rex
628 1046 938 1117 Anglorum
976 1044 1304 1100 Willermus
1349 1047 1607 1101 ecclesias
1635 1053 1692 1101 et
1771 1058 1994 1115 semper
2047 1045 2296 1112 hosticis,
2325 1052 2382 1101 et
2405 1048 2761 1118 tumultibus,
2796 1057 2853 1106 et
2883 1054 3033 1108 curis
3083 1072 3371 1112 armorum

140 1139 432 1193 monasteria
453 1137 630 1191 totius
659 1134 874 1204 Anglia
892 1134 1048 1204 gravi
1073 1133 1309 1188 nimium
1332 1136 1690 1206 oppressione
1773 1132 2014 1201 deditus,
2064 1133 2290 1189 tributis
2345 1136 2572 1192 interim
2615 1156 2681 1194 cx
2710 1141 3088 1198 exactionibus
3117 1145 3374 1216 pessimis

140 1226 447 1295 atﬂixit(70);
482 1225 642 1294 cujus
681 1222 1056 1294 oppressionis
1085 1239 1232 1276 anno
1273 1229 1494 1293 quarto,
1526 1223 1581 1277 id
1606 1229 1690 1278 est
1771 1223 2004 1293 populos
2032 1224 2342 1292 Anglorum
2378 1243 2490 1280 non
2519 1227 2812 1296 abradens,
2848 1232 2945 1285 sed
2979 1234 3292 1292 excorians.

141 1316 388 1370 millesimo
438 1313 807 1383 nonagesimo
835 1313 1003 1366 tertio
1058 1311 1128 1364 ab
1163 1311 1554 1366 Incarnatione
1584 1313 1690 1367 Do-
1840 1313 2003 1366 Anno
2036 1312 2344 1368 Dominica
2380 1315 2787 1372 Incarnationis
2817 1319 3114 1376 millesimo
3142 1324 3378 1380 centesi-

139 1405 263 1470 mini,
286 1404 580 1458 Anselmus
607 1401 779 1455 abbas
817 1401 1103 1455 Beccensis
1138 1401 1414 1468 Ecclesia,
1456 1402 1539 1456 vir
1568 1419 1690 1455 ma-
1772 1417 1863 1455 mo
1900 1417 2067 1468 nono,
2109 1402 2406 1458 undecimo
2427 1405 2714 1460 Kalendas
2744 1407 2896 1474 Maii,
2929 1410 3069 1465 feria
3089 1413 3286 1482 quinta
3316 1412 3376 1468 in

137 1511 233 1564 gna
251 1493 554 1548 sanctitatis
579 1498 637 1546 et
651 1491 934 1557 doctrina,
967 1490 1256 1554 invitatus,
1297 1491 1410 1545 imo
1436 1491 1692 1547 districta
1771 1506 1930 1543 cana
1969 1491 2216 1557 Domini,
2241 1489 2380 1546 obiit
2407 1493 2512 1564 pia
2530 1500 2816 1554 memoria
2836 1499 3168 1570 venerabilis
3194 1503 3377 1557 domi-

138 1583 544 1654 interpellatione
569 1581 880 1650 adjuratus,
915 1579 984 1634 ab
1012 1581 1247 1650 Hugone
1271 1581 1583 1635 Cestrensis
1603 1598 1690 1635 co-
1771 1595 1878 1634 nus
1931 1582 2228 1638 Anselmus
2258 1585 2680 1641 Cantuariensis
2718 1590 3187 1661 archiepiscopus.
3248 1592 3376 1662 Ipso

138 1672 244 1726 mite
271 1672 568 1741 multisque
603 1669 730 1724 aliis
774 1669 1082 1738 Anglorum
1137 1669 1296 1738 regni
1324 1670 1685 1741 principibus,
1708 1699 1754 1758 Β
1773 1684 1921 1722 anno
1943 1669 2204 1758 ultimum
2229 1672 2440 1728 Pascha
2471 1674 2596 1740 fuit,
2632 1677 2872 1746 septimo
2907 1679 3190 1732 Kalendas
3219 1678 3371 1734 Maii.

139 1761 211 1830 qui
233 1777 344 1816 eum
371 1761 695 1814 animarum
719 1775 946 1812 suarum
981 1758 1257 1812 medicum
1281 1764 1338 1812 et
1362 1757 1713 1813 advocatum'
1845 1757 2078 1828 Scripsit
2104 1777 2232 1814 vero
2264 1760 2413 1814 idem
2461 1763 2546 1816 vir
2595 1767 2931 1820 reverendus
2958 1768 3230 1822 nonnulla
3259 1785 3375 1822 me-

138 1849 393 1919 elegerant,
435 1853 498 1902 et
533 1848 766 1918 insuper
793 1846 1047 1901 Ecclesia
1078 1863 1192 1902 sua
1217 1864 1378 1918 prece
1404 1853 1461 1900 et
1491 1866 1689 1919 prace-
1773 1845 1962 1900 moria
1982 1847 2169 1917 digna,
2208 1866 2330 1920 qua
2346 1850 2545 1905 subtus
2563 1853 2860 1910 adnectere
2872 1855 3208 1911 curavimus.
3227 1857 3375 1912 Dum

140 1942 226 2007 pto,
269 1955 358 2009 pro
395 1936 686 1992 communi
732 1935 995 1998 utilitate,
1053 1941 1276 1990 coactus
1319 1937 1578 2006 Angliam
1609 1938 1691 1992 in-
1772 1933 1952 1988 adhuc
1978 1941 2126 1990 esset
2153 1936 2309 2006 prior
2353 1937 2411 1990 in
2443 1939 2706 1995 Beccensi
2733 1942 2982 1996 coenobio
3015 1944 3237 2015 scripsit
3263 1949 3379 1998 tra-

138 2043 320 2096 gressus
343 2025 717 2081 estVenienti
734 2025 1030 2095 optimates
1045 2025 1258 2078 alacres
1279 2033 1642 2080 occurrerunt
1674 2046 1686 2093 ;
1772 2029 1953 2078 ctatus
1982 2028 2129 2092 tres;
2161 2025 2408 2096 primum
2439 2029 2511 2081 De
2534 2032 2777 2096 veritate,
2817 2033 3122 2087 secundum
3181 2035 3253 2087 De
3303 2036 3376 2089 Ii-

139 2133 212 2169 rex
254 2116 361 2186 ipse
391 2115 536 2169 solio
577 2113 801 2179 exsiliit,
863 2118 920 2166 et
959 2112 1076 2166 viro
1114 2113 1368 2182 gaudens
1425 2113 1685 2168 occurrit.
1774 2113 1974 2166 bertate
2003 2115 2268 2180 arbitrii;
2301 2116 2531 2171 tertium
2562 2119 2635 2172 De
2683 2135 2810 2173 casu
2862 2123 3101 2190 diaboli;
3122 2133 3179 2176 et
3205 2138 3379 2193 quar-

141 2203 322 2259 Interea
349 2221 447 2258 rex
477 2203 807 2258 Willermus
844 2201 1000 2271 gravi
1054 2201 1322 2270 languore
1368 2201 1687 2270 corripitur,
1772 2205 1917 2270 tum,
1949 2218 2114 2272 quem
2146 2202 2395 2258 titulavit
2421 2207 2495 2259 De
2522 2212 2911 2274 grammatico,
2960 2210 3018 2264 in
3050 2227 3159 2282 quo
3207 2211 3378 2266 disci-

141 2301 182 2346 et
195 2311 316 2364 pene
353 2294 423 2347 ad
473 2297 726 2346 extrema
764 2289 1107 2361 perducitur.
1160 2288 1447 2344 Suadetur
1474 2289 1525 2344 ei
1545 2289 1694 2343 inter
1774 2289 1926 2360 pulo,
1949 2307 2116 2361 quem
2145 2308 2334 2347 secum
2363 2294 2744 2365 disputantem
2776 2297 3106 2365 introduxit,
3153 2317 3380 2372 respon-

141 2381 225 2435 alia
250 2399 278 2436 a
303 2381 667 2454 principibus,
692 2385 756 2434 ut
780 2379 848 2433 de
875 2385 1054 2434 matre
1097 2379 1270 2434 totius
1302 2378 1481 2448 regni,
1516 2379 1695 2432 Eccle-
1777 2378 1872 2432 det
1891 2383 1948 2431 et
1977 2380 2182 2434 multas
2211 2381 2531 2438 dialecticas
2548 2386 2883 2455 quaestiones
2901 2389 3164 2460 proponit
3182 2395 3240 2444 et
3267 2390 3381 2445 sol-

139 2471 456 2525 siavidelicet
481 2468 892 2532 Cantuariensi,
919 2468 1143 2538 cogitet,
1174 2474 1230 2522 et
1244 2484 1368 2522 eam
1401 2484 1435 2521 a
1460 2467 1696 2538 pristina
1776 2468 1874 2522 vit.
1904 2469 2060 2524 Fecit
2088 2487 2309 2543 quoque
2339 2472 2590 2529 libellum
2624 2475 2902 2547 quintum,
2947 2495 3115 2549 quem
3143 2481 3383 2537 Μοηοιο-

141 2559 366 2616 viduitate
393 2565 456 2615 et.
497 2559 818 2613 calamitate
849 2574 947 2628 per
977 2557 1386 2612 institutionem
1418 2555 1697 2627 pontiﬁcis
1777 2562 1908 2627 gion
1924 2561 2253 2631 appellavit;
2286 2563 2440 2618 solus
2459 2564 2608 2620 enim
2622 2565 2681 2620 in
2698 2583 2763 2621 eo
2799 2572 2858 2621 et
2887 2584 3078 2622 secum
3110 2569 3380 2640 loquitur.

140 2649 328 2704 relevat.
374 2647 698 2720 Acquiescit
750 2647 844 2701 ille
896 2647 1146 2712 consilio,
1181 2651 1238 2700 et
1273 2647 1600 2701 Anselmum
1640 2643 1697 2697 in
1779 2663 1862 2713 ac,
1892 2649 2063 2702 tacita
2100 2650 2251 2704 omni
2283 2653 2618 2707 auctoritate
2652 2655 2851 2710 divina
2881 2657 3199 2728 Scriptura,
3235 2659 3384 2729 quod

139 2753 250 2807 opus
286 2740 381 2793 hoc
407 2737 806 2809 dignissimum
838 2735 1066 2789 indicat.
1100 2736 1256 2790 Tunc
1297 2735 1390 2789 ille
1422 2733 1699 2789 contradi-
1779 2737 1930 2791 Deus
1958 2738 2033 2792 sit
2050 2731 2170 2793 sola
2197 2739 2414 2795 ratione
2427 2743 2627 2812 quarit
2646 2749 2703 2797 et
2724 2744 2967 2813 invenit;
2993 2751 3051 2800 et
3079 2747 3225 2817 quod
3253 2763 3386 2800 vera

139 2843 260 2894 cens,
284 2835 333 2882 et
358 2829 745 2890 reluctans;et
777 2824 967 2878 multis
1007 2824 1186 2878 modis
1238 2824 1498 2878 omnibus
1539 2823 1695 2876 obte-
1783 2827 1920 2879 ﬁdes
1958 2827 2027 2880 de
2059 2827 2172 2881 Deo
2201 2829 2391 2894 sentit,
2425 2829 2734 2885 invincibili
2763 2833 3002 2900 ratione,
3044 2834 3122 2888 sic
3148 2851 3260 2889 non
3287 2836 3387 2890 ali-

140 2920 278 2979 stans,
333 2917 576 2988 capitur,
635 2920 693 2968 et
737 2913 1007 2967 violenter
1031 2913 1090 2967 in
1122 2912 1358 2966 vicinam
1387 2911 1693 2974 ecclesiam,
1780 2918 1868 2966 ter
1897 2930 2019 2968 esse
2048 2916 2374 2986 comprobat
2398 2923 2452 2971 et
2482 2918 2729 2974 instruit.
2754 2921 3082 2994 Composuit
3116 2924 3287 2978 etiam
3317 2925 3387 2979 li-

136 3021 236 3058 cum
260 3005 464 3077 hymno
496 3011 557 3060 et
585 3003 843 3057 laudibus
873 3009 1132 3075 portatur
1149 3001 1332 3072 magis
1355 3018 1518 3072 quam
1542 2999 1698 3053 duci-
1717 3018 1760 3078 ο
1785 3001 1945 3057 brum
1975 3010 2214 3070 sextum,
2243 3005 2374 3059 licet
2395 3009 2710 3077 parvulum,
2743 3011 2839 3064 sed
2869 3011 3142 3066 suavioris
3169 3029 3234 3067 ac
3262 3013 3388 3068 sub-

136 3098 225 3145 tur.
275 3096 408 3148 Acta
436 3099 575 3148 sunt
607 3093 721 3147 hac
749 3110 896 3146 anno
946 3092 1055 3146 isto
1088 3090 1266 3162 pridie
1296 3092 1487 3145 Nonas
1512 3089 1698 3143 Martii
1781 3090 2057 3144 tilissima
2085 3093 2576 3164 contemplationis
2613 3097 2862 3166 pondere
2891 3116 3177 3170 magnum,
3222 3117 3388 3173 quem

137 3180 286 3251 prima
308 3183 603 3237 Dominica
650 3181 1112 3252 quadragesima.

190 3271 333 3325 Anno
359 3289 489 3326 vero
521 3270 780 3340 sequenti
813 3267 1009 3336 (109/1),
1042 3268 1220 3339 pridie
1260 3268 1449 3322 Nonas
1477 3267 1703 3321 Decem-

136 3355 245 3424 bris,
275 3359 459 3414 debito
477 3376 610 3414 cum
632 3359 843 3412 honore
896 3357 964 3411 ab
1015 3356 1273 3410 omnibus
1297 3356 1569 3427 episcopis
1594 3358 1704 3408 An-

138 3450 240 3518 glia
263 3451 580 3505 Cantuaria
607 3455 964 3504 consecratus
1012 3454 1114 3515 est,
1148 3449 1217 3502 ad
1250 3448 1474 3502 laudem
1507 3451 1566 3501 et
1589 3446 1704 3516 glo-

139 3535 254 3590 riam
276 3539 521 3594 nominis
553 3539 796 3593 Domini.

192 3627 245 3680 In
271 3629 426 3698 cujus
458 3627 879 3682 consecratione
910 3626 1229 3696 evangelica
1278 3623 1374 3678 illa
1425 3622 1706 3678 sententia

137 3729 277 3784 super
293 3734 417 3771 eum
447 3723 675 3788 reperta
698 3722 817 3770 est:
858 3718 1066 3770 Vocavit
1100 3717 1319 3779 multos,
1345 3719 1392 3767 et
1417 3715 1568 3766 misit
1598 3728 1707 3766 ser-

134 3820 240 3858 vum
264 3823 427 3860 suum
459 3808 601 3859 hora
631 3821 785 3859 cana
813 3806 990 3858 dicere
1018 3805 1291 3868 invitatis,
1345 3807 1409 3855 ut
1455 3803 1708 3854 venirent

130 3896 241 3959 quia
257 3898 376 3963 jam
405 3900 617 3965 parata
646 3900 780 3948 sunt
807 3896 998 3947 omnia
1024 3893 1169 3965 (Luc.
1196 3905 1310 3957 XIV,
1349 3890 1451 3958 16).
1485 3889 1590 3954 Qui
1614 3907 1705 3944 cu-

123 3981 200 4049 jus
226 3985 405 4039 meriti
461 3983 694 4049 exstitit,
750 3982 809 4035 in
865 3982 997 4035 Vita
1026 3981 1202 4052 ipsius
1232 3984 1420 4050 potest
1450 3978 1700 4050 reperiri.

129 4068 267 4126 Rexit
290 4079 481 4128 autem
518 4073 598 4126 sic
625 4070 1012 4125 sanctissimus
1069 4068 1152 4122 vir
1194 4067 1490 4121 Anselmus
1521 4064 1706 4119 Eccle-

124 4159 247 4214 siam
272 4161 743 4217 Cantuariensem
774 4159 1090 4230 quindecim
1121 4157 1283 4210 annis
1311 4155 1577 4222 feliciter;
1610 4155 1704 4226 qui

127 4254 407 4308 monachus
443 4252 604 4308 Becci
648 4250 967 4305 claustralis
992 4249 1283 4302 exstiterat
1314 4245 1493 4299 tribus
1518 4245 1698 4310 annis,

1785 3182 2133 3247 Prosologion
2154 3182 2482 3252 appellavit;
2508 3184 2814 3256 alloquitur
2840 3188 3011 3242 etiam
3041 3190 3099 3242 in
3129 3190 3225 3244 illo
3255 3206 3390 3262 ope-

1785 3284 1866 3334 re,
1922 3275 2022 3322 aut
2071 3268 2334 3341 seipsum,
2377 3278 2477 3327 aut
2514 3273 2714 3328 Deum.
2749 3276 2982 3348 Scripsit
3006 3282 3063 3332 et
3085 3279 3390 3350 septimum

1787 3355 1993 3411 librum
2051 3358 2431 3426 Epistolarum
2483 3363 2556 3416 ad
2588 3363 2852 3431 diversos,
2914 3366 3148 3422 diversis
3193 3384 3392 3423 eorum

1786 3446 2026 3516 negotiis
2054 3449 2418 3519 respondens,
2453 3451 2539 3505 vel
2559 3469 2627 3505 ea
2657 3469 2779 3523 qua
2807 3471 2910 3509 sua
2928 3455 3239 3511 intererant
3267 3473 3393 3528 pro-

1785 3550 1983 3588 curare
2013 3537 2304 3591 mandans.
2331 3539 2488 3594 Fecit
2525 3545 2581 3594 et
2617 3546 2871 3596 octavum
2899 3545 2970 3597 De
2999 3545 3394 3600 [ncarnatione

1799 3623 1968 3688 Verbi,
2015 3625 2163 3695 quod
2212 3643 2351 3696 opus
2380 3628 2666 3698 epistolari
2685 3631 2831 3702 stylo
2860 3633 3238 3704 conscriptum
3269 3651 3396 3688 san-

1789 3717 1889 3764 cta
1919 3713 2183 3769 Romana
2210 3715 2468 3771 Ecclesia
2497 3734 2718 3773 summo
2747 3721 2996 3792 pontiﬁci
3032 3722 3258 3778 Urbano
3315 3723 3394 3777 di-

1789 3801 1951 3855 cavit.
1980 3803 2204 3857 Nonum
2244 3803 2449 3858 librum
2481 3806 2675 3873 edidit,
2711 3824 2878 3878 quem
2901 3811 3015 3866 Cur
3038 3812 3178 3866 Deus
3209 3814 3388 3881 homo,

1787 3890 2108 3961 appellavit.
2135 3892 2423 3947 Decimum
2449 3897 2520 3948 De
2549 3901 2806 3965 conceptu
2853 3901 3146 3966 virginali.
3209 3901 3393 3956 Unde-

1788 3977 1994 4032 cimum
2027 3979 2095 4032 de
2136 3980 2485 4034 orationibus
2523 3983 2985 4054 contemplativis,
3021 4002 3188 4056 quem
3218 3988 3392 4058 pluri-

1789 4066 1864 4119 mi
1917 4069 2292 4122 illcdilaiioncs
2322 4077 2546 4136 vocant;
2596 4071 2653 4123 in
2706 4072 2928 4142 quibus,
2961 4073 3273 4143 legentibus
3304 4077 3388 4131 fa-

1787 4155 1890 4208 cile
1921 4164 2155 4226 apparet
2193 4164 2404 4226 quanta
2445 4158 2677 4212 dulcedo
2719 4176 3088 4231 supernorum
3142 4172 3389 4220 mentem

1787 4245 1908 4315 ejus
1935 4246 2270 4316 repleverat.
2334 4247 2724 4315 Duodecimus,
2751 4250 2846 4320 qui
2885 4256 2972 4305 est
2997 4251 3230 4307 ultimus
3277 4259 3391 4309 tra-

123 4339 422 4409 quindecim
454 4341 613 4412 prior
657 4345 782 4411 post
810 4337 1184 4393 venerabilem
1215 4334 1612 4400 Lanfrancum,
1646 4333 1984 4400 etDctatus,
2018 4337 2094 4388 De
2116 4341 2456 4404 processione
2486 4336 2734 4406 Spiritus
2763 4342 2971 4406 sancti;
3006 4341 3391 4400 confutaverat

121 4429 420 4496 quindecim
452 4429 633 4484 abbas
659 4433 786 4500 post
799 4433 1052 4482 sanctum
1072 4425 1427 4490 Ilerluinum,
1452 4423 1702 4493 ejusdem

119 4519 338 4574 canobii
387 4519 653 4574 abbatem
703 4517 966 4589 primum.
995 4515 1099 4570 Cui
1129 4513 1396 4568 successit
1419 4512 1477 4566 in
1507 4512 1702 4566 eadem

118 4605 345 4664 Ecclesia
371 4609 536 4664 Becci
563 4607 763 4662 tertius
795 4607 966 4662 abbas
1011 4605 1095 4659 vir
1142 4620 1360 4674 magna
1389 4601 1704 4656 sanctitatis

116 4701 171 4760 ο
194 4704 249 4752 et
274 4699 552 4754 doctrina
581 4696 930 4764 Willermus,
980 4693 1153 4749 nobili
1182 4692 1704 4747 Northmannorum

115 4789 365 4860 prosapia
407 4787 690 4858 originem
733 4787 991 4852 trahens;
1028 4784 1086 4837 in
1117 4781 1289 4837 veteri
1319 4785 1502 4835 castro
1536 4796 1706 4850 super

117 4872 332 4942 Rislam,
356 4875 515 4948 quod
539 4875 746 4929 dicitur
792 4873 1132 4938 Monsfortis,
1165 4871 1332 4925 claris
1379 4868 1704 4941 parentibus

114 4972 346 5021 exortus.
378 4967 554 5020 Pater
573 4965 694 5035 ejus
722 4963 1041 5026 Turstinus,
1069 4966 1249 5015 mater
1272 4976 1403 5013 vero
1432 4957 1706 5012 Albereda

114 5051 416 5109 dicebatur.
472 5053 698 5124 Rogerii
727 5053 796 5108 de
822 5053 1189 5116 Bellomonte,
1253 5047 1429 5120 patris
1475 5046 1706 5101 Roberti

113 5143 321 5198 comitis
379 5144 656 5209 Mellenti,
712 5159 776 5197 ex
821 5157 992 5196 uxore
1040 5139 1261 5211 neptis;
1305 5135 1401 5208 qui
1437 5152 1585 5190 anno
1613 5152 1705 5190 se-

115 5233 295 5301 quenti
329 5232 664 5286 benedictus
694 5239 780 5287 est
809 5228 1164 5298 Rothomagi,
1197 5226 1255 5280 in
1277 5226 1368 5280 die
1387 5224 1705 5280 festivitatis

118 5320 166 5374 S.
196 5321 521 5385 Laurentii,
548 5320 618 5375 ab
643 5319 1060 5391 archiepiscopo
1080 5317 1393 5371 Willermo.

180 5425 285 5494 (69)
315 5429 405 5484 De
438 5427 711 5483 Eadmero
740 5427 1006 5498 loquitur,
1033 5425 1128 5496 qui
1155 5426 1272 5480 hac
1292 5421 1462 5479 refert
1491 5422 1550 5477 in
1578 5420 1705 5476 Vita

118 5498 284 5569 ipsius
312 5501 522 5566 sancti,
548 5506 605 5553 et
622 5500 679 5553 in
707 5498 954 5554 Historia
984 5498 1287 5552 Novorum.

353 5601 622 5660 ΡΑτιιοῐ..
671 5601 786 5659 CL.

1786 4423 1934 4476 enim
1967 4423 2187 4478 Graecos
2214 4424 2273 4477 in
2299 4425 2530 4478 Barensi
2554 4426 2808 4497 concilio,
2827 4434 3096 4499 negantes
3113 4431 3389 4502 Spiritum

1784 4520 2039 4566 sanctum
2083 4530 2118 4566 a
2147 4513 2286 4567 Filio
2315 4514 2651 4585 procedere;
2681 4517 2828 4571 unde
2876 4525 3102 4590 sumpta
3150 4523 3391 4579 materia

1784 4608 1984 4672 rogatu
2023 4602 2330 4656 Hildeberti
2362 4604 2810 4660 Cenomanorum
2851 4607 3114 4681 episcopi,
3148 4611 3298 4668 hunc
3326 4613 3392 4667 li-

1785 4690 1948 4745 brum
1996 4693 2329 4764 composuit.
2388 4694 2468 4748 De
2496 4694 2721 4750 natione
2751 4696 2871 4766 ejus
2897 4702 2955 4752 et
2981 4700 3096 4753 vita
3133 4706 3192 4756 et
3219 4704 3389 4760 mori-

1784 4778 1889 4835 bus
1909 4779 2119 4836 dictum
2141 4786 2245 4837 est.

1857 4871 2016 4924 Anno
2046 4870 2271 4925 Domini
2301 4870 2597 4928 millesimo
2635 4875 2937 4932 centesimo
2968 4877 3186 4936 decimo
3217 4883 3384 4939 tertio

1787 4959 2021 5013 fundata
2049 4960 2156 5014 fuit
2182 4960 2414 5015 ecclesia
2437 4962 2493 5016 S.
2525 4963 2708 5018 Neoti.

1856 5049 2019 5103 Anno
2032 5048 2254 5104 Domini
2268 5050 2563 5106 millesimo
2575 5055 2880 5110 centesimo
2893 5057 3158 5127 vigesimo
3180 5065 3381 5129 quarto

1787 5137 1926 5192 obiit
1936 5137 2042 5208 pia
2060 5137 2340 5192 memoria
2369 5137 2628 5194 dominus
2649 5141 2974 5197 Willermus
2992 5145 3191 5198 tertius
3211 5145 3383 5199 abbas

1788 5227 2081 5281 Beccensis
2133 5225 2415 5293 Ecclesia,
2445 5227 2530 5281 vir
2555 5229 2850 5300 religiosus
2875 5237 2932 5285 et
2961 5232 3205 5286 honesta
3233 5233 3377 5301 vita,

1787 5316 2003 5370 decimo
2032 5321 2185 5370 sexto
2222 5316 2502 5372 Kalendas
2550 5318 2702 5386 Maii,
2751 5320 3112 5390 sepultusque
3163 5322 3270 5375 fuit
3321 5323 3379 5376 in

1855 5421 1963 5492 (70‘;
2007 5424 2227 5479 Guillel.
2277 5425 2662 5492 Malmesbur.;
2699 5426 2986 5493 Edmerus,
3013 5428 3155 5483 Hist.
3199 5431 3381 5485 Novo-

1788 5513 1942 5564 rum;
1969 5497 2371 5566 Ilarpsfeldius,
2396 5499 2595 5551 saculo
2621 5511 2713 5550 xu.

3071 5592 3218 5664 21‘
