3864 6176
496 223 594 282 651
1424 221 1520 275 AD
1560 221 1798 278 OPERA
1837 225 1899 280 Β.
1944 221 2355 280 LANFRANCI
2397 221 2781 276 APPENDIX.
3616 226 3701 285 65?

489 349 757 422 capitulo,
803 348 965 418 juxta
999 345 1285 400 tumulum
1313 344 1647 399 venerabilis
1703 347 1976 415 Herluini,
2032 348 2089 402 in
2107 349 2158 406 A
2177 345 2262 400 tui
2291 360 2392 398 suo
2442 350 2498 399 et
2526 345 3068 416 supervenientibus,
3103 350 3164 397 ut
3199 360 3330 414 opus
3355 352 3480 411 erat,
3510 347 3704 403 aﬂluen—

487 441 682 496 dextra
706 442 885 511 parte,
909 441 966 491 et
991 437 1187 490 eodem
1219 452 1368 489 anno
1415 436 1677 491 translati
1711 437 1940 493 fuerunt
1967 457 2088 494 mo-
2171 439 2260 488 ter
2296 433 2595 487 tribuebat.

484 528 652 585 nachi
697 525 858 581 Becci
891 524 961 579 de
999 524 1240 580 Castello
1270 524 1339 578 de
1364 523 1547 589 Clara,
1580 524 1729 595 apud
1760 526 2002 595 Scotres,
2033 533 2090 581 et
2242 523 2404 575 Anno
2425 521 2646 576 Domini
2678 522 2975 576 millesimo
3001 522 3295 575 centesimo
3322 522 3584 592 trigesimo
3603 543 3698 580 sex-

482 617 590 672 hoc
616 615 747 671 fecit
783 613 1095 670 Richardus
1125 613 1273 668 ﬁlius
1303 611 1621 667 Gisleberti.
2040 666 2053 676 ,
2169 614 2247 676 to,
2281 610 2419 664 obiit
2443 610 2549 681 pia
2595 610 2881 665 memoria
2921 610 3178 664 dominus
3206 611 3359 675 Boso,
3394 616 3602 682 quartus
3624 614 3705 667 ab-

553 705 702 759 Nota
719 703 887 775 quod,
914 710 1165 774 tempore
1194 702 1363 773 hujus
1386 702 1686 768 Willermi,
1713 704 1821 758 fuit
1844 705 2087 760 ecclesiae
2168 698 2269 753 bas
2297 699 2585 753 Beccensis
2616 700 2960 765 monasterii,
3017 699 3101 752 vir
3128 715 3340 769 magna
3385 702 3703 767 auctoritatis,

477 792 774 849 Philiberti
796 793 910 847 tale
944 796 1269 846 concessum
1301 790 1675 862 privilegium,
1711 792 1780 847 de
1810 810 2087 850 consensu
2169 787 2290 841 orbi
2319 789 2519 854 clarUS,
2553 788 2848 859 sapientia,
2888 788 3202 859 prudentia,
3240 788 3593 860 pracipueque
3613 791 3705 862 spi-

475 881 709 938 Joannis
736 880 980 952 episcOpi
1008 878 1360 937 Lexoviensis
1388 884 1446 934 et
1472 881 1644 935 totius
1674 882 1921 953 capituli.
1968 883 2105 936 Pri;
2167 878 2281 931 ritu
2303 877 2518 931 consilii
2546 876 2780 948 pollens.

474 987 568 1026 mo
622 969 729 1024 fuit
772 985 809 1023 a
849 967 1129 1040 pradictis
1167 968 1424 1040 episcopo
1455 974 1511 1024 et
1539 969 1785 1042 capitulo
1823 987 2085 1025 concessa
2237 968 2398 1020 Anno
2428 967 2650 1020 Domini
2699 965 2998 1020 millesimo
3027 966 3323 1020 centesimo
3357 966 3616 1037 trigesimo
3639 983 3707 1022 se-

473 1058 705 1115 ecclesia
730 1057 1016 1129 pradicta,
1068 1062 1337 1128 perpetuo
1391 1059 1521 1129 jure
1578 1058 1899 1127 obtinenda,
1953 1076 2082 1115 cum
2164 1055 2361 1126 ptimo,
2412 1055 2766 1110 Theobaldus
2812 1055 3023 1109 electus
3062 1055 3346 1109 Beccensis
3368 1055 3612 1121 Ecclesia,
3639 1055 3708 1109 vir

473 1147 573 1203 tali
613 1146 874 1201 libertate
894 1149 959 1200 ut
994 1161 1287 1217 nunquam
1318 1151 1563 1202 cessaret
1588 1164 1623 1201 a
1660 1148 1845 1202 divino
1876 1149 2079 1215 ofﬁcio,
2164 1160 2381 1214 magna
2427 1144 2696 1199 bonitatis
2730 1148 2787 1198 et
2831 1143 3095 1209 scientia,
3128 1143 3440 1197 benedictus
3466 1149 3541 1197 est
3565 1142 3705 1198 abbas

469 1252 573 1308 pro
600 1234 924 1289 forifactura
937 1233 1236 1304 cujuslibet
1247 1235 1495 1290 hominis
1520 1235 1655 1306 (7|).
1692 1236 1852 1292 Unde
1883 1253 2080 1291 mona-
2162 1234 2413 1303 ejusdem
2431 1233 2711 1300 Ecclesiae,
2747 1233 2901 1287 omni
2917 1238 3189 1287 conventu
3212 1233 3391 1286 animo
3411 1231 3584 1286 libenti
3603 1250 3705 1287 con-

470 1323 560 1378 chi
587 1322 728 1378 inibi
754 1322 1081 1378 cohibentes
1106 1322 1165 1377 in
1194 1323 1497 1378 rebellione
1538 1341 1653 1395 qua
1681 1325 2078 1381 Lexoviensem
2161 1323 2414 1389 cedente,
2446 1323 2595 1394 apud
2624 1323 3038 1392 Rothomagum
3088 1339 3120 1376 a
3162 1321 3383 1375 domino
3411 1323 3618 1392 Hugone
3635 1337 3704 1375 ar-

470 1412 793 1485 episcopum
826 1410 1037 1465 fuerint
1063 1426 1163 1481 pro
1210 1427 1269 1465 se
1305 1411 1392 1465 vel
1419 1412 1741 1469 hominibus
1766 1414 1882 1468 suis
1906 1415 1963 1469 in
1989 1432 2078 1469 ea-
2159 1411 2511 1482 chiepiscopo
2535 1411 2992 1481 Rothomagensi.

465 1501 597 1557 dem
625 1499 889 1572 parochia
916 1498 1292 1567 manentibus,
1334 1500 1423 1554 vel
1467 1517 1581 1556 non
1612 1501 1913 1557 interdicta
1951 1520 2077 1558 can-
2228 1501 2346 1555 Hoc
2375 1516 2522 1555 anno
2553 1500 2609 1554 in
2631 1500 2873 1554 adventu
2901 1499 3125 1554 Domini
3154 1499 3382 1554 Abricus
3431 1500 3542 1570 [al.,
3570 1498 3704 1553 Albe-

461 1589 726 1657 taverint,
776 1604 878 1642 nec
907 1588 1005 1642 isti
1042 1587 1215 1641 iidem
1241 1587 1497 1644 homines
1560 1591 1983 1656 monachorum,
2015 1591 2075 1646 in
2156 1588 2327 1659 ricus]
2369 1590 2623 1644 Ecclesia
2674 1590 2937 1643 Romanae
2972 1590 3212 1659 legatus,
3246 1594 3302 1643 et
3329 1588 3594 1660 episcopus
3617 1587 3702 1643 Os-

459 1677 659 1733 eadem
712 1677 975 1749 parochia
1032 1682 1473 1745 commanentes,
1532 1680 1770 1749 perdent
1819 1666 2365 1744 divinuthiensis,
2429 1680 2613 1732 tenuit
2641 1678 2936 1732 consilium
2981 1678 3129 1749 apud
3174 1677 3522 1740 Londoniam,
3551 1681 3600 1729 et
3622 1673 3704 1728 ibi-

457 1767 722 1833 ofﬁcium,
745 1782 846 1838 pro
869 1765 1198 1821 forifactura
1218 1768 1518 1837 cujuslibet
1537 1768 1800 1835 hominis,
1830 1786 1943 1823 non
1967 1785 2068 1841 pro
2150 1767 2298 1832 dem,
2365 1772 2648 1821 annuente
2677 1782 2807 1837 rege
2834 1767 3118 1837 Stephano
3145 1772 3202 1820 et
3223 1765 3429 1837 regina,
3474 1762 3704 1819 Theobal-

454 1872 588 1925 sua;
615 1856 721 1911 etsi
749 1855 947 1910 eadem
977 1856 1229 1922 ecclesia,
1265 1856 1352 1910 vel
1388 1857 1770 1912 coemeterium
1799 1858 2068 1913 violatum
2150 1855 2255 1909 dus
2283 1855 2454 1909 abbas
2488 1855 2775 1909 Beccensis
2812 1854 3085 1921 Ecclesiae,
3132 1856 3207 1909 vir
3257 1854 3541 1909 admodum
3566 1869 3700 1906 vene-

450 1945 642 2014 fuerit,
672 1944 963 2000 habebunt
990 1944 1253 2000 monachi
1272 1962 1463 2000 secum
1485 1962 1689 2017 aquam
1713 1945 2065 2001 benedictam
2147 1945 2376 2011 randus,
2410 1944 2832 1999 Cantuariensis
2869 1944 3125 1999 Ecclesia
3150 1943 3576 2014 archiepiscopus
3599 1942 3702 1994 effe.

453 2034 525 2090 de
579 2033 907 2090 Lexoviensi
959 2033 1211 2100 ecclesia,
1262 2038 1318 2088 et
1342 2051 1444 2105 per
1484 2052 1542 2089 se
1572 2040 1630 2089 et
1648 2051 1750 2107 per
1778 2035 2065 2106 presbyte-
2145 2038 2267 2087 ctus
2291 2038 2392 2098 est,
2417 2033 2717 2087 transactis
2755 2031 2973 2086 duobus
3020 2033 3202 2099 annis,
3256 2038 3311 2086 et
3337 2031 3551 2085 dimidio
3579 2035 3702 2101 post-

458 2138 587 2179 rum
618 2123 869 2194 ejusdem
898 2122 1162 2190 ecclesia,
1207 2122 1649 2178 reconciliabunt
1681 2124 1862 2194 ipsam
1892 2125 2063 2178 eccle-
2143 2138 2313 2192 quam
2369 2121 2540 2175 abbas
2573 2121 2911 2175 constitutus
2968 2121 3173 2187 fuerat,
3249 2120 3569 2190 consilioque
3600 2119 3700 2188 ejus

443 2213 610 2280 siam,
644 2212 731 2267 vel
758 2211 1163 2278 coemeterium,
1192 2212 1314 2266 sine
1345 2212 1456 2266 alio
1484 2212 1781 2283 requisitu,
1831 2218 2059 2284 excepto
2142 2205 2248 2264 fuit
2268 2209 2497 2265 abbatia
2520 2210 2674 2265 Becci
2704 2211 2825 2264 sine
2853 2209 3074 2275 abbate,
3100 2209 3206 2265 sub
3234 2209 3498 2264 Richardo
3524 2207 3583 2261 de
3596 2206 3699 2261 Bel-

443 2302 679 2368 assultu,
705 2306 763 2356 et
784 2300 1104 2356 homicidio.
1135 2301 1218 2355 De
1250 2300 1318 2355 iis
1344 2301 1494 2355 enim
1516 2301 1735 2356 duobus
1750 2302 2060 2373 requiritur
2139 2299 2233 2352 fou
2267 2300 2475 2370 priore,
2526 2316 2559 2353 a
2598 2299 2904 2353 Nativitate
2962 2298 3205 2365 Domini,
3258 2300 3340 2353 vel
3379 2297 3535 2370 paulo
3572 2301 3696 2361 ante,

440 2389 752 2463 episcopus.
811 2390 1050 2460 Propter
1074 2388 1221 2442 hanc
1280 2393 1471 2443 autem
1520 2390 2050 2455 reconciliationem,
2138 2403 2315 2458 usque
2369 2387 2439 2440 ad
2494 2386 2884 2448 Pentecosten,
2917 2402 3210 2458 quousque
3240 2386 3523 2458 pradictus
3552 2382 3701 2438 archi-

435 2478 670 2535 ecclesia
691 2476 1047 2534 Lexoviensis
1073 2493 1188 2532 non
1208 2478 1406 2548 perdet
1428 2477 1784 2533 forifacturas
1823 2496 1955 2533 suas
1984 2480 2054 2533 de
2138 2475 2429 2546 episcopus
2454 2492 2486 2528 a
2521 2475 2698 2529 Roma
2719 2475 2946 2529 rediret.

431 2566 819 2634 violatoribus,
870 2571 1099 2638 excepto
1141 2582 1315 2622 manu
1344 2571 1529 2639 pastu,
1560 2566 1618 2621 id
1648 2572 1732 2621 est
1759 2567 2053 2621 servienti-
2161 2572 2163 2575 ’
2204 2565 2366 2618 Anno
2395 2563 2616 2618 Domini
2645 2564 2943 2618 millesimo
2965 2562 3554 2635 centesimotrigesimo
3572 2576 3696 2616 nono

434 2657 542 2713 bus
568 2657 1009 2723 monachorum;
1045 2655 1116 2711 de
1144 2655 1215 2710 iis
1260 2655 1410 2710 enim
1441 2655 1824 2711 forifacturam
1879 2655 2053 2710 habe-
2133 2652 2345 2707 electus
2373 2658 2430 2707 et
2469 2653 2759 2707 institutus
2788 2659 2875 2707 est
2913 2653 3086 2707 abbas
3117 2654 3425 2718 Beccensis,
3464 2651 3529 2705 ab
3570 2648 3699 2704 omni

436 2746 578 2803 bant
607 2744 887 2812 monachi,
940 2744 1200 2800 videlicet
1226 2745 1296 2799 de
1323 2744 1494 2811 furto,
1526 2745 1613 2799 vel
1643 2744 1712 2798 de
1743 2744 2050 2799 infractura
2129 2742 2422 2812 aqualiter
2471 2743 2923 2813 congregatione,
2975 2742 3058 2795 vir
3106 2759 3325 2814 magna
3351 2739 3634 2795 sanctitatis
3655 2743 3701 2792 et

437 2834 914 2907 ipsius’ecclesia,
955 2834 1039 2888 vel
1060 2832 1373 2890 coemeterii
1413 2850 1427 2889 :
1469 2849 1601 2888 nam
1629 2833 1698 2887 de
1718 2833 1936 2887 incestu
1962 2834 2048 2886 vel
2084 2905 2099 2907 Δ
2131 2830 2665 2897 scientia,dominus
2685 2832 2960 2885 Letardus
2981 2831 3049 2885 de
3066 2832 3329 2886 Beccensi
3358 2831 3525 2900 burgo
3539 2834 3697 2891 natus,

439 2905 738 2990 adulterio,
758 2924 845 2977 vel
873 2922 999 2978 aliis
1020 2923 1092 2977 ad
1122 2922 1445 2994 episcopum
1473 2921 1901 2994 pertinentibus,
1931 2922 2050 2992 ipse
2071 2905 2113 2964 Ο
2132 2918 2191 2970 in
2223 2924 2463 2989 utroque
2491 2919 2852 2974 Testamento
2899 2920 3156 2991 apprime
3203 2919 3465 2984 eruditus,
3514 2915 3700 2989 pollens

439 3012 733 3086 episcopus
765 3011 1150 3067 forifacturam
1179 3011 1427 3065 habebit.
1476 3012 1607 3082 Ipsa
1634 3027 1764 3065 vero
1815 3011 2051 3064 ecclesia
2130 3007 2380 3074 consilio,
2411 3007 2647 3062 affabilis
2680 3008 2977 3079 colloquio,
3026 3009 3353 3063 moderatus
3405 3007 3459 3060 in
3524 3002 3695 3067 verbis,

439 3100 634 3159 Sancti
659 3100 956 3156 Philiberti
985 3100 1153 3155 debet
1202 3100 1272 3155 de
1329 3099 1733 3154 consuetudine
1790 3099 2049 3170 episcopo
2131 3096 2404 3151 discretus
2434 3097 2492 3151 in
2511 3097 2839 3167 disciplinis,
2871 3098 3029 3153 tarde
3057 3099 3222 3154 latus
3242 3099 3298 3153 in
3311 3095 3554 3161 terrenis,
3575 3109 3701 3148 sem-

435 3206 541 3265 per
562 3207 775 3246 annum
813 3190 954 3246 duos
1010 3188 1218 3244 solidos
1256 3192 1500 3253 tantum,
1545 3193 1602 3241 et
1632 3187 1772 3241 nihil
1811 3188 2050 3258 amplius
2133 3202 2233 3254 per
2261 3186 2513 3256 gaudens
2541 3187 2599 3241 in
2650 3187 2908 3254 aternis,.
2941 3186 3183 3258 diligens
3224 3187 3412 3248 bonos,
3447 3183 3700 3253 corrigens

438 3280 509 3336 de
537 3280 751 3351 synodo
788 3279 874 3333 vel
913 3279 982 3332 de
1011 3278 1242 3331 circata.
1280 3275 1581 3348 Presbyter
1630 3280 1819 3330 autem
1876 3276 2052 3346 ipsius
2132 3274 2329 3327 malos.
2353 3273 2459 3338 Qui
2490 3291 2589 3345 pro
2618 3276 2891 3345 qualitate
2922 3277 3196 3346 temporis
3212 3292 3437 3347 gregem
3466 3272 3561 3327 sibi
3578 3285 3701 3324 com-

439 3363 688 3421 ecclesia
708 3363 780 3417 ad
799 3363 1078 3434 synodum
1096 3361 1302 3427 veniet,
1327 3361 1473 3415 sicut
1501 3366 1558 3415 et
1582 3362 1797 3429 cateri;
1824 3368 1880 3416 et
1904 3362 1952 3416 si
1982 3362 2051 3418 de
2134 3363 2602 3434 missumoptime
2623 3364 2786 3431 rexit,
2818 3364 2946 3419 licet
2973 3365 3031 3419 in
3061 3381 3167 3419 suo
3215 3371 3463 3436 tempore
3508 3358 3703 3416 assidua

440 3451 636 3509 ordine
694 3467 795 3507 suo
831 3450 1182 3518 forisfecerit,
1232 3449 1490 3521 episc0po
1551 3449 1873 3504 emendabit
1922 3464 1934 3499 :
1980 3451 2050 3506 ad
2132 3456 2467 3522 tempestate
2495 3453 2680 3523 patria
2706 3452 3050 3508 turbaretur.

438 3539 907 3596 monstrationem
938 3555 1068 3593 vero
1111 3544 1242 3593 ante
1274 3538 1747 3605 archidiaconum,
1780 3540 1865 3593 vel
1885 3540 2050 3594 deca-
2201 3541 2364 3594 Anno
2397 3542 2620 3596 Domini
2640 3542 2937 3603 millesimo
2974 3544 3283 3598 centesimo
3307 3537 3699 3614 quadragesimo

438 3646 597 3698 num,
627 3628 800 3684 libros
828 3628 916 3683 vel
940 3627 1277 3683 vestimenta
1324 3643 1427 3682 sua
1460 3643 1574 3682 non
1603 3627 1834 3695 deferet,
1867 3645 2049 3700 neque
2130 3628 2653 3701 primo,incoeptum
2672 3636 2757 3685 est
2785 3631 3093 3703 capitulum
3124 3633 3309 3697 Becci,
3340 3637 3456 3685 tam
3501 3624 3701 3682 consilio

439 3719 512 3774 a'd
541 3718 884 3790 pascendum
912 3716 1388 3784 archidiaconum,
1417 3717 1506 3771 vel
1531 3717 1803 3771 decanum
1843 3717 2001 3772 dabit
2031 3736 2042 3771 :
2130 3733 2300 3789 quam
2327 3718 2604 3790 adjutorio
2628 3718 2859 3775 Roberti
2889 3721 2957 3775 de
2982 3721 3352 3792 Novoburgo;
3381 3725 3436 3774 et
3468 3732 3603 3772 anno
3627 3729 3702 3768 se-

440 3813 499 3864 et
516 3824 619 3879 pro
646 3808 753 3863 hac
782 3805 1138 3862 concessione
1176 3805 1453 3861 libertatis
1490 3806 1869 3863 concessimus
1907 3806 2050 3880 epis-
2132 3807 2326 3879 quenti
2357 3807 2489 3863 data
2532 3814 2618 3863 est
2670 3810 2906 3864 ecclesia
2948 3811 3018 3864 de
3072 3810 3423 3864 Bellomonte
3478 3802 3702 3862 Ecclesia

439 3913 599 3970 copo,
630 3902 688 3952 et
715 3896 975 3952 omnibus
1026 3894 1439 3952 successoribus
1494 3898 1638 3969 ejus,
1685 3898 1749 3952 ut
1797 3898 1855 3951 in
1894 3896 2048 3952 obitu
2130 3896 2410 3951 Beccensi.
2444 3898 2512 3952 Et
2539 3898 2735 3953 eodem
2790 3914 2938 3953 anno
2992 3899 3336 3953 translatum
3378 3896 3479 3952 iuit
3528 3906 3703 3964 corpus

438 3987 562 4060 ejus
619 3988 782 4042 fieret
818 3991 1062 4054 tantum,
1097 3986 1242 4040 sicut
1266 4002 1368 4057 pro
1395 4002 1509 4040 uno
1539 3987 1961 4053 monachorum,
1992 3990 2048 4041 et
2129 3985 2308 4041 sancti
2327 3985 2491 4040 Neoti
2512 3987 2580 4040 de
2610 3986 2784 4041 veteri
2805 3987 3037 4041 ecclesia
3075 3987 3134 4041 in
3173 4004 3375 4042 novam
3422 3982 3699 4040 ecclesiam.

438 4076 510 4131 de
539 4075 821 4131 canonicis
849 4076 1027 4147 ipsius
1056 4074 1299 4130 ecclesia
1326 4076 1426 4130 ﬁet
1458 4075 1750 4130 servitium
1772 4077 1939 4130 unius
1955 4075 2048 4129 de-
2127 4073 2276 4128 Nota
2315 4074 2463 4144 quod
2500 4074 2748 4140 ecclesia,
2794 4074 2934 4129 sicut
2956 4075 3240 4147 prioratus
3265 4076 3335 4130 de
3364 4074 3696 4134 Bellomonte,

435 4164 633 4233 functi,
658 4181 786 4220 cum
815 4166 937 4236 ejus
966 4163 1153 4219 obitus
1175 4163 1456 4219 audietur.
1498 4164 1569 4219 Et
1603 4164 1851 4219 invenies
1898 4164 2045 4218 anti-
2129 4160 2233 4216 fuit
2248 4162 2379 4217 data
2404 4179 2438 4216 a
2464 4163 2707 4233 Rogerio
2736 4163 2938 4218 comite
2957 4164 3025 4217 de
3039 4164 3411 4231 Bellomonte,
3435 4160 3701 4217 etfundata

440 4269 616 4325 quum
664 4253 939 4324 originale
989 4252 1049 4307 in
1097 4252 1358 4325 cophino,
1411 4252 1472 4307 in
1530 4270 1639 4325 quo
1697 4258 2049 4326 reponuntur
2067 4250 2186 4330 Din
2207 4251 2476 4305 honorem
2527 4258 2730 4307 sancta
2755 4257 2813 4307 et
2858 4252 3159 4308 individua
3182 4252 3492 4319 Trinitatis,
3518 4253 3570 4304 et
3594 4261 3702 4301 con-

438 4341 647 4397 charta
671 4341 914 4397 ecclesia
932 4340 1210 4413 praedicta
1233 4342 1293 4396 in
1319 4342 1641 4398 cartulario.
2130 4340 2356 4394 ﬁrmata
2383 4356 2483 4412 per
2511 4341 2817 4396 Henricum
2847 4357 3039 4412 regem
3079 4342 3393 4412 Anglorum
3443 4345 3498 4394 et
3530 4338 3703 4392 ducem

478 4429 655 4484 'Huic
673 4429 945 4484 successit
971 4429 1188 4501 primus
1220 4430 1382 4499 Boso,
1436 4431 1496 4485 in
1549 4431 1705 4486 Novo
1755 4434 1813 4484 et
1853 4429 2045 4485 Veteri
2127 4429 2683 4499 Northmannorum;
2717 4435 2773 4484 et
2799 4429 2859 4484 in
2884 4431 3374 4486 conﬁrmationem
3389 4433 3541 4484 vocat
3558 4421 3704 4481 Wali-

436 4516 797 4574 Testamento
826 4517 1078 4590 apprime
1123 4519 1394 4585 eruditus,
1422 4519 1508 4574 vir
1530 4519 1776 4574 scientia
1804 4518 2044 4573 admira-
2125 4532 2386 4573 ramnum
2410 4520 2672 4574 comitem
2700 4519 2969 4585 Mellenti,
3007 4525 3065 4573 et
3099 4519 3457 4575 fundatorem
3487 4512 3702 4572 ecclesia

437 4605 639 4673 bilisﬂ
661 4611 720 4662 et
742 4606 1011 4663 doctrina
1039 4606 1533 4680 incomparabilis;
1565 4612 1784 4662 tantam
1815 4608 1868 4662 ei
1895 4607 2049 4662 insu-
2129 4606 2286 4661 Beati
2336 4608 2564 4677 Nicasii,
2621 4608 2677 4663 in
2718 4613 2923 4663 testem
2965 4608 3037 4663 ad
3087 4609 3421 4664 advocatum
3476 4602 3701 4661 Ecclesia

435 4711 540 4769 per
564 4695 808 4767 gratiam
834 4696 1015 4751 virtus
1043 4696 1233 4751 divina
1253 4697 1570 4752 contulerat
1596 4702 1661 4752 ut
1696 4696 1904 4763 nullus,
1928 4702 2047 4751 tam
2129 4696 2306 4750 Becci.
2362 4696 2433 4752 Et
2473 4702 2538 4752 ut
2590 4697 2970 4753 conformetur
3018 4698 3267 4753 Ecclesia
3321 4697 3445 4753 aliis
3482 4691 3703 4750 ecclesiis

435 4784 616 4839 tristis
647 4790 705 4840 et
731 4801 901 4856 egens
931 4784 1184 4849 consilio,
1234 4785 1303 4839 ad
1353 4784 1541 4856 ipsum
1587 4785 1875 4840 accederet
1911 4786 2048 4857 quin
2127 4783 2393 4856 subjectis
2438 4786 2697 4842 Ecclesia
2751 4787 2934 4852 Becci,
2967 4802 3090 4857 qua
3113 4787 3301 4841 solent
3324 4784 3529 4857 aliquid
3556 4782 3608 4835 in
3636 4779 3702 4833 si-

436 4875 715 4946 extemplo
746 4874 926 4943 latus,
975 4879 1034 4929 et
1061 4873 1388 4928 consiliatus
1433 4873 1504 4928 ab
1558 4874 1681 4946 ipso
1737 4874 2041 4930 recederet.
2128 4889 2301 4944 gnum
2323 4875 2681 4946 subjectionis
2706 4875 2999 4931 annuatim
3028 4876 3195 4931 dicta
3247 4874 3499 4931 Ecclesia
3524 4869 3703 4927 redde-

433 4962 557 5031 Hic,
607 4962 846 5018 dilectus
886 4979 921 5016 a
972 4962 1090 5017 Deo
1122 4966 1179 5016 et
1206 4962 1545 5030 hominibus,
1584 4962 1703 5033 regi
1730 4963 2043 5033 Anglorum
2126 4978 2206 5030 re,
2236 4963 2413 5018 voluit
2434 4969 2499 5019 ut
2519 4965 2675 5036 prior
2692 4971 2897 5020 sancta
2928 4965 3221 5020 Trinitatis
3258 4965 3329 5020 de
3360 4963 3699 5024 Bellomonte,

432 5052 675 5107 Henrico
703 5051 947 5106 multum
967 5055 1091 5106 erat
1104 5050 1416 5119 familiaris,
1446 5052 1579 5123 quia
1599 5068 1785 5106 veram
1817 5051 2042 5122 religio-
2123 5050 2181 5104 in
2209 5053 2653 5122 recognitionem
2676 5054 3057 5125 subjectionis,
3082 5054 3285 5109 reddat
3308 5051 3559 5109 Ecclesia
3587 5048 3703 5103 Bec-

430 5157 583 5209 nem,
615 5146 672 5197 et
699 5140 1092 5197 admirandam
1137 5140 1494 5196 sanctitatem
1526 5145 1584 5195 et
1638 5140 1931 5196 consilium
1959 5140 2044 5195 in—
2121 5140 2168 5195 ci
2189 5142 2261 5196 ad
2287 5142 2474 5198 minus
2498 5159 2670 5197 unam
2690 5144 2913 5198 unciam
2942 5144 3093 5201 auri.

427 5229 807 5304 comparabile
849 5229 1184 5303 reperiebat.
1213 5229 1340 5298 Qui,
1371 5230 1505 5285 licet
1532 5232 1799 5285 continua
1825 5246 2039 5301 preme—
2191 5232 2354 5286 Anno
2390 5230 2615 5286 Domini
2635 5233 2932 5287 millesimo
2957 5232 3262 5288 centesimo
3295 5225 3702 5304 quadragesimo

426 5325 588 5376 retur
614 5319 965 5391 aegritudine,
1004 5324 1198 5375 tamen
1254 5319 1374 5391 ipse
1418 5335 1518 5391 per
1548 5320 1749 5387 Deum,
1800 5319 1914 5373 imo
1949 5320 2039 5394 (ut
2118 5324 2292 5387 sexto,
2324 5321 2630 5392 incoeptum
2674 5326 2761 5376 est
2782 5321 3090 5393 capitulum
3130 5321 3458 5377 monasterii
3488 5320 3701 5374 Beccen-

426 5409 727 5479 credimus)
754 5409 904 5466 Deus
922 5424 1025 5481 pro
1053 5408 1196 5480 ipso,
1228 5408 1421 5464 omnia
1451 5408 1768 5463 necessaria
1794 5423 2034 5463 conven-
2115 5409 2191 5464 sis
2251 5410 2523 5478 Ecclesia,
2582 5410 2760 5480 pridie
2808 5411 3090 5468 Kalendas
3136 5412 3398 5482 Augusti,
3446 5408 3699 5480 prasente

498 5514 611 5583 (7|)
638 5515 808 5571 Deest
840 5514 1074 5587 aliquid.
