3902 6166
209 280 304 337 653

1407 279 1832 336 CHRONICON
1869 277 2148 335 BECCEN
2152 279 2256 334 SE.

3360 281 3467 341 654

209 406 304 476 pia
341 403 628 460 memoria
664 405 892 459 domino
929 404 1172 458 Letardo
1209 405 1387 475 ipsius
1422 406 1527 460 loci
1566 404 1784 459 abbate.
1803 413 1855 472 Α
1944 405 2107 458 Anno
2121 402 2349 458 Domini
2363 403 2658 458 millesimo
2673 404 2979 458 centesimo
2998 405 3466 476 quinquagesimo

274 495 332 548 In
363 495 469 548 hoc
505 511 653 548 anno
692 493 1072 547 controversia
1101 509 1224 563 qua
1257 499 1380 548 erat
1417 495 1566 548 inter
1596 509 1794 548 mona-

208 582 328 636 chos
357 582 537 646 Becci,
559 589 614 636 et
645 581 940 634 canonicos
964 582 1447 638 Exmefordienses
1478 599 1578 654 pro
1607 582 1794 636 Eccle-

207 671 281 724 sia
307 671 376 725 de
417 671 785 733 Bellomonte,
844 670 1094 739 Parisius
1132 671 1192 724 in
1230 671 1532 741 prasentia
1582 669 1794 724 domini

208 775 352 830 papa
377 759 636 829 Eugenii,
668 758 972 812 terminata
1001 764 1102 813 est.
1135 760 1332 830 Itaque
1363 760 1497 814 dicti
1536 759 1795 814 monachi

207 848 353 902 Becci
392 853 792 902 remanserunt
827 849 884 901 in
923 848 1192 919 pradicta
1228 849 1482 903 ecclesia.

274 935 440 990 Circa
479 937 582 991 hoc
619 953 759 1007 opus
811 937 1000 990 evenit
1056 937 1388 992 miraculum
1443 954 1544 1009 per
1597 936 1797 1014 merita

213 1024 374 1078 beata
412 1025 567 1079 Fidis
591 1025 823 1096 virginis
853 1031 910 1079 et
947 1026 1234 1097 martyris,
1275 1043 1309 1080 a
1345 1027 1461 1080 Deo
1488 1030 1792 1096 patratum,

212 1113 262 1168 in
289 1130 530 1184 persona
558 1114 771 1168 domini
799 1114 1029 1168 Turoldi
1048 1115 1332 1185 quondam
1362 1114 1605 1185 episcopi
1628 1115 1796 1183 Bajo-

213 1203 395 1262 censis.
420 1208 480 1256 et
499 1219 600 1273 pro
628 1208 764 1257 tunc
787 1203 1042 1256 monachi
1073 1203 1252 1269 Becci,
1275 1203 1530 1272 germani
1547 1203 1798 1273 Hugonis

215 1291 698 1357 Ewremodiensis;
733 1291 801 1345 de
831 1292 990 1361 cujus
1025 1292 1274 1361 Hugonis
1310 1292 1650 1363 patrimonio
1670 1291 1797 1345 fun-

213 1379 364 1433 datus
383 1380 496 1433 fuit
512 1380 796 1450 pqrioratus
810 1380 999 1434 Sancti
1016 1381 1304 1434 Laurentii
1337 1381 1405 1434 de
1428 1380 1794 1447 Ewremodio,

213 1486 243 1522 a
275 1469 617 1523 monasterio
658 1469 727 1522 de
779 1469 952 1523 Becco
1003 1469 1258 1523 Herluini
1297 1470 1642 1540 dependens.
1691 1468 1798 1534 Qui

214 1556 490 1626 quondam
530 1556 842 1627 episc0pus,
884 1563 940 1612 et
969 1564 1102 1611 tunc
1139 1559 1465 1625 monachus,
1496 1557 1801 1612 vexabatur

215 1644 445 1714 quadam
475 1645 808 1699 inﬁrmitate
839 1662 960 1715 qua
980 1647 1286 1716 vulgariter
1299 1654 1534 1717 ruptura
1549 1657 1800 1712 vocatur;

215 1749 244 1786 a
277 1749 384 1803 qua
438 1733 774 1787 inﬁrmitate
839 1733 1171 1788 mirabiliter
1208 1751 1308 1805 per
1359 1735 1559 1788 merita
1597 1751 1802 1804 supra-

217 1821 363 1876 dicta
390 1820 574 1874 beata
601 1821 829 1891 virginis
854 1828 909 1876 et
936 1823 1202 1894 martyris
1229 1824 1378 1878 Fidis
1408 1830 1638 1878 sanatus
1671 1823 1796 1887 fuit,

215 1915 369 1980 prout
391 1915 552 1980 patet
583 1910 801 1979 plenius
830 1911 891 1964 in
915 1910 1058 1964 libro
1089 1912 1363 1981 passionis
1394 1913 1647 1982 ejusdem
1687 1911 1801 1964 vir-

216 1998 365 2068 ginis.

279 2087 438 2140 Anno
471 2086 777 2141 Dominica
829 2088 1236 2142 Incarnationis
1275 2088 1570 2142 millesimo
1615 2094 1806 2142 cente-

219 2175 348 2228 simo
385 2175 821 2246 quadragesimo
877 2192 1045 2244 nono,
1095 2177 1236 2231 obiit
1293 2183 1500 2232 sancta
1551 2177 1806 2231 recorda-

220 2263 375 2318 tionis
423 2265 691 2319 dominus
747 2265 1044 2328 Letardus,
1075 2271 1265 2321 sextus
1303 2265 1475 2320 abbas
1512 2267 1804 2320 Beccensis

219 2351 479 2407 Ecclesia.

284 2441 423 2495 Huic
461 2447 656 2496 sancto
712 2442 830 2496 viro
887 2442 1156 2497 successit
1206 2442 1468 2496 dominus
1507 2443 1802 2512 Rogerius,

220 2528 374 2599 hujus
413 2531 644 2584 nomine
675 2531 906 2602 primus,
948 2531 1006 2585 in
1040 2537 1280 2602 utroque
1307 2532 1666 2586 Testamento
1704 2549 1804 2603 ap-

220 2617 390 2688 prime
417 2619 690 2686 eruditus,
725 2635 827 2674 nec
854 2637 967 2674 non
1005 2620 1248 2674 clericali
1269 2637 1334 2674 ac
1353 2621 1593 2674 scholari
1623 2621 1804 2675 scien-

219 2706 289 2760 tia
321 2707 589 2762 decenter
619 2717 868 2773 ornatus,
902 2716 958 2764 et
991 2709 1060 2762 ab
1085 2710 1235 2763 omni
1266 2710 1556 2780 aqualiter
1583 2727 1810 2780 congre-

217 2796 437 2864 gatione
469 2797 699 2862 electus,
731 2799 788 2850 in
817 2797 954 2868 ipsis
983 2798 1209 2855 octavis.
1243 2798 1500 2852 videlicet
1527 2799 1808 2869 apostolo-

221 2899 336 2937 rum
368 2885 523 2938 Petri
550 2891 606 2939 et
636 2887 814 2940 Pauli.
857 2887 964 2950 Qui
1007 2886 1333 2941 benedictus
1363 2888 1510 2958 apud
1541 2889 1808 2942 Sanctum

221 2971 721 3043 Vandregesillum,
775 2975 833 3028 in
890 2975 980 3029 die
1032 2975 1349 3030 festivitatis
1406 2977 1584 3030 sancti
1622 2975 1809 3030 Jacobi

1875 509 2042 558 nono,
2099 491 2366 547 Kalendis
2415 493 2673 562 Augusti,
2710 493 2988 548 Robertus
3029 494 3098 548 de
3128 495 3465 567 Novoburgo

1876 581 2256 636 vicedominus
2278 581 2452 635 totius
2491 581 2940 648 Northmannia,
2971 583 3056 636 vir
3081 599 3298 654 magna
3339 603 3468 655 pru-

1877 671 2082 725 dentia
2103 675 2160 724 et
2175 670 2461 736 bonitatis,
2486 671 2758 725 multatus
2782 671 3130 738 inﬁrmitate,
3163 673 3346 728 factus
3381 680 3468 728 est

1878 761 2186 814 monachus
2219 758 2509 814 Beccensis
2548 760 2824 829 Ecclesia,
2856 777 2956 815 sua
2985 761 3174 814 omnia
3215 763 3464 833 propria,

1881 867 2003 921 qua
2035 865 2241 919 magna
2261 853 2440 914 erant,
2474 848 2630 919 prius
2659 849 3000 920 pauperibus
3028 849 3257 920 largiter
3275 851 3469 906 distri-

1878 937 2074 992 buens.
2110 937 2264 992 Obiit
2290 943 2480 991 autem
2510 938 2678 991 tertio
2709 937 3470 1011 KalendasSeptembris,qui

1879 1027 2126 1098 quinque
2156 1027 2272 1081 fere
2318 1025 2686 1080 hebdomadis
2725 1027 3032 1080 monachus
3061 1027 3322 1095 existens,
3353 1046 3468 1084 sua

1878 1113 2250 1178 abstinentia,
2268 1118 2326 1167 et
2344 1112 2687 1166 admiranda
2699 1113 3282 1183 religionis,virtutum
3295 1116 3468 1170 etiam

1879 1203 2128 1257 omnium
2160 1203 2217 1256 in
2252 1202 2404 1256 brevi
2435 1201 2536 1256 Dei
2566 1202 2768 1256 virtute
2799 1200 3028 1266 ditatus,
3061 1203 3331 1273 auspicio,
3354 1221 3470 1260 om-

1879 1291 2042 1345 nibus
2059 1291 2314 1346 Ecclesia
2332 1289 2641 1361 majoribus
2655 1289 2796 1344 bene
2815 1290 3033 1344 vivendi
3043 1290 3272 1360 reliquit
3289 1308 3472 1347 exem-

1879 1379 2052 1450 plum,
2080 1395 2206 1433 cum
2244 1384 2411 1433 antea
2439 1378 2612 1442 dives,
2644 1393 2793 1432 nunc
2822 1379 3050 1450 quidem
3077 1380 3470 1450 pauperrimus

1879 1474 2104 1522 secutus
2135 1472 2221 1521 est
2253 1466 2560 1521 Christum.

2373 1603 2698 1645 EPITAPHIUM
2718 1603 2978 1646 EJUSDEM.

1958 1717 2261 1784 Respiciens
2285 1719 2587 1782 augustum
2609 1717 2842 1782 praecisa
2862 1730 2998 1784 rupe
3009 1718 3325 1784 sepulcrum
3345 1738 3362 1784 ;

1818 1776 1865 1835 Β
1954 1776 2067 1858 Hic.
2081 1807 2228 1872 jacet
2249 1807 2311 1856 in
2342 1776 2556 1858 tumulo
2576 1776 2834 1858 R-obertus
2853 1776 3248 1874 chNov-z'burg.

1961 1893 2066 1958 Qui
2095 1909 2271 1957 mare,
2294 1895 2394 1960 qui
2419 1893 2634 1958 calum,
2667 1894 2767 1960 qui
2797 1897 2971 1946 totum
2992 1896 3234 1948 continet
3262 1911 3439 1952 avum
3453 1913 3475 1966 ,'

1959 1982 2121 2035 Hunc
2146 1981 2318 2048 faciat
2349 1995 2472 2034 vere
2493 1981 2751 2049 paradisi
2769 1996 2943 2048 regna
2971 1983 3174 2036 videre.
3205 1984 3400 2039 Amen.

1957 2089 2120 2141 Anno
2168 2086 2388 2140 Domini
2434 2085 2735 2139 millesimo
2780 2086 3089 2141 contesimo
3127 2090 3479 2160 sexagesimo

1887 2177 2090 2246 primo,
2115 2174 2253 2229 obiit
2273 2173 2604 2228 venerabilis
2626 2175 2910 2230 memoria
2931 2176 3192 2231 dominus
3213 2178 3482 2233 Theobal-

1888 2265 2011 2329 dus,
2043 2263 2492 2334 archiepiscopus
2531 2263 2976 2328 Cantuariensis,
3008 2265 3104 2335 qui
3135 2265 3280 2320 rexit
3308 2266 3482 2322 abba-

1887 2353 2026 2408 tiam
2056 2352 2216 2406 Becci
2236 2351 2453 2405 duobus
2482 2352 2666 2419 annis,
2687 2357 2745 2405 et
2766 2352 3020 2420 dimidio,
3038 2354 3479 2428 archiepiscopa-

1887 2449 2011 2496 tum
2036 2447 2225 2496 autem
2250 2441 2448 2511 viginti
2478 2440 2696 2496 duobus
2724 2441 2907 2509 annis,
2924 2441 3121 2498 diebus
3146 2445 3404 2512 totidem,
3423 2450 3482 2502 et

1887 2530 2067 2585 tribus
2095 2529 2401 2585 mensibus.

1960 2620 2167 2674 Eodem
2200 2635 2348 2672 anno
2375 2619 2728 2674 intraverunt
2744 2621 3002 2674 monachi
3023 2621 3183 2676 Becci
3201 2622 3259 2677 in
3275 2639 3482 2681 novum

1891 2724 2031 2777 opus
2059 2707 2322 2773 ecclesia,
2347 2707 2406 2760 in
2431 2706 2623 2777 vigilia
2645 2707 3069 2778 Assumptionis
3084 2709 3258 2765 beata
3270 2712 3479 2781 Maria,

1892 2801 2166 2866 prasente
2209 2795 2453 2849 Rotrodo
2483 2795 2742 2866 episcopo
2775 2796 3117 2865 Ebroicensi,
3161 2799 3257 2869 qui
3286 2806 3484 2870 postea

1891 2884 2002 2938 fuit
2029 2883 2481 2954 archiepiscopus
2512 2882 3002 2953 Rothomagensis.

1964 2973 2126 3025 Anno
2170 2971 2393 3025 Domini
2431 2970 2731 3024 millesimo
2776 2973 3081 3027 centesimo
3131 2975 3486 3046 sexagesimo

220 3063 472 3132 apostoli,
509 3079 541 3115 a
582 3062 883 3117 venerabili
915 3065 1149 3134 Hugone
1173 3065 1608 3135 Rothomagensi
1634 3064 1869 3122 archi-C
1894 3061 2158 3124 secundo,
2207 3059 2450 3114 Thomas
2497 3059 2705 3113 Bechet
2768 3058 3190 3118 Cantuariensis
3228 3063 3488 3118 Ecclesia

219 3151 494 3221 episcopo.
551 3153 762 3206 Extunc
805 3169 974 3222 super
1007 3170 1236 3223 gregem
1274 3154 1380 3207 sibi
1427 3154 1804 3218 commissum,

217 3254 312 3308 pro
333 3256 502 3310 posse
530 3257 650 3304 suo,
687 3242 776 3294 die
799 3258 862 3294 ac
886 3251 1046 3295 nocte
1077 3242 1340 3295 decenter
1379 3242 1700 3312 invigilans.
1745 3243 1814 3294 Et

221 3327 315 3380 hoc
357 3344 512 3382 anno
559 3329 698 3383 obiit
735 3329 995 3383 dominus
1035 3331 1353 3384 Bernardus
1396 3329 1566 3383 abbas
1605 3329 1811 3383 Montis

223 3415 404 3470 Sancti
441 3417 745 3481 Michaelis,
777 3419 1082 3472 monachus
1103 3419 1416 3478 Beccensis,
1452 3419 1546 3490 qui
1569 3419 1810 3472 multum

221 3504 363 3559 intus
395 3511 458 3559 et
484 3505 618 3560 foris
644 3507 788 3561 idem
819 3508 1221 3561 monasterium
1246 3507 1580 3560 emendavit.

286 3597 450 3648 Anno
477 3595 774 3650 millesimo
794 3597 1100 3650 centesimo
1121 3597 1588 3666 quinquagesimo
1618 3612 1812 3649 secun-

221 3680 304 3746 do,
337 3683 570 3754 quidam
595 3685 904 3738 monachus
941 3685 1255 3750 Beccensis,
1289 3685 1520 3739 nomine
1551 3685 1808 3750 Michael,

222 3769 391 3825 factus
445 3778 529 3826 est
568 3773 742 3826 abbas
787 3774 1061 3836 Pratellis,
1095 3775 1151 3827 in
1196 3775 1338 3828 festo
1370 3774 1548 3828 sancti
1586 3775 1812 3828 Thoma

222 3860 473 3930 apostoli.
497 3861 708 3915 Eodem
720 3878 867 3916 anno
889 3864 1132 3916 Joannes
1154 3863 1440 3917 Romanus
1455 3863 1548 3933 qui
1580 3881 1612 3916 a
1639 3879 1812 3933 puero

222 3947 400 4004 fuerat
455 3951 764 4004 monachus
813 3952 1002 4005 Sancti
1059 3951 1238 4015 Saba,
1300 3957 1357 4005 et
1408 3957 1602 4022 postea
1641 3951 1812 4005 abbas

224 4037 437 4093 Sancta
458 4040 647 4093 Maria
670 4040 725 4093 in
747 4039 1019 4110 Capitolio
1042 4041 1311 4103 Romano,
1327 4046 1383 4094 et
1403 4040 1596 4094 relicta
1616 4041 1812 4094 eadem

223 4125 444 4181 abbatia
496 4129 675 4182 factus
739 4129 922 4182 fuerat
977 4130 1283 4183 monachus
1342 4129 1520 4191 Becci,
1571 4129 1812 4200 perrexit

226 4214 477 4282 Romam,
501 4225 559 4271 et
577 4218 707 4272 inde
729 4219 953 4272 rediens
976 4225 1034 4283 8
1055 4224 1224 4289 caput
1252 4217 1400 4272 beati
1431 4218 1629 4272 Felicis
1662 4234 1811 4273 mar-.-

1892 3150 2319 3204 archidiaconus
2347 3155 2404 3204 et
2427 3149 2792 3204 cancellarius
2817 3151 2966 3220 regis
2996 3152 3242 3219 Henrici,
3259 3153 3488 3208 ordina-

1892 3245 1984 3293 tus
2013 3245 2070 3292 et
2095 3243 2451 3293 consecratus
2501 3242 2588 3291 est
2640 3238 3092 3311 archiepiscopus
3140 3241 3481 3310 Cantuaria,

1891 3327 2060 3382 tertio
2089 3329 2280 3382 Nonas
2319 3325 2490 3381 Junii.
3085 3344 3091 3350 -

1964 3418 2125 3470 Anno
2139 3415 2361 3469 Domini
2376 3415 2674 3470 millesimo
2694 3415 3000 3471 centesimo
3021 3419 3368 3488 sexagesimo
3378 3427 3489 3474 ter-

1891 3505 1991 3567 tio,
2043 3505 2356 3559 Alexander
2397 3521 2541 3576 papa
2585 3505 2770 3559 tenuit
2797 3506 3094 3560 concilium
3123 3507 3180 3561 in
3208 3509 3490 3562 Turonica

1895 3594 2138 3657 civitate,
2191 3594 2250 3648 in
2303 3610 2413 3664 quo
2458 3595 2703 3648 Thomas
2753 3595 3204 3666 archiepiscopus
3246 3597 3392 3650 sedit
3428 3597 3488 3652 in

1895 3683 2124 3736 dextera
2152 3688 2330 3754 parte,
2377 3687 2435 3736 et
2465 3683 2738 3752 Rogerius
2777 3684 2901 3754 [al.,
2935 3684 3239 3755 Rotrodus]
3290 3685 3489 3740 Ebroi-

1894 3771 2075 3825 censis
2105 3771 2161 3824 in
2195 3771 2442 3824 sinistra.
2477 3771 2541 3824 In
2571 3771 2767 3825 eodem
2811 3771 3047 3826 concilio
3087 3789 3182 3827 rex
3215 3773 3491 3829 Henricus

1895 3860 2347 3924 consuetudines,
2381 3875 2520 3930 quas
2541 3860 2718 3914 avitas
2745 3861 3084 3932 appellabat,
3109 3862 3272 3932 petiit
3291 3865 3490 3918 conﬁr-

1897 3949 2038 4002 mari
2060 3966 2094 4002 a
2111 3948 2337 4002 domino
2357 3964 2520 4018 papa,
2540 3949 2636 4002 sed
2656 3965 2767 4002 non
2795 3949 3283 4015 obtinuit,Thoma
3311 3952 3490 4006 archi-

1895 4037 2153 4108 episcopo
2185 4037 2500 4091 Cantuaria
2521 4037 2835 4092 resistente.

1966 4127 2128 4179 Anno
2166 4125 2388 4178 Domini
2437 4125 2732 4179 millesimo
2771 4125 3076 4180 centesimo
3142 4126 3488 4196 sexagesimo

1897 4221 2116 4285 quarto,
2150 4214 2295 4284 apud
2327 4214 2704 4267 Claredunum
2735 4214 2805 4267 ad
2828 4215 2986 4283 regni
3016 4214 3232 4284 Anglia
3261 4231 3490 4269 consue-

228 4306 380 4373 tyris,
408 4306 545 4359 socii
575 4307 832 4372 Adaucti,
866 4307 1056 4361 attulit
1077 4324 1285 4372 secum,
1319 4312 1376 4361 et
1395 4308 1644 4377 gratuito
1666 4307 1812 4361 dono
1831 4305 2120 4397 Dtudines
2142 4302 2520 4356 observandas
2546 4302 2723 4356 coacti
2749 4309 2885 4356 sunt
2928 4303 3204 4374 episc0pi;
3235 4309 3492 4359 exaucto-

225 4391 374 4447 dedit
409 4395 550 4449 illud
583 4395 838 4450 Ecclesia
863 4397 1140 4451 Beccensi.

288 4484 453 4536 Anno
480 4483 780 4538 millesimo
808 4486 1110 4540 centesimo
1133 4485 1598 4557 quinquagesimo
1625 4485 1812 4552 tertio,

221 4569 357 4624 obiit
382 4571 710 4626 Guilbertus
739 4573 808 4627 de
848 4574 1029 4640 Clara,
1063 4574 1211 4629 filius
1240 4574 1503 4629 Richardi
1534 4574 1602 4628 de
1629 4574 1812 4640 Clara,

220 4664 275 4713 et
299 4661 561 4731 sepultus
589 4666 676 4715 est
704 4662 853 4733 apud
893 4663 1120 4718 Clarum
1151 4664 1209 4717 in
1239 4664 1398 4729 cella,
1443 4679 1613 4734 quam
1653 4663 1813 4717 Guil-

219 4746 414 4804 bertus
444 4749 513 4804 de
545 4749 729 4816 Clara,
750 4768 885 4806 avus
903 4754 1044 4822 ejus,
1066 4752 1299 4807 dederat
1327 4752 1616 4807 monachis
1633 4752 1812 4817 Becci,

217 4838 311 4908 qni
337 4845 574 4894 vocatur
601 4840 722 4895 Stol
745 4859 758 4908 ;
787 4841 876 4894 cui
899 4842 1166 4895 successit
1188 4841 1460 4912 Rogerius
1481 4842 1629 4895 ﬁlius
1658 4841 1806 4912 ejus.

284 4929 454 4983 Anno
474 4931 702 4985 Domini
717 4931 1012 4986 millesimo
1029 4932 1331 4985 centesimo
1353 4930 1816 5002 quinquagesimo

217 5025 444 5088 quarto,
490 5025 647 5073 sexto
689 5020 970 5074 Kalendas
1010 5020 1182 5086 Junii,
1227 5020 1365 5074 feria
1413 5020 1628 5090 quinta,
1670 5019 1817 5072 infra

217 5115 446 5161 octavas
473 5109 852 5175 Pentecostes,
897 5109 1299 5163 monasterium
1344 5109 1503 5162 Beati
1532 5108 1817 5162 Michaelis

216 5195 285 5251 de
328 5197 590 5252 Periculo
636 5199 826 5265 maris,
872 5205 998 5270 post
1042 5197 1465 5252 tribulationem
1495 5214 1662 5268 quam
1718 5213 1818 5268 per

218 5286 673 5357 quinquennium
697 5287 810 5341 fere
823 5288 1013 5358 jugem
1037 5304 1264 5358 passum
1278 5287 1482 5351 fuerat,
1515 5287 1630 5340 Deo
1647 5286 1816 5340 mise-

217 5382 406 5440 rante,
452 5375 864 5446 aliquantulum
905 5377 1220 5448 respiravit,
1254 5377 1432 5430 electo
1475 5375 1818 5430 unanimiter

217 5461 287 5515 ab
316 5463 477 5516 omni
503 5471 780 5519 conventu
808 5465 1052 5520 Roberto
1076 5467 1145 5520 de
1161 5467 1447 5539 Tougeyo,
1467 5465 1653 5538 priore
1675 5466 1822 5520 clau-

217 5550 383 5605 strali
410 5550 698 5607 Beccensis
728 5554 1075 5610 monasterii.

1898 4392 2098 4446 risatos
2127 4397 2354 4462 propter
2379 4390 2657 4460 ﬂagitium
2695 4391 2927 4445 clericos
2960 4407 3054 4445 rex
3074 4391 3295 4446 dicebat
3319 4393 3489 4448 curia

1896 4481 2217 4544 tradendos,
2249 4485 2308 4533 et
2341 4480 2490 4533 illico
2513 4479 2846 4550 puniendos,
2883 4479 3332 4552 archiepiscopus
3360 4499 3490 4538 con-

1897 4569 2238 4635 tradicebat;
2272 4569 2367 4638 qui
2397 4568 2624 4639 quidem
2648 4569 3118 4640 archiepiscopus,
3143 4570 3316 4626 inscio
3332 4588 3484 4642 rege,

1899 4675 2098 4713 navem
2127 4657 2378 4712 ascendit
2407 4661 2642 4728 propter
2670 4657 2819 4728 quod
2852 4657 3001 4728 regis
3040 4658 3278 4714 incurrit
3311 4660 3489 4716 offen-

1898 4764 2040 4804 sam.

1969 4838 2115 4890 Nota
2134 4835 2281 4907 quod
2299 4850 2446 4889 anno
2467 4833 2653 4888 obitus
2673 4833 3034 4891 nobilissima
3054 4835 3301 4892 Matildis
3315 4837 3492 4911 impe-

1897 4925 2134 4990 ratricis,
2173 4925 2284 4978 tria
2322 4924 2481 4994 signa
2509 4922 2567 4976 in
2599 4923 2737 4977 calo
2765 4923 2884 4977 visa
2920 4930 3089 4992 sunt;
3124 4943 3256 4981 nam
3296 4944 3490 4983 mense

1899 5013 2101 5068 Martio
2127 5019 2346 5067 cometa
2370 5013 2427 5065 in
2458 5011 2642 5066 Gallia
2669 5012 2968 5083 apparuit;
3001 5029 3192 5069 mense
3221 5015 3367 5070 Julio
3389 5017 3493 5070 cir-

1900 5105 2059 5158 culus
2108 5102 2382 5156 aethereus
2436 5101 2584 5155 circa
2629 5102 2803 5155 solem
2857 5103 3238 5172 resplenduit;
3296 5120 3490 5157 mense

1900 5199 2095 5264 postea
2119 5190 2433 5262 Septembri
2463 5190 2650 5244 media
2677 5194 2860 5256 nocte,
2889 5191 3024 5245 luna
3039 5196 3159 5244 tota
3183 5191 3493 5260 sanguinea

1901 5282 2112 5337 diutius
2160 5282 2277 5334 visa
2305 5286 2388 5334 est
2436 5278 2662 5349 regibus
2704 5279 2918 5348 Anglia
2961 5285 3018 5332 et
3066 5279 3332 5343 Francia,
3365 5284 3494 5349 post

1901 5372 2115 5426 Pascha
2141 5387 2399 5440 sequens,
2433 5369 2503 5422 ad
2544 5384 2604 5422 se
2649 5367 2884 5420 incivem
2923 5366 3388 5420 discordantibus.
3423 5369 3494 5423 Et

1903 5460 2056 5514 misit
2103 5461 2410 5531 imperator
2447 5456 2813 5520 Alemannia,
2871 5471 2998 5509 cum
3045 5455 3184 5508 duce
3241 5455 3494 5511 Saxonia

1903 5554 2106 5622 nepote
2134 5550 2275 5619 ejus,
2308 5547 2535 5603 nuntios
2560 5545 2631 5599 ad
2661 5560 2852 5614 regem
2896 5544 3110 5614 Anglia
3155 5561 3363 5614 genero
3401 5546 3494 5616 [f.,
