3864 6176
460 223 566 280 655
1371 217 1465 270 AD
1505 216 1744 271 OPERA
1784 215 1846 280 Β,
1890 213 2302 268 LANFRANUI
2343 219 2728 275 APPENDIX.
3561 230 3649 286 65,,

456 348 752 422 generum]
790 344 946 399 ducis
985 340 1260 406 Saxoniae,
1292 340 1425 410 quia
1461 341 1693 393 dederat
1721 341 1868 394 dicto
1913 337 2038 392 duci
2057 340 2251 397 Acum
2275 358 2476 412 magno
2504 346 2709 414 gaudio
2732 347 3037 417 suscipitur
3066 345 3136 399 ab
3163 348 3415 413 omnibus,
3448 353 3651 408 maxime

455 440 629 494 filiam
658 451 816 491 suam
845 433 902 486 in
929 429 1269 500 conjugium,
1301 434 1356 482 et
1377 429 1662 483 mandavit
1690 436 1753 482 ut
1767 446 1893 483 cum
1913 444 2043 496 rege
2127 446 2161 482 a
2200 432 2486 485 monachis
2517 434 2888 488 clamantibus
2928 435 3184 488 omnibus
3215 454 3224 487 :
3252 439 3552 498 Benedictus.
3573 447 3653 509 qui

454 529 794 582 Francorum
838 537 1032 593 pacem
1069 519 1254 583 iniret,
1300 517 1554 588 foretque
1604 519 1724 587 ejus
1771 517 2038 571 auxilium
2125 522 2271 570 venit
2303 524 2364 572 in
2395 525 2618 574 nomine
2639 526 3072 590 Dominiann.
3108 538 3202 589 xu,
3232 523 3326 592 13).
3349 525 3475 579 Cum
3495 535 3653 583 autem

451 632 552 687 pro
577 630 642 668 eo
681 627 802 667 esse
844 615 1124 682 paratum,
1157 611 1214 660 et
1240 605 1394 659 misit
1429 605 1605 660 dictos
1647 606 1874 659 nuntios
1911 622 2039 659 cum
2123 612 2250 676 post
2277 608 2381 661 hoc
2419 609 2675 664 tenderet
2722 627 2911 665 versus
2941 612 3265 665 Wdescoalh
3304 614 3368 666 ad
3397 615 3653 671 videndum

451 703 598 757 dicto
650 701 788 756 duce
831 700 1270 766 Rothomagum.
1318 695 1435 749 Rex
1464 700 1654 748 autem
1705 695 1871 764 paulo
1917 700 2041 764 post
2123 711 2312 764 regem
2335 713 2560 763 novum,
2587 704 2644 752 et
2661 694 3040 768 hospitaretur
3072 700 3218 768 apud
3257 701 3646 766 Suthowrd,au-

450 795 674 846 secutus
713 794 798 843 est
823 804 972 853 eum,
1019 792 1077 840 et
1107 785 1186 838 eis
1218 783 1512 838 consilium
1549 799 1712 836 suum
1736 783 2035 848 intimavit,
2121 783 2262 837 divit
2289 785 2518 839 nuntios
2548 803 2612 839 ex
2641 792 2800 857 parte
2830 789 2996 856 regis,
3029 804 3099 840 ne
3122 795 3428 858 peragraret
3453 807 3652 859 regnum

447 885 506 934 et
540 895 671 933 vasa
699 893 873 932 aurea
897 881 953 928 et
981 878 1247 943 argentea
1272 872 1524 943 praeclari
1554 872 1818 941 ponderis
1846 872 2032 938 dedit;
2119 872 2354 941 Anglize,
2390 874 2634 928 ofﬁcium
2656 891 2820 929 suum
2843 877 3213 945 exsequendo,
3247 877 3338 930 sed
3367 880 3653 947 quantocius

443 968 637 1039 sicque
674 967 745 1020 ad
773 966 1171 1035 imperatorem
1199 960 1430 1014 consilio
1447 975 1548 1013 suo
1565 960 1644 1013 eis
1673 960 2030 1025 demandato,
2118 962 2430 1031 repedaret,
2457 963 2815 1016 residentiam
2839 965 3090 1018 facturus
3115 965 3171 1017 in
3201 965 3426 1018 Ecclesia
3441 966 3653 1020 Cantua-

443 1057 602 1112 letos
623 1054 841 1110 remisit
872 1071 884 1106 :
919 1057 976 1105 et
1003 1050 1159 1104 dedit
1187 1049 1448 1102 dominus
1487 1064 1584 1102 rex
1611 1049 1876 1118 praedicto
1907 1048 2034 1102 duci
2117 1049 2320 1115 riensi;
2375 1050 2465 1103 ubi
2520 1068 2644 1104 cum
2685 1052 2800 1106 fere
2838 1053 3066 1106 unicum
3105 1070 3345 1106 mensem
3375 1055 3651 1117 resedisset,

442 1146 581 1201 duos
610 1143 925 1215 leopardos.
949 1141 1099 1194 Nota
1129 1139 1300 1192 etiam
1329 1137 1482 1206 quod
1513 1137 1582 1191 de
1610 1142 1776 1207 partu
1805 1137 1907 1190 ﬁlii
1944 1137 2032 1191 sui
2114 1137 2203 1190 die
2225 1138 2546 1192 Nativitatis
2574 1140 2798 1192 Domini
2819 1140 3310 1194 excommunicavit
3338 1141 3653 1210 Nigellumde

440 1232 696 1289 Gaufridi
724 1233 1009 1285 inﬁrmata
1034 1227 1189 1281 obiit.
2116 1226 2424 1280 Sachevilla
2450 1233 2506 1280 et
2534 1227 2838 1281 Robertum
2870 1229 2938 1281 de
2963 1229 3194 1292 Brooch,
3215 1236 3270 1282 et
3289 1235 3469 1298 postea
3484 1229 3534 1281 in
3553 1245 3655 1282 cra-

509 1324 672 1376 Anno
714 1319 940 1375 Domini
985 1316 1284 1370 millesimo
1330 1314 1633 1368 centesimo
1685 1314 2030 1383 sexagesimo
2113 1315 2259 1367 stino
2291 1315 2610 1368 festivitatis
2641 1322 2961 1369 sanctorum
2999 1315 3380 1370 Innocentium
3411 1317 3596 1370 occisus
3627 1333 3655 1370 a

438 1415 613 1476 sexto,
629 1409 766 1464 obiit
794 1408 995 1462 Petrus
1019 1404 1191 1458 abbas
1212 1392 1737 1466 Gemeticensis,cui
1765 1403 2031 1456 successit
2114 1409 2357 1472 quatuor
2386 1403 2658 1457 militibus
2690 1405 2747 1457 in
2788 1411 2967 1458 matre
3006 1405 3238 1458 ecclesia
3283 1404 3650 1469 Cantuariensi,

436 1498 709 1569 Rogerius
737 1495 1045 1549 monachus
1083 1491 1391 1556 Beccensis,
1436 1492 1550 1545 Deo
1581 1496 1637 1543 et
1677 1490 1924 1558 regibus,
1972 1495 2030 1543 et
2110 1498 2240 1544 ante
2269 1493 2444 1545 altare
2476 1493 2663 1546 Sancti
2683 1494 2998 1546 Benedicti:
3024 1501 3258 1547 mortem
3290 1494 3456 1563 ipsius
3476 1493 3526 1546 in
3551 1510 3656 1547 con-

432 1587 629 1641 multis
675 1585 800 1640 aliis
843 1584 1064 1648 charus,
1099 1586 1156 1635 et
1198 1581 1258 1634 in
1287 1579 1482 1633 diebus
1529 1581 1650 1649 ejus
1674 1579 1854 1633 multa
1885 1579 2080 1651 bonab
2109 1587 2297 1649 spectu
2313 1580 2534 1633 Domini
2552 1582 2849 1650 pretiosam
2875 1582 3018 1636 mira
3038 1583 3426 1636 miraculorum
3446 1582 3654 1651 insignia

430 1678 810 1747 provenerunt
832 1670 1090 1726 Ecclesiae
1119 1668 1516 1723 Gemeticensi.
2040 1647 2086 1703 Β
2105 1675 2507 1738 protestantur.
2551 1670 2751 1723 Postea
2793 1670 2946 1724 missi
2989 1679 3122 1724 sunt
3154 1672 3335 1725 nuntii
3363 1686 3395 1724 a
3422 1686 3536 1739 rege
3564 1672 3652 1722 An-

499 1765 664 1818 Anno
711 1761 934 1817 Domini
973 1758 1270 1813 millesimo
1320 1757 1628 1811 centesimo
1674 1755 2022 1825 sexagesimo
2102 1757 2325 1826 glorum
2345 1757 2414 1810 ad
2437 1757 2724 1810 dominum
2755 1759 3082 1829 papam,qui
3115 1776 3242 1813 eum
3275 1764 3578 1812 excusarent
3596 1759 3651 1810 de

427 1858 604 1921 sexto,
632 1853 874 1906 Thomas
905 1848 1357 1917 archiepiscopus
1385 1846 1540 1899 venit
1563 1845 1901 1899 Viceliacum
1931 1844 2021 1897 die
2105 1853 2283 1899 morte
2338 1845 2530 1916 ipsius,
2569 1851 2625 1899 et
2680 1847 3054 1901 innocentiam
3088 1849 3500 1918 praetenderent.
3532 1848 3651 1900 Nam

427 1940 810 2004 Ascensionis,
837 1943 896 1992 et
933 1937 1318 1991 observatores
1348 1933 1838 1997 consuetudinum,
1881 1949 2020 2002 quas
2104 1934 2197 2002 [f.,
2229 1935 2361 2003 non]
2395 1935 2572 1988 multo
2603 1943 2730 2005 post
2758 1936 3054 2005 praedictus
3079 1937 3509 2006 archiepiscopus
3537 1935 3652 1988 mul-

424 2028 602 2082 avitas
624 2026 913 2097 appellant
934 2024 993 2078 in
1031 2023 1253 2092 Anglia,
1291 2021 1618 2075 solemniter
1647 2021 2018 2074 excommuni-
2100 2022 2174 2075 tis
2208 2023 2492 2076 miraculis
2524 2023 2743 2085 claruit,
2781 2030 2836 2078 et
2866 2031 3091 2078 sanctus
3111 2025 3352 2078 Thomas
3375 2025 3651 2094 appellatus

421 2117 586 2170 cavit.
2099 2119 2186 2164 est
2217 2131 2228 2162 :
2260 2118 2317 2164 et
2338 2112 2394 2164 in
2443 2128 2589 2165 anno
2620 2113 2916 2166 millesimo
2947 2114 3253 2168 centesimo
3282 2113 3652 2183 septuagesimo

493 2204 677 2258 Ethoc
700 2218 848 2257 anno
860 2201 1059 2272 regina
1073 2199 1288 2270 Angliae
1317 2198 1554 2252 Alienor
1569 2197 1786 2268 peperit
1811 2197 2012 2260 ﬁlium,
2098 2205 2291 2253 octavo
2323 2201 2470 2253 idem
2501 2203 2782 2270 pretiosus
2809 2209 3026 2271 martyr
3051 2203 3408 2256 canonizatus
3435 2207 3527 2254 est.

419 2308 586 2364 quem
613 2291 829 2346 vocavit
855 2292 1130 2345 Joannem
1169 2287 1290 2340 sine
1323 2291 1492 2340 terra.
1529 2287 1670 2341 Item
1723 2287 1827 2339 hoc
1865 2302 2012 2339 anno
2095 2291 2360 2355 Purgatio
2375 2291 2607 2342 Henrici
2625 2293 3057 2357 regisAngliaBde
3074 2298 3245 2344 morte
3261 2292 3645 2344 sanctiThomz.

415 2380 742 2434 Willermus
793 2376 1102 2448 Papiensis,
1159 2380 1216 2429 et
1271 2375 1516 2428 Joannes
1572 2373 2006 2444 Neapolitensis,
2166 2378 2418 2431 Hammo
2458 2378 2563 2444 (7‘2)
2601 2379 2716 2447 regi
2761 2379 2998 2448 Angliae,
3036 2381 3332 2433 ALBERTUS
3358 2378 3649 2449 dignatione

415 2467 574 2521 missi
603 2473 736 2522 sunt
766 2466 1014 2521 audituri
1040 2479 1268 2519 causam
1303 2461 1453 2533 regis
1490 2463 1705 2533 Angliae
1736 2468 1793 2516 et
1821 2462 2008 2515 archi-
2093 2466 2279 2518 divina
2326 2466 2478 2519 tituli
2524 2467 2702 2519 sancti
2750 2467 3059 2530 Laurentii,
3115 2473 3174 2520 et
3204 2469 3475 2523 Tnaumss
3522 2464 3650 2518 tituli

413 2554 661 2627 episcOpi
695 2557 954 2619 Thomas;
1011 2553 1110 2607 sed
1159 2551 1364 2605 infecto
1413 2552 1642 2621 negotio
1684 2551 2002 2616 redierunt;
2094 2554 2283 2608 Sancti
2315 2555 2532 2620 Vitalis,
2565 2554 2878 2625 presbyteri
2910 2555 3244 2616 cardinales,
3279 2564 3334 2609 et
3361 2554 3646 2626 apostolicae

415 2644 834 2716 archiepiscOpo
874 2648 1064 2698 autem
1105 2641 1164 2694 in
1201 2639 1438 2694 Francia
1484 2640 1877 2703 commoranti,
1911 2656 2005 2692 rex
2089 2643 2237 2696 sedis
2270 2644 2459 2712 legati,
2485 2644 2725 2696 salutem
2751 2643 2808 2695 in
2829 2660 2893 2696 eo
2925 2644 3019 2713 qui
3049 2645 3146 2696 dat
3166 2645 3402 2698 salutem
3429 2644 3647 2713 regibus.

410 2732 757 2786 Francorum
799 2731 1115 2787 Ludovicus
1146 2728 1390 2800 providit
1424 2729 1476 2782 ei
1521 2730 1582 2784 in
1621 2729 1876 2800 expensis
1904 2744 2005 2798 per
2091 2732 2172 2784 Ne
2202 2731 2260 2784 in
2290 2731 2522 2784 dubium
2555 2732 2780 2785 veniant
2810 2749 2931 2801 quae
2951 2740 3252 2801 geruntur,
3284 2739 3340 2786 et
3356 2749 3482 2786 usus
3502 2730 3648 2783 habet

408 2828 652 2892 quatuor
681 2837 878 2875 annos.
2090 2827 2146 2874 et
2164 2820 2476 2874 communis
2500 2821 2874 2874 consideratio
2894 2821 3152 2874 utilitatis
3173 2822 3421 2892 exposcit
3447 2826 3506 2874 ut
3531 2819 3651 2873 scri-

476 2911 640 2965 Anno
695 2910 918 2964 Domini
975 2909 1275 2963 millesimo
1326 2907 1630 2963 centesimo
1657 2905 2062 2978 sexagesimoc
2089 2916 2266 2980 ptume
2317 2909 2463 2962 serie
2512 2909 2752 2963 debeant
2779 2910 3055 2963 adnotari.
3093 2911 3231 2964 Inde
3261 2918 3344 2964 est
3379 2911 3423 2963 si
3451 2909 3650 2979 quidem

406 3000 667 3070 septimo,
691 2998 1029 3068 Rothomagi
1050 2998 1200 3068 apud
1229 2998 1465 3052 Pratum
1486 2996 1628 3050 obiit
1654 2993 2002 3048 nobilissima
2086 2999 2237 3068 quod
2269 2999 2595 3052 mandatum
2620 2999 2770 3052 istud
2795 2998 2852 3052 in
2865 2999 3132 3069 scriptum
3150 3001 3408 3054 duximus
3427 2998 3653 3067 redigen-

403 3092 470 3151 θ
496 3088 726 3142 domina
753 3086 1040 3141 Mathildis
1068 3085 1396 3156 imperatrix
1441 3086 1846 3146 Romanorum,
1889 3082 2003 3134 ﬁlia

401 3176 571 3246 primi
591 3175 816 3230 Henrici
848 3175 997 3245 regis
1013 3176 1050 3227 A
1062 3173 1633 3244 nglorum,quondam
1654 3187 1793 3226 uxor
1819 3170 1895 3222 im
1900 3187 1998 3239 pe-

401 3265 605 3318 ratoris
635 3264 876 3318 Romani
900 3262 1128 3316 Henrici
1159 3262 1574 3333 quarti,quarto
1596 3261 1728 3314 Idus
1743 3260 1997 3329 Septem-

399 3351 554 3418 bris;
597 3353 758 3421 cujus
795 3367 996 3420 corpus
1026 3350 1175 3421 apud
1226 3352 1465 3404 Beccum
1509 3349 1756 3402 delatum
1805 3353 1907 3412 est,
1944 3353 2000 3400 et

2085 3086 2220 3138 dum
2245 3085 2394 3155 quod
2424 3085 2576 3138 vobis
2625 3101 2725 3154 pro
2754 3102 2818 3137 eo
2853 3086 3082 3140 facimus
3111 3087 3263 3156 quod
3296 3086 3651 3139 malefactores

2083 3174 2208 3227 illos
2233 3174 2327 3243 qui
2359 3179 2566 3226 sanctae
2590 3175 2874 3227 memoria:
2905 3174 3180 3228 Thomam
3213 3177 3490 3246 quondam
3520 3175 3649 3228 Can-

2083 3263 2426 3315 tuariensem
2469 3262 2949 3333 archiepiscopum
2995 3264 3342 3325 occiderunt,
3387 3263 3649 3318 ocuasione

2083 3359 2269 3405 motus
2307 3359 2363 3404 et
2416 3351 2855 3421 perturbationis
2896 3368 3062 3422 quam
3110 3353 3396 3419 viderunt,
3435 3352 3501 3405 ad
3528 3349 3651 3404 illud

400 3445 532 3493 ante
553 3440 728 3493 altare
749 3438 924 3492 beatae
946 3439 1138 3493 Mariae
1155 3438 1445 3508 genitricis
1470 3438 1570 3490 Dei
1599 3437 1658 3490 in
1687 3436 1882 3490 eadem
1915 3452 1998 3489 ec-
2079 3439 2293 3493 facinus
2322 3440 2658 3510 processisse
2680 3440 2909 3494 timetis.
2948 3442 3128 3511 Super
3156 3459 3270 3512 quo
3309 3448 3492 3496 tamen
3521 3441 3649 3492 facto

399 3528 570 3582 clesia
619 3528 924 3582 honoriﬁce
968 3527 1266 3598 sepultum.
1309 3527 1438 3580 Fuit
1489 3525 1659 3580 etiam
1711 3525 1995 3578 comitissa
2077 3527 2469 3598 purgationem
2502 3528 2559 3580 in
2589 3536 2780 3581 nostra
2799 3529 3116 3598 praesentia,
3136 3529 3207 3583 de
3231 3531 3508 3583 voluntate
3533 3541 3648 3597 pro-

394 3616 830 3687 Andegavensis,
859 3616 1032 3670 etiam
1057 3616 1256 3685 regina
1295 3614 1530 3685 Anglize,
1580 3620 1637 3668 et
1676 3619 1858 3667 mater
1899 3630 1992 3666 se-
2071 3615 2196 3684 pria
2218 3616 2575 3685 praestitistis,
2613 3617 2760 3685 quod
2787 3617 3042 3670 videlicet
3060 3635 3162 3671 nec
3191 3617 3528 3688 praecepistis
3557 3629 3645 3667 nec

394 3707 563 3762 cundi
585 3705 810 3760 Henrici
838 3705 990 3775 regis
1016 3705 1348 3774 Anglorum.
2071 3705 2324 3757 voluistis
2349 3711 2412 3757 ut
2439 3704 2804 3772 occideretur,
2829 3712 2885 3758 et
2907 3707 3129 3775 quando
3159 3707 3416 3777 pervenit
3445 3705 3511 3759 ad
3539 3719 3642 3765 vos,

466 3797 597 3850 Haec
643 3794 994 3848 nobilissima
1014 3793 1244 3848 domina
1270 3793 1331 3846 in
1362 3792 1478 3847 vita
1509 3808 1612 3846 sua
1636 3807 1808 3845 manu
1843 3791 1987 3844 sicut
2065 3793 2374 3863 plurimum
2391 3793 2667 3860 doluistis;
2688 3794 2756 3847 ab
2769 3795 3002 3848 instanti
3015 3796 3296 3866 siquidem
3309 3798 3642 3850 Pentecostes

391 3886 567 3957 larga,
597 3885 680 3938 ita
705 3885 923 3948 devota,
963 3884 1259 3938 thesauros
1288 3899 1419 3937 suos
1449 3881 1736 3952 orphanis,
1778 3880 1977 3946 viduis,
2065 3899 2243 3953 usque
2273 3883 2343 3936 ad
2371 3900 2602 3948 annum,
2634 3890 2850 3937 tantam
2873 3885 3162 3954 pecuniam
3190 3885 3399 3939 dabitis
3419 3883 3557 3938 unde
3576 3879 3640 3934 ad

388 3981 448 4030 et
464 3974 695 4046 reliquis
714 3972 1053 4045 pauperibus
1071 3971 1375 4038 distribuit,
1395 3978 1451 4025 et
1467 3971 1709 4025 maxime
1736 3969 1982 4023 ecclesiis
2063 3972 2361 4025 arbitrium
2382 3972 2837 4043 fratrumTempli
2851 3973 3076 4027 ducenti
3107 3975 3320 4028 milites
3351 3975 3564 4028 valeant
3577 3969 3640 4024 ad

389 4070 447 4120 et
475 4063 852 4118 monasteriis.
881 4061 1288 4116 Monasterium
1321 4077 1452 4114 vero
1495 4060 1772 4114 Beccense
1801 4059 1980 4112 abun-
2062 4061 2443 4115 defensionem
2487 4061 3010 4134 Hierosolymitanae
3049 4068 3217 4118 terrae
3255 4081 3358 4136 per
3411 4063 3638 4134 spatium

386 4153 630 4209 dantiori
649 4152 1037 4207 benedictione
1060 4151 1121 4204 in
1147 4167 1307 4216 auro,
1329 4158 1582 4220 argento,
1614 4155 1672 4202 et
1699 4148 1978 4219 lapidibus
2060 4151 2227 4204 unius
2252 4151 2385 4204 anni
2405 4151 2607 4204 teneri.
2633 4152 2742 4204 Vos
2765 4158 2957 4205 autem
2982 4169 3017 4206 a
3046 4154 3308 4223 sequenti
3354 4152 3639 4208 Nativitate

383 4243 663 4314 pretiosis,
683 4259 748 4296 ac
767 4241 1063 4312 multiplici
1084 4248 1288 4294 ornatu
1306 4239 1549 4293 ecclesiae
1570 4254 1737 4309 quam
1759 4238 1978 4308 reliqua
1994 4271 2046 4332 Β
2064 4238 2288 4292 Domini
2338 4255 2517 4309 usque
2565 4239 2636 4291 ad
2683 4240 3012 4308 triennium,
3057 4258 3284 4297 crucem
3327 4240 3598 4313 accipietis
3622 4260 3635 4306 ;

381 4332 742 4395 monasteria,
776 4330 1090 4396 decoravit;
1123 4335 1180 4382 et
1207 4329 1401 4383 multis
1428 4327 1690 4382 humanis
1720 4327 1974 4398 precibus
1994 4327 2035 4332 “
2059 4328 2314 4400 proxima
2337 4334 2472 4382 tunc
2500 4333 2691 4382 aestate
2721 4329 2868 4383 illuc'
2897 4331 2955 4384 in
3004 4332 3233 4401 propria
3262 4347 3518 4403 persona,
3549 4328 3640 4382 du-

382 4437 417 4475 a
435 4426 596 4492 patre
609 4436 712 4474 suo
741 4418 984 4473 obtinuit
1002 4423 1067 4472 ut
1095 4417 1303 4472 ibidem
1329 4424 1457 4489 post
1483 4418 1784 4472 transitum
1806 4433 1974 4471 suum
2057 4423 2216 4471 cente
2242 4417 2500 4484 Domino,
2531 4417 2854 4488 profecturi,
2881 4418 2987 4472 nisi
3013 4422 3403 4475 remanseritis
3431 4436 3529 4490 per
3553 4418 3638 4471 do-

375 4509 725 4582 sepeliretur.
2056 4507 2274 4562 minum
2321 4523 2545 4577 papam,
2580 4507 2664 4560 vel
2704 4508 3039 4562 catholicum
3094 4511 3218 4579 ejus
3247 4523 3635 4565 successorem.

447 4601 610 4653 Anno
636 4596 862 4652 Domini
893 4596 1188 4651 millesimo
1217 4596 1524 4650 centesimo
1554 4595 1968 4667 septuagesimo
2057 4596 2202 4650 Sane
2215 4595 2261 4649 si
2283 4602 2479 4649 contra
2501 4597 2836 4651 Sarracenos
2857 4597 2916 4650 in
2945 4598 3281 4668 Hispaniam
3306 4617 3410 4670 pro
3427 4595 3636 4668 urgenti

376 4686 578 4757 primo,
593 4683 890 4740 interdicto
919 4686 1239 4756 supradicto
1259 4701 1371 4739 non
1385 4684 1962 4750 obstante,Henricus,
2052 4685 2384 4740 necessitate
2406 4685 2638 4756 profecti
2657 4685 3176 4757 fueritis,quantum
3198 4690 3471 4760 temporis
3483 4684 3640 4741 fuerit

375 4776 524 4831 illius
554 4775 782 4829 Henrici
811 4775 959 4845 regis
981 4775 1312 4844 Anglorum,
1339 4774 1628 4828 Dominica
1658 4779 1785 4844 post
1812 4781 1965 4827 octa-
2053 4789 2120 4827 ex
2170 4791 2278 4844 quo
2326 4775 2679 4845 arripueritis
2708 4776 2834 4842 iter,
2869 4779 3226 4832 tantumdem
3259 4778 3636 4850 supradictum

371 4881 468 4920 vas
498 4865 858 4920 Pentecostes
889 4864 1042 4935 apud
1075 4863 1430 4918 Lundoniam
1457 4869 1658 4916 unctus
1685 4870 1769 4915 est
1793 4862 1852 4915 in
1883 4880 1966 4916 re-
2049 4864 2298 4933 spatium
2367 4864 2890 4935 Hierosolymitanm
2957 4867 3319 4937 profectionis
3389 4864 3636 4938 poteritis

368 4970 498 5026 gem
527 4971 629 5025 per
659 4970 888 5008 manum
929 4953 1178 5024 praedicti
1220 4952 1445 5022 Rogerii
1472 4951 1838 5006 Eboracensis
1869 4968 1961 5005 ar-
2045 4952 2401 5022 prolongare.
2430 4954 2847 5023 Appellationes
2877 4972 2988 5009 non
3018 4958 3360 5027 impedietis,
3393 4974 3495 5012 nec
3523 4970 3638 5026 per-

367 5043 1007 5116 chiepiscopi,praesente
1027 5041 1270 5096 Henrico
1287 5047 1447 5112 patre
1461 5041 1804 5094 suo.Deinde
1833 5047 1960 5111 post
2045 5041 2281 5095 mittetis
2319 5042 2579 5113 impediri
2611 5043 2745 5114 quin
2773 5044 2946 5099 libere
2976 5048 3118 5100 ﬁant
3145 5047 3205 5100 in
3252 5043 3634 5101 ecclesiasticis

365 5150 573 5205 paucos
587 5134 707 5188 dies
721 5134 964 5187 Thomas
978 5131 1428 5201 archiepiscopus
1451 5130 1873 5185 Cantuariensis
1887 5132 1956 5184 de
2040 5131 2222 5184 causis
2250 5132 2321 5184 ad
2353 5132 2664 5186 Romanam
2699 5135 2997 5188 Ecclesiam
3023 5137 3146 5205 [al.,
3167 5137 3485 5191 Romanum
3498 5151 3630 5206 pon-

362 5223 616 5288 Francia,
650 5223 746 5276 ubi
775 5238 874 5293 per
901 5237 997 5275 sex
1022 5236 1200 5274 annos
1227 5226 1285 5273 et
1309 5220 1553 5290 amplius
1583 5220 1952 5282 exsulaverat,
2039 5219 2292 5290 tiﬁcem],
2326 5220 2469 5274 bona
2501 5222 2630 5287 ﬁde,
2665 5223 2874 5293 absque
2903 5224 3097 5278 fraude
3128 5234 3182 5280 et
3206 5227 3358 5280 malo
3390 5224 3626 5294 ingenio,

358 5325 616 5368 reversus
645 5316 732 5365 est
752 5312 812 5364 in
830 5310 1093 5381 Angliam
1113 5327 1126 5377 ;
1147 5315 1207 5363 et
1231 5309 1291 5362 in
1311 5309 1543 5362 ecclesia
1560 5308 1951 5364 Cantuariensi
2036 5315 2100 5362 ut
2107 5311 2527 5380 perRomanum
2541 5312 2861 5382 pontiﬁcem
2877 5330 3059 5368 causae
3076 5319 3462 5370 tractenturet
3473 5329 3631 5370 suum

432 5487 534 5557 (72)
569 5488 888 5543 Absolvitur
925 5488 1200 5544 Henricus
1229 5505 1264 5540 a
1292 5504 1428 5542 nece
1446 5488 1754 5554 S.Thon1aa,
1787 5490 1997 5552 Baaox.
2026 5494 2237 5548 Annal.
2264 5492 2334 5546 ad
2365 5509 2457 5546 an.
2487 5489 2644 5550 H72.
