3864 6176
193 312 290 371 657

1396 319 1821 374 CHRONICON
1861 321 2136 375 BECGEN
2144 318 2246 372 SE.

3351 306 3456 364 658

194 447 607 514 consequantur
643 444 920 498 effectum.
969 444 1058 498 Sic
1098 451 1286 498 tamen
1327 450 1392 499 ut
1424 447 1471 499 si
1513 446 1663 500 vobis
1692 447 2191 508 su-Avenerabilis
2243 449 2298 498 et
2355 442 2627 497 discretus
2693 437 2779 491 vir
2835 435 3097 490 dominus
3156 433 3453 504 Rogerius,

152 564 158 570 ~
192 531 793 602 spectifuerintaliqui,
810 531 1013 584 faciant
1028 534 1384 586 securitatem
1402 535 1547 604 quod
1572 537 1782 588 malum

190 627 426 674 vestrum
464 621 547 674 vel
575 621 731 690 regni
766 623 934 674 vestri
965 637 1074 673 non
1101 629 1372 691 qua-rent.
1409 624 1782 677 Consuetudi-

192 726 300 774 nes,
352 725 480 779 quae
526 710 764 762 inductae
809 715 939 762 sunt
983 714 1177 762 contra
1218 711 1489 764 Ecclesias
1529 716 1782 782 tempore

191 803 385 862 vestro,
436 798 768 863 dimittetis;
826 798 1203 868 possessiones
1242 799 1485 854 ecclesiae
1534 801 1780 855 Cantua-

189 886 396 951 riensis,
429 887 476 939 si
513 903 636 957 qua:
673 887 872 940 ablatae
896 893 1046 949 sunt,
1078 887 1385 941 restituatis
1413 889 1558 942 sicut
1587 889 1782 944 habuit

188 990 289 1028 uno
319 991 471 1027 anno
503 982 807 1044 antequam
833 974 1279 1044 archiepiscOpus
1308 977 1376 1028 de
1407 977 1607 1046 Anglia
1626 995 1780 1048 egre-

190 1063 422 1116 deretur.
459 1063 692 1116 Clericis
721 1069 992 1133 praeterea
1019 1069 1076 1116 et
1113 1063 1268 1116 laicis
1294 1065 1590 1135 utriusque
1614 1084 1778 1122 sexus

188 1169 365 1222 pacem
409 1158 680 1214 vestram,
727 1158 784 1204 et
828 1152 1088 1221 gratiam,
1139 1158 1196 1206 et
1227 1153 1602 1224 possessiones
1645 1172 1775 1210 suas

189 1240 508 1305 restituetis;
529 1239 756 1310 quibus,
778 1241 1066 1294 occasione
1085 1241 1331 1310 praedicti
1349 1241 1770 1314 archiepiscopi,

188 1329 426 1382 destituti
436 1329 691 1383 fuerunt.
710 1330 826 1382 Hoc
839 1336 1026 1382 autem
1046 1329 1378 1384 auctoritate
1391 1331 1601 1384 domini
1616 1350 1774 1402 papae

187 1419 235 1470 in
261 1418 654 1471 remissionem
678 1424 1031 1488 peccatorum
1063 1423 1373 1472 vestrorum
1403 1420 1768 1490 injungimus,

188 1513 236 1559 et
261 1506 620 1576 praecipimus
650 1506 968 1569 observare,
1002 1505 1147 1558 bona
1177 1507 1302 1571 fide,
1340 1507 1548 1580 absque
1581 1510 1775 1563 fraude

188 1600 234 1647 et
253 1595 394 1647 malo
425 1595 678 1664 ingenio.
709 1595 924 1648 Juravit
944 1595 1047 1648 hoc
1075 1611 1187 1656 rex,
1216 1597 1427 1664 juravit
1455 1605 1511 1650 et
1534 1599 1602 1651 de
1641 1616 1773 1652 con-

188 1682 565 1737 suetudinibus
617 1683 982 1747 dimittendis,
1013 1690 1069 1736 et
1105 1684 1253 1737 ﬁlius
1283 1687 1424 1754 ejus,
1457 1693 1513 1740 et
1545 1689 1772 1756 jurave-

1864 544 1996 591 tunc
2026 537 2179 607 prior
2205 531 2518 589 claustralis
2547 527 2802 583 Ecclesiae
2834 525 3143 580 Beccensis.

1934 627 2094 678 Anno
2125 622 2351 677 Domini
2399 618 2695 672 millesimo
2738 616 3043 669 centesimo
3089 614 3454 684 nonagesimo

1864 720 2082 783 quarto,
2117 711 2257 765 obiit
2287 710 2388 780 piae
2434 704 2718 760 memoriae
2748 703 3007 756 dominus
3038 702 3329 772 Rogerius,
3363 719 3454 754 se-

1862 802 2076 856 cundus
2130 801 2297 869 hujus
2351 795 2614 858 nominis,
2670 808 2850 846 nonus
2898 791 3068 844 abbas
3128 789 3311 851 Becci,
3359 789 3456 859 qui

1861 891 2163 944 Ecclesiam
2198 889 2529 942 Beccensem
2557 889 2784 936 strenue
2826 880 2970 933 rexit
3016 879 3177 932 annis
3215 883 3451 948 septem,

1861 979 2146 1032 mensibus
2171 975 2406 1039 duobus,
2439 971 2634 1026 diebus
2672 974 2933 1040 quatuor,
2969 974 3027 1022 et
3073 968 3324 1038 sepultus
3369 971 3455 1020 est

1859 1067 1917 1120 in
1945 1067 2188 1137 capitulo
2219 1064 2468 1134 ejusdem
2497 1061 2623 1127 loci,
2657 1059 2802 1112 circa
2833 1057 3002 1128 pedes
3032 1057 3331 1127 sepulturae
3355 1055 3450 1109 do-

1858 1156 1998 1209 mini
2026 1155 2281 1208 Herluini
2310 1151 2546 1206 abbatis.

1929 1245 2033 1298 Cui
2071 1242 2339 1297 successit
2362 1245 2419 1295 in
2451 1237 2727 1309 regimine
2756 1236 3005 1306 ejusdem
3027 1234 3264 1288 ccenobii
3291 1250 3451 1288 vene-

1857 1333 2046 1387 randae
2072 1330 2423 1387 discretionis
2445 1329 2546 1393 vir,
2570 1327 2830 1381 dominus
2851 1324 3178 1390 V‘Valterius,
3201 1323 3451 1394 praedicti

1857 1422 1962 1476 loci
1991 1421 2160 1475 abbas
2181 1420 2453 1474 decimus.

1928 1513 2089 1563 Anno
2137 1508 2360 1562 Domini
2399 1505 2698 1560 millesimo
2743 1503 3049 1558 centesimo
3086 1500 3452 1570 nonagesimo

1858 1605 2029 1662 sexto,
2064 1599 2407 1652 confirmatae
2428 1602 2562 1650 sunt
2599 1595 2887 1648 libertates
2925 1591 3104 1645 sancti
3137 1590 3352 1659 Nigasii
3383 1589 3452 1643 de

1857 1688 2137 1752 Mellento,
2184 1704 2217 1740 a
2247 1702 2378 1755 rege
2416 1686 2756 1739 Francorum
2805 1681 3082 1750 Philippo,
3115 1695 3262 1732 anno
3291 1677 3452 1746 regni

187 1781 302 1824 runt
330 1773 521 1832 ambo,
549 1772 700 1842 quod
727 1788 760 1824 a
781 1771 937 1825 nobis
966 1780 1022 1824 et
1052 1773 1467 1827 successoribus
1494 1791 1604 1829 non
1627 1756 1836 1831 νεαρ-Β
1856 1777 1942 1829 sui
1969 1776 2183 1829 decimo
2198 1772 2454 1844 septimo.
2479 1773 2600 1835 Quo
2617 1770 2840 1840 quidem
2860 1783 3008 1821 anno
3029 1766 3301 1820 translata
3318 1769 3452 1817 sunt

187 1861 381 1925 derant,
411 1860 671 1931 quandiu
695 1877 788 1914 eos
813 1861 1162 1915 Christianos
1193 1877 1352 1931 reges
1385 1869 1441 1915 et
1471 1865 1772 1920 catholicos

188 1951 502 2004 habueritis.
545 1971 568 2001 ι

246 2060 397 2112 Anno
429 2057 663 2112 Domini
692 2057 986 2110 millesimo
1025 2059 1328 2111 centesimo
1357 2065 1772 2132 septuagesimo

187 2155 374 2213 octavo,
393 2147 619 2201 decimo
630 2146 798 2200 tertio
811 2147 1091 2200 Kalendas
1106 2147 1333 2216 Aprilis,
1351 2149 1644 2208 Dominica
1663 2174 1774 2227 qua

188 2241 424 2290 tantatur
451 2251 461 2289 :
511 2238 736 2300 Laetare,
775 2237 1100 2299 Jerusalmn,
1141 2236 1398 2291 dedicata
1426 2246 1511 2293 est
1540 2245 1774 2301 ecclesia

190 2326 381 2380 Sanctae
444 2326 639 2380 Mariae
702 2324 857 2378 Becci
909 2324 1276 2394 praesentibus
1335 2328 1574 2384 Henrico
1641 2352 1770 2406 rege

187 2415 496 2485 Anglorum,
550 2421 610 2468 et
648 2414 886 2467 Henrico
927 2430 1056 2483 rege
1100 2415 1212 2466 ﬁlio
1251 2432 1373 2478 suo,
1428 2424 1486 2472 et
1523 2421 1770 2480 Rotrodo

187 2503 608 2573 Rothomagensi
641 2503 919 2573 episcopo,
960 2509 1075 2566 I0
1102 2509 1159 2556 et
1188 2504 1428 2558 Henrico
1461 2508 1763 2581 Briocensi,

187 2590 438 2645 Richardo
486 2592 842 2657 Abrincensi,
877 2608 978 2644 nec
1027 2609 1137 2645 non
1197 2593 1391 2662 l‘lgidio
1445 2597 1764 2657 Ebroicensi

187 2682 454 2752 episcopis.

243 2786 320 2839 Ad
373 2785 791 2840 dedicationem
839 2803 965 2840 vero
1014 2788 1211 2842 altaris
1259 2792 1507 2860 majoris,
1565 2794 1768 2850 obtulit

187 2874 437 2930 Henricus
469 2893 571 2929 rex
626 2881 788 2945 pater
825 2892 923 2945 per
964 2877 1237 2947 capellum
1287 2897 1449 2934 suum
1484 2883 1764 2938 redditum

185 2979 406 3018 annuum
447 2971 681 3018 centum
724 2963 1034 3033 librarum;
1078 2967 1181 3020 hoc
1212 2967 1418 3022 donum
1461 2972 1634 3040 patris
1676 2975 1762 3028 sui

186 3055 511 3106 conﬁrmavit
560 3051 838 3106 Henricus
884 3069 976 3105 rex
1020 3053 1230 3122 junior,
1285 3062 1474 3110 astans
1537 3059 1612 3113 ibi
1667 3073 1824 3132 perc

186 3141 502 3196 ablationem
538 3141 736 3194 annuli
766 3141 872 3194 sui.
917 3142 1201 3196 Statutum
1243 3150 1327 3198 est
1353 3152 1542 3201 autem
1573 3149 1642 3202 ab
1673 3166 1763 3203 ar-

185 3230 535 3302 chiepiscopo,
597 3236 654 3284 et
702 3231 918 3283 caeteris
977 3231 1250 3302 episcopis
1314 3235 1409 3304 qui
1473 3238 1764 3293 ecclesiam

184 3319 580 3382 dedicaverunt,
640 3335 702 3372 ac
759 3319 928 3372 etiam
1002 3319 1071 3371 ab
1129 3320 1329 3374 abbate
1385 3323 1642 3394 Rogerio,
1703 3334 1766 3382 ut

185 3410 611 3462 anniversarium
646 3407 819 3478 ipsius
865 3407 1230 3462 dedicationis
1279 3427 1566 3482 nunquam
1614 3416 1762 3470 infra

185 3499 652 3568 quadragesimam
682 3498 858 3561 fleret,
886 3497 982 3550 sed
1013 3514 1237 3566 semper
1275 3499 1413 3552 feria
1441 3503 1609 3555 tertia
1636 3511 1760 3573 post

185 3596 377 3640 octavas
401 3587 660 3641 Pasclrae.
691 3585 928 3648 Quidam
954 3585 1402 3656 archiepiscopus
1423 3588 1658 3658 largitus
1675 3599 1760 3646 est

185 3677 537 3746 quadraginta
565 3675 685 3728 dies
707 3673 1180 3744 indulgentiarum
1212 3676 1470 3730 omnibus
1498 3695 1623 3731 vere
1648 3697 1759 3750 poe-

185 3764 484 3830 nitentibus,
540 3770 596 3817 et
642 3762 923 3826 confessis,
959 3763 1051 3832 qui
1103 3764 1424 3832 praedictam
1468 3768 1758 3822 ecclesiam

184 3853 503 3907 visitaverint
532 3854 585 3905 in
610 3852 991 3905 anniversario
1013 3851 1187 3921 ipsius
1203 3852 1756 3926 dedicationis,prout

183 3941 322 4010 plane
350 3949 508 4013 patet
540 3942 597 3995 in
627 3941 827 3994 litteris
856 3941 989 3993 dicti
1018 3941 1228 3994 domini
1262 3943 1684 4014 archiepiscopi.

241 4051 386 4103 Anno
415 4049 647 4104 Domini
680 4047 973 4101 millesimo
1013 4048 1316 4102 centesimo
1345 4051 1758 4119 septuagesimo

183 4153 326 4202 nono,
338 4140 474 4192 obiit
491 4138 598 4208 piare
614 4137 892 4190 memoriae
912 4137 1173 4190 dominus
1187 4137 1756 4208 Rogerius,septirnus

184 4225 327 4280 abbas
354 4228 535 4290 Becci,
565 4227 660 4296 qui
691 4226 828 4279 rexit
857 4226 1109 4278 eamdem
1139 4225 1419 4279 abbatiam
1450 4234 1678 4282 strenue
1699 4236 1755 4284 et

1855 1880 2087 1934 corpora
2117 1867 2436 1916 sanctorum
2465 1858 2699 1929 Nigasii,
2725 1855 2966 1923 Quirini,
2999 1859 3168 1924 atque
3195 1851 3446 1916 Bientiaa,

1856 1960 1910 2006 et
1959 1952 2106 2006 beati
2163 1949 2412 2005 Gratiani
2471 1947 2756 2018 martyris,
2809 1946 2868 1998 in
2925 1943 3216 1997 ecclesiam
3271 1939 3450 1994 sancti

1855 2041 2070 2111 Nigasii
2100 2041 2169 2094 de
2200 2040 2482 2103 Mellento,
2517 2042 2710 2091 octavo
2735 2033 3017 2089 Kalendas
3044 2030 3218 2085 Junii.

1928 2129 2096 2183 Anno
2135 2127 2358 2183 Domini
2389 2126 2685 2180 millesimo
2734 2121 3038 2177 centesimo
3085 2116 3449 2188 nonagesimo

1855 2219 2093 2289 septimo
2130 2216 2437 2271 Walterius
2487 2213 2659 2268 abbas
2708 2211 2867 2266 Becci
2907 2207 3211 2278 resignavit
3255 2221 3451 2261 curam

1855 2307 2117 2361 Beccensi
2151 2305 2498 2360 monasterii.
2530 2302 2633 2357 Cui
2665 2299 2934 2356 successit
2970 2299 3028 2351 in
3054 2296 3252 2351 eadem
3276 2293 3448 2348 abba-

1851 2395 1932 2448 tia
1961 2397 2124 2464 Hugo
2157 2395 2310 2466 prior
2336 2394 2405 2448 de
2433 2394 2635 2456 Prato;
2667 2390 2763 2461 qui
2793 2387 3018 2460 praefuit
3040 2385 3304 2456 praedicto
3335 2398 3451 2436 mo-

1851 2485 2096 2538 nasterio
2116 2484 2288 2537 abbas
2304 2482 2655 2544 undecimus,
2671 2491 2819 2532 anno
2839 2493 2951 2532 uno
2973 2481 3030 2529 et
3049 2474 3302 2538 dimidio,
3321 2488 3448 2526 cum

1849 2572 2028 2626 tribus
2059 2572 2366 2639 mensibus,
2391 2576 2449 2624 et
2474 2569 2654 2623 tribus
2681 2563 3048 2620 hebdomadis
3070 2581 3083 2629 ;
3102 2568 3159 2616 et
3186 2561 3454 2631 migravit

1849 2678 1882 2715 a
1911 2662 2112 2716 saeculo
2157 2661 2306 2732 apud
2346 2661 2600 2721 Pratum,
2637 2672 2784 2709 anno
2814 2653 3111 2707 millesimo
3140 2649 3446 2704 centesimo

1848 2749 2210 2819 nonagesimo
2223 2753 2434 2812 octavo,
2450 2746 2540 2799 die
2553 2743 2768 2797 decima
2784 2747 2946 2794 sexta
2963 2739 3173 2793 mensis
3185 2727 3448 2802 Maii,h0c

1849 2845 1934 2892 est
1953 2839 2168 2892 decimo
2191 2835 2430 2906 septimo
2460 2832 2742 2888 Kalendas
2763 2829 2916 2884 Junii
2941 2848 2954 2895 ;
2974 2829 3338 2898 sepultusque
3362 2831 3450 2879 est

1849 2927 1907 2980 in
1929 2927 2173 2997 capitulo
2191 2925 2348 2979 Becci
2362 2925 2522 2993 juxta
2541 2921 2709 2992 pedes
2719 2917 2922 2973 tumuli
2933 2915 3148 2969 domini
3164 2914 3441 2969 Herluini.

1919 3016 2060 3069 Huic
2076 3006 2981 3075 successitWillermus,secundus
2993 3005 3163 3074 hujus
3176 3002 3440 3070 nominis,

1847 3104 2018 3158 abbas
2061 3102 2424 3157 duodecimus
2470 3098 2758 3154 Beccensis
2795 3093 3140 3160 monasterii,
3186 3093 3440 3164 ejusdem

1847 3193 1951 3248 loci
1979 3193 2303 3247 monachus.

1918 3286 2079 3336 Anno
2128 3279 2348 3334 Domini
2391 3276 2691 3332 millesimo
2719 3273 3023 3328 centesimo
3073 3271 3441 3342 nonagesimo

1846 3388 2014 3433 nono,
2049 3369 2348 3424 Matthzeus
2382 3383 2569 3422 comes
2598 3362 2946 3420 Bellimontis
2985 3377 3156 3432 supra
3202 3361 3437 3424 Isaram,

1844 3467 1900 3514 et
1922 3461 2151 3514 Alienor
2165 3475 2304 3513 uxor
2333 3459 2472 3528 ejus,
2505 3455 2882 3510 fundaverunt
2903 3449 3194 3505 ecclesiam
3221 3449 3441 3516 Sancta:

1844 3551 2031 3603 Mariae
2061 3550 2128 3602 de
2159 3550 2328 3619 Layo.

1911 3643 2072 3691 Anno
2089 3637 2310 3691 Domini
2335 3633 2630 3689 millesimo
2652 3629 3034 3686 ducentesimo
3050 3625 3438 3693 octavo,tertio

1842 3729 2031 3781 Nonas
2078 3727 2232 3790 Julii,
2276 3725 2604 3778 Willermus
2645 3721 2818 3775 abbas
2865 3719 3023 3773 Becci
3075 3715 3438 3772 duodecimus

1843 3815 2086 3885 perrexit
2114 3814 2262 3883 apud
2303 3814 2535 3883 Layum,
2573 3816 2773 3880 rogatu
2810 3807 3056 3863 Matthzei
3103 3804 3325 3859 comitis
3368 3805 3438 3858 de

1843 3904 2188 3956 Bellomonte
2231 3916 2400 3970 super
2451 3901 2684 3961 Isaram,
2733 3897 2829 3966 qui
2883 3894 3089 3949 ibidem
3144 3893 3437 3946 ecclesiam

1841 3997 2271 4047 construxerat:
2304 3989 2492 4059 ibique
2539 3987 2839 4058 praadictus
2881 3983 3073 4046 abbas,
3123 3999 3250 4036 cum
3281 3980 3436 4034 omni

1840 4081 2137 4135 sanctitate
2175 4084 2232 4132 et
2271 4077 2585 4132 reverentia
2621 4072 2920 4145 spirituali,
2971 4076 3306 4124 conventum
3352 4068 3434 4122 in-

1839 4169 2024 4223 stituit
2052 4169 2120 4221 de
2150 4165 2440 4220 monachis
2475 4163 2654 4228 Becci,
2689 4179 2828 4232 quos
2875 4175 3063 4212 secum
3098 4157 3426 4222 adduxerat,

1835 4265 1950 4312 tam
1983 4258 2051 4310 de
2089 4254 2520 4326 congregatione
2574 4251 2732 4306 Becci
2765 4265 2934 4320 quam
2962 4247 3031 4300 de
3070 4243 3427 4309 Conﬂancio;

185 4315 407 4417 {iligiose
453 4317 625 4369 annis
677 4315 925 4384 triginm’
986 4315 1270 4368 menSibus
1323 4316 1503 4369 tribus
1559 4318 1928 4417 decc’"uni
1965 4346 2146 4399 dictus
2182 4315 2367 4398 comes
2407 4341 2602 4396 eodem
2640 4315 2798 4393 anno
2830 4335 3084 4403 decessit,
3119 4340 3176 4390 et
3214 4333 3426 4387 ibidem

180 4402 345 4459 diebus
373 4407 564 4459 minus
591 4423 605 4468 ;
638 4410 695 4456 et
731 4405 983 4473 sepultus
1015 4414 1101 4457 est
1131 4404 1188 4456 in
1228 4404 1470 4474 capitulo
1499 4405 1746 4474 ejusdem

178 4493 409 4560 ecclesiae,
437 4495 591 4547 circa
613 4492 778 4563 pedes
797 4492 1009 4545 domini
1031 4493 1285 4545 llerluini
1309 4494 1474 4562 primi
1498 4495 1748 4563 ejusdem

177 4579 264 4656 loci
288 4583 524 4637 abbatis.

233 4690 363 4744 Huic
382 4689 689 4744 venerabili
705 4688 820 4742 viro
841 4687 1106 4742 successit
1127 4687 1183 4741 in
1207 4688 1479 4756 regimine
1502 4689 1750 4757 ejusdem

176 4774 410 4834 Ecclesiae
433 4777 766 4833 venerabilis
805 4784 862 4831 et
893 4777 1194 4831 admodum
1224 4777 1517 4846 religiosus
1549 4777 1632 4830 vir
1660 4779 1754 4832 do-

175 4867 338 4921 minus
359 4869 646 4924 Osbernus
674 4867 825 4937 prior
845 4867 915 4920 de
945 4867 1291 4919 Bellomonte
1321 4866 1566 4935 Rogerii.

231 4967 380 5018 Anno
425 4965 652 5019 Domini
706 4963 1004 5016 millesimo
1053 4961 1356 5015 centesimo
1408 4963 1748 5031 octogesimo

173 5053 408 5122 septimo,
434 5054 576 5107 obiit
597 5053 698 5122 piae
728 5051 1130 5106 recordationis
1160 5051 1420 5104 dominus
1441 5051 1742 5115 Osbernus,

173 5147 376 5196 octavus
422 5142 595 5196 abbas
643 5141 932 5195 Beccensis
980 5139 1326 5200 monasterii,
1389 5141 1471 5192 vir
1515 5157 1747 5194 summze

176 5231 483 5297 prudentiae.
534 5230 809 5300 religiosae
858 5236 916 5282 et
969 5230 1215 5282 honestze
1273 5228 1415 5293 vitae,
1466 5229 1560 5299 qui
1606 5229 1748 5282 rexit

174 5316 303 5372 idern
318 5319 721 5373 monasterium
741 5318 903 5371 annis
918 5323 1154 5387 septem,
1175 5317 1461 5371 mensibus
1488 5318 1743 5372 undecim

176 5420 269 5458 una
301 5409 387 5460 die
433 5410 632 5470 minus,
675 5414 731 5460 et
761 5406 1012 5476 sepultus
1058 5405 1163 5457 fuit
1206 5405 1261 5457 in
1291 5405 1552 5474 capitulo,
1601 5405 1746 5459 circa

175 5495 323 5562 pedes
342 5497 544 5550 tumuli
568 5495 841 5560 Herluini,
870 5494 1116 5563 ejusdem
1139 5493 1241 5546 loci
1275 5493 1606 5546 fundatoris.

237 5594 367 5648 Huic
423 5595 689 5649 successit
744 5593 801 5646 in
850 5592 1122 5662 regimine
1179 5591 1351 5662 ipsius
1419 5591 1739 5646 monasterii

1832 4435 2074 4489 traditur
2111 4433 2428 4504 sepultura}.

1901 4527 2062 4577 Anno
2094 4521 2316 4577 Domini
2360 4519 2657 4574 millesimo
2695 4513 3078 4571 ducentesimo
3105 4511 3426 4580 undecimo,

1833 4614 2018 4667 media
2040 4619 2221 4676 nocte,
2239 4610 2548 4673 Dominica,
2564 4607 2778 4662 decimo
2801 4608 3002 4676 quarto
3023 4601 3305 4660 Kalendas
3325 4600 3427 4656 Oe-

1833 4702 2030 4765 tobris,
2087 4701 2226 4755 obiit
2282 4700 2383 4770 piae
2435 4697 2716 4752 memoriis
2773 4694 3045 4750 Dominus
3098 4691 3425 4747 Willermus

1835 4791 2198 4845 duodecimus
2235 4788 2407 4843 abbas
2446 4787 2605 4842 Becci
2630 4803 2643 4852 ;
2669 4785 2765 4855 qui
2797 4782 3016 4854 praefuit
3041 4780 3224 4836 eidem
3243 4796 3427 4836 coeno-

1830 4880 1921 4933 bio
1969 4879 2131 4932 annis
2171 4877 2459 4942 tredecim,
2499 4874 2785 4930 mensibus
2825 4871 3062 4936 duobus,
3113 4875 3170 4924 et
3205 4869 3423 4924 duabus

1830 4967 2214 5030 hebdomadis,
2248 4983 2362 5020 una
2407 4965 2498 5019 die
2547 4969 2775 5034 excepta
2806 4981 2818 5028 ;
2852 4966 2909 5014 et
2946 4960 3199 5031 sepultus
3240 4963 3326 5012 est
3366 4957 3426 5011 in

1831 5057 2094 5127 capitulo,
2122 5057 2284 5126 juxta
2321 5054 2604 5109 tumulum
2653 5051 2821 5123 primi
2851 5049 3129 5104 Willermi
3167 5046 3423 5117 ejusdem

1830 5147 1933 5200 loci
1955 5145 2176 5199 abbatis
2195 5143 2368 5209 tertii,
2398 5143 2456 5196 in
2476 5143 2706 5196 dextera
2740 5145 2898 5211 parte
2927 5137 3142 5192 domini
3167 5134 3423 5190 Herluini

1829 5235 2076 5306 praedicti
2123 5233 2227 5287 loci
2267 5232 2602 5295 fundatoris,
2633 5246 2872 5301 quorum
2917 5225 3168 5305 omnium
3221 5223 3422 5278 animae

1828 5325 2179 5394 requiescant
2206 5323 2265 5376 in
2293 5338 2443 5393 pace.
2480 5321 2639 5375 Unde
2667 5334 2859 5372 versus
2885 5334 2896 5368 :

1966 5414 2122 5468 Alter
2163 5413 2478 5466 Willermus
2498 5414 2642 5479 jacet
2673 5409 2764 5461 hic
2783 5406 2944 5459 abbas
2973 5404 3274 5458 duodenus.

1897 5503 2000 5555 Cui
2037 5501 2302 5554 successit
2331 5500 2387 5552 in
2437 5498 2661 5552 abbatia
2698 5495 2958 5549 dominus
3005 5490 3312 5546 Richardus
3350 5489 3418 5542 de

1827 5596 2029 5646 Sancto
2069 5589 2428 5658 Leodegario,
2461 5594 2596 5642 tunc
2623 5583 2964 5640 infrrmarius
3003 5579 3248 5654 praedicti
3292 5578 3415 5646 loci,
