3902 6166
461 291 567 348 (359

1416 289 1514 348 AD
1553 294 1791 352 OPERA
1829 296 1893 352 B.
1933 292 2349 351 LANFRANCI
2385 292 2772 350 APPENDIX.

3588 299 3681 358 660

464 416 562 488 qui
609 418 720 473 fuit
765 417 836 472 ab
887 418 1040 473 omni
1091 416 1524 488 congregatione
1570 425 1727 474 sexto
1773 420 2053 475 Kalendas
2069 421 2120 480 Α
2136 417 2398 473 dominus
2417 418 2691 472 Henricus
2715 418 2784 472 de
2811 418 3014 473 Sancto
3035 421 3386 492 Leodegario,
3399 423 3541 495 prior
3557 426 3684 495 ejus-

465 504 718 562 Octobris
756 507 984 567 electus,
1030 510 1229 577 quarto
1262 507 1542 562 Kalendas
1570 509 1820 578 ejusdem
1847 509 2054 563 mensis

464 593 721 666 Philippo
745 595 866 665 regi
893 595 1144 650 Francia:
1170 600 1560 665 praesentatus,
1583 602 1641 651 et
1665 603 1958 667 gratanter
1983 597 2053 651 ab

464 699 529 738 eo
543 687 920 754 susceptus,et
937 683 1204 738 Kalendis
1224 685 1529 755 supradicti
1546 686 1772 752 mensis,
1797 687 1887 740 die
1907 687 2054 740 vide-

459 769 592 826 licet
609 772 787 826 sancti
809 773 1069 842 Remigii,
1089 772 1158 825 ab
1177 772 1590 844 archiepiscopo
1619 781 1658 839 ι
1686 781 1722 839 ι
1755 775 2054 829 Rothoma-

456 858 637 928 gensi,
661 866 720 914 et
747 861 806 914 in
837 861 1071 916 ecclesia
1096 862 1532 930 Rothomagensi
1562 861 1908 918 benedictus.

528 949 692 1003 Anno
704 951 928 1004 Domini
944 950 1243 1004 millesimo
1263 950 1645 1005 ducentesimo
1660 951 1876 1005 decimo
1891 968 2054 1023 quar-

460 1039 538 1103 to,
562 1053 711 1092 anno
739 1044 938 1109 quarto
977 1044 1272 1109 postquam
1309 1038 1606 1108 praedictus
1643 1039 1956 1096 Richardus
1984 1041 2053 1095 de

457 1127 995 1197 sanctoLeodegario
1007 1127 1251 1197 suscepit
1268 1127 1713 1182 abbatiamBecci
1725 1129 2024 1198 regendam
2033 1168 2047 1195 ,

456 1215 625 1284 caepit
641 1215 790 1270 idem
811 1216 1122 1271 Richardus
1149 1231 1419 1270 renovare
1440 1221 1498 1270 et
1524 1215 1862 1270 reaedificare
1884 1219 2052 1271 eccle-

455 1303 597 1357 siam
630 1304 878 1374 praedicti
907 1305 1034 1369 loci,
1076 1321 1198 1374 quae
1226 1309 1477 1375 tempore
1512 1305 1771 1359 Walterii
1800 1307 2049 1376 ejusdem

456 1390 563 1446 loci
601 1391 838 1458 abbatis,
871 1409 970 1462 pro
1001 1409 1206 1462 magna
1235 1398 1392 1463 parte
1428 1399 1735 1447 corruerat.

527 1480 708 1550 Igitur
728 1481 892 1549 jactis
919 1482 978 1534 in
1007 1482 1184 1535 altum
1207 1481 1609 1548 fundamentis,
1632 1482 1751 1553 ipse
1792 1484 2048 1539 manibus

457 1569 575 1622 suis
600 1569 847 1639 primum
895 1569 1159 1640 lapidem,
1191 1569 1590 1625 circumstante
1619 1579 1892 1626 conventu
1921 1590 2042 1640 suo,

456 1673 628 1726 super
648 1657 1077 1712 fundamentum
1096 1658 1300 1728 posuit,
1326 1659 1508 1729 prima
1524 1660 1615 1714 die
1642 1660 1787 1715 luna:
1810 1663 2046 1732 quadra-

451 1745 707 1814 gesimae;
727 1752 1062 1817 procurante
1078 1752 1135 1801 et
1149 1753 1486 1819 coeperante
1509 1750 1865 1820 Ingelramno
1876 1753 2049 1822 magi-
2066 1731 2116 1796 Β

451 1839 569 1888 stro
590 1835 774 1906 operis
798 1837 985 1890 Beatae
1014 1837 1202 1892 Mariae
1226 1836 1717 1909 Rothomagensis,
1742 1843 1900 1911 cujus
1921 1859 2048 1897 con-

453 1923 579 1977 silio
598 1941 659 1977 se
679 1925 958 1980 commisit
984 1925 1053 1979 ad
1073 1925 1213 1980 illud
1229 1943 1369 1997 opus
1385 1927 1761 1983 inchoandum
1783 1934 1840 1984 et
1854 1947 2046 2001 procu-

451 2012 710 2067 randum.
729 2013 884 2067 Idem
900 2031 1026 2068 vero
1038 2015 1427 2085 Ingelramnus
1449 2017 1685 2072 viriliter
1700 2035 1890 2089 agens,
1907 2037 2046 2090 opus

451 2098 761 2170 incceptum
782 2102 966 2172 primo
987 2119 1134 2156 anno
1147 2120 1272 2156 cum
1289 2120 1495 2174 magna
1515 2105 1717 2160 virtute
1734 2106 2041 2172 aedificavit,

452 2192 511 2242 et
565 2188 806 2243 frontem
856 2191 1116 2256 ecclesiae,
1162 2196 1218 2245 et
1271 2209 1468 2247 navem
1521 2193 1578 2248 in
1635 2194 2045 2265 longitudinem

452 2275 604 2331 auxit
627 2295 640 2344 ;
665 2282 721 2331 et
740 2278 956 2333 duabus
976 2279 1336 2350 amplissimis
1364 2270 1614 2336 turribus
1636 2283 1867 2337 miriﬁce
1887 2284 2047 2338 ador-

450 2364 642 2432 navit;
695 2373 920 2437 peracto
975 2373 1166 2422 autem
1213 2385 1362 2424 anno
1405 2376 1464 2425 et
1514 2372 1672 2435 semi,
1723 2373 1957 2427 retraxit
1987 2391 2046 2429 se

450 2452 882 2524 aliquantulum,
910 2473 1051 2528 opus
1074 2457 1506 2524 retardando,et
1524 2476 1655 2524 non,
1687 2466 1748 2515 ut
1771 2463 2044 2532 promise-

449 2546 558 2606 rat,
607 2543 966 2613 perficiendo.
1017 2545 1138 2608 Quo
1175 2546 1290 2600 viso
1322 2552 1380 2600 et
1414 2553 1722 2618 comperto,
1755 2549 1926 2604 abbas
1953 2569 2044 2606 sa-

450 2628 626 2702 pienti
656 2648 790 2686 usus
818 2633 1067 2701 consilio,
1100 2635 1221 2704 jam
1257 2651 1368 2689 uno
1401 2651 1547 2690 anno
1587 2642 1644 2691 et
1680 2644 1804 2691 octo
1833 2640 2046 2694 mensi-

449 2717 554 2772 bus
581 2720 838 2790 expletis,
865 2727 1053 2776 amoto
1095 2723 1452 2792 Ingelramno
1501 2725 1620 2779 foro
1657 2733 1849 2782 sancto
1887 2726 2041 2800 [cdit.

452 2808 620 2864 Gilles
633 2809 821 2880 facto],
845 2812 1232 2867 tradiditillud
1254 2831 1393 2884 opus
1411 2815 1482 2868 ad
1507 2815 1906 2886 perﬁciendum
1932 2835 2046 2873 ma-

449 2895 627 2966 gistro
648 2898 920 2954 Walterio
941 2900 1010 2954 de
1031 2901 1314 2968 Mellento,
1339 2901 1435 2972 qui
1455 2904 1622 2957 tertio
1647 2921 1794 2959 anno
1814 2906 2047 2960 adduxit

451 2990 509 3038 et
525 2987 789 3041 exaltavit
814 2989 1138 3058 praedictum
1161 3007 1300 3062 opus
1319 2991 1376 3045 in
1398 2997 1639 3057 tantum,
1674 2993 1820 3064 quod
1839 3011 2042 3048 novum

452 3089 592 3144 opus
623 3077 862 3146 aequavit
897 3079 1090 3142 veteri,
1125 3079 1294 3134 simul
1321 3097 1445 3134 cum
1478 3081 1735 3136 turribus
1767 3088 1824 3136 et
1852 3100 2045 3138 earum

456 3161 712 3230 ciboriis;
745 3167 1155 3236 coopertorium
1185 3168 1516 3240 presbyterii
1552 3175 1610 3224 et
1625 3171 1828 3225 turrim
1858 3172 2047 3227 Sancti

454 3249 669 3306 Nicolai
715 3254 944 3323 plumbo
992 3272 1059 3309 ex
1107 3262 1225 3311 toto
1261 3259 1566 3312 renovavit.
1615 3259 1796 3330 Super
1846 3277 2046 3332 corpus

453 3340 698 3396 ecclesia;
744 3358 945 3396 novam
992 3350 1265 3400 tecturam
1296 3347 1503 3416 posuit,
1547 3352 1664 3402 tam
1707 3365 1876 3419 super
1907 3367 2048 3420 opus

455 3427 752 3498 antiquum
765 3447 933 3500 quam
951 3448 1176 3498 novum,
1190 3439 1247 3488 et
1256 3435 1448 3504 tegula
1464 3435 1726 3506 plumbea
1739 3438 2044 3508 cooperuit.

524 3518 690 3588 Apud
747 3519 1100 3586 Vernonem,
1160 3523 1474 3578 thalamum
1530 3526 1828 3595 (chambre)
1881 3545 2051 3599 super

455 3604 747 3661 cellarium
777 3612 835 3660 et
883 3611 1153 3679 capellam
1201 3611 1390 3667 Sancti
1432 3612 1647 3668 Nicolai
1678 3617 1965 3670 renovavit
1994 3621 2051 3670 et

457 3693 763 3764 ampliavit,
778 3701 834 3750 et
848 3697 988 3752 alias
1007 3698 1222 3764 domos,
1242 3716 1364 3772 quae
1384 3706 1550 3756 antea
1575 3702 1651 3756 ibi
1675 3720 1785 3758 non
1801 3704 2045 3771 fuerant,

457 3798 491 3836 a
504 3782 882 3840 fundamentis
891 3785 1164 3854 fundavit,
1180 3793 1236 3844 et
1247 3789 1434 3844 omnia
1457 3792 1646 3861 tegula
1660 3795 1880 3864 cperire
1899 3794 2047 3860 fecit,

459 3876 517 3924 et
536 3871 751 3926 curiam
781 3889 941 3928 muro
960 3875 1182 3946 lapideo
1202 3877 1604 3933 circumcinxit.
1627 3881 1790 3950 Apud
1811 3882 2053 3937 Murelos

463 3975 634 4014 unam
647 3960 876 4017 domum
895 3964 1298 4034 permaximam
1311 3965 2052 4038 afundamentisaediﬁcavit,

457 4053 516 4102 et
537 4065 662 4104 eam
689 4051 879 4121 tegula
898 4054 1211 4124 cooperuit;
1228 4055 1284 4108 in
1309 4072 1421 4126 qua
1447 4057 1744 4124 domo‘,duo
1774 4061 2052 4129 pressoria

459 4137 773 4206 constituit;
802 4141 914 4195 tria
928 4158 1056 4196 vero
1077 4143 1189 4196 alia
1214 4145 1491 4214 pressoria
1515 4161 1639 4215 quae
1670 4147 1870 4202 domus
1892 4150 2050 4204 Becci

458 4227 630 4282 habet
648 4229 796 4283 circa
815 4231 1142 4286 Mellentum
1162 4233 1465 4300 renovavit,
1489 4240 1546 4288 et
1565 4252 1687 4305 quae
1703 4236 2052 4308 discooperta

2135 505 2262 558 dem
2292 505 2417 570 loci,
2447 505 2530 558 vir
2558 506 2672 559 vita
2716 505 3064 572 venerabilis,
3101 513 3158 562 et
3177 509 3432 580 progenie
3459 517 3680 578 exortus;

2134 593 2569 664 benedictusque
2612 598 2698 648 est
2737 593 2808 648 ab
2846 595 3257 667 archiepiscopo
3290 597 3684 670 Rothomagensi

2133 682 2452 736 Theobaldo
2478 682 2674 752 quinto
2696 683 2978 737 Kalendas
3005 685 3260 754 Augusti.

2204 769 2314 824 Iste
2345 770 2617 824 Henricus
2655 770 2712 824 in
2742 771 2939 825 diebus
2969 772 3102 837 suis,
3133 773 3479 828 laudabiliter
3507 780 3559 830 et
3580 775 3685 830 reli-

2131 858 2286 927 giose
2332 859 2538 924 vivens,
2581 875 2750 930 super
2786 860 2943 926 alios,
2996 867 3060 914 ut
3090 861 3349 926 creditur,
3385 869 3684 918 conventum

2135 964 2298 1002 suum
2321 947 2579 1018 diligens,
2597 948 2666 1001 de
2680 947 2859 1014 bonis,
2885 965 3006 1019 quae
3022 950 3182 1003 multi
3204 950 3466 1005 nobilium
3487 957 3541 1006 et
3555 952 3686 1022 igno-

2133 1034 2327 1090 bilium
2360 1036 2514 1106 large
2547 1043 2604 1090 et
2621 1037 3048 1092 afﬂuentissime
3074 1045 3327 1109 tempore
3353 1056 3449 1093 suo
3469 1041 3686 1095 ecclesia;

2133 1124 2294 1179 Becci
2322 1125 2693 1190 contulerant,
2729 1125 3000 1194 pitancias
3037 1127 3107 1180 ad
3139 1127 3491 1182 necessitates
3517 1144 3686 1183 eorum

2133 1212 2440 1268 liberaliter
2467 1214 2776 1271 constituit.
2808 1215 2922 1268 Iste
2952 1215 3341 1269 dormitorium
3367 1233 3558 1270 novum
3585 1217 3687 1271 fieri

2131 1301 2281 1368 fecit,
2323 1303 2454 1373 quia
2500 1308 2668 1356 antea
2704 1303 2959 1356 monachi
3004 1305 3304 1359 Beccenses
3349 1305 3594 1374 jacebant
3638 1305 3686 1360 in

2132 1391 2374 1462 quodam
2433 1391 2608 1445 veteri
2667 1391 3016 1458 dormitorio,
3078 1393 3136 1446 in
3191 1393 3371 1447 tribus
3434 1393 3689 1448 ordinibus

2129 1481 2400 1534 lectorum
2412 1481 2656 1535 confuse.
2680 1481 2805 1550 Ipse
2826 1480 2993 1534 etiam
3008 1482 3202 1552 aquaed
3210 1488 3368 1536 uetus
3385 1482 3451 1536 ad
3472 1498 3689 1536 cameras

2126 1569 2522 1624 necessitatum
2585 1569 2990 1636 emundandas,
3033 1576 3148 1624 tam
3209 1589 3308 1641 pro
3367 1571 3687 1625 inﬁrmitorio

2127 1675 2292 1729 quam
2326 1675 2426 1729 pro
2445 1664 2738 1725 conventu,
2764 1675 2993 1712 manare
3012 1659 3160 1726 fecit,
3191 1660 3262 1714 ad
3291 1660 3577 1714 maximam
3604 1660 3688 1713 do-

2131 1764 2255 1801 mus
2278 1747 2751 1811 emundationem,
2779 1748 2913 1818 quia
2937 1753 3121 1814 antea,
3157 1755 3222 1803 ut
3241 1749 3461 1815 dicitur,
3484 1748 3560 1802 vix
3580 1765 3689 1819 pos-

2127 1843 2254 1891 sent
2281 1836 2539 1890 monachi
2559 1836 2618 1890 in
2638 1836 2881 1890 claustro
2907 1842 3134 1907 propter
3162 1838 3396 1892 fetorem
3425 1836 3517 1891 diu
3542 1843 3687 1892 stare.

2198 1927 2359 1978 Anno
2399 1925 2622 1978 Domini
2663 1925 2960 1979 millesimo
2997 1925 3381 1980 ducentesimo
3429 1925 3688 1996 trigesimo

2128 2019 2324 2069 octavo
2336 2013 2593 2066 dedicata
2611 2013 2719 2067 fuit
2741 2014 2972 2068 ecclesia
2985 2014 3172 2069 Sancti
3186 2015 3353 2069 Neoti
3375 2015 3692 2082 Lincolnien-

2127 2101 2204 2156 sis
2238 2101 2490 2156 dioecesis
2528 2103 2585 2155 in
2616 2103 2836 2172 Anglia.

2198 2192 2360 2244 Anno
2386 2190 2610 2244 Domini
2636 2191 2933 2245 millesimo
2953 2192 3338 2248 ducentesimo
3367 2194 3692 2264 quadragesi-

2129 2295 2222 2332 mo
2250 2280 2437 2345 tertio,
2472 2279 2650 2350 pridie
2676 2279 2807 2334 Idus
2829 2281 3054 2352 Aprilis,
3076 2281 3168 2336 die
3200 2283 3413 2349 Martis,
3444 2283 3581 2337 inter
3594 2283 3693 2354 pri-

2130 2385 2280 2421 mam
2312 2374 2369 2422 et
2410 2369 2654 2434 tertiam,
2689 2380 2821 2423 ante
2852 2370 3080 2424 missam
3122 2373 3530 2438 matutinalem,
3561 2389 3691 2426 com-

2128 2455 2448 2510 busta'fuit
2489 2457 2721 2512 ecclesia
2760 2459 2934 2524 Prati,
2978 2476 3107 2514 cum
3153 2461 3415 2515 omnibus
3465 2460 3691 2527 officinis,

2129 2553 2357 2617 excepto
2386 2546 2760 2612 inﬁrmitorio,
2794 2547 2864 2600 ab
2883 2548 3010 2618 igne
3042 2549 3110 2602 de
3138 2549 3602 2605 Ermentomvilla.

2198 2637 2360 2688 Anno
2384 2635 2601 2689 Domini
2625 2636 2919 2690 millesimo
2948 2637 3333 2693 ducentesimo
3363 2637 3695 2710 quadragesi-

2127 2740 2219 2777 mo
2247 2723 2504 2794 septimo,
2534 2723 2673 2778 obiit
2698 2725 2802 2795 piae
2843 2726 3126 2781 memoriae
3157 2727 3420 2782 dominus
3452 2727 3696 2782 Henricus

2127 2811 2298 2865 abbas
2329 2812 2484 2866 Becci
2517 2813 2768 2866 decimus
2799 2819 3052 2892 quartus,
3097 2815 3156 2869 in
3185 2815 3380 2886 vigilia
3405 2815 3696 2870 Nativitatis

2129 2901 2306 2954 sancti
2337 2901 2565 2955 Joannis
2593 2901 2888 2972 Baptistae;
2921 2903 3166 2958 traditur
3194 2906 3496 2976 sepulturae
3524 2905 3576 2958 in
3611 2920 3698 2958 ca-

2129 2990 2306 3060 pitulo
2355 2991 2604 3060 ejusdem
2634 2991 2758 3055 loci,
2802 2992 2951 3046 circa
2997 2993 3164 3064 pedes
3201 2995 3417 3049 domini
3449 2993 3694 3058 Herluini,

2129 3077 2495 3148 praesentibus
2524 3079 2593 3132 ad
2620 3080 2723 3132 hoc
2749 3080 3027 3150 prioribus
3056 3082 3318 3138 omnibus
3349 3083 3553 3138 ordinis
3585 3083 3700 3138 Bec-

2129 3167 2329 3233 censis,
2369 3173 2485 3221 tam
2531 3167 2846 3224 cismarinis
2885 3186 3054 3240 quam
3081 3173 3492 3238 transmarinis,
3525 3173 3614 3244 qui
3639 3170 3697 3225 ad

2134 3255 2236 3310 hoc
2265 3255 2342 3309 ibi
2381 3263 2773 3322 convenerant,
2814 3263 2880 3312 ut
2906 3259 3244 3315 interessent
3274 3263 3515 3333 capitulo
3548 3277 3700 3332 gene-

2129 3343 2235 3397 rali
2279 3343 2472 3398 eodem
2503 3345 2593 3398 die
2639 3345 2998 3403 celebrando.
3046 3348 3153 3412 Qui
3197 3350 3448 3420 praedicti
3488 3350 3698 3422 priores,

2130 3448 2256 3485 cum
2284 3433 2437 3485 omni
2461 3434 2914 3504 congregatione,
2932 3435 2990 3489 in
3011 3437 3208 3491 eodem
3237 3440 3503 3510 capitulo,
3534 3439 3698 3509 elege-

2131 3528 2265 3574 runt
2278 3521 2528 3576 unanimi
2547 3540 2821 3578 consensu
2835 3524 3126 3580 dominum
3142 3527 3451 3584 Robertum
3472 3531 3537 3584 de
3557 3529 3700 3584 Claro

2133 3611 2325 3676 Becco,
2376 3615 2509 3665 tunc
2558 3612 2900 3667 vineatorem
2948 3614 3105 3670 Becci
3146 3617 3205 3672 in
3256 3619 3512 3678 Francia,
3542 3619 3699 3672 virum

2133 3700 2462 3770 prudentem
2489 3701 2547 3754 in
2577 3701 2962 3772 spiritualibus
2992 3710 3050 3758 et
3072 3709 3477 3778 temporalibus
3493 3709 3702 3764 circum-

2131 3796 2406 3859 spectum,
2459 3789 2516 3843 in
2545 3790 2842 3847 festivitate
2899 3794 3077 3849 beatae
3115 3795 3306 3851 Mariae
3361 3797 3700 3868 Magdalenaa,

2137 3877 2243 3942 Qui
2262 3885 2518 3949 receptus
2547 3879 2614 3933 ab
2636 3881 2870 3951 Hugone
2887 3883 2956 3936 de
2974 3883 3098 3938 Pise
3128 3890 3261 3940 tunc
3280 3887 3490 3942 decano
3514 3886 3703 3941 Rotho-

2136 3967 2407 4037 magensi,
2449 3973 2506 4022 et
2541 3969 2783 4040 capitulo
2821 3971 3280 4044 Rothomagensi,
3328 3981 3550 4030 vacante
3587 3980 3703 4028 tunc

2132 4055 2261 4109 sede
2285 4072 2384 4126 per
2407 4064 2643 4112 mortem
2663 4059 3290 4134 OdonisarchiepiscOpi
3311 4065 3703 4134 Rothomagen-

2132 4143 2226 4210 sis,
2249 4146 2530 4215 quondam
2548 4146 2766 4202 abbatis
2791 4149 2981 4204 Sancti
3002 4152 3272 4224 Dionysii,
3289 4153 3704 4222 benedictusque

2133 4239 2219 4287 est
2247 4235 2582 4307 Rothomagi
2612 4237 2682 4290 ab
2713 4237 2974 4310 episcopo
3006 4240 3347 4309 Ebroiccnsi,
3372 4244 3430 4298 in
3458 4243 3543 4297 die
3561 4240 3703 4298 Nati-

459 4323 638 4382 erant,
665 4318 886 4388 operire
915 4319 1079 4388 fecit;
1113 4320 1210 4375 sed
1239 4326 1298 4376 et
1328 4322 1524 4377 domos
1557 4324 1736 4391 Becci,
1769 4343 1892 4396 quae
1921 4323 2322 4388 suntDvitatis
2349 4324 2605 4394 gloriosae
2633 4325 2880 4396 Virginis
2909 4329 3118 4383 Mariae.

454 4405 513 4458 in
563 4405 749 4460 insula
807 4408 994 4462 Sancti
1052 4410 1283 4473 Cosmee,
1341 4413 1648 4478 renovavit,
1706 4431 1906 4468 novam
1962 4421 2048 4470 te-

460 4497 677 4547 cturam
689 4511 1072 4565 superponens
1091 4502 1146 4550 et
1156 4499 1346 4568 tegula
1363 4501 1704 4571 cooperiens.
1723 4503 1852 4556 Haec
1869 4509 1925 4558 et
1941 4505 2051 4559 alia

459 4597 634 4652 opera
661 4583 817 4636 valde
848 4586 1164 4640 necessaria
1191 4587 1324 4641 fecit
1361 4589 1509 4643 idem
1540 4589 1849 4645 Richardus
1877 4592 2052 4649 abbas

459 4669 605 4723 infra
624 4676 740 4725 tres
760 4688 957 4737 annos,
978 4679 1095 4727 tam
1121 4674 1178 4729 in
1197 4676 1434 4732 Francia
1453 4693 1620 4748 quam
1641 4679 1700 4734 in
1711 4681 2051 4737 Northman-

459 4758 575 4822 nia,
604 4759 726 4814 sine
754 4760 991 4832 alicujus
1020 4764 1100 4816 vel
1131 4764 1445 4835 aliquorum
1477 4767 1698 4821 auxilio.

529 4849 692 4902 Anno
737 4849 959 4904 Domini
1008 4852 1306 4908 millesimo
1346 4855 1728 4911 ducentesimo
1760 4859 2045 4928 vigesimo,

457 4937 633 4991 Nonis
659 4937 812 5003 Julii,
833 4941 1140 4995 translatus
1169 4947 1254 4996 est
1271 4943 1548 5012 gloriosus
1578 4953 1794 5017 martyr
1806 4948 2049 5004 Thomas

456 5026 878 5082 Cantuariensis
899 5030 1180 5099 quondam
1210 5033 1679 5104 archiepiscopus,
1707 5052 1853 5089 anno
1873 5054 1905 5090 a
1933 5055 2052 5107 pas—

455 5115 612 5170 sione
634 5132 737 5170 sua
767 5117 1253 5187 quinquagesimo.

523 5206 684 5259 Anno
731 5205 956 5282 Domini
1007 5207 1306 5262 millesimo
1355 5195 1737 5265 ducentesimo
1782 5212 2046 5282 vigesimo

450 5294 638 5361 tertio,
688 5278 948 5348 dominus
979 5295 1288 5352 Richardus
1317 5297 1488 5352 abbas
1535 5299 1693 5353 Becci
1725 5278 1936 5355 electus
1964 5308 2049 5356 est

451 5383 508 5437 in
542 5383 863 5454 episcopum
893 5383 1304 5452 Ebroicensem,
1337 5387 1554 5440 decimo
1579 5394 1733 5442 sexto
1766 5391 2046 5445 Kalendas

452 5472 710 5544 Augusti,
727 5479 1092 5546 sacratusque
1105 5480 1192 5529 est
1205 5481 1361 5530 sexto
1371 5475 1652 5531 Kalendas
1667 5479 2009 5549 Septembris
2031 5501 2044 5549 ;

454 5561 546 5616 cui
573 5562 843 5634 successit
868 5563 930 5619 in
959 5563 1186 5620 abbatia
1213 5564 1373 5621 Becci
1397 5565 1733 5623 venerabilis
1764 5571 2048 5627 memoriae

2215 4418 2251 4476 ι
2269 4419 2326 4476 2
2339 4413 2499 4466 Anno
2514 4414 2739 4468 Domini
2753 4415 3049 4472 millesimo
3061 4418 3445 4476 ducentesimo
3457 4420 3705 4492 quinqua-

2130 4501 2363 4570 gesimo,
2387 4501 2478 4556 die
2509 4503 2798 4558 Dominica
2826 4512 2956 4560 ante
2987 4507 3188 4562 festum
3211 4511 3392 4564 sancti
3422 4507 3702 4571 Michaelis,

2133 4589 2280 4659 apud
2337 4590 2734 4655 Conﬂantium,
2765 4595 3101 4650 translatum
3155 4603 3240 4652 est
3277 4615 3481 4670 corpus
3521 4601 3706 4652 sancte

2133 4677 2432 4733 Honorinae
2459 4679 2528 4733 de
2558 4681 2728 4735 veteri
2758 4698 2924 4752 capsa
2953 4684 3011 4738 in
3041 4686 3282 4755 quadam
3315 4689 3430 4741 alia
3455 4703 3616 4758 capsa
3631 4701 3708 4738 ar-

2129 4772 2353 4836 gentea,
2380 4773 2631 4839 tempore
2657 4769 2882 4825 Roberti
2912 4771 3130 4827 abbatis
3159 4775 3338 4840 Becci,
3362 4783 3419 4831 et
3449 4772 3707 4830 Willermi

2128 4854 2201 4908 de
2231 4856 2435 4910 Braetot
2462 4857 2663 4927 prioris
2693 4859 2761 4912 de
2791 4860 3171 4927 Conﬂuancio,
3199 4864 3567 4933 praesentibus
3605 4862 3708 4917 Ro-

2131 4943 2483 5015 thomagensi
2521 4947 2963 5018 archiepiscopo,
2995 4956 3054 5004 et
3082 4951 3341 5024 episcopo
3373 4950 3705 5018 Parisiensi;

2132 5047 2243 5086 una
2283 5050 2408 5087 cum
2452 5034 2614 5090 dictis
2655 5036 2856 5091 abbate
2906 5039 3166 5105 Roberto,
3194 5041 3384 5112 priore
3413 5043 3707 5103 Willermo,

2132 5121 2201 5175 de
2221 5121 2669 5179 licentiadomini
2691 5127 3000 5181 Innocentii
3029 5144 3182 5200 papae
3195 5131 3404 5200 quarti,
3427 5137 3559 5186 tunc
3575 5127 3709 5201 apud

2130 5210 2468 5280 Lugdunum
2488 5213 2774 5282 existenti;
2803 5223 3077 5285 regnante
3105 5217 3387 5274 Ludovico
3417 5217 3711 5276 illustrissi-

2130 5316 2222 5354 mo
2254 5317 2384 5371 rege
2424 5303 2785 5367 Francorum,
2817 5311 2951 5359 tunc
2979 5305 3036 5360 in
3075 5311 3226 5361 terra
3257 5309 3708 5380 Ierosolymitana

2130 5390 2540 5459 peregrinante,
2611 5393 2856 5447 Blancha
2913 5400 3092 5449 matre
3149 5397 3402 5466 ejusdem
3462 5395 3712 5452 Ludovici

2131 5499 2367 5552 regnum
2389 5484 2732 5540 Francorum
2761 5492 2989 5542 strenue
3012 5487 3381 5558 gubernante.

2201 5573 2364 5629 Anno
2411 5573 2636 5630 Domini
2673 5575 2971 5634 millesimo
3015 5577 3398 5636 ducentesimo
3448 5578 3714 5653 quinqua-
