3864 6176
218 260 306 323 661

1388 259 1816 316 CHRONICON
1854 258 2138 315 BECCEN
2141 259 2243 314 SE.

3384 262 3492 323 662

214 390 419 461 gesimo
449 394 634 458 sexto,
680 388 981 459 praedictus
1027 388 1357 451 Ludovicus,
1393 404 1488 441 rex
1533 385 1802 451 Francia,
1825 386 1876 445 A
1966 385 2109 439 Huic
2142 383 2445 440 venerabili
2474 384 2593 438 viro
2622 399 2689 438 ex
2730 384 3016 438 communi
3047 400 3280 441 assensu
3316 386 3493 443 totius

215 477 310 533 fuit
337 478 491 549 apud
523 478 760 532 Beccum
794 476 1057 543 Hirluini,
1102 477 1159 530 in
1207 477 1298 530 die
1344 474 1805 530 Annuntiationis

213 566 541 633 Dominica;
576 582 684 637 qua
726 565 818 619 die
846 565 1086 619 comedit
1108 566 1169 618 in
1192 563 1504 629 refectorio,
1537 579 1663 617 cum
1695 562 1803 616 mi-

211 651 393 706 litibus
419 656 479 705 et
502 650 813 704 baronibus
840 650 977 716 suis,
1005 649 1230 704 domino
1248 649 1441 704 Odone
1468 647 1690 719 Rigaud
1718 664 1805 701 ar-

211 740 559 811 chiepiscopo
586 738 1027 808 Rothomagensi
1054 739 1126 792 ad
1155 738 1464 804 sinistram,
1489 743 1547 793 et
1575 737 1802 791 domino

211 828 443 883 Roberto
464 828 673 882 abbate
698 828 858 882 Becci
877 827 947 881 ad
958 827 1243 882 dexteram
1266 843 1446 893 suam,
1462 843 1588 880 cum
1611 824 1804 879 multis

211 918 323 972 aliis
350 917 601 989 pralatis
628 916 972 972 sedentibus.
1006 917 1075 972 Et
1102 915 1299 971 exinde
1346 917 1582 970 Pontem
1611 914 1803 969 Audo-

213 1007 341 1059 mari
385 1024 655 1078 pergens,
698 1006 984 1061 libertates
1029 1005 1303 1078 plurimas
1351 1004 1597 1060 ecclesia
1641 1002 1801 1059 Becci

213 1112 301 1150 con
309 1096 575 1150 firmavit.

272 1186 427 1238 Anno
457 1184 690 1246 Domini
723 1184 1019 1238 millesimo
1052 1182 1435 1238 ducentesimo
1456 1181 1802 1252 sexagesimo

220 1278 421 1344 quarto,
457 1272 658 1328 Idibus
683 1273 838 1339 Maii,
868 1272 1005 1327 feria
1033 1272 1201 1327 tertia
1233 1277 1363 1326 ante
1407 1272 1797 1338 Pentecosten,

214 1362 427 1417 ecclesia
455 1363 623 1417 Becci
647 1362 940 1417 combusta
966 1361 1093 1427 fuit,
1126 1378 1253 1416 cum
1280 1360 1541 1415 omnibus
1560 1359 1797 1427 officinis

214 1456 261 1505 et
284 1451 564 1521 domibus,
593 1456 723 1523 post
757 1451 1206 1521 completorium,
1240 1449 1309 1504 ab
1348 1449 1464 1519 igni
1514 1449 1675 1514 villa,
1702 1434 1798 1520 qui

211 1541 419 1611 incepit
446 1541 508 1595 in
534 1541 707 1594 domo
737 1540 1089 1611 presbyterii,
1136 1545 1193 1593 et
1241 1537 1638 1594 miserabiliter
1664 1554 1797 1592 con-

212 1630 434 1701 sumpsit
461 1630 659 1683 villam
684 1636 742 1683 et
765 1630 1053 1684 ecclesiam
1086 1629 1246 1692 villa,
1300 1633 1357 1682 et
1394 1633 1587 1699 postea
1623 1626 1796 1681 abba-

1890 474 2138 543 ejusdem
2196 473 2304 528 loci
2352 472 2786 544 congregatione
2839 472 3107 527 successit
3157 475 3490 533 venerabilis

1887 563 2149 629 Joannes,
2167 567 2304 616 tunc
2326 561 2482 632 prior
2502 561 2683 630 Becci,
2701 560 3136 633 benedictusque
3166 567 3253 617 est
3279 564 3489 620 Rotho-

1886 649 2055 720 magi,
2077 649 2137 703 in
2167 649 2256 703 die
2280 649 2458 705 sancti
2470 649 2701 704 Joannis
2721 649 3092 720 evangelista.
3118 651 3488 709 Conﬁrmato-

1887 756 1995 811 que
2043 742 2098 792 et
2138 742 2383 809 recepto,
2427 743 2484 792 et
2528 754 2643 793 non
2682 726 2859 793 multo
2908 744 3055 809 post,
3097 740 3389 812 elegerunt
3424 743 3485 798 in

1883 828 2127 899 priorem
2159 827 2294 882 dicti
2336 828 2462 895 loci,
2506 827 2748 881 fratrum
2789 827 3160 882 concordante
3185 845 3485 903 consensu,

1885 917 2156 971 Joannem
2178 916 2247 970 de
2258 915 2500 971 Plesseis
2511 916 2758 987 priorem
2778 916 3172 985 dejGoldelina;
3190 918 3288 972 sed
3300 924 3482 975 morte

1884 1011 2220 1078 praeventus,
2242 1004 2509 1061 successit
2526 1005 2584 1058 in
2604 1005 2859 1076 prioratu
2872 1005 3199 1062 Willermus
3219 1007 3288 1062 de
3297 1007 3479 1063 Bour-

1881 1092 2161 1163 geanvilla
2188 1092 2342 1164 prior
2369 1092 2438 1146 de
2467 1093 2658 1146 Prato.

1955 1183 2116 1237 Anno
2143 1181 2370 1236 Domini
2398 1180 2699 1235 millesimo
2718 1179 3105 1235 ducentesimo
3134 1183 3480 1254 sexagesimo

1883 1287 2051 1338 nono,
2082 1275 2339 1342 tempore
2367 1270 2600 1325 Joannis
2638 1269 2858 1323 abbatis
2904 1269 3069 1324 Becci
3109 1270 3311 1325 decimi
3339 1273 3481 1327 sexti

1883 1360 2210 1431 supradicti,
2234 1359 2512 1413 translata
2541 1363 2629 1413 est
2665 1357 2932 1429 parochia
2958 1359 3137 1413 sancti
3167 1359 3384 1430 Nigasii
3411 1361 3482 1415 de

1881 1448 2144 1503 Mellento
2175 1448 2243 1502 de
2273 1447 2617 1501 monasterio
2662 1447 3067 1502 monachorum
3112 1447 3172 1502 in
3207 1449 3483 1520 capellam

1882 1538 2068 1591 Sancti
2115 1536 2307 1591 Jacobi
2344 1536 2597 1606 ejusdem
2636 1536 2932 1606 parochia,
2980 1541 3036 1589 et
3080 1536 3227 1592 facta
3268 1543 3355 1592 est
3385 1537 3484 1593 illa

1880 1626 2092 1697 capella
2117 1624 2453 1697 parochialis
2487 1629 2543 1678 et
2566 1623 2917 1694 baptismalis
2946 1625 3196 1692 ecclesia,
3237 1626 3483 1681 interve-

211 1697 366 1783 ἥλω-ς
399 1718 610 1772 abbate
644 1718 885 1772 Roberto
915 1724 1048 1771 tunc
1078 1717 1226 1788 apud
1258 1697 1523 1771 Lexovias
1553 1716 1620 1769 ad
1645 1697 1857 1787 capi-B
1878 1717 2070 1769 niente
2100 1730 2334 1769 assensu
2371 1713 2651 1785 pontificis
2684 1713 3064 1778 Carnotensis,
3097 1714 3315 1768 abbatis
3352 1730 3481 1769 con-

211 1806 369 1860 tulum
390 1806 664 1860 abbatum
684 1807 949 1877 generale
967 1805 1257 1860 existente.
1282 1804 1486 1858 Eodem
1518 1821 1665 1858 anno
1681 1821 1793 1857 non

213 1895 365 1949 multo
394 1903 523 1965 post
552 1896 732 1949 turris
762 1895 1053 1949 Beccensis
1070 1894 1310 1965 lapidea,
1336 1910 1457 1964 qua
1489 1898 1611 1947 erat
1633 1894 1795 1963 juxta

213 1984 500 2048 cellarium,
531 1985 767 2050 corruit,
802 1990 859 2038 et
888 1984 1100 2038 dictum
1131 1983 1421 2037 cellarium
1472 1986 1530 2036 et
1574 1987 1793 2053 partem

217 2073 433 2127 ecclesia
461 2073 880 2144 conquassavit.

274 2163 424 2216 Anno
448 2162 681 2216 Domini
711 2162 1007 2216 millesimo
1039 2160 1422 2216 ducentesimo
1451 2159 1796 2231 sexagesimo

219 2249 406 2320 quinto,
435 2250 582 2305 obiit
606 2251 711 2321 pia
753 2251 1057 2316 memoriae,
1090 2255 1147 2304 et
1171 2249 1468 2304 laudabilis
1498 2250 1643 2314 vita,
1673 2250 1797 2320 glo-

217 2337 532 2394 riosissimus
573 2338 854 2396 Robertus
883 2340 1055 2394 abbas
1085 2340 1242 2395 Becci
1271 2339 1521 2394 decimus
1543 2338 1794 2410 quintus,

218 2427 265 2481 in
288 2434 437 2483 nocte
465 2430 654 2483 sancti
681 2430 985 2484 Clementis
1009 2448 1022 2496 ;
1057 2429 1152 2500 qui
1181 2429 1325 2483 rexit
1348 2428 1633 2482 abbatiam
1663 2428 1798 2482 dicti

216 2516 323 2583 loci,
344 2524 469 2572 ante
493 2517 946 2573 combustionem
977 2519 1119 2589 ejus,
1134 2518 1411 2572 sexdecim
1433 2517 1621 2585 annis,
1638 2534 1797 2571 men-

220 2604 350 2660 sibus
386 2624 608 2673 novem,
644 2608 1012 2662 hebdomadis
1048 2608 1247 2674 tribus,
1285 2612 1342 2661 et
1372 2607 1552 2661 tribus
1580 2606 1795 2676 diebus,

217 2702 326 2764 post
350 2697 798 2751 combustionem
822 2714 950 2752 vero
994 2695 1213 2751 duobus
1244 2697 1407 2751 annis
1450 2702 1508 2750 et
1542 2695 1798 2766 dimidio,

220 2788 428 2855 octoque
476 2786 716 2852 diebus;
750 2786 844 2856 qui
882 2787 942 2840 in
980 2802 1156 2840 unum
1190 2785 1422 2850 collecti,
1470 2786 1615 2838 ﬁunt
1660 2783 1794 2838 anni

222 2869 598 2933 novemdecim,
645 2876 888 2941 quatuor
931 2887 1153 2924 menses
1183 2876 1239 2923 et
1268 2874 1511 2940 quatuor
1558 2869 1696 2923 dies.
1726 2868 1796 2922 Et

1878 1808 2077 1858 ventus
2118 1802 2428 1869 Beccensis,
2479 1807 2537 1857 et
2580 1802 2803 1873 prioris,
2846 1806 2903 1856 et
2943 1808 3247 1857 conventus
3286 1801 3480 1859 Sancti

1877 1893 2097 1964 Nigasii
2128 1892 2198 1946 de
2226 1892 2491 1947 Mellento
2543 1890 2868 1963 supradicti,
2916 1894 2973 1945 et
3009 1891 3191 1946 Ivonis
3221 1891 3479 1947 Ecclesiae

1877 1981 2112 2036 rectoris
2133 1980 3007 2052 ejusdem,contradicentibus,et
3017 1979 3407 2036 resistentibus
3423 1986 3481 2037 et

1878 2070 2357 2144 proclamantibus
2376 2069 2751 2141 parochianis,
2775 2069 2872 2123 sed
2900 2085 3013 2122 non
3028 2068 3481 2140 praevalentibus.

1950 2161 2256 2230 Postquam
2281 2158 2582 2230 pradictus
2603 2159 2847 2212 Joannes
2876 2155 3047 2211 abbas
3071 2157 3232 2212 Becci
3250 2163 3481 2214 strenue

1876 2247 2210 2320 gubernavit
2241 2247 2497 2302 eamdem
2527 2246 2832 2311 abbatiam,
2862 2246 3041 2301 ferme
3061 2251 3277 2318 septem
3295 2247 3480 2317 annis,

1879 2338 2027 2393 diem
2056 2336 2259 2392 clausit
2282 2342 2615 2401 extremum,
2648 2335 2708 2389 in
2753 2335 2843 2389 die
2890 2339 3214 2390 sanctorum
3242 2335 3480 2407 Nigasii,

1879 2427 2269 2497 sociorumque
2290 2427 2429 2496 ejus,
2456 2441 2604 2480 anno
2635 2424 2862 2480 Domini
2893 2424 3191 2479 millesimo
3209 2424 3480 2481 ducente-

1877 2515 2019 2569 simo
2039 2515 2453 2587 septuagesimo
2469 2514 2797 2579 secundo,et
2817 2514 3070 2586 sepultus
3090 2518 3176 2569 est
3190 2514 3248 2569 in
3263 2515 3498 2587 capitum

1879 2605 1934 2659 lo
1955 2604 2091 2659 dicti
2111 2605 2237 2671 loci,
2261 2604 2408 2658 circa
2435 2608 2604 2675 caput
2636 2602 2851 2657 domini
2881 2602 3138 2657 Herluini
3160 2602 3329 2675 prir’ni
3348 2604 3484 2660 dicti

1879 2693 1986 2748 loci
2015 2692 2346 2748 fundatoris.
2372 2693 2442 2746 Et
2479 2692 2676 2746 eodem
2716 2707 2864 2745 anno
2898 2691 3144 2747 Ecclesia
3172 2692 3329 2748 Becci
3358 2709 3485 2748 con-

1872 2783 2070 2853 juncta
2097 2774 2184 2837 est
2207 2781 2550 2836 fraternitati
2580 2780 2837 2835 Ecclesia
2867 2780 3208 2836 Fiscanensi.

1949 2871 2051 2925 Cui
2079 2872 2347 2925 successit
2375 2870 2434 2924 in
2463 2868 2690 2924 abbatia
2721 2868 3200 2924 eminentissimus
3229 2869 3331 2937 vir,
3371 2870 3480 2927 Pe-

219 2957 442 3025 sepultus
471 2964 562 3012 est
585 2958 644 3012 in
675 2959 920 3030 capitulo
950 2959 1097 3012 circa
1116 2959 1286 3029 pedes
1304 2957 1516 3012 domini
1536 2956 1793 3012 Herluini
1818 3025 1849 3030 _
1874 2964 1996 3014 trus
2026 2959 2095 3013 de
2123 2959 2336 3014 Caniba
2372 2961 2535 3030 juxta
2575 2959 2833 3025 Beccum,
2872 2962 3009 3012 tunc
3058 2961 3174 3027 '3
3202 2958 3359 3030 prior
3406 2959 3478 3015 de

219 3043 266 3097 in
289 3045 506 3101 sinistra
524 3053 709 3118 parte.

675 3148 1021 3190 BPITAPHIUM
1059 3148 1221 3189 EJUSD
1231 3148 1321 3188 ΕΜ.

336 3225 478 3278 Becci
497 3226 828 3289 canobium,
849 3226 1199 3294 qm’ndcnum
1214 3225 1415 3293 plange
1434 3225 1721 3279 Robertum

334 3314 628 3379 Abbatem;
655 3317 832 3368 cina-it
861 3320 908 3367 te
938 3317 1138 3379 muris,
1175 3319 1327 3383 teque
1360 3317 1545 3381 refecit

336 3402 733 3471 Consumptum
758 3406 1020 3472 ﬂammis,
1058 3405 1215 3456 rebus
1239 3405 1437 3456 ditavit
1466 3408 1515 3457 et
1545 3406 1717 3472 agris.

277 3490 406 3544 Nota
443 3492 616 3562 quod,
643 3492 865 3562 quando
881 3492 1169 3546 combusta
1182 3492 1287 3546 fuit
1307 3493 1539 3545 ecclesia
1558 3493 1793 3547 Beccen-

220 3577 296 3641 sis,
316 3581 514 3634 summi
542 3582 855 3651 pontiﬁces,
884 3581 1124 3635 maxime
1150 3582 1408 3636 Urbanus
1430 3587 1486 3635 et
1508 3582 1785 3648 Clemens,

216 3668 439 3736 precibus
450 3669 666 3723 nostris
686 3669 956 3736 inclinati,
978 3669 1034 3723 in
1048 3670 1531 3724 readiﬁcationem
1557 3675 1613 3724 et
1632 3687 1788 3741 repa-

217 3757 454 3812 rationem
470 3759 724 3813 ecclesia
745 3766 967 3823 nostra,
994 3760 1140 3829 ignis
1163 3760 1599 3829 conflagratione
1624 3777 1786 3815 casu-

218 3859 305 3913 que
329 3847 633 3901 miserabili
662 3848 743 3901 sic
765 3854 1128 3918 consumpta,
1159 3847 1561 3902 ordinaverunt
1584 3849 1785 3902 utred-

217 3931 340 3988 ditus
362 3940 413 3989 et
431 3943 741 4008 proventus
766 3937 931 3991 unius
981 3938 1112 3990 anni
1144 3937 1502 3991 ecclesiarum
1535 3941 1590 3990 et
1617 3936 1786 3991 bene-

218 4021 435 4080 ﬁciorum
464 4026 746 4087 omnium,
772 4026 831 4079 in
861 4026 1062 4096 quibus
1091 4043 1192 4079 nos
1232 4027 1315 4079 vel
1335 4026 1548 4096 priores
1574 4026 1785 4097 priora-

213 4113 345 4167 tuum
376 4120 702 4169 nostrorum
726 4116 821 4184 jus
851 4120 1183 4185 patronatus
1214 4115 1503 4180 habemus,
1537 4115 1784 4170 existen-

216 4199 332 4254 tium
366 4204 418 4257 in
436 4204 691 4258 Francia
721 4210 774 4256 et
805 4204 1019 4274 Anglia
1047 4204 1253 4273 regnis,
1297 4209 1353 4257 et
1390 4220 1567 4274 usque
1591 4204 1662 4257 ad
1693 4204 1783 4257 de-

1808 3025 1851 3085 Ο
1878 3048 2240 3115 Evremodio;
2273 3025 2711 3119 ben‘edictusque
2741 3051 2827 3102 est
2856 3046 2926 3101 ab
2956 3025 3150 3102 Odone
3177 3025 3486 3104 liothoma-

1874 3139 2035 3209 gensi
2055 3138 2492 3210 archiepiscopo.
2511 3136 2614 3191 Cui
2630 3135 2834 3190 accidit
2862 3136 2919 3190 in
2939 3134 3122 3208 primo
3151 3152 3299 3191 anno
3328 3135 3480 3207 regi-

1874 3225 2046 3280 minis
2072 3227 2191 3296 ejus
2223 3226 2339 3280 tale
2364 3224 2738 3279 infortunium
2759 3224 2926 3296 quod,
2952 3223 3217 3295 pradicto
3244 3241 3392 3279 anno
3418 3224 3480 3281 in

1875 3315 2185 3369 crastinum
2206 3315 2490 3379 Cinerum,
2509 3313 2725 3368 decimo
2748 3313 2944 3384 quinto
2965 3312 3248 3368 Kalendas
3267 3312 3477 3380 Martii,

1876 3403 1973 3475 qui
2013 3409 2099 3458 est
2127 3420 2307 3459 annus
2335 3402 2405 3458 ab
2435 3402 2830 3457 Incarnatione
2874 3401 3103 3456 Domini
3136 3389 3475 3457 millesimus

1874 3493 2290 3548 ducentesimus
2319 3492 2767 3564 septuagesimus
2783 3490 3002 3557 tertius,
3027 3490 3204 3545 turris
3230 3491 3475 3546 maxima

1873 3582 2033 3637 Becci
2062 3583 2291 3650 corruit,
2326 3587 2381 3636 et
2414 3581 2705 3636 ecclesiam
2726 3581 2841 3635 fere
2868 3579 3215 3652 consumpsit
3243 3584 3297 3634 et
3337 3596 3477 3635 con-

1872 3672 2159 3743 quassavit
2184 3691 2195 3739 ;
2231 3677 2288 3726 et
2313 3672 2440 3744 plus
2469 3671 2841 3742 ponderatum
2878 3669 2987 3723 fuit
3014 3669 3284 3723 damnum
3304 3669 3476 3740 hujus

1868 3778 1967 3814 con
1975 3778 2095 3816 sum
2102 3760 2309 3832 ptionis
2339 3777 2506 3832 quam
2521 3760 2791 3814 damnum
2803 3757 3223 3827 combustionis,
3237 3758 3371 3829 quia
3388 3763 3477 3813 to-

1868 3855 1989 3904 tum
2047 3850 2485 3921 presbysterium
2530 3848 2588 3903 in
2635 3848 2872 3903 circuitu
2911 3848 3161 3919 oportuit
3200 3847 3472 3903 radicitus

1868 3940 2104 3994 evellere
2129 3956 2307 4011 usque
2331 3940 2403 3993 ad
2432 3939 2820 3993 fundamenta.
2840 3937 2947 4002 Qui
2968 3937 3267 4008 pradictus
3295 3935 3466 3991 abbas

1866 4030 2034 4101 coepit
2062 4034 2430 4099 augmentare
2450 4028 2758 4092 ecclesiam,
2792 4032 2847 4080 et
2865 4026 3097 4097 incapit
3124 4041 3347 4080 crucem
3380 4042 3463 4080 ec-

1867 4119 2046 4173 clesia
2067 4122 2124 4171 et
2151 4118 2403 4185 chorum,
2422 4122 2479 4171 et
2492 4117 2696 4170 locavit
2714 4120 2956 4187 quatuor
2978 4114 3201 4187 pillaria
3220 4113 3467 4169 maxima

1866 4225 1967 4280 per
1996 4208 2276 4278 quadrum
2318 4206 2376 4260 in
2423 4222 2587 4260 cruce
2624 4204 2889 4259 Ecclesia
2932 4203 3005 4258 ad
3042 4203 3211 4257 aliam
3257 4190 3465 4257 turrim

220 4301 315 4343 cem
327 4308 492 4347 annos
512 4308 710 4347 vacare
730 4292 1093 4362 contigerint:
1115 4293 1297 4363 primo
1311 4296 1782 4364 anno,postquam
1799 4300 1847 4358 D
1869 4296 2443 4368 superadiﬁcandam.
2490 4295 2570 4349 De
2615 4310 2724 4366 qua
2761 4293 2929 4347 ruina
2959 4292 3169 4348 factum
3200 4290 3305 4347 fuit
3326 4290 3466 4347 illud

218 4392 377 4435 vacare
404 4382 747 4451 contigerint
789 4387 845 4435 et
893 4382 1225 4449 vacaverint,
1277 4383 1335 4436 in
1378 4382 1488 4435 illis
1528 4381 1786 4435 videlicet

214 4464 530 4536 diacesibus,
563 4470 621 4523 in
647 4469 849 4541 quibus
886 4470 982 4523 illo
1021 4487 1185 4525 anno.
1211 4470 1540 4524 dioecesanis
1578 4471 1786 4541 episco-

210 4554 281 4625 pis
297 4559 535 4613 redditus
556 4564 614 4613 et
624 4564 926 4630 proventus
942 4560 1282 4629 hujusmodi,
1297 4576 1364 4614 ex
1380 4558 1784 4613 consuetudine

211 4658 303 4699 non
335 4648 566 4703 debetur
597 4661 609 4696 :
636 4648 696 4702 in
728 4648 839 4701 illis
885 4653 1073 4702 autem
1117 4648 1176 4702 in
1220 4647 1421 4719 quibus
1467 4647 1561 4702 illo
1607 4664 1774 4714 anno,

214 4733 290 4802 qui
342 4735 746 4810 deportationis
801 4738 869 4808 [le
927 4739 1138 4808 depart]
1191 4738 1495 4808 vulgariter
1554 4737 1775 4803 dicitur,

210 4819 454 4881 debentur
480 4827 781 4899 episcopis,
818 4827 1142 4897 hujusmodi
1189 4826 1596 4898 deportationis
1629 4842 1776 4880 anno

210 4907 499 4970 immediate
527 4916 804 4987 sequenti,
826 4916 1105 4988 possimus
1135 4916 1419 4988 percipere
1448 4916 1504 4970 in
1538 4915 1802 4970 readiﬂ~~~

210 5002 453 5058 tationem
501 5004 637 5058 dicti
672 5006 998 5059 monasterii
1028 5006 1449 5061 convertendos.
1499 5007 1569 5060 Et
1606 5006 1777 5059 etiam

209 5088 579 5148 ordinaverunt
633 5095 780 5164 quod
826 5095 882 5148 in
933 5095 1273 5165 prioratibus
1313 5094 1523 5150 ordinis
1578 5095 1774 5160 nostri,

210 5184 392 5234 certum
422 5183 697 5237 tributum
727 5184 1091 5254 acciperetur,
1128 5184 1435 5238 secundum
1469 5185 1773 5256 compossi-

209 5261 452 5325 bilitatem
500 5271 930 5340 beneficiorum;
982 5278 1037 5326 et
1091 5273 1215 5327 aliis
1257 5274 1471 5328 cunctis
1518 5274 1773 5330 fidelibus

207 5357 594 5427 penitentibus,
617 5362 711 5433 qui
731 5363 1085 5433 erogaverint
1104 5362 1160 5416 in
1188 5363 1337 5434 piam
1360 5364 1771 5435 eleemosynam

209 5439 266 5495 de
290 5442 436 5501 bonis
459 5466 658 5504 eorum
680 5451 920 5506 Domino
943 5451 1074 5506 anni
1104 5452 1406 5507 ducentum
1438 5453 1556 5508 dies
1584 5453 1772 5508 indul-

211 5534 496 5599 gentiarum
527 5539 784 5595 contulit.

1865 4384 2219 4457 proverbium
2252 4384 2464 4452 Gallia,
2492 4384 2642 4454 quod
2671 4382 2962 4454 sequitur:

2078 4475 2210 4527 L’an
2247 4473 2310 4527 de
2338 4489 2501 4542 grace
2524 4475 2625 4527 mil
2654 4473 2801 4526 deum
2823 4489 2944 4527 cens

2077 4562 2338 4618 Soz‘wante
2368 4568 2417 4616 et
2449 4564 2631 4627 trez'ze,
2655 4564 2843 4616 virent
2870 4578 3002 4630 gens

2074 4653 2149 4706 La
2178 4654 2403 4706 maistre
2434 4655 2560 4705 tour
2588 4652 2664 4704 du
2689 4652 2786 4705 Bec
2805 4651 3112 4718 descendre,

2074 4741 2408 4793 Lendemain
2428 4740 2505 4793 du
2519 4742 2658 4808 jour
2683 4740 2751 4793 de
2771 4742 2826 4793 la
2845 4740 3040 4793 cendre
3059 4755 3082 4807 ;

2074 4828 2293 4881 Entour
2313 4830 2519 4897 prime,
2561 4829 2649 4897 fut
2670 4831 2725 4882 la
2753 4830 2960 4882 ruina:

2072 4918 2309 4971 L’wuvre
2338 4918 2551 4971 dessous
2575 4919 2787 4971 n'estoit
2812 4934 2911 4986 pas
2941 4919 3053 4987 ﬁne
3084 4937 3100 4972 :

2071 5007 2222 5059 Pour
2254 5021 2308 5059 ee
2335 5008 2390 5060 la
2421 5010 2549 5059 tour
2575 5021 2630 5059 se
2659 5007 2952 5071 descendit,

2080 5096 2211 5149 Tout
2237 5097 2284 5149 le
2309 5095 2492 5150 chwur
2505 5111 2675 5163 cassa,
2705 5101 2752 5151 et
2778 5098 2957 5165 [end-it

2068 5185 2141 5238 De
2170 5187 2225 5239 la
2256 5186 2478 5253 nefa-ne
2514 5187 2726 5253 grande
2742 5190 2947 5254 partie,

2074 5274 2236 5328 Cassa
2270 5277 2325 5328 la
2359 5280 2484 5329 tear
2508 5276 2570 5329 de
2602 5277 2881 5344 l’abbaye;

2068 5366 2212 5417 Mais
2242 5365 2379 5418 Dieu
2421 5380 2606 5432 mercy
2627 5381 2680 5418 ce
2701 5380 2801 5432 νος]
2821 5364 2991 5431 eherz‘,

2078 5454 2317 5522 Oncgues
2340 5454 2460 5507 hom
2471 5470 2553 5507 me
2568 5454 2662 5522 n’y
2692 5457 2808 5506 eust
2824 5455 2983 5521 peri;

2074 5545 2148 5597 (fe
2176 5545 2263 5611 [ut
2291 5560 2357 5598 en
2386 5548 2554 5614 temp:
2582 5544 2645 5598 de
2679 5542 2844 5597 l'abbe
2871 5544 3079 5600 Pierre.
