3864 6176
453 299 559 362 663
1409 304 1506 361 AD
1545 305 1784 363 OPERA
1821 307 1884 362 B.
1924 304 2340 366 LANFRANCI
2373 297 2765 368 APPENDIX.
3603 317 3697 374 664

670 441 878 494 Pource
903 438 1065 508 qu’en
1089 439 1300 508 pierres
1329 440 1568 505 abonda,
2064 442 2115 501 Α
2134 441 2425 512 elegerunt
2448 441 2630 496 virum
2659 440 2923 494 idoneum
2948 437 3006 492 in
3034 436 3449 508 temporalibus,
3477 442 3533 492 et
3557 439 3700 510 spiri-

667 527 804 583 Sous
822 528 996 594 ferme
1013 530 1197 596 pierre
1227 531 1281 582 la
1305 528 1495 595 fanda.
2131 531 2378 585 tualibus
2420 531 2660 585 multum
2694 529 3158 598 circumspectum
3203 526 3464 598 omnique
3512 543 3702 583 recom-

525 615 734 670 Eodem
754 629 902 669 anno
931 614 990 670 in
1019 615 1264 686 capitulo
1280 615 1531 686 generali
1554 615 1851 686 praedictus
1878 615 2051 670 abbas
2133 620 2491 674 mendatione
2514 619 2768 688 dignum,
2801 617 3093 671 dominum
3121 615 3407 670 Ymerium
3430 617 3496 669 de
3516 617 3700 671 Sancto

454 705 676 770 Petrus,
707 719 772 758 ex
801 719 1078 758 consensu
1102 709 1159 759 et
1186 705 1474 760 voluntate
1504 704 1676 759 totius
1706 706 1937 776 capituli
1967 722 2052 760 or—
2131 708 2375 771 Ymerio,
2404 715 2538 763 tunc
2569 707 2811 778 priorem
2841 705 2980 759 dicti
3013 703 3136 758 loci.
3171 703 3278 768 Qui
3299 704 3477 758 dictus
3494 705 3697 770 electus,

455 791 672 847 dinavit
716 791 866 863 quod
914 793 1278 858 camerarius,
1323 793 1419 865 qui
1465 793 1633 848 ofﬁcii
1686 794 1834 848 vices
1885 793 2048 864 gerit,
2134 796 2241 851 fuit
2268 797 2631 850 conﬁrmatus
2670 795 2818 866 apud
2863 792 3192 856 Pontisiam,
3232 792 3427 846 Martis
3459 792 3562 858 die,
3592 799 3704 864 post

454 880 730 954 percipiet
771 882 1021 953 quolibet
1050 897 1198 937 anno
1228 882 1288 936 in
1317 883 1657 938 Ascensione
1692 883 1914 938 Domini
1954 900 2055 955 per
2134 884 2337 939 festum
2371 884 2550 938 sancti
2579 882 2814 936 Andreae
2846 880 3105 952 apostoli,
3151 881 3207 934 in
3257 881 3506 952 prioratu
3534 887 3703 938 nostro

453 987 686 1025 manum
709 971 1036 1041 grenetarii,
1067 971 1162 1042 qui
1190 987 1291 1042 pro
1320 977 1572 1043 tempore
1595 972 1783 1038 fuerit,
1819 973 2055 1042 triginta
2136 973 2325 1028 Sancti
2355 972 2507 1027 Petri
2535 973 2593 1026 in
2623 971 2775 1024 dicta
2809 970 2958 1033 villa,
3005 986 3038 1022 a
3079 969 3364 1023 Willelmo
3402 968 3502 1022 Dei
3542 970 3705 1039 gratia

455 1057 628 1114 libras
669 1061 1043 1124 Turonenses,
1087 1076 1186 1131 pro
1235 1061 1752 1132 recompensatione
1794 1078 2053 1116 cavarum

456 1149 840 1204 maneriorum
871 1149 1004 1204 dicti
1045 1149 1373 1220 grenetarii,
1407 1167 1547 1222 quas
1590 1150 1773 1205 dictus
1810 1167 2056 1205 camera-

459 1236 577 1293 rius
607 1238 824 1293 solebat
859 1238 1164 1310 percipere.

529 1327 840 1396 Inceptum
879 1331 966 1381 est
1003 1326 1107 1381 hoc
1140 1343 1280 1397 opus
1327 1342 1475 1380 anno
1505 1325 1730 1380 Domini
1759 1327 2052 1383 millesimo

459 1415 842 1472 ducentesimo
890 1416 1303 1486 septuagesimo
1339 1415 1554 1486 quinto,
1584 1414 1643 1468 in
1669 1431 1779 1485 quo
1808 1417 2052 1488 primum

458 1503 702 1575 lapidem
734 1502 922 1574 posuit
943 1504 1142 1558 Petrus
1163 1502 1338 1557 abbas
1351 1503 1530 1570 Becci,
1547 1505 1854 1559 secundum
1881 1505 2052 1559 abbas

460 1591 677 1647 Sanctae
739 1591 1055 1646 Catharinae
1099 1608 1272 1662 prope
1326 1591 1761 1663 Rothomagum,
1823 1594 2050 1647 tertium

2136 1061 2552 1133 archiepiscopo
2583 1057 3041 1129 Rothomagensi,
3092 1063 3148 1112 et
3187 1057 3279 1111 die
3310 1057 3564 1111 Mercurii
3591 1075 3704 1130 pro-

2135 1151 2287 1204 xima
2315 1150 2463 1222 apud
2495 1149 2745 1204 Parisius
2784 1147 2854 1200 ab
2895 1146 3275 1202 illustrissimo
3314 1162 3444 1216 rege
3485 1147 3705 1201 Francia;

2137 1239 2393 1311 Philippo
2423 1242 2700 1309 receptus.
2751 1235 2963 1290 Deinde
3012 1234 3306 1289 Dominica
3336 1234 3602 1304 sequenti,
3629 1251 3705 1288 se-

2136 1328 2320 1382 cunda
2345 1327 2635 1391 adventus,
2652 1324 2910 1378 videlicet
2941 1330 2977 1392 Ι
2993 1329 3050 1387 4
3076 1321 3317 1394 septimo
3348 1322 3477 1376 Idus
3499 1323 3705 1376 Decem-

2135 1416 2269 1480 bris,
2303 1415 2449 1487 apud
2472 1412 2742 1468 Fraxinos
2782 1410 3203 1482 archiepiscOpi,
3253 1409 3323 1464 ab
3364 1411 3554 1464 eodem
3580 1411 3706 1464 Wil-

2133 1507 2310 1560 lermo
2351 1503 2766 1574 archiepiscopo
2798 1499 3236 1570 Rothomagensi
3288 1499 3616 1564 benedictus,
3660 1504 3706 1553 et

2135 1596 2192 1648 in
2216 1594 2566 1663 Rothomago
2589 1591 2676 1644 die
2707 1591 2876 1644 Lunae
2899 1589 2957 1643 in
2987 1589 3221 1642 ecclesia
3265 1587 3566 1641 cathedrali
3594 1587 3707 1640 fecit

458 1681 775 1734 Willelmus
796 1680 967 1751 prior,
989 1685 1047 1734 et
1068 1680 1386 1736 Almaricus
1413 1681 1483 1736 de
1511 1681 1773 1755 Mellento
1791 1683 1885 1753 qui
1903 1683 2054 1752 prior
2136 1681 2534 1753 professionem
2590 1685 2934 1743 consuetam,
2984 1683 3041 1731 et
3085 1677 3177 1730 die
3231 1675 3494 1730 Mercurii
3543 1674 3706 1730 subse-

457 1768 653 1822 eodem
694 1785 842 1822 anno
873 1768 1090 1822 decimo
1129 1768 1415 1823 Kalendas
1453 1769 1707 1824 Octobris
1737 1769 1892 1836 obiit,
1920 1776 1976 1825 et
2000 1756 2113 1824 eiB
2135 1771 2328 1844 quenti
2356 1770 2504 1841 apud
2532 1769 2768 1823 Beccum
2795 1784 2920 1820 cum
2962 1765 3320 1820 solemnitate
3348 1770 3592 1834 receptus
3615 1770 3703 1818 est.

457 1855 724 1910 successit
748 1855 1026 1910 Robertus
1069 1856 1138 1910 de
1185 1856 1371 1910 Leone
1416 1857 1568 1928 prior
1613 1859 1682 1912 de
1730 1859 1964 1925 Scotris;
1994 1859 2053 1913 in
2206 1861 2352 1913 Nota
2379 1860 2763 1930 juramentum
2810 1855 2957 1926 quod
3000 1855 3132 1910 fecit
3167 1852 3342 1907 abbas
3378 1853 3624 1907 Ymerius
3657 1853 3705 1907 in

355 1939 360 1944 ’
458 1962 568 2016 quo
590 1961 758 2016 opere
782 1945 1082 2016 praedictus
1111 1944 1282 2000 abbas
1311 1946 1560 2016 quandiu
1585 1947 1721 2001 vixit
1747 1948 2054 2017 diligentis-
2138 1947 2456 2018 receptione
2504 1963 2607 2000 sua
2635 1964 2646 1998 :
2681 1969 2700 1991 α
2739 1946 2852 2014 Ego
2883 1944 3059 1997 frater
3081 1943 3344 1996 Ymerius
3372 1943 3707 2014 permissione

2136 2036 2324 2091 divina
2363 2035 2533 2089 abbas
2559 2032 2887 2088 monasterii
2914 2032 3100 2086 Beatae
3131 2031 3319 2087 Maria:
3345 2031 3412 2085 de
3442 2030 3621 2099 Becco,
3649 2029 3706 2084 de

522 2123 686 2176 Anno
700 2121 1739 2194 millesimoducentesimooctogesimo
1753 2129 1907 2179 sexto
1921 2141 2056 2196 prae-
2135 2124 2302 2193 bona,
2335 2129 2390 2178 et
2417 2124 2651 2194 antiqua
2693 2127 2749 2176 et
2789 2120 3101 2192 approbata
3132 2120 3534 2174 consuetudine
3559 2121 3707 2190 hujus

458 2211 640 2265 dictus
669 2210 840 2264 abbas
871 2211 1074 2265 Petrus
1102 2209 1487 2265 transfretavit
1528 2211 1587 2265 in
1633 2213 1914 2282 Angliam,
1958 2215 2055 2268 de-
2137 2212 2485 2278 monasterii,
2518 2213 2669 2282 juro,
2702 2227 2800 2283 per
2830 2212 3009 2264 Deum
3040 2215 3096 2263 et
3125 2214 3352 2264 sanctos
3383 2209 3518 2278 ejus,
3548 2213 3600 2263 et
3623 2225 3709 2280 per

457 2300 650 2354 functo
675 2299 953 2353 Richardo
995 2299 1065 2353 de
1107 2299 1396 2353 Flamvilla
1427 2305 1790 2371 procuratore
1819 2303 2058 2357 Olehon-
2137 2304 2242 2357 hoc
2277 2307 2695 2356 sacrosanctum
2736 2299 3116 2369 Evangelium,
3155 2299 3306 2370 quod
3349 2314 3449 2368 ego
3491 2303 3596 2352 tam
3624 2315 3708 2368 per

458 2389 583 2454 niae,
616 2387 805 2459 ibique
833 2387 1127 2442 constituit
1150 2389 1383 2442 fratrem
1415 2389 1722 2444 Robertum
1764 2391 1834 2446 de
1873 2393 2056 2446 Leone
2137 2409 2227 2446 me
2278 2408 2444 2462 quam
2495 2407 2596 2461 per
2641 2405 2910 2460 personas
2951 2387 3124 2458 hujus
3153 2386 3480 2442 monasterii
3507 2387 3707 2440 idoneas

457 2482 879 2550 procuratorem
911 2494 1010 2548 pro
1041 2493 1126 2530 eo.
2138 2479 2544 2534 monasterium
2566 2475 3132 2544 Beccense,etomnia
3164 2477 3290 2546 ejus
3321 2475 3706 2540 membra,cum

527 2566 690 2620 Anno
702 2565 927 2620 Domini
941 2565 1237 2619 millesimo
1248 2565 1630 2620 ducentesimo
1641 2569 2053 2639 septuagesimo
2136 2568 2394 2623 omnibus
2416 2566 2772 2639 pertinentiis
2790 2566 2926 2629 suis,
2946 2570 3062 2619 tam
3084 2565 3141 2618 in
3165 2564 3548 2635 spiritualibus
3560 2579 3702 2635 quam

421 2029 429 2034 ’
458 2033 600 2089 sime
628 2033 889 2090 intendit.

460 2671 628 2720 nono,
647 2654 918 2708 dieLunaa
948 2659 1076 2726 post
1092 2654 1296 2708 festum
1319 2655 1498 2708 sancti
1521 2655 1753 2709 Joannis
1770 2657 2052 2730 Baptistae,
2137 2656 2558 2728 temporalibus,
2593 2672 2656 2709 ac
2686 2653 2935 2708 om‘nium
2962 2653 3359 2724 praedictorum
3386 2653 3530 2724 jura,
3555 2651 3706 2722 juris-

459 2744 520 2799 in
547 2743 759 2799 Assisia
789 2743 1317 2798 Pontis-Audomari
1361 2743 1508 2798 facta
1540 2744 1646 2798 fuit
1676 2744 1949 2800 discussio
1987 2747 2056 2801 de
2138 2745 2426 2812 dictiones,
2468 2744 2775 2809 libertates,
2805 2744 3018 2807 charta,
3045 2742 3360 2813 privilegia,
3382 2739 3708 2796 consuetudi-

461 2833 718 2898 emenda,
752 2833 923 2903 [Gal.,
955 2831 1218 2888 Amende.
1251 2833 1619 2898 MARCULFUS,
1652 2833 1967 2902 SPELMANN,
1999 2836 2056 2890 in
2140 2852 2238 2890 nes
2259 2834 2390 2888 dicti
2407 2833 2734 2887 monasterii
2760 2832 3020 2903 antiquas
3042 2836 3100 2885 et
3123 2831 3536 2903 approbatasad
3560 2830 3709 2883 bono-

460 2921 994 2992 Glossar.],monetze
1009 2921 1188 2986 Becci,
1210 2921 1278 2975 de
1294 2921 1422 2975 villa
1442 2939 1611 2992 quam
1628 2939 1726 2976 rex
1748 2923 1967 2978 volebat
1985 2925 2060 2979 le-
2092 2991 2101 2992 ί
2142 2941 2259 2978 rem
2282 2924 2382 2978 Dei
2405 2929 2461 2978 et
2480 2923 2783 2977 utilitatem
2804 2921 2939 2976 dicti
2970 2921 3320 2987 monasterii,
3355 2921 3490 2975 bene
3522 2925 3572 2973 et
3590 2919 3709 2972 fide--

458 3027 608 3078 vare,
642 3009 803 3065 nobis
824 3010 1236 3082 Opponentibus
1268 3027 1367 3081 per
1386 3015 1608 3066 nostras
1630 3012 1853 3066 chartas
1875 3030 1906 3066 a
1927 3030 2056 3084 rege
2075 2991 2118 3051 δ
2140 3014 2286 3079 liter,
2302 3013 2370 3066 de
2399 3017 2518 3066 toto
2541 3029 2704 3084 posse
2727 3028 2849 3065 meo
2877 3010 3187 3082 procurabo
3210 3016 3268 3064 et
3295 3009 3536 3076 servabo,
3551 3012 3710 3062 custo-

459 3100 674 3172 Angliae
703 3117 1013 3166 concessas,
1062 3116 1128 3153 ac
1173 3116 1208 3154 a
1247 3099 1363 3154 suis
1409 3100 1821 3155 successoribus
1851 3104 2056 3156 conﬁr-

459 3195 661 3243 matas.
711 3189 924 3254 Quibus
970 3188 1238 3259 inspectis
1281 3193 1338 3242 et
1384 3189 1441 3242 in
1487 3190 1853 3259 parlamentis
1908 3192 2057 3261 regis

456 3278 615 3333 lectis
646 3284 702 3332 et
730 3277 1011 3344 indicatis,
1044 3278 1190 3331 dicta
1221 3278 1460 3331 emenda
1489 3278 1594 3332 fuit
1623 3278 1784 3333 nobis
1815 3280 2053 3346 reddita,

459 3373 515 3423 et
554 3383 744 3421 coram
778 3366 1004 3420 baillivo
1040 3365 1344 3437 multisque
1374 3367 1668 3434 militibus,
1717 3367 1926 3422 ibidem
1967 3386 2058 3423 as-

459 3455 810 3521 sistentibus,
844 3456 1147 3510 declarata.

533 3545 680 3599 Nota
722 3544 870 3614 quod
918 3561 1018 3615 pro
1064 3542 1593 3614 praesentationibus
1637 3542 2055 3614 beneficiorum,

460 3633 611 3688 unde
640 3637 726 3688 est
765 3633 913 3704 quod
950 3632 1170 3704 priores
1207 3649 1321 3686 non
1371 3631 1579 3687 habent
1625 3639 1966 3705 praesentare
2001 3637 2060 3691 in

460 3721 745 3778 beneﬁciis
756 3721 893 3786 suis,
924 3737 1092 3775 causa
1104 3726 1188 3775 est
1208 3725 1271 3775 ut
1292 3721 1735 3792 quotiescunque
1750 3740 1919 3795 super
1931 3727 2061 3795 jure

463 3816 796 3883 patronatus
827 3810 1106 3880 contingit
1123 3811 1332 3865 moveri
1353 3812 1604 3882 quaestio,
1634 3813 1955 3869 conclusum
1978 3820 2062 3870 est

464 3905 530 3956 ut
557 3900 685 3954 talis
711 3901 944 3971 quaestio
973 3899 1212 3953 ducatur
1250 3898 1566 3970 sumptibus
1595 3901 1942 3967 monasterii,
1983 3906 2057 3965 et,

463 3995 694 4061 propter
718 3989 923 4043 nimios
962 3993 1220 4060 sumptus
1250 3992 1306 4041 et
1346 3994 1558 4044 metum
1601 4005 1941 4056 muscarum,
1975 4007 2064 4044 vo-

462 4078 673 4132 luerint
700 4094 895 4133 omnes
920 4078 1135 4150 priores
1166 4077 1495 4131 monasterii
1524 4078 1678 4148 quod
1707 4078 2061 4149 przesentatio

462 4171 741 4239 spectaret
785 4167 856 4220 ad
912 4166 1193 4232 abbatem,
1244 4166 1340 4237 qui
1389 4166 1603 4222 subiret
1659 4184 1832 4222 onera
1878 4169 2062 4223 litium

463 4257 872 4328 emergentium
900 4256 1047 4311 circa
1070 4257 1165 4327 jus
1195 4261 1546 4326 patronatus,
1597 4263 1826 4328 excepto
1870 4263 2062 4313 tamen

463 4343 649 4415 priore
677 4344 746 4398 de
776 4343 1011 4400 Cancico
1043 4344 1138 4414 qui
1167 4359 1280 4398 non
1309 4344 1649 4414 comparuit.

533 4434 694 4486 Anno
723 4432 1024 4486 Dominicaa
1052 4432 1464 4487 Incarnationis
1505 4433 1802 4488 millesimo
1846 4434 2055 4488 ducen-

464 4521 668 4578 tesimo
697 4520 1036 4591 octogesimo
1082 4521 1286 4591 primo,
1336 4521 1426 4575 die
1472 4521 1764 4578 Dominica
1802 4523 1946 4578 circa
1977 4540 2061 4578 ve-

466 4625 676 4682 speras.
711 4609 770 4663 in
794 4610 884 4663 die
912 4610 1162 4664 omnium
1193 4609 1443 4664 ﬁdelium
1475 4611 1888 4680 defunctorum,
1925 4612 2065 4666 obiit

467 4697 801 4754 venerabilis
845 4698 1129 4753 memoriae
1167 4698 1428 4753 dominus
1479 4701 1680 4754 Petrus
1716 4701 1784 4755 de
1829 4701 2058 4766 Caniba,

467 4786 640 4842 abbas
670 4787 830 4841 Becci
859 4787 1107 4842 decimus
1136 4788 1428 4858 septimus,
1447 4789 1719 4844 oriundus
1741 4807 1914 4862 prope
1936 4791 2068 4844 Bec-

468 4894 630 4944 cum;
689 4875 1115 4948 ccenobiumque
1163 4878 1439 4931 Beccense
1495 4878 1638 4932 rexit
1676 4880 2063 4934 strenuissime

469 4982 668 5021 novem
702 4966 884 5032 annis,
919 4971 975 5020 et
999 4983 1093 5020 sex
1123 4965 1341 5031 diebus,
1373 4967 1663 5038 Nonisque
1708 4968 2055 5034 Novembris,

466 5055 723 5111 videlicet
750 5055 840 5109 die
869 5056 1058 5119 Lunae,
1091 5055 1333 5109 traditus
1363 5055 1471 5108 fuit
1499 5056 1800 5127 sepulturae
1831 5056 1887 5110 in
1917 5057 2063 5127 capi-

466 5145 584 5200 tulo
613 5145 773 5200 Becci
813 5145 960 5198 circa
998 5144 1168 5214 pedes
1207 5144 1516 5215 sepulturae
1558 5145 1771 5198 domini
1808 5145 2062 5200 llerluini

465 5233 684 5289 abbatis
708 5233 896 5304 primi,
924 5232 1295 5304 praesentibus
1339 5232 1598 5304 episcopo
1640 5233 1968 5288 Abrincensi
2007 5241 2063 5290 et

466 5322 668 5378 abbate
689 5322 932 5377 Bernaii.
958 5321 1028 5376 Et
1041 5321 1216 5393 petita
1229 5327 1286 5376 et
1302 5321 1531 5376 obtenta
1550 5322 1774 5377 licentia
1795 5323 2056 5393 eligendi,

463 5411 860 5482 assignataque
876 5411 967 5466 die
983 5411 1241 5466 Mercurii
1261 5411 1321 5465 in
1341 5411 1585 5465 crastino
1625 5416 1829 5466 sancta:
1852 5413 2058 5467 Catha-

365 5555 374 5562 ,,
465 5501 602 5556 rinaa
645 5501 896 5572 virginis,
929 5501 1043 5555 voti
1083 5501 1286 5556 fratres
1329 5500 1631 5556 concordes
1679 5505 1736 5554 et
1764 5502 2057 5558 unanimes

537 5589 648 5662 (73)
668 5589 957 5649 .(Erarium
980 5589 1219 5664 regium,
1245 5590 1331 5648 vel
1357 5589 1607 5648 tribunal
1635 5589 1841 5646 fiscale.

2143 3102 2292 3157 diam
2324 3107 2380 3156 et
2408 3101 2725 3156 defendam.
2761 3101 2851 3156 Sic
2880 3117 2972 3154 me
3003 3101 3152 3154 Deus
3180 3101 3424 3170 adjuvet.
3476 3121 3496 3146 ιι
3532 3099 3594 3152 Et
3617 3096 3710 3149 for-

2138 3207 2288 3244 mam
2315 3190 2648 3262 receptionis
2683 3189 2931 3244 invenies
2955 3190 3014 3243 in
3047 3189 3390 3244 chartulario
3412 3189 3468 3244 in
3483 3188 3521 3242 F
3523 3183 3708 3241 arder

2140 3278 2360 3350 signato
2390 3295 2491 3350 per
2519 3296 2574 3349 y.

2211 3367 2420 3422 Eodem
2454 3383 2600 3422 anno
2648 3365 2947 3439 prmdictus
2982 3363 3154 3419 abbas
3190 3364 3450 3420 Ymerius
3475 3361 3710 3417 transfre-

2143 3456 2280 3511 tavit
2307 3457 2366 3510 in
2394 3457 2656 3527 Angliam
2675 3473 2775 3528 pro
2797 3455 3039 3526 negotiis
3065 3460 3121 3510 et
3145 3454 3316 3510 rebus
3357 3453 3596 3508 Ecclesiae
3611 3467 3708 3505 suae

2141 3545 2525 3617 disponendis.

2211 3636 2375 3688 Anno
2407 3632 2632 3688 Domini
2666 3630 2962 3686 millesimo
2993 3631 3378 3686 ducentesimo
3405 3628 3706 3700 octogesimo

2143 3722 2346 3795 primo,
2375 3723 2658 3777 declarata
2699 3721 2807 3775 fuit
2853 3720 3084 3775 libertas
3142 3721 3347 3791 prioris
3373 3720 3438 3774 de
3464 3721 3633 3782 Prato,
3658 3716 3706 3769 in

2143 3813 2306 3884 pleno
2321 3812 2567 3867 scacario
2589 3811 2813 3866 Paschae
2827 3808 2965 3881 (73),
2980 3826 3166 3863 coram
3192 3808 3472 3880 magistris
3489 3805 3707 3878 ejusdem

2145 3900 2562 3972 scacarii,apud
2591 3900 3005 3968 Rothomagum
3031 3917 3044 3965 ;
3077 3897 3145 3951 de
3181 3898 3425 3968 quodam
3455 3911 3602 3966 equo,
3626 3892 3706 3963 qui

2143 3991 2423 4045 occiderat
2438 3989 2738 4060 quamdam
2760 3987 3052 4042 mulierem
3072 3986 3127 4040 in
3150 3986 3415 4041 nundinis
3427 3985 3491 4039 de
3511 3984 3708 4038 Ermen-

2143 4080 2352 4141 truilla,
2393 4084 2450 4132 et
2488 4077 2842 4149 adjudicatus
2883 4075 2989 4130 fuit
3031 4075 3214 4129 dictus
3255 4091 3428 4146 equus
3468 4071 3624 4144 priori
3649 4069 3706 4122 de

2145 4170 2332 4235 Prato,
2359 4185 2459 4239 per
2491 4167 2790 4238 magistros
2819 4166 2878 4220 in
2904 4165 3051 4220 dicto
3081 4165 3329 4218 scacario
3361 4162 3701 4235 pmsidentes,

2146 4263 2202 4312 et
2230 4274 2400 4329 super
2415 4257 2520 4311 hoc
2545 4257 2798 4310 confecta
2820 4255 2929 4309 fuit
2947 4254 3136 4308 littera
3164 4253 3420 4308 bailliviae
3443 4251 3704 4306 Rotboma-

2082 4348 2133 4408 D
2143 4346 2350 4419 gensis.

2221 4438 2382 4490 Anno
2412 4433 2636 4490 Domini
2674 4433 2972 4487 millesimo
3002 4433 3386 4488 ducentesimo
3406 4426 3705 4498 octogesimo

2148 4525 2411 4589 secundo,
2431 4524 2649 4578 decimo
2672 4523 2953 4577 Kalendas
2975 4523 3123 4587 Maii,
3142 4522 3316 4577 abbas
3347 4518 3589 4574 Ymerius
3617 4513 3707 4566 dis-

2146 4613 2341 4684 positis
2371 4613 2538 4667 rebus
2583 4612 2699 4666 suis
2739 4611 2796 4665 in
2843 4611 3064 4682 Anglia,
3107 4611 3176 4666 ab
3216 4629 3284 4666 ea
3317 4607 3548 4671 recessit,
3575 4608 3623 4658 et
3647 4599 3706 4654 ad

2146 4709 2332 4774 partes
2361 4701 2608 4756 Franciae
2633 4700 3037 4760 transfretavit.
3062 4687 3426 4772 receptusque
3454 4695 3554 4751 fuit
3580 4687 3704 4763 apud

2151 4791 2386 4846 Beccum
2434 4791 2504 4845 ab
2549 4790 2702 4844 omni
2731 4796 3009 4845 conventu
3056 4807 3176 4856 suo,
3228 4795 3415 4845 octavo
3459 4779 3704 4840 Kalendas

2153 4881 2407 4952 ejusdem
2432 4880 2660 4934 mensis.

2216 4969 2426 5023 Eodem
2457 4985 2604 5022 anno
2637 4968 2871 5039 quaestio
2900 4969 3047 5023 facta
3067 4973 3151 5023 est
3171 4969 3316 5040 apud
3349 4967 3567 5022 Beccum
3596 4960 3702 5031 post

2144 5062 2365 5112 tantum
2396 5058 2737 5128 incendium,
2783 5064 2839 5112 et
2869 5060 3109 5124 ruinam,
3143 5059 3240 5113 ubi
3270 5073 3462 5128 corpus
3488 5052 3580 5124 piae
3606 5063 3701 5102 me-

2146 5147 2336 5202 moriae
2385 5147 2625 5201 dominae
2677 5147 2961 5202 Mathildis
3021 5145 3388 5219 imperatricis
3410 5141 3627 5215 jacebat,
3653 5137 3700 5188 et

2144 5236 2433 5291 inventum
2463 5237 2572 5291 fuit
2599 5242 2730 5291 ante
2753 5237 2941 5291 sedem
2973 5237 3203 5309 majoris
3231 5235 3438 5300 altaris,
3468 5225 3697 5285 interclu-

2143 5341 2265 5379 sum
2294 5325 2352 5379 in
2385 5326 2628 5396 quodam
2658 5325 2806 5379 corio
2839 5325 3063 5380 bovino.

2211 5415 2374 5468 Anno
2403 5414 2625 5468 Domini
2660 5414 2956 5470 millesimo
2991 5415 3367 5471 ducentesimo
3393 5403 3696 5478 octogesimo

2141 5504 2357 5576 quinto,
2391 5505 2450 5560 in
2479 5504 2722 5560 crastino
2781 5505 3046 5562 Omnium
3097 5506 3439 5568 Sanctorum,
3485 5500 3696 5570 quatuor
