3902 6166
191 336 282 393 665
1341 334 1769 393 CHRONICON
1811 335 2088 390 BECCEN
2092 334 2196 392 SE.
3342 334 3448 391 666

192 463 470 528 torestarii,
521 464 618 535 qui
654 480 886 518 nemora
933 461 1144 517 domini
1190 461 1486 532 Reginaldi
1515 462 1583 516 de
1637 461 2000 522 TrieAcima
2029 462 2226 532 quinta
2269 461 2478 516 mensis
2519 460 2869 528 Novembris,
2923 466 3221 533 postquam
3265 463 3449 519 dictus

193 551 367 606 militis
393 553 801 616 custodiebant,
843 554 1094 607 fecerunt
1148 551 1419 604 insultum
1461 551 1768 606 terribilem
1851 551 2113 605 Ymerius
2127 557 2354 605 strenue
2381 556 2437 604 et.
2455 550 2814 604 laudabiliter
2839 551 2983 604 rexit
2995 552 3320 622 pradictum
3335 571 3450 608 mo-

193 640 320 712 apud
349 641 583 711 Layum,
618 642 881 695 clericum
919 640 1052 694 dicti
1084 640 1362 710 prioratus
1392 640 1766 706 vulnerantes,
1851 641 2163 694 nasterium
2193 641 2367 694 ferme
2398 639 2592 710 viginti
2611 639 2791 692 tribus
2844 641 3023 703 annis,
3081 640 3226 694 diem
3249 642 3450 696 clausit

193 737 240 785 et
256 729 386 783 duos
415 731 740 795 monachos,
777 729 1030 783 videlicet
1061 729 1334 782 Joannem
1366 727 1436 782 de
1469 729 1653 782 Leone
1673 745 1768 782 su-
1852 734 2186 793 extremum,
2210 730 2370 799 cujus
2396 728 2600 782 animae
2629 728 2965 798 propitiatur
2991 729 3447 802 Deus,sepultus-

192 818 463 888 periorem,
496 823 554 871 et
581 819 815 872 fratrem
853 818 1128 873 Thomam
1159 817 1228 871 de
1255 817 1491 882 Tonilla,
1525 817 1604 872 sic
1653 818 1769 872 vul-
1851 835 1959 888 que
1991 823 2076 872 est
2107 817 2161 871 in
2185 817 2448 889 capitulo,
2495 823 2605 881 |5
2630 817 2792 886 juxta
2834 823 3004 888 cuput
3049 817 3271 872 Domini
3303 819 3446 872 Her-

194 911 429 960 nerantes
459 913 523 960 ut
551 907 736 961 dictus
784 908 1029 960 Joannes
1067 906 1214 959 infra
1254 906 1501 977 quinque
1530 906 1665 970 dies,
1709 911 1769 961 et
1849 907 1990 960 luini
2017 907 2184 977 primi
2211 905 2452 978 pastoris
2484 905 2756 975 ejusdem.

194 995 350 1049 dictus
368 995 610 1050 Thomas
637 995 783 1049 infra
813 995 1128 1066 quindecim
1162 994 1280 1048 dies
1299 994 1470 1050 vitam
1491 996 1757 1051 ﬁnierint.
1920 997 2082 1049 Anno
2103 996 2328 1050 Domini
2351 993 2650 1048 millesimo
2681 993 3074 1048 trecentesimo
3105 999 3326 1065 quarto,
3355 993 3446 1048 die

195 1084 252 1138 Et
271 1083 365 1137 hoc
394 1100 541 1138 anno
572 1084 710 1138 obiit
753 1084 1030 1138 Robertus
1068 1083 1136 1137 de
1164 1083 1350 1138 Leone
1398 1084 1551 1155 prior
1579 1083 1758 1151 Becci,
1843 1083 1992 1140 Jovis
2013 1089 2138 1156 post
2191 1084 2392 1138 festum
2449 1082 2632 1137 Lucia
2691 1081 2942 1152 virginis,
2976 1089 3103 1153 post
3142 1082 3444 1137 transitum

195 1179 242 1226 et
258 1173 302 1226 ei
324 1173 590 1227 successit
619 1173 796 1226 frater
811 1172 1133 1227 Willelmus
1148 1173 1216 1227 de
1247 1178 1439 1228 sancto
1457 1173 1762 1228 Elodoaldo
1846 1173 2095 1244 pradicti
2121 1173 2349 1236 Ymerii,
2371 1172 2700 1244 prasidente
2726 1172 2784 1225 in
2804 1171 3048 1242 capitulo
3088 1172 3243 1226 Becci
3273 1171 3445 1226 fratre

195 1266 307 1315 tunc
331 1261 481 1332 prior
502 1260 693 1315 Sancti
726 1260 872 1314 Petri
901 1261 969 1314 de
990 1260 1301 1315 Pontisara.
1847 1262 2156 1316 Guillermo
2187 1262 2256 1316 de
2278 1263 2481 1316 Sancto
2506 1263 2745 1315 Paterno
2768 1260 2976 1331 priore,
3025 1266 3297 1330 prasente
3327 1266 3444 1315 toto

253 1349 444 1403 Eodem
476 1365 626 1403 anno
655 1349 917 1403 Ymerius
938 1347 1108 1404 abbas
1129 1350 1290 1404 Becci
1313 1349 1371 1403 in
1398 1349 1641 1420 capitulo
1665 1367 1764 1421 ge-
1846 1356 2120 1404 conventu
2143 1351 2319 1422 ipsius
2341 1349 2813 1415 monasterii,una
2842 1367 2966 1403 cum
3001 1349 3281 1419 prioribus
3302 1348 3446 1420 prio-

193 1437 364 1501 nerali,
393 1438 543 1509 quod
567 1438 882 1492 celebratur
909 1439 966 1492 in
998 1438 1185 1510 vigilia
1207 1439 1384 1493 sancti
1405 1439 1636 1493 Joannis
1665 1440 1767 1494 Ba—
1846 1445 2073 1493 ratuum
2105 1439 2174 1493 ab
2197 1440 2316 1510 ipso
2343 1439 2779 1510 dependentium
2804 1457 2818 1506 ;
2848 1439 2914 1492 ad
2938 1439 3042 1492 hoc
3071 1437 3255 1492 debite
3279 1454 3445 1490 voca-

192 1527 368 1597 ptista,
393 1527 461 1580 de
506 1544 740 1581 assensu
785 1528 958 1604 totius
1013 1527 1463 1598 congregationis
1510 1528 1767 1599 permisit
1845 1534 1938 1584 tus
1957 1527 2290 1582 venerabilis
2319 1533 2374 1582 et
2401 1527 2674 1582 discretus
2729 1527 2807 1580 vir
2826 1527 3000 1580 frater
3027 1526 3351 1581 Guilbertus
3377 1525 3446 1581 de

193 1616 454 1668 monachis
479 1616 871 1671 claustralibus
915 1615 1122 1670 habere
1169 1632 1391 1688 cappas,
1424 1617 1648 1688 quando
1687 1617 1767 1673 eis
1849 1619 2053 1673 Sancto
2083 1617 2385 1688 Stephano,
2418 1622 2553 1670 tunc
2579 1615 2934 1687 grenetarius
2957 1616 3085 1680 loci,
3108 1615 3213 1669 fuit
3237 1616 3446 1669 electus

192 1720 391 1758 necesse
420 1704 529 1758 erit
552 1705 704 1760 exire
722 1705 870 1759 foras
899 1722 1000 1777 pro
1030 1705 1218 1776 aliquo
1258 1706 1503 1776 negotio,
1527 1710 1628 1760 aut
1655 1707 1760 1760 ali-
1783 1777 1809 1778 ί
1844 1723 1944 1778 per
1974 1707 2119 1760 viam
2151 1705 2535 1776 compromissi
2563 1705 2621 1758 in
2654 1704 2933 1769 abbatem,
2963 1705 3251 1757 etPatrem
3270 1704 3445 1774 ipsius

195 1809 287 1862 qua
301 1794 643 1856 necessitate,
662 1793 1029 1865 deposuitque
1059 1793 1336 1848 sotulares
1368 1793 1622 1864 corrigiis
1650 1795 1766 1849 vin-
1781 1777 1827 1836 B
1846 1777 2203 1861 monasterii;
2233 1795 2588 1866 postmodum
2610 1795 2974 1848 confirmatus
3003 1799 3059 1846 et
3082 1792 3438 1860 benedictus;

194 1885 308 1935 ctos.
331 1881 733 1953 Ordinavitque
761 1882 907 1954 quod
939 1882 1196 1936 monachi
1227 1883 1650 1954 Beccenses,qui
1666 1900 1767 1956 per
1847 1885 2172 1956 pradictum
2205 1885 2608 1937 monasterium
2630 1883 2914 1953 sapienter
2942 1887 2999 1934 et
3027 1881 3286 1951 religiose
3301 1881 3445 1935 rexit

194 1967 535 2023 obedientiam
561 1970 862 2025 mittuntur
892 1971 950 2025 in
997 1971 1278 2042 aliquibus
1338 1972 1679 2042 prioratibus
1706 1973 1764 2027 in
1847 1990 1948 2044 per
1974 1973 2218 2044 spatium
2247 1972 2444 2042 viginti
2471 1973 2710 2026 duorum
2743 1988 3042 2036 annorum,
3063 1977 3120 2024 et
3148 1975 3270 2024 octo
3292 1985 3444 2023 men-

193 2057 388 2127 Anglia,
415 2058 530 2112 sive
560 2058 694 2112 alibi
711 2059 780 2113 ad
798 2060 1279 2126 commorandum,
1298 2060 1433 2114 dum
1459 2061 1534 2114 ibi
1551 2078 1651 2132 per
1670 2078 1763 2116 sex
1846 2063 2012 2126 sium,
2047 2062 2132 2115 vel
2163 2079 2227 2116 eo
2257 2062 2418 2116 circa.
2457 2061 2559 2115 Hic
2587 2059 2998 2115 consummavit
3043 2075 3245 2112 novum
3303 2075 3445 2129 opus

194 2162 344 2199 annos
371 2163 584 2200 moram
619 2148 877 2213 fecerint,
919 2155 971 2203 et
997 2149 1230 2203 honeste
1256 2149 1331 2203 ibi
1353 2167 1412 2203 se
1442 2149 1763 2215 habuerint,
1846 2151 2091 2205 ecclesia
2121 2156 2374 2222 tempore
2403 2167 2542 2215 suo;
2577 2149 2724 2219 quod
2783 2165 2923 2220 Opus
2962 2149 3080 2218 jam
3138 2147 3442 2217 incoeptum

133 2285 140 2290 .
197 2235 253 2289 ad
276 2235 569 2290 claustrum
614 2237 907 2291 Beccensis
964 2239 1294 2294 monasterii
1346 2246 1757 2305 revocarentur,
1845 2241 2030 2294 fuerat
2059 2245 2314 2310 tempore
2339 2238 2550 2292 domini
2581 2238 2732 2292 Petri
2762 2238 2831 2291 de
2856 2237 3069 2292 Caniba
3098 2236 3297 2290 decimi
3323 2253 3444 2307 sep-

195 2323 360 2378 audita
382 2341 551 2396 super
579 2325 684 2379 hoc
706 2325 976 2380 relatione
1032 2331 1089 2379 et
1137 2326 1460 2380 testimonio
1511 2327 1762 2399 priorum
1843 2329 1970 2384 timi
2000 2327 2216 2382 abbatis
2235 2328 2657 2400 pradecessoris
2681 2327 2797 2393 sui;
2832 2327 3097 2396 deditque
3146 2324 3444 2396 praedictus

195 2428 417 2480 suorum,
440 2413 545 2468 sub
567 2413 770 2485 quibus
796 2431 1010 2468 moram
1032 2414 1281 2469 fecerint.
1845 2419 2170 2472 Guilbertus
2199 2417 2516 2480 conventui,
2551 2433 2650 2488 pro
2681 2417 2861 2470 salute
2895 2415 3099 2469 anima
3129 2419 3328 2478 sua,et
3341 2430 3443 2485 pro

252 2501 311 2554 Et
328 2502 380 2556 in
400 2503 595 2558 eodem
612 2503 854 2575 capitulo
892 2503 1391 2558 excommunicavit
1419 2521 1612 2559 omnes
1636 2521 1764 2560 con-
1844 2507 2228 2561 anniversario
2259 2524 2360 2560 suo
2415 2506 2688 2572 faciendo,
2743 2504 2994 2575 quolibet
3020 2520 3187 2568 anno,
3248 2502 3444 2573 viginti

195 2588 470 2659 spiratores
495 2597 554 2646 et
573 2591 1255 2663 compilatoresmalorum
1276 2598 1333 2646 et
1344 2609 1537 2647 omnes
1568 2593 1763 2649 inobe-
1843 2596 2013 2651 libras
2037 2597 2392 2651 Turonenses
2414 2595 2684 2660 redditus,
2712 2594 2782 2648 ad
2800 2594 3041 2648 officium
3066 2591 3443 2664 pitanciarum

195 2677 402 2744 dientes,
435 2685 491 2733 et
521 2680 617 2752 qui
646 2681 945 2752 imponunt
973 2681 1137 2736 sociis
1166 2682 1284 2736 suis
1335 2682 1476 2735 falsa
1504 2683 1757 2750 crimina,
1843 2687 2177 2758 capiendum
2218 2690 2275 2740 et
2304 2684 2724 2757 percipiendum
2754 2684 2811 2737 in
2840 2688 2894 2738 et
2923 2699 3093 2754 super
3120 2681 3446 2754 prapositu-

195 2772 242 2821 et
269 2785 447 2823 omnes
467 2770 565 2841 qui
593 2776 899 2842 procurant
926 2787 1028 2842 per
1054 2771 1348 2826 saculares
1389 2788 1654 2843 personas
1693 2773 1762 2826 de
1846 2792 1909 2829 ra
1931 2776 2107 2830 Becci.

193 2856 293 2910 loco
319 2859 383 2912 ad
404 2859 588 2913 locum
617 2866 812 2914 contra
842 2859 1217 2915 obedientiam
1237 2861 1508 2916 removeri
1533 2880 1544 2929 ;
1570 2867 1627 2915 et
1647 2879 1764 2915 om-
1916 2864 2068 2919 Obiit
2090 2881 2237 2918 anno
2265 2861 2490 2918 Domini
2520 2861 2818 2915 millesimo
2863 2857 3259 2914 trecentesimo
3297 2857 3444 2928 vige-

191 2961 273 2998 nes
300 2947 388 3017 qui
419 2956 723 3019 procurant
773 2967 874 3020 per
919 2950 1212 3004 saculares
1260 2967 1528 3021 personas
1553 2951 1762 3006 habere
1845 2953 1986 3008 simo
2017 2953 2254 3025 septimo
2282 2953 2338 3005 in
2366 2951 2456 3004 die
2508 2950 2684 3004 sancti
2744 2946 3136 3002 Bartholomai
3178 2945 3435 3017 apostoli,

188 3033 492 3104 prioratum,
525 3037 610 3092 vel
631 3037 874 3092 officium
900 3038 1304 3110 quodcunque;
1338 3044 1395 3094 et
1422 3039 1516 3110 qui
1567 3056 1762 3111 procu-
1784 3095 1823 3111 η
1845 3059 1993 3097 nono
2021 3042 2301 3097 Kalendas
2323 3039 2688 3111 Septembris,
2708 3039 3070 3110 sepultusque
3085 3036 3193 3090 fuit
3210 3035 3269 3089 in
3300 3051 3444 3089 nova

186 3129 297 3177 rant
323 3141 419 3196 per
446 3143 506 3180 se
537 3127 624 3180 vel
658 3143 759 3198 per
777 3127 935 3193 alios,
967 3134 1033 3182 ut
1072 3145 1184 3182 non
1227 3129 1462 3199 possint,
1499 3133 1598 3183 aut
1642 3145 1754 3183 non
1781 3126 1824 3156 υ
1850 3132 2065 3203 capella
2094 3132 2278 3186 Beata
2303 3129 2492 3183 Maria
2521 3128 2793 3199 Virginis,
2840 3133 2990 3181 retro
3018 3126 3270 3191 chorum,
3311 3128 3444 3178 ante

187 3211 402 3269 debeant
430 3232 464 3269 a
489 3216 762 3286 prioratu,
797 3218 880 3271 vel
903 3217 1087 3271 officio
1109 3217 1404 3275 removeri.
1845 3222 2022 3276 altare
2050 3220 2300 3292 ejusdem
2331 3217 2578 3290 Virginis
2601 3218 2811 3272 Maria.

244 3300 537 3360 Pradictus
557 3304 837 3374 Ymerius,
861 3323 976 3377 pra
1006 3306 1221 3361 cateris
1258 3305 1759 3378 pradecessoribus
2153 3321 2359 3364 VERSUS
2388 3321 2560 3363 SUPER
2602 3319 2960 3361 SEPULTURAM
2989 3318 3137 3361 EJUS.

187 3391 302 3458 suis,
329 3392 535 3464 legitur
563 3394 870 3466 capitulum
899 3396 1162 3466 generale
1184 3395 1433 3467 quolibet
1458 3412 1606 3449 anno
1645 3395 1762 3449 fre-
1917 3400 1958 3454 0
1986 3415 2074 3452 vos
2101 3402 2202 3468 qui
2233 3399 2504 3462 transitis,
2539 3411 2800 3450 memores
2830 3397 3023 3448 mortis
3052 3409 3180 3460 rogo
3209 3393 3350 3458 sitis,

189 3488 491 3551 quentasse;
542 3489 600 3538 et
636 3483 715 3538 ibi
756 3485 964 3539 multas
1007 3485 1435 3540 constitutiones
1488 3485 1763 3539 salutares
1917 3489 2069 3556 Quod
2088 3505 2232 3552 sum,
2257 3503 2345 3540 vos
2374 3489 2568 3550 eritis;
2589 3501 2692 3554 pro
2711 3501 2795 3537 me
2835 3486 3077 3550 rogitare
3105 3483 3306 3536 velitis.

189 3566 471 3626 instituisse
498 3591 510 3639 ;
545 3578 603 3628 et
629 3573 910 3645 pracipue
939 3591 1040 3645 per
1091 3591 1220 3628 suas
1253 3573 1474 3627 litteras
1503 3579 1761 3645 patentes
1914 3576 2058 3630 Huic
2090 3575 2391 3630 venerabili
2419 3575 2537 3629 viro
2558 3573 2826 3628 successit
2852 3573 2909 3626 in
2941 3571 3214 3642 regimine
3267 3568 3443 3640 ipsius

189 3661 488 3732 praecepisse
509 3669 565 3716 et
596 3662 905 3733 injunxisse
936 3663 1214 3734 prioribus
1237 3663 1761 3734 omnibusejusdem
1845 3664 2102 3719 Ecclesia
2131 3665 2568 3734 circumspectus
2598 3663 2680 3716 vir
2715 3661 2975 3716 dominus
3006 3657 3330 3724 Gaufridus,
3363 3657 3444 3711 di-

189 3748 536 3822 ordinisquod
555 3751 790 3822 singulis
815 3752 978 3806 annis
1007 3751 1062 3806 in
1094 3752 1282 3822 vigilia
1307 3752 1486 3806 sancti
1533 3753 1762 3808 Joannis
1845 3759 1968 3807 ctus
1999 3753 2139 3808 Fare
2160 3751 2288 3825 [al.,
2315 3750 2614 3824 Fae],tunc
2630 3752 2784 3823 prior
2812 3751 2881 3804 de
2912 3750 3100 3815 Prato,
3124 3748 3443 3817 electusque

192 3835 450 3908 Baptista,
490 3840 548 3894 in
581 3840 826 3910 capitulo
853 3841 1102 3911 generali
1131 3842 1279 3912 apud
1310 3841 1763 3907 Beccum,trade-
1844 3841 1951 3896 fuit
1978 3859 2078 3912 per
2109 3841 2253 3895 viam
2313 3841 2722 3912 compromissi,
2763 3839 2820 3893 in
2869 3839 2960 3893 die
3012 3835 3260 3899 Sabbati,
3299 3835 3443 3890 festo

191 3933 300 3980 rent
320 3928 372 3981 in
393 3929 618 4000 scriptis
645 3946 832 3984 coram
848 3929 1175 3985 omnibusin
1195 3931 1343 3984 dicto
1364 3929 1628 4002 capitulo,
1654 3937 1764 3986 sta-
1842 3931 2238 3985 Decollationis
2266 3930 2443 3984 sancti
2473 3929 2703 3984 Joannis
2735 3927 3020 3998 Baptista,
3047 3942 3194 3979 anno
3218 3924 3443 3979 Domini

190 4019 292 4068 tum
321 4017 517 4072 domus
545 4034 646 4072 seu
675 4018 956 4090 prioratus
975 4019 1082 4073 sui.
1845 4020 2144 4073 millesimo
2168 4017 2859 4088 trecentesimo,vigesimo
2876 4016 3132 4086 septimo,
3165 4018 3222 4067 et
3248 4017 3444 4085 postea

249 4103 416 4159 Hicin
442 4112 696 4178 tempore
725 4123 826 4161 suo
857 4124 983 4161 cum
1013 4107 1218 4171 studio,
1242 4106 1536 4178 diligentia
1580 4111 1636 4161 et
1676 4124 1763 4162 sa-
1843 4109 2227 4171 conﬁrmatus,
2253 4114 2310 4162 et
2365 4107 2691 4161 benedictus
2731 4104 2902 4159 abbas
2953 4102 3290 4174 vigesimus;
3345 4100 3440 4171 qui

186 4192 404 4259 gacitate
428 4195 639 4249 institit
667 4196 822 4268 Operi
853 4201 910 4250 et
963 4195 1316 4250 adificationi
1356 4195 1577 4251 fabrica
1607 4212 1762 4250 nova
1844 4202 2139 4269 postquam
2170 4196 2354 4268 ipsum
2387 4195 2787 4250 monasterium
2806 4191 3162 4247 laudabiliter
3191 4196 3443 4244 strenue-

191 4281 427 4349 ecclesia,
457 4302 580 4356 qua
612 4292 738 4357 post
770 4286 990 4339 ruinam
1017 4285 1260 4356 incapta
1297 4285 1482 4339 fuerat
1511 4291 1762 4356 tempore
1845 4304 1952 4358 que
1982 4286 2146 4347 rexit,
2179 4302 2281 4357 per
2303 4285 2546 4356 spatium
2571 4285 2744 4338 ferme
2765 4289 2979 4354 septem
3004 4295 3300 4344 annorum,
3323 4279 3440 4333 suis

195 4365 333 4424 Petri
356 4373 569 4428 abbatis
624 4375 1047 4446 pradecessoris
1095 4374 1202 4440 sui,
1238 4380 1294 4429 et
1320 4374 1524 4428 locavit
1558 4374 2084 4474 pradi-Dcognitis
2116 4374 2348 4438 meritis,
2391 4373 2459 4427 ad
2491 4373 2874 4444 episcopatum
2906 4369 3296 4424 Ebroicensem
3326 4367 3440 4421 ele-

189 4461 326 4512 ctum
357 4478 494 4533 opus
545 4463 766 4517 cuidam
816 4463 1027 4517 latomo
1079 4463 1371 4534 magistro,
1411 4462 1654 4518 Roberto
1693 4455 1968 4519 deuotus
1997 4468 2103 4528 est,
2135 4479 2281 4516 anno
2311 4461 2617 4516 Dominica
2677 4457 3087 4515 Incarnationis
3141 4455 3439 4511 millesimo

185 4545 344 4603 Fonte
372 4552 617 4612 nomine,
649 4553 719 4607 ad
767 4553 1202 4606 construendum
1253 4552 1581 4625 pradictum
1623 4569 1762 4624 Opus
1845 4553 2262 4615 trecentesimo,
2301 4550 2594 4622 trigesimo
2650 4556 2869 4621 quarto,
2897 4565 3000 4602 nec
3051 4552 3282 4618 propter
3318 4547 3442 4617 ejus

181 4651 341 4706 usque
371 4641 437 4694 ad
463 4647 764 4707 tecturam,
798 4647 861 4695 ut
883 4647 1036 4714 patet
1063 4659 1164 4713 per
1201 4641 1417 4696 litteras
1470 4641 1647 4712 ipsius
1678 4643 1760 4696 la-
1845 4642 2197 4713 dignitatem,
2244 4641 2497 4694 habitum
2545 4639 2760 4692 dimisit
2816 4639 3132 4709 regularem
3185 4635 3442 4691 Ecclesia

179 4727 323 4780 tomi.
363 4729 639 4802 Tempore
669 4730 840 4784 etiam
870 4748 970 4786 suo
990 4731 1227 4785 viriliter
1247 4729 1507 4785 tractavit
1535 4731 1761 4801 negotia
1844 4730 2163 4796 Beccensis;
2198 4731 2291 4784 sed
2316 4746 2537 4800 semper
2556 4728 2709 4782 omni
2730 4729 2850 4782 loco
2880 4744 3014 4782 usus
3029 4727 3136 4781 fuit
3149 4725 3444 4780 vestimen-

178 4815 422 4883 ecclesia,
446 4817 831 4880 custodiendo,
865 4820 1234 4885 defendendo,
1287 4825 1344 4875 et
1399 4819 1756 4891 procurando
1840 4819 1914 4874 tis
1944 4819 2102 4886 albis,
2135 4825 2193 4874 et
2223 4819 2463 4873 maxime
2483 4818 2699 4872 cuculla
2729 4817 2874 4884 alba,
2905 4834 3026 4888 qua
3056 4814 3316 4888 specialis
3343 4814 3440 4868 ha-

172 4902 312 4970 jura,
336 4905 642 4972 libertates,
677 4897 1082 4975 immunitates,
1110 4914 1167 4962 et
1195 4909 1486 4981 privilegia
1505 4909 1760 4963 Ecclesia
1841 4909 1990 4964 bitus
2006 4909 2262 4963 Ecclesia
2291 4907 2494 4961 existit.
2531 4907 2634 4960 Hic
2662 4906 3009 4978 temporibus
3056 4905 3172 4960 suis
3191 4904 3348 4959 auxit
3385 4907 3442 4957 et

179 4989 470 5060 Beccensis,
505 5001 623 5049 tam
668 4996 724 5050 in
756 4996 990 5051 Francia
1014 5014 1182 5069 quam
1229 4997 1288 5052 in
1326 4996 1757 5064 Northmannia,
1843 4997 2132 5068 ampliavit
2161 4995 2426 5052 fabricam
2453 4995 2699 5050 ecclesia
2738 4995 3108 5059 Ebroicensis,
3146 4999 3202 5049 et
3253 4992 3440 5064 praci-

174 5083 279 5134 tam
299 5083 530 5154 Anglia,
580 5101 750 5155 quam
780 5086 996 5140 Wallia
1038 5086 1246 5157 regnis.
1298 5087 1440 5140 Item
1484 5086 1764 5140 ordinavit
1843 5104 1951 5159 pue
1979 5087 2230 5150 chorum,
2265 5091 2322 5140 et
2384 5084 2735 5140 intuentibus
2783 5085 3039 5139 clarescit
3074 5085 3142 5138 de
3185 5088 3438 5152 tempore

173 5169 308 5240 quod
339 5178 654 5239 succentor,
683 5173 779 5244 qui
807 5175 1014 5228 multos
1031 5173 1283 5229 Ecclesia
1312 5173 1531 5228 labores
1549 5175 1638 5229 die
1659 5191 1760 5228 no-
1844 5193 1953 5248 quo
1985 5176 2054 5230 de
2083 5174 2308 5230 abbatis
2337 5175 2408 5228 ad
2439 5175 2816 5247 episcOpatum
2846 5173 3232 5229 Ebroicensem
3251 5176 3439 5224 trans-

169 5262 360 5330 ctuque
380 5267 593 5333 portat,
621 5262 934 5334 perciperet
963 5263 1212 5333 quolibet
1250 5280 1398 5318 anno
1453 5281 1622 5336 super
1643 5263 1762 5318 offi-
1843 5267 1990 5320 latus
2015 5270 2118 5328 est,
2139 5265 2345 5319 factum
2377 5269 2461 5319 est
2487 5265 2592 5318 hoc
2612 5262 2998 5335 proverbium:

167 5346 308 5402 cium
331 5351 578 5404 cantoris
610 5351 1019 5422 quinquaginta
1046 5353 1252 5408 solidos
1271 5353 1626 5408 Turonenses
1651 5372 1663 5419 ;
1704 5359 1761 5408 et
2053 5356 2234 5410 Prend
2265 5355 2320 5408 la
2343 5359 2465 5408 teste
2493 5356 2627 5407 d'un
2656 5355 2953 5420 maquerel,

167 5438 306 5506 quod
329 5439 676 5510 justitiarius
697 5441 870 5496 solvat
893 5441 1142 5512 quolibet
1170 5459 1317 5498 anno
1365 5443 1581 5498 custodi
1602 5444 1760 5498 char-
2052 5444 2199 5498 D’un
2227 5444 2401 5505 chien,
2434 5443 2570 5495 d’un
2587 5455 2801 5507 congre,
2842 5445 2890 5492 et
2919 5439 3053 5491 d'un
3069 5440 3252 5506 carpet
3277 5457 3289 5503 ;

166 5529 342 5582 tarum
369 5529 662 5600 sexaginta
691 5529 898 5585 solidos
924 5531 1295 5588 Turonenses.
2052 5533 2124 5586 De
2151 5535 2238 5586 sia:
2265 5535 2461 5598 viores,
2494 5535 2543 5585 et
2561 5531 2623 5582 de
2645 5533 2840 5598 quatre
2860 5532 3024 5596 ytrcs,

229 5617 389 5675 Anno
413 5618 642 5676 Domini
669 5619 966 5676 millesimo
992 5623 1389 5679 trecentesimo
1410 5626 1638 5696 quarto,
1667 5622 1759 5678 de-
2052 5621 2117 5678 Si
2145 5625 2426 5676 trouveras
2451 5635 2580 5674 sons
2601 5623 2788 5672 autras
2810 5619 3005 5680 tiltres,
