3902 6166
510 288 615 347 667

718 417 916 483 Quand
933 418 1196 488 Gieufroy
1217 423 1355 475 Pare
1384 438 1436 475 se
1466 422 1659 475 demisi

718 506 910 559 D’abbé
929 509 1003 561 du
1024 510 1141 575 Bec,
1166 514 1214 563 et
1228 511 1447 565 Evrcua;
1468 513 1631 579 prz'st.

717 595 784 648 Le
804 599 1048 663 premz'er
1062 601 1303 666 jourd'A
1313 602 1445 665 urit,
1466 615 1594 653 sam
1620 601 1782 653 doute

720 682 858 735 Dz‘eu
886 687 1055 752 garde
1077 687 1301 749 l‘hoslel,
1316 692 1365 740 et
1393 689 1595 741 l'ordre
1617 692 1780 740 toute.

1455 295 1553 349 AD
1593 294 1832 351 OPERA
1868 297 1933 352 B.
1973 294 2391 352 LANFRANCI
2427 294 2817 351 APPENDIX.

2113 420 2316 481 Asoris
2346 421 2435 475 sui
2452 420 2700 491 regentis
2742 420 3011 489 Parisius,
3056 426 3114 475 et
3167 436 3265 492 per
3290 419 3489 474 bullam
3516 420 3716 493 excipie-

3624 296 3712 354 668

2180 508 2387 566 bantur
2413 510 2704 565 studentes
2732 509 2997 565 Parisius.
3010 549 3022 564 .
3034 549 3046 563 .
3058 551 3071 564 .

2250 599 2319 654 Et
2344 599 2403 653 in
2432 615 2579 654 anno
2626 598 2851 654 Domini
2882 598 3177 653 millesimo
3211 596 3579 652 trecentesimo
3605 598 3716 652 duo-

2175 687 2408 755 decimo,
2441 688 2774 760 prasidente
2803 689 2861 742 in
2908 687 3156 742 Ecclesia
3201 686 3419 740 domino
3466 686 3716 740 Clemente

573 767 721 824 Nota
766 773 914 842 quod
946 772 1175 844 (1334),,
1204 780 1455 846 tempore
1492 775 1706 830 domini
1743 774 2091 842 Guilleberti,
2176 776 2391 847 quinto,
2411 794 2565 832 mere
2593 782 2650 831 et
2673 776 2979 832 liberaliter
3008 776 3263 831 dedimus
3281 791 3379 846 pro
3397 773 3717 828 subventione

503 871 757 912 summus
778 860 1021 930 pontifex
1035 862 1294 918 Clemens
1314 863 1603 934 regnabat;
1628 863 2091 919 ﬁlialidevotione
2174 866 2322 920 sedis
2355 866 2693 938 apostolica,
2726 867 2914 920 decem
2946 866 3097 919 mille
3138 866 3373 919 ﬂorenos
3419 868 3531 917 tum
3571 862 3715 915 etiam

502 946 662 1012 moti,
691 964 802 1002 non
833 949 1066 1018 inducti,
1098 952 1196 1007 sed
1227 970 1385 1007 mera
1415 953 1975 1025 libertate,pratextu
1994 970 2093 1007 ne-
2175 972 2277 1025 pro
2294 956 2535 1026 negotiis
2554 956 2760 1010 nostris
2781 954 3175 1026 expediendis;
3206 959 3263 1007 et
3290 952 3393 1006 nisi
3411 952 3592 1005 fuisset
3615 967 3717 1022 pro—

499 1037 641 1107 gotii
669 1043 833 1094 terra
861 1046 1086 1107 sancta,
1110 1047 1168 1098 et
1204 1043 1558 1098 exaltationis
1603 1044 1735 1098 ﬁdei
1784 1043 2089 1108 catholica,
2179 1050 2424 1111 curator,
2457 1046 2540 1099 vel
2573 1045 2840 1116 magister
2879 1046 3123 1099 Joannes
3146 1042 3379 1107 abbatis,
3412 1040 3716 1095 dedissemus

499 1123 756 1182 dedimus
785 1128 932 1183 dicto
962 1146 1183 1185 summo
1237 1133 1487 1203 pontifici
1544 1132 1864 1202 quindecim
1917 1131 2095 1186 millia
2179 1133 2495 1206 quindecim
2524 1135 2696 1200 mille,
2724 1139 2787 1188 ut
2814 1138 2969 1206 patet
2988 1135 3045 1188 in
3074 1131 3426 1187 chartulario.

500 1214 842 1271 ﬂorenorum
868 1235 1167 1289 parvorum
1210 1222 1279 1277 de
1325 1222 1627 1289 Florentia,
1660 1239 1761 1293 pro
1815 1221 1978 1277 dictis
1999 1237 2093 1276 ne-
2155 1223 2169 1236 '
2247 1224 2317 1279 Et
2344 1240 2491 1278 anno
2511 1223 2735 1279 Domini
2766 1222 3060 1277 millesimo
3105 1220 3489 1276 trecentesimo
3530 1232 3718 1287 sexage-

501 1305 858 1361 cessitatibus
917 1311 1351 1381 supportandis;
1405 1327 1642 1382 quorum
1683 1311 1872 1364 decem
1917 1310 2093 1364 millia
2175 1311 2318 1366 simo
2342 1328 2491 1365 nono
2517 1311 2691 1366 voluit
2720 1328 2865 1383 papa
2902 1312 3085 1365 levare
3135 1326 3307 1364 unam
3362 1307 3614 1362 decimam
3636 1319 3717 1375 pro

501 1393 711 1448 tradita
742 1402 875 1451 sunt
900 1415 1012 1468 pra
1032 1399 1314 1466 manibus,
1344 1399 1457 1453 alia
1487 1399 1732 1470 quinque
1762 1399 1957 1466 millia,
1989 1417 2091 1471 po-
2174 1401 2533 1471 reparatione
2561 1400 2807 1455 ecclesia
2830 1406 2929 1455 aut
2956 1398 3282 1454 monasterii
3310 1396 3507 1452 Montis
3524 1392 3715 1457 Casini;

500 1486 642 1551 stea,
674 1490 737 1537 ut
756 1490 911 1555 patet
938 1486 995 1540 in
1018 1488 1377 1553 chartulario,
1407 1506 1509 1559 per
1522 1489 1769 1543 litteram
1799 1506 1968 1559 super
1987 1489 2091 1542 hoc
2172 1490 2322 1544 unde
2342 1489 2451 1543 fuit
2462 1494 2623 1560 pater
2638 1495 2830 1543 noster
2850 1489 3181 1543 Benedictus
3216 1486 3403 1551 abbas,
3427 1490 3482 1539 et
3505 1481 3721 1536 commis-

498 1570 825 1639 confectam,
859 1590 982 1643 qua
1010 1574 1213 1645 duplex
1244 1581 1329 1630 est
1372 1575 1430 1630 in
1485 1576 1726 1630 armario
1775 1576 2090 1630 litterarum
2172 1594 2295 1631 sum
2319 1577 2424 1631 fuit
2453 1576 2640 1631 abbati
2661 1578 2850 1632 Sancti
2866 1577 3117 1632 Audoeni
3142 1576 3402 1646 colligere
3438 1574 3495 1626 in
3528 1570 3720 1642 provin-

499 1658 857 1725 electionum,
881 1666 940 1716 et
968 1663 1073 1717 fuit
1101 1664 1319 1718 decima
1337 1665 1617 1736 generalis
1664 1666 1845 1719 levata
1876 1663 2086 1737 [vulgo,
2172 1665 2258 1720 cia
2286 1666 2744 1737 Rothomagensi,
2773 1683 2943 1737 super
2970 1665 3229 1720 ecclesias
3275 1668 3373 1717 aut
3421 1658 3720 1715 monasteria

499 1763 609 1802 unc
628 1751 806 1820 levéc],
835 1750 893 1805 in
923 1768 1097 1824 regno
1156 1754 1404 1808 Francia
1439 1771 1540 1825 per
1577 1754 1861 1821 diaceses,
1894 1761 1952 1808 et
1990 1770 2152 1840 proB
2173 1754 2351 1808 sancti
2383 1754 2689 1820 Benedicti,
2711 1754 2806 1824 qui
2835 1754 3099 1825 penurias
3130 1752 3486 1807 ecclesiarum
3513 1748 3720 1803 declara-

495 1835 595 1892 illa
624 1837 839 1893 decima
870 1841 1088 1896 ratione
1103 1846 1382 1896 terrarum
1412 1848 1732 1897 nostrarum
1759 1843 2088 1897 diffusamm
2107 1835 2147 1840 —
2172 1843 2285 1897 vit:
2321 1848 2378 1897 et
2397 1843 2615 1897 decima
2634 1844 2999 1898 nihilominus
3026 1843 3209 1897 soluta
3236 1846 3323 1896 est
3352 1858 3363 1893 :
3405 1844 3460 1893 et
3493 1837 3719 1892 solvimus

494 1942 599 1999 per
612 1928 907 1997 pradictas
925 1930 1190 1986 diaceses
1219 1932 1503 1999 solvimus,
1528 1930 1737 2002 absque
1768 1931 1926 1986 bonis
1945 1932 2092 2003 prio—
2170 1945 2271 2002 pro
2301 1937 2462 2003 parte
2492 1937 2549 1985 et
2571 1932 2828 2002 portione
2855 1936 3048 1985 nostra
3067 1928 3439 2002 quadraginta
3455 1940 3633 1982 novem
3644 1924 3720 1977 llo-

494 2021 721 2071 ratuum
749 2024 1092 2086 nostrorum,
1125 2020 1235 2074 tria
1288 2021 1465 2074 millia
1516 2021 1725 2075 sexcies
1767 2027 1991 2075 centum
2024 2022 2087 2074 li-
2170 2037 2354 2087 renos,
2377 2026 2442 2075 ut
2469 2025 2623 2091 patet
2650 2020 2709 2073 in
2738 2020 2969 2074 fardello
2998 2019 3051 2073 1.

495 2102 626 2159 bras
651 2123 663 2170 ;
693 2106 962 2160 tredecim
990 2107 1179 2174 libras,
1212 2109 1353 2163 duos
1379 2108 1604 2175 solidos,
1619 2127 1715 2163 sex
1742 2110 2089 2177 denarios,ut
2241 2110 2390 2163 Nota
2409 2109 2555 2180 quod
2577 2125 2724 2163 anno
2763 2107 2988 2165 Domini
3022 2106 3322 2162 millesimo
3372 2100 3719 2159 trecentesimo

489 2197 649 2264 patet
671 2211 772 2264 per
800 2195 1016 2250 litteras
1045 2197 1384 2267 quittancia.
2172 2198 2411 2270 septimo
2432 2203 2491 2251 et
2502 2197 2897 2252 trecentesimo
2914 2196 3345 2269 quadragesimo
3360 2193 3563 2265 quinto,
3580 2205 3720 2243 vene-

562 2283 725 2337 Anno
750 2283 974 2339 Domini
1028 2285 1326 2341 millesimo
1372 2287 1765 2343 trecentesimo
1796 2288 2086 2360 trigesimo
2168 2286 2373 2341 rabiles
2395 2286 2519 2352 viri,
2544 2286 2812 2357 magister
2865 2286 3129 2340 Nicolaus
3182 2284 3252 2338 de
3303 2284 3534 2349 Quercu,
3567 2284 3720 2333 rector

492 2371 731 2443 septimo
758 2371 868 2427 fuit
891 2374 951 2428 in
980 2374 1226 2446 capitulo
1255 2376 1594 2441 ordinatum,
1620 2382 1685 2432 ut
1714 2376 2086 2434 bulladomini
2170 2376 2413 2431 ecclesia
2428 2375 2616 2430 Sancti
2634 2374 2912 2430 Silvinide
2934 2374 3086 2441 Glos,
3119 2373 3276 2428 dedit
3307 2371 3463 2426 nobis
3484 2367 3719 2441 quasdam

492 2460 779 2517 Benedicti
802 2480 959 2535 papa
970 2480 1140 2535 super
1159 2465 1508 2520 ordinatione
1535 2467 1871 2521 scholarium
1901 2467 2085 2523 obser-
2166 2465 2493 2530 decretales,
2516 2481 2644 2518 cum
2664 2468 2941 2536 apparatu
2957 2462 3259 2529 ordinario,
3276 2478 3389 2516 una
3407 2476 3526 2514 cum
3554 2456 3718 2529 quinto

493 2560 738 2610 varetur,
762 2556 819 2605 et
845 2556 1121 2608 statutum
1152 2560 1238 2608 est
1265 2559 1326 2609 ut
1375 2555 1610 2626 quilibet
1656 2555 1810 2626 prior
1846 2557 2088 2611 solveret
2167 2553 2555 2620 decretalium,
2582 2571 2708 2607 cum
2733 2570 2833 2607 suo
2864 2558 3179 2624 apparatu;
3218 2551 3503 2605 decretum
3523 2560 3721 2615 cumap—

493 2638 657 2693 dictis
688 2640 1035 2696 scholaribus
1050 2642 1120 2697 de
1150 2642 1400 2714 quolibet
1427 2644 1618 2698 franco
1654 2644 1906 2700 redditus
1931 2646 2085 2716 prio-
2169 2648 2372 2713 paratu
2400 2642 2714 2709 ordinario;
2748 2647 2804 2695 et
2824 2640 3092 2711 magister
3124 2641 3369 2695 Joannes
3390 2638 3456 2692 de
3480 2637 3719 2703 Boesseyo

489 2733 649 2783 ratus
678 2729 765 2783 sui
794 2735 910 2784 tres
932 2731 1158 2799 solidos,
1182 2749 1310 2786 cum
1347 2732 1528 2787 tribus
1576 2733 1841 2800 denariis,
1874 2735 2087 2805 persol-
2168 2735 2354 2784 rector
2381 2730 2625 2783 ecclesia
2654 2729 2843 2784 Sancti
2874 2729 3137 2799 Gregorii
3180 2729 3251 2782 de
3303 2726 3460 2793 Tilia,
3493 2724 3579 2796 qui
3605 2740 3633 2776 a
3649 2722 3722 2792 ju-

491 2824 647 2872 veret
668 2818 1021 2887 integraliter
1036 2820 1093 2875 in
1122 2837 1294 2877 manu
1317 2822 1654 2892 pitantiarii;
1685 2823 1764 2877 sic
1794 2823 1940 2893 quod
1963 2839 2085 2876 ma-
2166 2824 2394 2873 ventute
2414 2818 2600 2873 fuerat
2618 2818 2865 2872 nutritus
2886 2817 2944 2871 in
2964 2817 3129 2871 domo
3152 2822 3367 2881 nostra,
3390 2820 3447 2869 et
3466 2811 3723 2867 beneﬁcia-

489 2904 667 2976 gister
690 2906 748 2961 in
769 2908 1051 2979 theologia
1080 2910 1289 2981 legens,
1322 2911 1696 2982 quadraginta
1744 2912 1982 2978 francos,
2026 2917 2082 2966 et
2164 2911 2275 2973 tus,
2297 2907 2453 2961 dedit
2480 2906 2639 2961 nobis
2650 2924 2843 2961 omnes
2860 2905 3031 2960 libros
3059 2922 3210 2973 suos,
3242 2910 3370 2976 post
3398 2908 3619 2957 mortem
3643 2899 3723 2952 ha-

491 2995 724 3050 studens
744 2996 800 3051 in
830 2998 1113 3069 theologia
1139 2999 1395 3066 totidem,
1414 3005 1472 3054 et
1486 3000 1681 3054 doctor
1704 3000 2076 3067 decretorum,
2110 3060 2144 3069 ,
2164 2996 2413 3063 bituros;
2449 3001 2506 3049 et
2533 2996 2580 3049 si
2608 2995 2905 3066 contigerit
2935 3012 3063 3049 eum
3093 2994 3422 3048 inﬁrmitate
3450 2992 3528 3045 vel
3558 3004 3723 3044 neces-

486 3084 618 3156 jura
643 3087 913 3141 canonica
960 3087 1171 3157 legens,
1228 3089 1672 3160 quinquaginta;
1708 3095 1765 3143 et
1813 3090 2083 3144 scholaris
2104 3060 2147 3122 Ο
2167 3086 2334 3140 sitate
2361 3085 2618 3151 vendere,
2652 3091 3004 3139 exsecutores
3042 3083 3130 3137 sui
3160 3087 3429 3137 tenentur
3464 3078 3611 3134 nobis
3631 3075 3724 3131 sol-

487 3173 721 3228 studens
744 3175 896 3245 jura,
913 3181 970 3229 et
984 3176 1448 3233 baccalaureusin
1465 3178 1696 3244 eisdem,
1728 3178 1963 3249 triginta
1989 3196 2083 3233 sex
2165 3191 2293 3229 vere
2311 3174 2613 3229 ducentum
2644 3172 2849 3241 libras;
2905 3178 2962 3228 et
2980 3178 3102 3227 erat
3129 3172 3249 3244 ipse
3280 3172 3471 3226 doctor
3507 3169 3561 3223 in
3578 3163 3725 3220 medi-

486 3260 680 3329 libras,
712 3268 777 3317 ut
800 3269 957 3334 patet
982 3264 1041 3319 in
1084 3256 1427 3321 cbartulario
1478 3266 1537 3320 in
1595 3266 1827 3321 fardello
1863 3268 2083 3339 signato
2165 3264 2309 3330 cina,
2339 3270 2395 3318 et
2418 3264 2668 3334 ejusdem
2699 3263 2934 3317 eximius
2958 3263 3257 3335 professor.

480 3367 583 3423 Per
618 3368 673 3405 Χ·
2235 3355 2397 3408 Anno
2434 3353 2658 3408 Domini
2704 3353 3002 3408 millesimo
3046 3350 3441 3406 trecentesimo
3470 3344 3725 3418 trigesimo

557 3441 720 3493 Anno
753 3440 975 3495 Domini
1006 3441 1303 3497 millesimo
1330 3444 1723 3498 trecentesimo
1753 3443 1969 3498 decimo
1994 3461 2083 3499 oc-
2164 3441 2379 3513 quinto,
2410 3441 2500 3496 die
2525 3443 2554 3496 J
2560 3442 2693 3509 ovis,
2728 3448 2859 3497 ante
2888 3442 3093 3496 festum
3110 3440 3293 3495 sancti
3315 3436 3539 3494 Joannis
3566 3430 3725 3502 Bapti-

485 3531 633 3594 tavo,
665 3528 774 3581 fuit
802 3545 835 3583 a
864 3530 994 3583 sede
1016 3531 1320 3601 apostolica
1361 3533 1641 3587 indultum
1670 3532 1927 3604 Philippo
1959 3534 2079 3605 regi
2162 3538 2279 3597 sta,
2313 3531 2402 3585 die
2422 3532 2691 3602 vigesima
2718 3531 2885 3586 tertia
2935 3530 3146 3585 mensis
3183 3528 3352 3593 Junii,
3388 3530 3509 3598 post
3534 3525 3725 3594 sponta-

485 3615 828 3671 Francorum
858 3624 915 3672 et
935 3619 1216 3685 Navarra,
1252 3620 1419 3675 certis
1449 3622 1518 3676 de
1534 3621 1736 3688 causis,
1776 3621 1833 3675 in
1865 3622 2085 3693 provin-
2165 3636 2329 3674 neam
2369 3620 2807 3690 resignationem
2856 3619 3112 3675 Gaufridi
3165 3618 3311 3672 Fare
3351 3616 3564 3678 factam,
3586 3616 3644 3665 ut
3664 3607 3720 3662 ad

486 3694 1032 3777 cia-Rothomagensi
1059 3707 1245 3763 levare
1275 3709 1587 3779 decimam;
1616 3716 1676 3765 et
1702 3728 1802 3781 pro
1831 3717 1991 3783 parte
2025 3716 2082 3765 et
2163 3708 2492 3780 pradictum
2536 3709 2917 3780 episcopatum
2971 3707 3425 3777 transmigraret,
3456 3704 3655 3758 astante
3680 3700 3726 3749 et

486 3794 745 3866 portione
772 3801 966 3851 nostra
1012 3797 1222 3853 fuimus
1262 3799 1436 3853 taxati
1488 3800 1560 3854 ad
1603 3817 1879 3855 summam
1927 3800 2081 3855 mille
2163 3798 2499 3868 prasidente
2515 3798 2574 3852 in
2589 3798 2833 3869 capitulo
2855 3798 3015 3852 Becci
3034 3797 3207 3851 fratre
3226 3796 3445 3850 Joanne
3469 3792 3534 3846 de
3549 3790 3722 3844 Sancto

486 3889 815 3939 sexcentum
873 3885 1232 3957 septuaginta
1272 3887 1540 3943 librarum
1571 3908 1583 3957 ;
1640 3906 1778 3960 quas
1816 3889 2080 3944 solvimus
2163 3886 2444 3940 Mellanno
2472 3886 2661 3956 priore
2681 3885 2859 3950 Becci,
2890 3903 3003 3941 una
3018 3903 3143 3940 cum
3169 3884 3457 3957 prioribus
3484 3878 3641 3935 totius
3655 3889 3727 3928 or-

485 3973 637 4044 apud
666 3973 924 4039 Beccum,
972 3981 1247 4046 prasente
1303 3994 1456 4047 rege,
1486 3978 1577 4032 die
1616 3979 1833 4033 decima
1874 3984 2078 4050 quarta
2159 3974 2325 4039 dinis,
2356 3975 2565 4029 electus
2594 3975 2704 4029 fuit
2730 3975 2904 4029 frater
2930 3976 3173 4030 Joannes
3220 3974 3292 4028 de
3326 3969 3597 4039 Grangiis,
3613 3970 3725 4018 tunc

482 4062 722 4133 Augusti
750 4064 885 4118 anni
914 4064 1182 4135 pradicti,
1213 4071 1278 4119 ut
1333 4072 1490 4137 patet
1534 4083 1634 4138 per
1685 4068 2073 4139 quittanciam,
2154 4064 2502 4135 justiciarius
2518 4065 2697 4130 Becci,
2722 4065 2776 4118 in
2808 4071 3090 4136 pastorem
3120 4062 3252 4117 dicti
3281 4055 3622 4121 monasterii;
3648 4050 3727 4124 qui

484 4168 606 4223 qua
631 4152 793 4207 estin
822 4153 1165 4208 chartulario
1187 4153 1245 4208 in
1275 4154 1506 4209 fardello
1529 4156 1617 4210 de.
1637 4201 1649 4213 .
1753 4157 1821 4210 Et
1844 4157 1901 4210 in
1930 4173 2077 4212 anno
2162 4152 2466 4208 Ecclesiam
2522 4153 2879 4208 laudabiliter
2932 4170 3152 4224 regens,
3203 4151 3357 4206 inter
3390 4154 3580 4204 catera
3603 4144 3725 4196 bona

482 4242 878 4297 trecentesimo
893 4243 1322 4314 quadragesimo
1336 4250 1492 4299 sexto
1515 4242 1622 4314 (74)
1647 4264 1658 4313 ;
1712 4245 1822 4299 fuit
1850 4245 2079 4299 collecta
2164 4263 2286 4316 qua
2315 4245 2394 4300 ibi
2421 4247 2616 4315 gessit,
2650 4245 2780 4300 fecit
2808 4244 3069 4300 dedicare
3122 4244 3417 4299 ecclesiam
3460 4252 3642 4295 novam
3667 4231 3724 4285 de

482 4330 543 4386 in
564 4348 739 4403 regno
767 4332 1034 4398 Francia,
1064 4337 1121 4386 et
1147 4333 1331 4387 levata
1378 4350 1480 4404 per
1514 4334 1840 4406 pradictum
1872 4333 2078 4404 Philip—
2095 4338 2142 4396 D
2162 4351 2304 4390 novo
2335 4334 2672 4405 completam
2704 4333 3084 4400 laudabiliter,
3106 4339 3172 4388 ut
3194 4340 3393 4404 postea
3415 4326 3633 4403 patebit.

481 4436 637 4491 pum,
671 4421 769 4492 qui
798 4421 959 4475 duxit
976 4421 1186 4476 bellum
1234 4429 1431 4477 contra
1459 4440 1648 4493 regem
1697 4424 1933 4494 Anglia;
1974 4440 2075 4495 pro
2228 4425 2391 4477 Anno
2414 4422 2639 4477 Domini
2670 4423 2968 4477 millesimo
3000 4422 3394 4477 trecentesimo
3442 4417 3725 4490 quadrage-

483 4525 597 4580 qua
619 4509 885 4564 solvimus
914 4526 1015 4581 pro
1046 4511 1206 4565 nobis
1231 4518 1289 4566 et
1300 4512 1639 4583 prioratibus
1651 4529 1933 4566 summam
1952 4530 2077 4568 cen-
2156 4513 2318 4577 simo,
2344 4512 2560 4566 decimo
2591 4512 2786 4583 quinto
2813 4512 2903 4567 die
2923 4511 3151 4583 Aprilis,
3172 4511 3315 4565 obiit
3343 4510 3447 4582 pia
3475 4500 3725 4561 memoria!

483 4602 607 4652 tum
618 4597 816 4667 viginti
839 4598 1130 4654 librarum.
1147 4601 1217 4655 Et
1233 4601 1291 4655 in
1318 4618 1465 4655 anno
1489 4601 1787 4657 millesimo
1804 4602 2068 4673 quadrin-

478 4685 792 4758 gentesimo
816 4687 1085 4757 vigesimo
1115 4695 1335 4760 quarto,
1359 4690 1467 4744 fuit
1490 4691 1673 4745 levata
1719 4691 1831 4744 alia
1857 4691 2075 4745 decima

476 4791 742 4831 concessa
777 4776 1003 4833 domino
1027 4779 1165 4849 regi,
1198 4796 1299 4851 pro
1332 4796 1442 4849 qua
1467 4780 1631 4833 solvit
1657 4779 1809 4851 prior
1836 4780 1905 4835 de
1947 4781 2073 4835 Bel-

478 4865 727 4920 lomonte
751 4882 851 4936 pro
880 4868 1138 4939 portione
1157 4885 1280 4947 sua,
1314 4868 1559 4939 quinque
1575 4875 1800 4924 centum
1828 4871 2068 4925 francos.

477 4955 548 5010 Et
590 4954 650 5009 in
675 4971 823 5011 anno
852 4956 1153 5013 millesimo
1181 4958 1735 5029 quadringentesimo
1780 4958 2071 5029 trigesimo

476 5045 693 5118 quinto,
722 5045 828 5101 fuit
863 5046 1034 5101 abbas
1078 5047 1322 5101 Thomas
1380 5046 1690 5113 absolutus,
1738 5054 1854 5114 lo
1881 5048 1952 5101 ob
1982 5048 2074 5102 de-

473 5133 683 5190 fectum
739 5134 1035 5190 solutionis
1072 5134 1300 5190 decima
1337 5135 1481 5190 data
1520 5153 1552 5189 a
1581 5136 1809 5190 domino
1828 5137 2072 5190 Martino

474 5239 622 5295 papa
642 5223 837 5294 quinto
867 5223 995 5278 duci
1024 5222 1354 5291 Behfordia,
1388 5242 1558 5296 super
1577 5224 1847 5279 fructibus
1874 5224 1931 5278 in
1963 5225 2069 5279 du-

471 5317 603 5369 catu
649 5311 1072 5367 Northmannia
1116 5312 1571 5378 consistentibus,
1631 5313 1764 5383 quia
1805 5312 2071 5384 imposita

472 5401 598 5469 fuit,
639 5406 697 5457 et
733 5402 917 5457 levata
955 5406 1210 5474 tempore
1239 5402 1453 5458 domini
1509 5402 1740 5458 Roberti
1766 5403 2067 5475 praedeces-

539 5576 653 5651 (74)
675 5580 824 5636 Anni
845 5581 1075 5639 confuse
1102 5584 1389 5637 notantur.

2157 4602 2420 4657 dominus
2472 4601 2796 4656 Gautfridus
2842 4601 2974 4668 Fae,
3007 4600 3311 4672 vigesimus
3350 4598 3521 4654 abbas
3564 4589 3721 4652 Becci,

2154 4697 2351 4764 postea
2379 4690 2670 4763 episcopus
2696 4690 3063 4756 Ebroicensis,
3096 4705 3209 4743 non
3238 4688 3537 4742 immemor
3579 4678 3726 4736 eccle-

2156 4780 2251 4836 sia
2280 4778 2597 4847 Beccensis,
2630 4779 2727 4834 sed
2754 4779 2903 4851 apud
2923 4795 3049 4833 eam
3076 4777 3319 4844 delatus,
3356 4781 3413 4831 et
3442 4776 3497 4829 in
3524 4774 3723 4844 ipsase-

2154 4870 2345 4943 pultus
2374 4868 2431 4922 in
2451 4868 2678 4923 sinistra
2708 4867 2862 4922 chori
2891 4872 3069 4939 parte,
3098 4871 3163 4920 ut
3190 4867 3312 4937 ejus
3328 4864 3610 4936 sepultura
3629 4871 3727 4911 ma-

2155 4959 2415 5025 nifestat;
2449 4958 2609 5028 cujus
2640 4956 2830 5011 anima
2852 4956 2910 5009 in
2938 4973 3073 5027 pace
3096 4954 3431 5025 requiescat.

2225 5049 2387 5102 Anno
2410 5046 2633 5102 Domini
2663 5046 2960 5101 millesimo
2999 5044 3393 5100 trecentesimo
3443 5038 3726 5113 quadrage-

2156 5137 2299 5191 simo
2327 5136 2590 5202 secundo,
2624 5134 2839 5190 decimo
2888 5134 3083 5206 quinto
3130 5133 3220 5188 die
3252 5132 3464 5187 mensis
3499 5130 3725 5199 Septem-

2153 5225 2519 5289 bris,decimo
2549 5224 2790 5296 septimo
2820 5224 3104 5279 Kalendas
3142 5221 3415 5288 Octobris,
3451 5216 3723 5291 pontifica-

2151 5321 2243 5372 tus
2263 5314 2599 5370 sanctissimi
2622 5314 2679 5368 in
2710 5314 2931 5369 Christo
2956 5312 3140 5367 Patris
3175 5311 3388 5367 domini
3421 5302 3720 5364 Clementis,

2150 5405 2340 5461 divina
2366 5404 2664 5461 clementia
2695 5421 2851 5477 papa
2872 5403 3013 5459 sexti
3058 5418 3205 5457 anno
3235 5401 3437 5474 primo,
3472 5395 3721 5467 regnante
