3864 6176
160 289 250 347 669

1327 287 1754 347 CHRONICON
1796 283 2190 342 BECCENSE.

3293 274 3399 334 670

161 416 394 488 Philippo
421 417 760 472 Francorum
799 433 949 488 rege,
981 417 1207 472 domino
1231 417 1446 472 Joanne
1464 416 1587 486 ejus
1606 415 1787 475 ﬁlioA
1878 411 2085 466 Eodem
2115 425 2264 464 anno
2291 407 2551 463 dominus
2574 407 2818 462 Joannes
2851 403 2921 458 de
2956 401 3200 458 Ferariis
3238 401 3402 456 miles

161 504 507 575 primogenito
525 506 662 561 duce
691 506 1137 571 Northmannia,
1170 505 1372 560 abbate
1402 503 1560 559 Becci
1589 508 1725 556 tunc

162 592 399 662 vigesimo
417 595 598 664 primo
619 594 846 649 domino
866 596 1080 650 Joanne
1093 595 1162 650 de
1179 592 1725 664 Grangiis,dedicata

163 680 249 735 fuit
274 682 502 736 ecclesia
519 684 676 737 Becci
703 700 736 736 a
756 684 1056 738 reverendo
1089 683 1147 738 in
1186 683 1408 738 Christo
1435 687 1594 754 patre
1628 681 1723 734 do-

162 769 290 822 mino
328 771 538 825 Joanne
577 771 967 827 Abrincatensi
1015 773 1272 844 episcopo
1335 773 1394 826 in
1452 771 1723 825 honorem

163 864 338 912 sancta
365 860 556 914 Maria
581 861 832 931 virginis,
852 867 907 915 et
935 862 1184 916 omnium
1213 868 1555 916 sanctorum.
1583 859 1724 914 Con-

163 952 348 1000 secrata
379 955 568 1002 autem
619 949 850 1004 fuerunt
887 950 956 1004 ab
998 952 1119 1021 ipso
1168 950 1427 1021 episcopo
1463 947 1721 1002 abrinca-

164 1035 283 1089 tensi
314 1038 491 1106 majus
543 1039 724 1093 altare
761 1040 829 1093 ad
870 1040 1138 1094 honorem
1177 1043 1380 1093 sancta
1416 1037 1628 1106 Maria,
1667 1040 1725 1090 et

166 1125 319 1178 minus
365 1125 648 1193 similiter,
683 1127 1052 1198 praesentibus
1093 1129 1151 1182 in
1200 1128 1422 1182 Christo
1461 1125 1722 1181 Patribus

164 1212 371 1268 dominis
398 1214 745 1283 Lexoviensi,
780 1223 837 1270 et
858 1218 1077 1289 Joanne
1122 1216 1382 1287 Papiensi
1425 1215 1717 1286 episcopis,

164 1317 214 1352 ac
253 1303 653 1360 venerabilibus
682 1305 943 1360 Patribus
974 1312 1032 1360 et
1061 1305 1303 1360 dominis
1339 1303 1632 1358 abbatibus
1653 1303 1721 1356 de

162 1389 382 1458 Fiscano,
397 1392 466 1446 de
485 1394 692 1448 Sancto
723 1396 1010 1462 Audoeno,
1041 1395 1112 1448 de
1141 1395 1407 1460 Cadomo,
1426 1394 1494 1448 de
1515 1394 1719 1448 Sancto

165 1477 374 1546 Ebrulfo,
406 1480 476 1535 de
523 1483 846 1548 Gemeticis,
881 1483 949 1536 de
995 1483 1198 1538 Sancto
1237 1481 1606 1545 Vandresillo,
1650 1481 1720 1535 de

166 1566 334 1621 Sancto
364 1569 626 1641 Georgio,
659 1571 728 1625 de
758 1571 1195 1642 Blanquervilla,
1243 1571 1311 1625 de
1349 1571 1608 1638 Bernaio,
1649 1570 1719 1624 de

1805 501 1964 556 dedit
1982 498 2258 571 pradictis
2295 496 2587 568 religiosis,
2626 495 2696 550 ad
2727 493 2971 548 ofﬁcium
3003 491 3394 563 pitanciarum,

1804 595 2015 644 certam
2054 594 2272 659 partem
2302 586 2550 650 decima,
2584 601 2751 655 quam
2774 581 3017 637 habebat
3045 582 3103 635 in
3133 580 3400 651 parochia

1805 679 1874 734 de
1913 677 2345 746 Grandicampo,
2377 673 2575 728 solutis
2597 673 2786 726 decem
2812 671 2969 725 libris
2998 669 3398 740 redditus,qua

1805 784 1975 839 super
2003 767 2108 820 hoc
2142 763 2418 818 debentur
2435 761 2610 834 priori
2638 762 2707 815 de
2735 761 3073 831 Malopassu.

1875 857 2149 926 Tempore
2170 853 2419 925 praedicti
2441 850 2674 915 abbatis,
2705 867 2851 904 anno
2872 848 3169 902 millesimo
3184 853 3398 901 trecen-

1805 946 2005 1003 tesimo
2025 942 2455 1015 quadragesimo
2473 937 3108 1010 quinto,dominaMaria
3122 938 3189 991 de
3202 937 3399 1007 Hispa-

1804 1035 1897 1090 nia
1919 1033 2204 1088 comitissa
2231 1033 2299 1085 de
2320 1029 2666 1095 Allenconio,
2702 1029 2770 1082 de
2792 1027 3056 1098 Stampis,
3082 1027 3237 1080 dedit
3253 1042 3395 1096 pra-

1804 1125 1968 1178 dictis
2009 1120 2285 1193 religiosis
2324 1121 2661 1190 quingentas
2699 1117 2873 1172 libras
2911 1105 3262 1171 Turonenses
3295 1131 3395 1186 pro

1803 1213 2055 1268 emendis
2086 1210 2458 1282 quadraginta
2486 1207 2642 1262 libris
2673 1208 2943 1272 redditus,
2963 1206 3242 1276 pradictis
3271 1204 3396 1258 reli-

1802 1303 1975 1374 giosis
1995 1299 2386 1356 claustralibus
2402 1297 2821 1359 distribuendis,
2838 1313 2938 1367 per
2957 1312 3185 1349 manum
3209 1294 3395 1364 pitan-

1802 1391 1980 1458 ciarii,
2014 1395 2079 1444 ut
2110 1389 2356 1461 quolibet
2394 1389 2484 1442 die
2525 1404 2624 1458 per
2673 1387 2849 1440 dictos
2896 1385 3188 1454 religiosos
3229 1382 3398 1436 missa

1803 1479 2182 1535 celebraretur
2218 1479 2277 1532 in
2307 1477 2521 1548 capella
2554 1477 2739 1529 Beata
2778 1475 2967 1529 Maria
2991 1475 3060 1527 de
3099 1488 3239 1526 novo
3268 1471 3396 1524 fun-

1803 1571 1964 1637 data;
1998 1586 2120 1640 qua
2157 1583 2381 1623 summa
2420 1565 2632 1620 tradita
2659 1565 2765 1618 fuit
2796 1563 2966 1634 priori
2998 1563 3066 1616 de
3108 1563 3298 1628 Prato,
3331 1565 3394 1614 ut

165 1653 414 1719 Cormelis,
448 1658 520 1713 de
550 1659 830 1725 Pratellis,
864 1661 933 1714 de
962 1661 1255 1725 Grestano,
1289 1660 1358 1714 de
1390 1661 1594 1714 Sancta
1622 1661 1721 1714 Ca-
1805 1660 1965 1714 dictis
2004 1659 2278 1728 religiosis
2316 1657 2553 1711 solveret
2599 1654 2928 1724 pradictum
2993 1651 3276 1705 redditum
3337 1649 3396 1702 in

163 1743 350 1798 tharina
373 1763 546 1817 prope
573 1749 1006 1819 Rothomagum,
1047 1749 1116 1802 de
1147 1750 1349 1804 Sancto
1372 1749 1616 1814 Victore,
1651 1748 1719 1802 de
1740 1731 1787 1792 B
1806 1755 2048 1821 quatuor
2078 1746 2335 1801 terminis
2375 1744 2564 1798 Sancti
2607 1743 2840 1797 Joannis
2874 1741 3157 1812 Baptistae,
3204 1738 3394 1793 Sancti

164 1832 456 1903 Cornevilla,
479 1853 550 1890 ac
565 1837 634 1891 de
648 1838 928 1909 prioribus
940 1839 1009 1892 de
1031 1839 1238 1893 Sancta
1257 1837 1518 1903 Barbara,
1535 1839 1720 1892 Beata
1801 1838 2109 1903 Michaelis,
2143 1834 2464 1890 Nativitatis
2504 1832 2730 1903 Domini
2764 1838 2819 1885 et
2850 1830 3075 1884 Pascha
3101 1847 3113 1895 ;
3148 1826 3398 1898 quolibet

165 1919 317 1976 Maria
351 1923 416 1977 de
441 1925 624 1978 Parco
638 1926 804 1995 juxta
823 1927 1194 1992 Haricuriam,
1219 1927 1289 1980 de
1309 1926 1636 1991 Friardello,
1665 1931 1722 1980 et
1801 1927 2043 1994 termino
2074 1926 2285 1980 decem.
2319 1925 2387 1978 Et
2414 1923 2500 1977 his
2531 1921 2876 1992 temporibus
2899 1919 3090 1983 missa,
3117 1934 3238 1988 qua
3253 1932 3392 1986 quo-

165 2008 400 2065 nobilibus
429 2013 567 2067 viris
609 2015 852 2069 dominis
894 2015 1109 2069 Joanne
1144 2015 1334 2083 Malet,
1363 2015 1609 2070 Roberto
1649 2015 1718 2069 de
1801 2010 2911 2085 tidiecelebraturprocongregatione,in
2927 2010 3194 2062 honorem
3216 2005 3393 2059 beata

163 2096 470 2170 Novoburgo,
515 2103 734 2157 Joanne
757 2103 826 2158 de
851 2104 1092 2158 Ferariis
1115 2104 1255 2158 G....
1285 2105 1353 2158 de
1383 2103 1714 2171 Friardello,

165 2185 294 2242 R.....
322 2189 385 2244 de
409 2191 714 2247 Tournebu
735 2193 1025 2260 militibus,
1045 2211 1172 2248 cum
1193 2192 1446 2264 pluribus
1472 2191 1599 2246 aliis
1620 2192 1722 2246 mi-

167 2274 321 2332 litibus
346 2295 407 2333 ac
429 2280 571 2334 viris
600 2282 1012 2349 ecclesiasticis,
1042 2299 1107 2336 ac
1134 2281 1509 2347 saecularibus,
1546 2282 1603 2335 in
1629 2281 1721 2336 die

165 2365 243 2418 tali
274 2368 666 2424 exultantibus.
700 2369 774 2424 Et
819 2372 1017 2426 eadem
1060 2372 1150 2426 die
1196 2375 1580 2425 consecratum
1614 2370 1721 2424 fuit

167 2455 312 2509 altare
333 2457 389 2511 in
413 2459 634 2530 capella
671 2459 894 2531 prioris,
927 2461 986 2515 in
1022 2461 1292 2515 honorem
1328 2461 1506 2515 sancti
1537 2461 1716 2515 Bene-

166 2543 290 2610 dicti,
325 2551 378 2600 et
422 2547 481 2602 in
525 2548 742 2618 capella
777 2566 898 2620 qua
935 2549 1142 2604 dicitur
1183 2566 1303 2604 esse
1341 2550 1606 2613 sacrista,
1657 2550 1718 2604 in

164 2631 390 2690 honorem
434 2642 765 2692 sanctorum
804 2639 1186 2710 apostolorum
1224 2639 1376 2693 Petri
1429 2645 1486 2692 et
1534 2639 1713 2706 Pauli,

163 2721 307 2777 altare
346 2724 448 2780 fuit
475 2732 868 2784 consecratum
907 2727 976 2782 ab
999 2729 1258 2800 episcopo
1287 2729 1631 2790 Lexoviensi,
1665 2733 1722 2784 et

164 2810 321 2866 eodem
345 2813 450 2878 die,
464 2815 650 2870 altare
671 2815 730 2870 in
754 2817 968 2887 capella
989 2834 1110 2888 qua
1135 2817 1340 2872 dicitur
1361 2817 1430 2871 de
1455 2817 1717 2884 Ferariis,

165 2898 208 2952 in
232 2900 476 2958 honorem
508 2904 690 2958 sancti
706 2906 937 2960 Joannis
967 2906 1252 2978 Baptistae.
1275 2907 1415 2960 Item
1432 2906 1490 2961 in
1507 2907 1721 2978 capella

166 2991 381 3059 sequenti
407 2993 464 3046 in
494 2993 774 3048 honorem
801 2995 979 3049 sancti
1008 2995 1210 3062 Mauri,
1240 3000 1298 3050 et
1320 2996 1378 3049 in
1398 2997 1612 3066 capella
1629 3012 1718 3050 se-

167 3081 341 3147 quenti,
367 3082 424 3136 in
448 3082 728 3139 honorem
751 3085 929 3138 sancti
958 3084 1206 3150 Martini,
1221 3101 1344 3156 qua
1369 3085 1574 3139 dicitur
1597 3102 1719 3140 esse

164 3166 525 3237 subcellerarii,
558 3177 614 3225 et
639 3172 697 3226 in
730 3173 942 3243 capella
976 3189 1098 3243 qua
1133 3173 1340 3228 dicitur
1381 3190 1502 3228 esse
1533 3191 1720 3228 came-

162 3257 285 3323 rarii,
314 3275 344 3312 a
365 3260 596 3314 domino
633 3262 847 3316 Joanne
866 3261 1125 3332 Papiensi
1156 3263 1433 3334 episcopo,
1467 3263 1645 3318 altare
1663 3263 1722 3317 in

163 3343 391 3403 honorem
415 3349 602 3404 sancti
624 3349 892 3422 Stephani
914 3352 1364 3424 protomartyris.
1408 3353 1477 3407 Et
1512 3352 1604 3406 die
1632 3353 1721 3408 lu-

165 3444 517 3508 nasequente,
551 3445 875 3494 consecrata
895 3441 1126 3496 fuerunt
1150 3441 1260 3496 duo
1285 3441 1488 3496 altaria
1524 3441 1593 3495 de
1631 3458 1721 3496 re-

165 3523 400 3592 vestiario,
422 3543 606 3581 unum
630 3528 688 3581 in
708 3528 980 3582 honorem
999 3529 1177 3584 sancti
1195 3528 1431 3588 Nicolai.
1456 3533 1514 3582 et
1543 3529 1722 3582 Bran-

165 3609 342 3675 dani,et
353 3615 506 3671 aliud
519 3616 579 3670 in
597 3617 866 3671 honorem
883 3618 1061 3673 sancti
1082 3618 1315 3672 Joannis
1333 3618 1719 3688 Evangelista,

165 3704 210 3752 et
222 3705 374 3758 sancti
406 3705 620 3761 Aniani
650 3707 915 3778 episcOpi,
964 3723 998 3761 a
1027 3708 1293 3778 pradicto
1327 3707 1590 3779 Papiensi
1613 3706 1726 3778 epi-

165 3794 450 3861 scopthem
471 3795 660 3850 altare
682 3795 852 3850 beatae
873 3797 1065 3851 Maria
1092 3797 1452 3867 Magdalena,
1471 3803 1529 3852 et
1541 3797 1718 3852 beata

166 3877 419 3940 Honorina
437 3885 697 3955 virginis,
707 3886 762 3939 in
778 3886 989 3957 capella
1000 3902 1122 3956 qua
1133 3885 1339 3941 dicitur
1349 3902 1473 3941 esse
1485 3886 1721 3940 eleemo—

164 3972 356 4039 Synarii,
375 3973 444 4028 ab
469 3974 673 4028 eodem
700 3975 961 4045 Papiensi
978 3975 1254 4046 episcopo,
1275 3976 1346 4030 ad
1367 3976 1467 4030 Dei
1481 3976 1720 4046 gloriam

167 4061 211 4109 et
231 4062 398 4131 populi
413 4063 876 4118 exsultationem.
896 4065 959 4118 In
988 4065 1111 4136 ipsa
1140 4065 1488 4120 dedicatione
1517 4065 1723 4121 condu-

166 4146 225 4198 cti
246 4147 520 4223 fontis,qui
541 4152 749 4206 dicitur
776 4154 1022 4224 Angelus
1047 4153 1104 4207 in
1125 4154 1368 4208 claustro
1382 4170 1554 4226 prope
1576 4155 1723 4226 capi-

167 4234 332 4302 tulum,
371 4241 602 4295 ﬂuxisse
639 4241 829 4295 vinum
861 4258 960 4313 per
1009 4243 1253 4314 spatium
1297 4243 1472 4297 trium
1502 4243 1720 4313 dierum

171 4318 328 4389 fertur,
355 4329 421 4382 ad
442 4329 703 4383 omnium
729 4330 1090 4384 servientium
1121 4331 1609 4386 sustentationem.

229 4419 264 4479 I
282 4420 320 4479 Β
350 4418 628 4490 Tempore
651 4420 818 4489 hujus
837 4420 1068 4475 Joannis
1089 4421 1318 4491 quidam
1346 4421 1612 4476 honestus
1639 4438 1724 4476 re-

165 4498 360 4570 ligiosus
385 4513 619 4562 vocatus
639 4508 972 4564 Guillelmus
988 4509 1056 4563 de
1085 4510 1283 4576 Maria,
1315 4510 1456 4565 alias
1480 4511 1718 4577 Loeson,

162 4597 488 4658 granatarius
535 4597 670 4651 dicti
708 4598 1056 4666 monasterii,
1099 4599 1168 4654 de
1214 4599 1441 4654 licentia
1469 4599 1721 4670 pradicti

163 4677 378 4748 Joannis,
410 4685 469 4740 in
500 4686 746 4756 capitulo
764 4687 1016 4758 generali
1033 4688 1402 4758 prasidentis,
1436 4705 1584 4744 anno
1604 4689 1727 4743 mil-

163 4765 329 4826 lesimo
355 4775 750 4830 trecentesimo
780 4777 1226 4848 quadragesimo,
1251 4777 1310 4832 in
1332 4777 1520 4849 vigilia
1545 4778 1724 4833 sancti

162 4854 360 4916 Joannis
391 4864 658 4935 Baptista
703 4865 986 4936 totiusque
1016 4866 1248 4938 capituli
1284 4883 1538 4934 assensu,
1571 4867 1726 4922 dedit

162 4945 404 5018 religiosis
450 4954 844 5010 claustralibus
891 4955 1084 5011 decem
1136 4955 1310 5011 libras
1369 4957 1724 5012 Turonenses

165 5036 402 5106 redditus,
435 5043 506 5096 de
530 5049 585 5097 et
618 5059 790 5114 super
821 5045 1004 5098 ofﬁcio
1031 5045 1342 5116 granatarii
1365 5046 1723 5110 dictiloci,ad

163 5121 338 5182 festum
366 5132 780 5202 Assumptionis
803 5133 980 5190 beata
1009 5135 1324 5206 Maria,per
1340 5153 1571 5191 manum
1591 5153 1723 5208 gra-

163 5216 357 5282 natarii,
391 5219 488 5290 qui
507 5237 604 5291 pro
625 5225 879 5291 tempore
898 5222 1088 5288 fuerit,
1112 5223 1518 5295 percipiendas,
1542 5242 1607 5280 ac
1625 5241 1726 5296 per

1798 2107 2046 2177 Virginis
2071 2106 2139 2160 de
2166 2121 2351 2168 mane,
2382 2103 2551 2174 capit
2578 2101 2784 2155 habere
2813 2098 3035 2152 initium
3063 2115 3074 2162 ;
3126 2095 3196 2150 ad
3225 2108 3392 2164 quam

1800 2195 2030 2249 missam
2061 2193 2441 2247 accenduntur
2467 2189 2714 2260 quotidie
2754 2185 2952 2257 viginti
2983 2189 3224 2255 quatuor
3247 2180 3393 2236 cerei

1801 2284 1870 2338 de
1899 2282 2100 2354 quibus
2127 2281 2389 2335 dominus
2409 2278 2580 2332 abbas
2617 2276 2783 2332 debet
2810 2276 3023 2330 solvere
3051 2279 3312 2345 quatuor,
3342 2273 3400 2324 et

1801 2373 1898 2427 alii
1929 2372 2120 2426 decem
2146 2368 2420 2433 officiarii,
2453 2365 2689 2438 quilibet
2721 2365 2893 2432 duos;
2917 2368 2973 2418 et
3003 2363 3072 2416 ad
3103 2360 3393 2433 populum,

1799 2464 2114 2534 fratresque
2131 2459 2470 2524 excitandos,
2496 2457 2753 2528 pulsatur
2771 2472 2898 2510 cum
2926 2470 3041 2509 una
3066 2452 3136 2507 de
3165 2450 3394 2522 majori-

1798 2551 1903 2608 bus
1928 2551 2234 2622 campanis.

1870 2641 1946 2696 Iis
1970 2641 2145 2695 etiam
2173 2637 2520 2710 temporibus
2545 2639 2838 2707 coeperunt
2863 2632 3000 2689 oriri
3026 2636 3083 2686 et
3109 2646 3396 2700 emergere

1799 2730 1947 2786 bella
1973 2736 2028 2784 et
2048 2729 2341 2784 discordia
2360 2728 2509 2782 inter
2535 2742 2697 2796 reges
2720 2725 3086 2788 Francorum,
3112 2727 3168 2775 et
3185 2721 3395 2791 Anglo-

1802 2837 1929 2875 rum
1960 2826 2018 2874 et
2048 2821 2330 2882 Navarra,
2363 2822 2591 2888 propter
2632 2830 2894 2869 coronam
2927 2811 3086 2881 regni
3124 2809 3392 2875 Francia,

1803 2925 1972 2980 quam
1999 2907 2104 2961 sibi
2126 2905 2462 2969 vindicabat,
2497 2910 2553 2958 et
2577 2903 2798 2957 dicebat
2836 2900 3127 2954 Eduardus
3153 2916 3250 2953 rex
3277 2900 3397 2954 An-

1798 2999 2021 3069 glorum
2043 2998 2172 3066 jure
2197 2993 2548 3049 hareditario
2577 2992 2682 3046 sibi
2703 2992 2889 3046 licere.

1873 3088 2035 3141 Anno
2063 3084 2291 3140 Domini
2315 3082 2612 3137 millesimo
2635 3079 3024 3136 trecentesimo
3053 3077 3400 3149 quinquage-

1802 3175 1964 3240 simo,
1985 3175 2075 3228 die
2095 3173 2314 3228 decima.
2334 3188 2482 3226 nona
2499 3171 2707 3225 mensis
2727 3168 3039 3234 Februarii,
3066 3167 3205 3222 obiit
3221 3167 3396 3228 felicis

1804 3263 2088 3320 memoria
2113 3261 2374 3316 dominus
2419 3261 2663 3315 Joannes
2701 3257 3056 3330 supradictus
3097 3256 3398 3328 vigesimus
3497 3299 3506 3312 ,

1804 3354 2039 3426 primus,
2100 3352 2194 3423 qui
2241 3349 2538 3405 Ecclesiam
2590 3349 2851 3418 religiose
2905 3348 3050 3401 rexit
3077 3345 3398 3417 quindecim

1804 3443 1968 3499 annis
2007 3447 2065 3496 et
2094 3445 2217 3494 octo
2249 3438 2552 3505 mensibus,
2598 3443 2655 3493 et
2685 3437 2939 3508 sepultus
2979 3441 3066 3491 est
3091 3439 3152 3489 in
3186 3435 3401 3506 capella

1806 3534 1991 3589 Beata
2005 3530 2213 3596 Maria,
2235 3534 2386 3584 retro
2405 3529 2658 3593 chorum,
2668 3528 2830 3598 juxta
2848 3526 3195 3597 sepulturam
3215 3524 3400 3580 domi-

1806 3623 1866 3677 ni
1895 3619 2130 3676 Gilberti
2155 3619 2374 3674 abbatis
2399 3618 2602 3673 decimi
2632 3616 2786 3683 noni,
2803 3621 2938 3671 ante
2954 3615 3132 3670 altare
3152 3614 3400 3685 Virginis

1806 3711 2015 3768 Maria.

2480 3811 2704 3852 VERSUS.
3095 3847 3104 3853 .

1976 3891 2222 3947 Consilia
2254 3893 2381 3942 nato
2411 3887 2664 3942 Genitrz‘w
2683 3885 2830 3939 hunc
2857 3887 3010 3937 alma
3031 3884 3178 3937 beato
3201 3897 3218 3934 :

1981 3983 2236 4034 Ponatur
2254 3980 2397 4033 cwlis
2418 3977 2507 4030 hic
2529 3979 2628 4045 qui
2649 3978 2764 4042 fuit
2788 3977 2912 4028 orbe
2940 3975 3137 4041 ﬁdelis.

1874 4069 2018 4123 Huic
2047 4065 2350 4122 venerabili
2380 4065 2534 4120 Patri
2565 4063 2832 4118 successit
2849 4062 2908 4116 in
2938 4063 3190 4133 regimen
3219 4061 3400 4117 Eccle-

1802 4157 1898 4213 sia
1945 4156 2233 4212 Beccensis
2281 4171 2498 4224 magna
2536 4153 2782 4208 scientia
2808 4151 2892 4205 vir
2919 4152 3095 4206 frater
3123 4151 3401 4206 Robertus

1803 4248 1872 4302 de
1900 4246 2075 4312 Rotis,
2100 4245 2241 4299 alias
2267 4244 2541 4315 Couroye,
2565 4243 2922 4296 decretorum
2952 4241 3165 4305 doctor,
3189 4239 3401 4294 electus

1737 4329 1891 4390 Dvia
1921 4333 2196 4398 scrutiuii,
2230 4338 2292 4387 ut
2322 4332 2502 4386 forma
2529 4333 2648 4402 ejus
2693 4330 2979 4386 electionis
3009 4333 3270 4395 testatur,
3305 4328 3401 4400 qui

1805 4424 2030 4496 quidem
2053 4423 2376 4495 pradictam
2402 4420 2702 4477 Ecclesiam
2730 4419 2873 4475 rexit
2891 4419 3153 4475 undecim
3179 4418 3404 4474 circiter

1803 4513 1984 4569 annis.

1874 4605 2038 4657 Anno
2069 4600 2294 4657 Domini
2311 4599 2609 4654 millesimo
2634 4599 3026 4654 trecentesimo
3049 4599 3401 4670 quinquage-

1807 4691 1948 4748 simo
1975 4696 2150 4754 sexto,
2181 4695 2434 4761 tempore
2473 4688 2724 4760 pradicti
2752 4689 3004 4754 Roberti,
3037 4694 3164 4760 post
3190 4688 3402 4744 bellum

1807 4780 2152 4845 Pictavense,
2179 4779 2238 4833 in
2268 4795 2379 4850 quo
2414 4793 2512 4833 rex
2545 4779 2890 4833 Francorum
2923 4779 3168 4834 Joannes
3205 4784 3402 4850 captus

1805 4869 1914 4924 fuit
1932 4869 2002 4924 ab
2025 4869 2241 4939 Anglis,
2265 4867 2541 4938 praedictis
2560 4868 2780 4937 guerris
2808 4869 2866 4922 in
2880 4868 3296 4925 Northmannia
3317 4869 3402 4924 vi-

1802 4958 2064 5030 gentibus
2093 4964 2150 5012 et
2177 4957 2245 5010 de
2274 4957 2365 5012 die
2412 4957 2469 5010 in
2509 4957 2655 5010 diem
2687 4957 3114 5028 pullulantibus,
3163 4976 3226 5014 ac
3265 4959 3402 5030 ipsis

1805 5046 2002 5118 Anglis
2029 5047 2276 5118 plurima
2306 5046 2445 5110 loca,
2476 5047 2654 5113 villas,
2693 5049 2941 5113 castella,
2973 5049 3280 5120 municipia
3301 5049 3402 5104 ob-

1806 5135 2137 5202 tinentibus,
2191 5135 2452 5192 dominus
2480 5136 2792 5192 Ludovicus
2817 5137 2886 5192 de
2921 5137 3234 5203 Haricuria,
3268 5142 3404 5194 tunc

1807 5225 2135 5298 capitaneus
2150 5231 2207 5281 et
2228 5231 2414 5281 rector
2438 5226 2718 5297 generalis
2729 5227 3154 5282 Northmannia
3172 5227 3402 5283 nomine

164 5315 364 5360 manum
389 5309 590 5379 prioris
619 5310 828 5365 eisdem
855 5311 1289 5379 distribuendas,
1311 5318 1376 5368 ut
1403 5314 1476 5369 ad
1504 5315 1729 5369 laudem
1803 5315 1956 5385 regis
2017 5315 2284 5382 Francia,
2335 5315 2670 5371 auctoritate
2732 5315 2890 5385 regia
2945 5314 3208 5385 pracepit
3253 5315 3403 5385 quod

164 5393 455 5490 etgloriam
498 5397 672 5454 beata
699 5401 991 5470 genitricis
1031 5403 1221 5457 Maria
1261 5404 1570 5475 antiphona
1607 5421 1730 5475 qua
1805 5405 2040 5459 ecclesia
2088 5403 2267 5470 Becci,
2313 5422 2435 5476 qua
2485 5405 2554 5459 de
2604 5420 2744 5458 novo
2786 5419 3011 5472 magna,
3046 5409 3104 5457 ct
3132 5403 3399 5474 spatiosa,

164 5477 362 5577 dieitur,
387 5486 543 5577 Satve
571 5490 796 5557 Regina,
827 5491 1168 5558 Mater,etc.,
1192 5493 1556 5565 completorio
1569 5494 1730 5550 ﬁnito
1811 5494 1925 5549 imo
1949 5493 2217 5566 speciosa,
2241 5498 2365 5549 erat
2380 5498 2974 5563 constructa,etnuper
2991 5497 3403 5562 consummata,

165 5566 1098 5643 dicatur,etdecanteturafratribus
1112 5579 1320 5639 ibidem
1338 5583 1728 5642 existentibus.
1813 5588 1872 5641 et
1921 5583 2180 5643 dedicata
2227 5583 2314 5651 (ut
2352 5582 2738 5656 praemittitur)
2777 5582 2983 5653 fuerat,
3037 5581 3403 5642 demoliretur
