3864 6176
484 315 586 374 671

1423 319 1536 373 ‘AD
1577 318 1814 372 OPERA
1854 318 1917 372 Β.
1958 313 2377 372 LANFRANCI
2413 312 2799 369 APPENDIX.

3617 312 3707 368 672

491 453 670 508 usque
722 439 788 492 ad
830 438 1218 502 fundamenta,
1271 443 1328 492 et
1372 438 1770 493 fortiﬁcaretur
1806 436 2075 502 turribus,
2099 437 2447 498 Anobilibus
2479 437 2928 508 religiosis,quos
2946 436 3178 501 vestivit,
3201 437 3707 507 dotavit;dequibus

493 533 720 598 prOpter
741 526 1096 580 securitatem
1116 528 1329 598 patria,
1354 534 1411 580 et
1441 545 1509 580 ne
1531 527 1599 580 ab
1623 527 1939 596 Anglis,seu
1960 527 2084 580 aliis

491 613 762 677 hostibus,
788 621 922 668 tunc
954 615 1011 668 in
1041 615 1221 686 patria
1241 615 2084 687 vigentibus,caperetur.Quare

492 703 749 771 congruit
781 703 1011 756 consilio
1057 710 1113 758 et
1158 705 1365 758 auxilio
1401 703 1694 766 baronum,
1727 704 1993 769 militum,
2029 707 2086 756 et

493 791 764 845 nobilium
805 809 869 845 ac
905 793 1215 847 vicinorum
1254 811 1376 847 eam
1426 794 1746 859 fortiﬁcare,
1798 811 1911 848 una
1956 810 2083 847 cum

491 879 736 950 capitulo
766 881 945 934 eidem
976 883 1378 936 consentiente.
1415 883 1483 936 Et
1511 883 1751 954 capellas
1779 883 1924 936 circa
1957 881 2086 935 cho-

490 981 638 1031 rum,
664 972 721 1020 et
744 967 882 1021 alias
911 975 1224 1040 aperturas,
1247 970 1527 1040 lapidibus
1553 971 1861 1037 obstruere,
1883 972 2087 1043 ipsam-

492 1071 600 1125 que
630 1056 920 1110 ecclesiam
943 1064 1000 1111 et
1019 1057 1518 1123 beuﬂ‘redum,cum
1540 1059 1790 1114 turribus
1817 1060 2082 1124 ecclesia,

491 1143 913 1216 capitulumque
963 1147 1185 1217 cingere
1232 1149 1683 1220 propugnaculis,
1733 1166 1798 1202 ac
1859 1149 2082 1202 fossatis

492 1232 876 1301 circumdare;
919 1243 1149 1306 propter
1172 1237 1320 1307 quod
1343 1239 1590 1308 oportuit
1622 1238 1879 1292 demoliri
1908 1253 2080 1292 unam

492 1326 710 1392 partem
734 1323 1049 1378 dormitorii
1068 1325 1312 1396 capitulo
1329 1326 1395 1380 ad
1397 1328 1764 1397 jacentem,et
1778 1327 1885 1380 tria
1902 1328 2082 1380 latera

493 1409 725 1464 claustri
753 1412 912 1480 juxta
931 1413 1238 1479 ecclesiam,
1273 1420 1329 1468 et
1347 1415 1515 1468 etiam
1531 1416 1830 1486 quamdam
1863 1421 2082 1486 partem

493 1498 724 1564 cellarii,
759 1500 975 1566 domos,
1011 1508 1069 1556 et
1097 1504 1280 1556 aulam
1322 1521 1446 1574 qua
1481 1511 1710 1558 vocatur
1755 1504 2079 1574 Noviburgi,

485 1587 646 1656 juxta
674 1592 858 1642 turres
901 1590 1164 1657 ecclesia,
1195 1592 1253 1646 in
1293 1592 1562 1647 damnum
1597 1593 1898 1647 maximum
1932 1595 2082 1663 ejus-

489 1675 618 1729 dem
649 1678 910 1732 ecclesia.

563 1764 827 1836 Oportuit
855 1768 1025 1821 etiam
1059 1769 1349 1838 religiosos
1373 1770 1656 1825 dimittere
1691 1771 2081 1826 dormitorium

493 1858 552 1908 et
578 1853 824 1908 dormire
857 1858 1155 1926 quamdam
1199 1864 1415 1926 partem
1455 1859 1705 1929 ipsorum
1734 1860 1881 1914 infra
1910 1862 2084 1914 eccle-

493 1941 635 1995 siam
667 1959 838 2014 super
865 1946 1227 2013 vestiarium;
1271 1953 1500 2001 cateros
1549 1955 1736 2002 autem
1765 1949 2082 2011 ofﬁciarios,

494 2036 552 2084 et
581 2032 831 2085 seniores
856 2034 1046 2102 jacere
1075 2034 1132 2087 in
1166 2036 1391 2106 capellis
1420 2037 1653 2090 chorum
1684 2037 2085 2091 circumdanti-

493 2116 630 2185 bus;
681 2120 793 2174 alia
838 2122 1081 2176 ecclesia
1112 2122 1234 2177 loca
1283 2124 1340 2177 in
1371 2125 1622 2188 ecclesia,
1668 2134 1897 2196 propter
1938 2127 2086 2180 bona

494 2207 740 2262 ecclesia
765 2211 1162 2276 conservanda,
1199 2212 1427 2266 fuerunt
1452 2220 1738 2284 occupata.
1766 2214 1965 2285 Sicque
1996 2216 2082 2268 ni-

493 2294 573 2349 hil
599 2296 850 2367 planum,
884 2305 1087 2369 prater
1121 2301 1273 2354 chori
1303 2302 1595 2367 ambitum,
1643 2309 1701 2358 et
1743 2303 1884 2356 viam
1915 2304 2079 2369 circa,

495 2391 726 2455 propter
758 2389 1138 2456 processiones
1167 2390 1295 2460 quia
1345 2398 1574 2462 propter
1603 2393 1832 2446 claustri
1858 2393 2088 2446 demoli-

496 2471 708 2527 tionem
739 2491 848 2530 non
891 2483 1151 2547 poterant
1189 2479 1310 2533 ﬁeri
1341 2480 1398 2534 in
1447 2482 1712 2536 claustro.
1766 2482 1969 2536 Coacta
2002 2487 2088 2535 est

498 2563 733 2618 ecclesia
753 2565 1004 2621 redditus
1034 2573 1090 2621 et
1110 2574 1410 2639 proventus
1440 2571 1561 2639 ejus
1587 2571 1644 2624 in
1672 2571 1964 2642 stipendiis
1995 2588 2086 2624 ar-

499 2657 780 2707 matorum
812 2671 1106 2726 exponere,
1141 2675 1243 2728 pro
1275 2659 1527 2712 custodia
1561 2665 1619 2712 et
1654 2667 1690 2726 ι
1710 2667 1765 2725 δ
1799 2677 2087 2714 conserva-

495 2741 649 2796 tione
669 2743 829 2798 dicta
855 2745 1166 2801 fortericia.
1195 2747 1278 2802 Ob
1317 2764 1438 2802 eam
1469 2765 1694 2802 causam
1725 2749 1974 2820 oportuit
1998 2749 2087 2802 in-

499 2830 724 2885 vadiare
751 2835 1022 2900 maneria,
1051 2837 1519 2903 terras,decimas,
1543 2839 1613 2891 ad
1634 2839 1900 2909 pradicta
1911 2855 2085 2892 onera

496 2921 977 2990 supportanda,in
1011 2926 1314 2980 maximum
1346 2927 1614 2980 damnum
1637 2926 1879 2981 ecclesia
1932 2928 2000 2980 Et
2029 2928 2086 2980 in

496 3010 725 3064 ecclesia
769 3013 942 3067 missa
992 3015 1169 3069 lleata
1218 3016 1403 3071 Maria
1444 3033 1566 3087 qua
1609 3033 1788 3087 nuper
1829 3017 2087 3070 ordinata

492 3097 678 3154 fuerat
703 3103 918 3156 cantari
938 3109 1089 3158 retro
1117 3105 1368 3170 chorum,
1390 3105 1673 3160 coactione
1693 3113 1928 3175 urgente
1953 3123 2086 3160 can-

493 3188 722 3243 tabatur
749 3192 817 3245 ad
841 3193 1021 3263 majus
1049 3195 1245 3249 altare.

563 3280 726 3334 Anno
755 3281 979 3336 Domini
1005 3284 1297 3338 millesimo
1323 3285 1716 3338 trecentesimo
1741 3285 2086 3354 sexagesimo

496 3369 700 3440 primo,
755 3371 937 3442 prima
975 3372 1065 3426 die
1118 3375 1326 3428 mensis
1364 3375 1732 3446 Septembris,
1786 3374 2085 3444 pradictus

493 3457 664 3511 Pater
719 3459 995 3514 Robertus
1036 3460 1206 3516 abbas
1247 3463 1405 3516 Becci
1457 3463 1756 3532 vigesimus
1808 3463 2083 3516 secundus

494 3545 761 3614 migravit
805 3565 837 3601 a
879 3549 1098 3614 saculo,
1131 3551 1383 3621 rexitque
1425 3551 1744 3622 pradictam
1793 3551 2082 3605 ecclesiam

493 3637 669 3692 ferme
693 3637 950 3691 undecim
981 3640 1161 3703 annis,
1197 3646 1251 3694 et
1284 3642 1531 3712 quinque
1562 3641 1879 3706 mensibus;
1913 3646 1970 3694 et
1996 3657 2085 3693 se-

495 3727 686 3796 pultus
715 3735 801 3782 est
828 3729 886 3782 in
913 3729 1127 3798 capella
1145 3731 1329 3784 Beata
1350 3730 1542 3784 Maria
1571 3737 1722 3784 retro
1755 3731 2006 3793 chorum,
2027 3729 2086 3782 in

494 3814 722 3869 sinistra
749 3823 926 3888 parte,
954 3820 1116 3888 juxta
1163 3821 1509 3890 sepulturam
1558 3820 1767 3873 domini
1809 3818 2084 3873 Guilberti

495 3903 712 3958 abbatis
737 3925 750 3973 ;
791 3912 848 3960 et
871 3924 978 3962 non
1008 3915 1094 3962 est
1122 3909 1335 3974 tumba,
1369 3927 1550 3980 neque
1573 3909 1938 3980 epitaphium.

568 3995 700 4050 Post
753 3997 873 4066 ejus
909 3997 1123 4052 obitum
1155 4015 1301 4052 anno
1348 4000 1645 4052 millesimo
1693 3997 2086 4052 trecentesimo

495 4085 843 4154 sexagesimo
865 4087 1064 4158 primo,
1098 4087 1306 4142 electus
1343 4088 1448 4142 fuit
1484 4088 1554 4141 ab
1597 4088 1747 4141 omni
1778 4103 2088 4156 congrega-

493 4172 645 4226 tione
695 4175 780 4226 vir
829 4191 1046 4245 magna
1097 4176 1381 4246 religionis
1426 4176 1601 4230 frater
1638 4177 1971 4230 Guillelmus
2017 4175 2086 4227 de

2167 532 2359 598 postea
2404 527 2733 590 ﬂoruerunt,
2770 525 3091 579 Gauffridus
3124 525 3306 578 dictus
3335 527 3541 579 Harenc
3567 525 3712 579 abbas

2169 615 2918 682 Gemeticensis(Jumiéges),
2945 614 3270 667 Vincentius
3287 615 3354 667 de
3379 614 3708 684 Rothomago,

2166 706 2346 760 dictus
2375 706 2444 759 de
2470 706 2662 769 Lieno,
2694 703 2864 758 abbas
2895 703 3252 758 Pratellensis
3276 705 3509 770 (Pre’au);
3540 704 3714 756 Rober-

2165 801 2257 849 tus
2304 795 2372 848 de
2430 795 2801 862 Rothomago,
2844 793 2982 846 alias
3026 793 3074 845 le
3125 792 3327 857 Telier,
3357 791 3520 845 abbas
3563 794 3713 846 sancti

2168 884 2356 938 Ebruti
2380 884 2452 950 (S.
2482 884 2766 954 Evroutt);
2807 883 3050 936 Joannes
3070 882 3139 934 de
3159 881 3423 952 Bouleya,
3445 880 3601 934 abbas
3636 882 3714 934 Ce~

2166 973 2434 1028 rasiensis
2471 974 2724 1040 (Gcrisy).

2688 1077 3013 1115 EPITAPHIUM
3059 1074 3205 1114 EJUS.

2275 1153 2374 1207 Hic
2385 1151 2530 1220 jacet
2559 1154 2621 1205 in
2651 1151 2839 1204 tumba
2865 1150 3098 1205 Ginatus
3122 1147 3498 1221 [Guillelmus]

3155 1238 3442 1308 [Benseque
3472 1241 3611 1301 vitta,

2277 1331 2443 1394 Becci,
2471 1331 2572 1398 qui
2598 1331 2775 1382 decem
2808 1329 2906 1388 bis,
2939 1331 2986 1380 et
3013 1343 3138 1379 cum
3161 1331 3381 1394 septem,
3403 1329 3625 1379 constitit

3405 1415 3582 1484 [annis

2272 1508 2476 1569 Abbas;
2508 1523 2612 1575 quo
2639 1507 2826 1574 plures
2854 1509 3089 1569 vestiret,
3124 1507 3274 1557 ocius
3306 1504 3435 1557 hinc
3463 1510 3561 1556 tres

2275 1596 2444 1648 Fiunt
2474 1596 2688 1647 abbates
2713 1613 2724 1655 ;
2758 1610 2822 1647 ac
2840 1595 3039 1647 horum
3069 1595 3399 1647 Parisiensis

2279 1685 2427 1738 Unus
2459 1685 2780 1750 Gate/fridus
2802 1701 2822 1749 ;
2851 1701 2875 1736 ο
2905 1699 3029 1736 cum
3049 1685 3130 1736 J0.
3157 1681 3439 1752 [Joannes]

3021 1772 3106 1841 [de
3125 1772 3266 1825 Hors
3281 1771 3635 1826 Gemeticcnsis

2275 1863 2396 1917 Esse
2423 1865 2581 1927 sinit,
2613 1863 2832 1914 tandem
2868 1860 3024 1914 Becci
3048 1863 3107 1928 ﬁt
3140 1865 3328 1924 pastor
3355 1861 3565 1922 ibidem,

2278 1953 2488 2006 Electus
2520 1955 2617 2018 bis,
2631 1956 2758 2022 jam
2780 1953 2904 2018 ﬁeri
2921 1953 3096 2019 jubet,
3131 1951 3378 2018 hancque
3409 1952 3648 2017 ﬁguram,

2273 2042 2558 2096 Guillelmi
2587 2045 2700 2095 zelo
2731 2043 2881 2103 victi,
2918 2041 3024 2092 tcto
3045 2043 3190 2093 vocis
3205 2057 3228 2106 ,°
3247 2055 3397 2092 anno

2278 2134 2704 2199 Bisseptingento
2723 2129 2796 2198 (id
2828 2134 2914 2182 est
2938 2125 3096 2198 1388)
3121 2147 3132 2195 ;
3167 2130 3259 2182 sed
3285 2129 3365 2182 bis
3385 2145 3472 2181 sex
3489 2128 3607 2179 hinc

3455 2215 3720 2285 [remorata

2282 2309 2411 2361 Luce
2437 2309 2576 2362 Maii
2604 2309 2754 2369 bina,
2793 2308 2886 2360 cui
2910 2308 3076 2370 catos,
3113 2305 3352 2365 Christe,
3381 2306 3622 2373 propina.

2239 2400 2400 2452 Anno
2419 2396 2643 2451 Domini
2673 2395 2971 2448 millesimo
3003 2393 3396 2448 trecentesimo
3425 2390 3724 2461 octogesimo

2168 2494 2380 2551 octavo,
2413 2491 2538 2556 post
2555 2485 2768 2538 obitum
2801 2484 3011 2538 domini
3045 2483 3344 2537 Guillermi
3374 2481 3578 2534 abbatis
3595 2480 3722 2548 vige-

2166 2576 2294 2631 simi
2324 2575 2475 2628 tertii
2501 2574 2676 2628 frater
2705 2573 3026 2626 Gaufl‘ridus
3054 2573 3122 2626 de
3144 2573 3307 2626 Paris
3327 2572 3503 2626 dictus
3523 2569 3722 2632 Harenc,

2169 2672 2302 2719 tunc
2332 2663 2603 2734 temporis
2651 2663 2805 2732 prior
2839 2662 2907 2715 de
2957 2662 3298 2727 Conﬂantio,
3331 2661 3413 2714 vir
3453 2656 3724 2713 acutissimi

2169 2752 2770 2825 ingenii,bacalaureus
2786 2751 2841 2805 in
2863 2751 3123 2816 decretis,
3151 2751 3366 2805 electus
3396 2749 3495 2803 fuit
3518 2747 3582 2800 ab
3597 2745 3722 2799 omni

2169 2841 2603 2913 congregatione
2631 2841 2690 2894 in
2723 2839 2983 2894 abbatem
3029 2845 3084 2893 et
3116 2847 3403 2910 pastorem
3433 2837 3596 2908 ipsius
3624 2851 3723 2888 mo-

2169 2931 2399 2987 nasterii
2434 2949 2445 2983 :
2471 2929 2565 2983 sed
2594 2929 2791 2982 electio
2820 2945 2931 2982 non
2959 2934 3043 2981 est
3063 2930 3266 2982 sortita
3296 2943 3456 2981 suum
3480 2925 3722 2984 effectum,

2106 3068 2149 3128 Ο
2171 3020 2436 3092 quoniam
2467 3017 2692 3088 quidam
2736 3017 2991 3079 Estodus,
3023 3017 3254 3071 nomine
3284 3017 3352 3070 de
3383 3011 3722 3073 Estoutevilla,

2244 3111 2317 3128 ἠν
2368 3125 2415 3128 __-
2437 3107 2673 3128 -----ι.---
2706 3106 3055 3128 πε------..-ξ-
3115 3111 3162 3128 ΑΔ.
3204 3113 3336 3128 Α--..Α
3366 3105 3526 3128 ,1.ι.--
3557 3115 3698 3128 ..αλ-ιη

2174 3111 2330 3182 prius
2368 3107 2675 3161 monachus
2706 3106 3075 3170 Fiscanensis,
3109 3111 3165 3159 et
3203 3113 3339 3160 tunc
3365 3105 3528 3157 abbas
3557 3115 3724 3153 mona-

2169 3199 2322 3253 sterii
2355 3195 2584 3260 Cerasii,
2605 3195 2938 3249 auctoritate
2966 3195 3246 3266 pontiﬁcis
3274 3191 3526 3256 Romani,
3557 3195 3607 3243 et
3631 3205 3727 3241 om-

2170 3288 2324 3342 nium
2356 3285 2715 3357 pralatorum
2743 3283 2884 3347 vi,et
2913 3284 3222 3338 amicorum
3256 3289 3314 3337 et
3343 3286 3621 3354 parentum
3643 3292 3725 3346 po-

2168 3377 2364 3438 tentia,
2412 3373 2655 3428 obtinuit
2699 3373 2948 3444 pradicti
2994 3373 3322 3426 monasterii
3369 3368 3724 3442 principatum.

2167 3468 2277 3521 Iste
2308 3464 2524 3536 primus
2552 3463 2658 3516 fuit
2689 3462 3021 3532 alienigena,
3047 3462 3141 3531 qui
3179 3461 3434 3515 Ecclesia
3472 3453 3725 3512 Beccensis

2167 3554 2410 3610 obtinuit
2437 3552 2707 3622 regimen,
2738 3551 2833 3622 qui
2859 3551 2927 3604 de
2945 3551 3162 3621 gremio
3191 3551 3438 3621 ejusdem
3470 3544 3725 3601 ecclcsiaa

2166 3653 2420 3714 tempore
2463 3640 2809 3694 fundationis
2851 3656 2962 3693 non
3005 3639 3300 3703 existeret;
3344 3637 3552 3691 duobus
3588 3631 3724 3686 annis

2169 3740 2226 3787 et
2254 3739 2376 3785 octo
2405 3727 2691 3782 mensibus
2728 3728 2870 3781 rexit
2906 3727 3117 3781 dictum
3146 3725 3561 3780 monasterium.
3591 3715 3724 3782 Quod

2168 3837 2348 3892 nuper
2374 3817 2594 3888 guerris
2625 3816 2976 3871 cessantibus
2999 3816 3393 3886 respiraverat,
3444 3808 3723 3866 occasione-

2168 3928 2274 3982 que
2298 3907 2687 3980 pradictarum
2719 3906 3139 3975 guerrarum,in
3156 3905 3400 3958 maxima
3431 3899 3724 3955 necessitate

2168 4006 2307 4064 erat,
2348 4015 2411 4052 ac
2438 3995 2496 4048 in
2531 3995 2721 4047 multis
2759 3995 2962 4050 debitis
2993 4010 3128 4064 erga
3174 3993 3384 4046 multos
3430 3989 3720 4057 obligatum,

2168 4106 2268 4161 per
2296 4091 2626 4162 domos,per
2651 4086 2923 4147 maneria,
2972 4083 3319 4147 molendina,
3348 4095 3473 4133 cum
3499 4072 3724 4162 omnibus

2169 4179 2426 4243 ofﬁcinis,
2459 4181 2516 4233 in
2550 4179 2793 4232 maxima
2839 4175 3024 4236 ruina,
3061 4179 3117 4225 et
3160 4169 3489 4224 decadentia
3525 4168 3648 4218 erat.
3670 4158 3726 4212 Et

495 4261 826 4329 Bensevilla,
851 4265 1035 4319 dictus
1066 4266 1348 4337 Popeline,
1386 4265 1442 4319 in
1470 4273 1748 4336 pastorem
1780 4265 1954 4336 ipsius
1974 4280 2087 4317 mo-
2169 4269 2226 4322 in
2249 4270 2367 4339 ejus
2391 4270 2650 4332 adventu,
2690 4264 2878 4319 omnia
2903 4269 2959 4317 et
2997 4262 3221 4331 singula
3249 4265 3382 4314 sunt
3401 4253 3721 4339 deterioratat

495 4353 729 4406 nasterii
750 4372 760 4416 ;
785 4355 1140 4424 postmodum
1161 4355 1500 4409 benedictus.
1532 4356 1835 4419 Modestus,
1854 4361 1911 4407 et
1934 4353 2085 4406 mitis
2105 4385 2151 4442 D
2169 4337 2301 4428 quia
2326 4359 2445 4428 ejus
2470 4375 2603 4412 cura
2647 4361 2769 4409 erat
2812 4369 2982 4424 super
3026 4349 3279 4422 pecuniis
3325 4337 3721 4401 accumulandis,

495 4440 766 4494 fratribus
787 4449 911 4496 erat
934 4462 947 4502 ;
979 4449 1035 4496 et
1055 4450 1281 4498 strenue
1301 4451 1358 4498 et
1378 4444 1734 4498 laudabiliter
1749 4443 2086 4512 rexitipsum
2106 4437 2143 4442 ⁷
2169 4447 2659 4516 appropriavitque
2674 4443 2779 4498 sibi
2798 4441 3042 4496 officium
3058 4437 3416 4499 thesaurarii,
3439 4445 3634 4504 ponens
3657 4440 3724 4478 re-

496 4531 922 4596 monasterium,
961 4532 1157 4602 viginti
1191 4540 1405 4604 septem
1436 4534 1625 4590 annis:
1659 4533 1878 4603 guerris
1905 4533 2090 4601 vigen-

496 4617 789 4681 tibus,tam
807 4620 864 4674 in
889 4621 1298 4677 Northmannia
1319 4639 1486 4694 quam
1505 4624 1561 4676 in
1583 4623 1821 4676 Francia
1845 4628 1902 4676 et
1923 4622 2091 4692 Aqui-

498 4707 674 4772 tania,
728 4715 787 4763 et
832 4710 959 4764 licet
1003 4712 1330 4782 pradictum
1388 4712 1791 4766 monasterium
1837 4717 1986 4764 esset
2029 4711 2083 4764 in

497 4798 741 4851 maxima
777 4800 1128 4864 necessitate,
1158 4818 1260 4856 sua
1307 4801 1649 4871 benignitate
1691 4809 1747 4854 et
1797 4801 2085 4870 patientia,

495 4886 822 4956 praedictum
852 4891 1255 4945 monasterium
1287 4907 1321 4944 a
1351 4891 1542 4944 multis
1571 4889 1837 4955 adversis,
1870 4889 2090 4944 damnis

494 4980 553 5029 et
583 4976 844 5048 periculis
861 4981 1233 5050 praservavit.

569 5069 727 5123 Anno
759 5067 1053 5123 millesimo
1077 5069 1467 5123 trecentesimo
1497 5067 1836 5137 octogesimo
1875 5071 2088 5130 octavo,

497 5161 743 5215 secunda
772 5160 863 5213 die
894 5159 1103 5213 mensis
1141 5159 1290 5222 Maii,
1339 5157 1598 5229 migravit
1628 5174 1661 5210 a
1693 5157 1896 5210 saculo
1927 5162 1985 5210 et
2011 5173 2092 5208 se-

497 5251 694 5322 pultus
714 5249 820 5303 fuit
843 5249 899 5303 in
922 5249 1265 5314 revestiario,
1286 5254 1417 5302 ante
1439 5249 1617 5301 altare
1648 5252 1969 5299 sanctorum
1990 5244 2090 5298 Ni-

499 5341 642 5395 colai
689 5345 746 5394 et
787 5339 1124 5403 Catharina,
1171 5339 1264 5392 ubi
1300 5344 1434 5392 tunc
1482 5336 1752 5406 temporis
1782 5335 2090 5404 capitulum

499 5431 816 5494 tenebatur,
868 5429 1001 5500 quia
1030 5428 1337 5499 capitulum
1373 5426 1713 5486 molendino,
1744 5425 1928 5488 furno,
1959 5439 2090 5493 gra-

499 5521 678 5584 nario,
708 5525 938 5592 propter
962 5534 1197 5590 guerras
1232 5515 1625 5588 occupabatur.

570 5607 876 5664 Pradictus
889 5607 1059 5662 etiam
1076 5607 1261 5673 Pater,
1278 5604 1629 5677 temporibus
1644 5602 1780 5666 suis,
1792 5601 2088 5658 ecclesiam

2169 4541 2452 4604 ceptorem
2483 4533 2827 4593 sacularem.
2851 4529 2998 4600 quod
3020 4543 3309 4598 nunquam
3343 4524 3514 4577 visum
3544 4521 3635 4572 est.

2245 4624 2508 4693 Expensa
2541 4621 2879 4693 quotidiana
2919 4615 3340 4671 inastimabiles
3367 4619 3479 4665 tam
3514 4623 3604 4678 pro
3643 4615 3727 4654 suo

2170 4713 2448 4766 excessivo
2495 4718 2666 4775 statu,
2711 4717 2828 4762 tam
2869 4706 3159 4760 occasione
3218 4704 3453 4758 fratrum
3505 4704 3726 4750 suorum.

2173 4818 2410 4872 quorum
2435 4800 2608 4870 aliqui
2631 4804 2792 4852 erant
2821 4797 3129 4868 pontiﬁces,
3163 4793 3261 4846 alii
3287 4789 3509 4851 milites,
3539 4781 3644 4872 alii
3658 4793 3729 4830 ar-

2171 4868 2504 4952 chidiaconi,
2529 4868 2862 4942 existebant.
2912 4886 3036 4955 Ipse
3062 4881 3320 4952 expensis
3347 4873 3582 4931 ecclesia
3613 4868 3730 4922 Bec-

2172 4978 2374 5041 censis,
2407 4976 2679 5048 singulari
2715 4975 2935 5044 fulgens
2979 4970 3303 5032 ambitione,
3353 4957 3652 5050 impetravit
3696 4967 3731 5050 .8

2174 5067 2304 5122 sede
2334 5045 2639 5137 apostolica
2667 5070 2731 5117 ut
2759 5063 2939 5117 solum
2960 5061 3073 5115 vita
3101 5058 3306 5112 comite
3337 5057 3519 5126 posset
3546 5045 3620 5100 uti
3645 5045 3730 5137 mi-

2173 5163 2281 5220 tra,
2309 5136 2636 5216 etiannulis,
2672 5158 2730 5207 et
2758 5150 3014 5221 insigniis
3056 5142 3482 5220 pontiﬁcalibus.
3514 5136 3729 5189 Vocatus

2173 5245 2244 5299 ad
2275 5245 2522 5316 regimen
2557 5241 2813 5298 Ecclesia
2841 5237 3208 5298 Fiscanensis,
3233 5234 3380 5288 unde
3398 5229 3545 5301 prius
3570 5221 3730 5316 fuerat

2175 5335 2500 5396 monachus,
2531 5332 2676 5386 bona
2717 5329 2951 5384 ecclesia
2993 5324 3283 5380 Beccensis
3320 5321 3376 5374 in
3417 5322 3567 5372 tanta
3593 5321 3729 5378 copia

2173 5430 2290 5478 tam
2313 5424 2371 5477 in
2401 5422 2558 5476 libris
2584 5437 2752 5492 quam
2788 5417 3080 5488 jocalibus.
3123 5430 3279 5474 auro,
3306 5412 3532 5479 argento
3564 5409 3728 5492 secum

2172 5512 2434 5586 portavit,
2457 5485 2660 5583 quod-a
2681 5485 3005 5563 fundatione
3034 5520 3142 5558 non
3173 5508 3258 5556 est
3287 5493 3550 5552 memoria
3574 5485 3728 5542 eccle-

2171 5601 2314 5656 siam
2339 5606 2556 5656 tantam
2584 5597 2803 5652 ruinam
2837 5594 3006 5648 fuisse
3027 5607 3265 5664 passam.
