  <div class='ocr_page' id='page_1' title='image "/cluster/home/n/w/nwhite01/storage/ocr_20150623/150/hvd.32044054760087/342.png"; bbox 0 0 3902 6166; ppageno 0'>
   <div class='ocr_carea' id='block_1_1' title="bbox 173 236 258 290">
    <p class='ocr_par' dir='ltr' id='par_1_1' title="bbox 173 236 258 290">
     <span class='ocr_line' id='line_1_1' title="bbox 173 236 258 290; baseline -0.024 -1"><span class='ocrx_word' id='word_1_1' title='bbox 173 236 258 290; x_wconf 78' lang='grc'>673</span> 
     </span>
    </p>
   </div>
   <div class='ocr_carea' id='block_1_2' title="bbox 1353 231 2200 287">
    <p class='ocr_par' dir='ltr' id='par_1_2' title="bbox 1353 231 2200 287">
     <span class='ocr_line' id='line_1_2' title="bbox 1353 231 2200 287; baseline -0.001 -2"><span class='ocrx_word' id='word_1_2' title='bbox 1353 232 1778 286; x_wconf 77' lang='lat' dir='ltr'>CHRONICON</span> <span class='ocrx_word' id='word_1_3' title='bbox 1816 231 2200 287; x_wconf 80' lang='lat' dir='ltr'>BECCENSE.</span> 
     </span>
    </p>
   </div>
   <div class='ocr_carea' id='block_1_3' title="bbox 3309 232 3414 292">
    <p class='ocr_par' dir='ltr' id='par_1_3' title="bbox 3309 232 3414 292">
     <span class='ocr_line' id='line_1_3' title="bbox 3309 232 3414 292; baseline 0.019 -2"><span class='ocrx_word' id='word_1_4' title='bbox 3309 232 3414 292; x_wconf 66' lang='grc'>674</span> 
     </span>
    </p>
   </div>
   <div class='ocr_carea' id='block_1_4' title="bbox 223 356 3414 426">
    <p class='ocr_par' dir='ltr' id='par_1_4' title="bbox 223 356 3414 426">
     <span class='ocr_line' id='line_1_4' title="bbox 223 356 3414 426; baseline 0.001 -14"><span class='ocrx_word' id='word_1_5' title='bbox 223 357 610 412; x_wconf 85' lang='lat' dir='ltr'>Fundaverunt</span> <span class='ocrx_word' id='word_1_6' title='bbox 638 356 812 409; x_wconf 77' lang='lat' dir='ltr'>frater</span> <span class='ocrx_word' id='word_1_7' title='bbox 831 357 950 425; x_wconf 85' lang='lat' dir='ltr'>ejus</span> <span class='ocrx_word' id='word_1_8' title='bbox 980 356 1271 426; x_wconf 87' lang='lat' dir='ltr'>episcopus</span> <span class='ocrx_word' id='word_1_9' title='bbox 1297 357 1650 412; x_wconf 84' lang='lat' dir='ltr'>Lexoviensis</span> <span class='ocrx_word' id='word_1_10' title='bbox 1681 362 1800 419; x_wconf 86' lang='lat' dir='ltr'>etA</span> <span class='ocrx_word' id='word_1_11' title='bbox 1817 357 2121 412; x_wconf 88' lang='lat' dir='ltr'>centesimo</span> <span class='ocrx_word' id='word_1_12' title='bbox 2151 356 2514 426; x_wconf 85' lang='lat' dir='ltr'>nonagesimo</span> <span class='ocrx_word' id='word_1_13' title='bbox 2537 363 2748 422; x_wconf 90' lang='lat' dir='ltr'>octavo,</span> <span class='ocrx_word' id='word_1_14' title='bbox 2775 357 2991 411; x_wconf 90' lang='lat' dir='ltr'>decima</span> <span class='ocrx_word' id='word_1_15' title='bbox 3015 358 3183 412; x_wconf 89' lang='lat' dir='ltr'>tertia</span> <span class='ocrx_word' id='word_1_16' title='bbox 3205 361 3414 415; x_wconf 84' lang='lat' dir='ltr'>mensis</span> 
     </span>
    </p>
   </div>
   <div class='ocr_carea' id='block_1_5' title="bbox 166 445 1739 517">
    <p class='ocr_par' dir='ltr' id='par_1_5' title="bbox 166 445 1739 517">
     <span class='ocr_line' id='line_1_5' title="bbox 166 445 1739 517; baseline 0.001 -18"><span class='ocrx_word' id='word_1_17' title='bbox 166 448 260 517; x_wconf 87' lang='lat' dir='ltr'>ipse</span> <span class='ocrx_word' id='word_1_18' title='bbox 290 445 546 499; x_wconf 83' lang='lat' dir='ltr'>Estoldus</span> <span class='ocrx_word' id='word_1_19' title='bbox 575 445 870 515; x_wconf 86' lang='lat' dir='ltr'>collegium</span> <span class='ocrx_word' id='word_1_20' title='bbox 919 445 1260 498; x_wconf 82' lang='lat' dir='ltr'>Lexoviense</span> <span class='ocrx_word' id='word_1_21' title='bbox 1293 446 1540 500; x_wconf 89' lang='lat' dir='ltr'>Parisius</span> <span class='ocrx_word' id='word_1_22' title='bbox 1578 447 1739 516; x_wconf 83' lang='lat' dir='ltr'>juxta</span> 
     </span>
    </p>
   </div>
   <div class='ocr_carea' id='block_1_6' title="bbox 167 532 1739 596">
    <p class='ocr_par' dir='ltr' id='par_1_6' title="bbox 167 532 1739 596">
     <span class='ocr_line' id='line_1_6' title="bbox 167 532 1739 596; baseline 0.001 -7"><span class='ocrx_word' id='word_1_23' title='bbox 167 537 397 589; x_wconf 77' lang='lat' dir='ltr'>Sanctam</span> <span class='ocrx_word' id='word_1_24' title='bbox 424 534 786 596; x_wconf 83' lang='lat' dir='ltr'>Genofevam,</span> <span class='ocrx_word' id='word_1_25' title='bbox 809 540 866 587; x_wconf 90' lang='lat' dir='ltr'>et</span> <span class='ocrx_word' id='word_1_26' title='bbox 889 532 1177 587; x_wconf 81' lang='lat' dir='ltr'>distribuit</span> <span class='ocrx_word' id='word_1_27' title='bbox 1196 533 1456 588; x_wconf 88' lang='lat' dir='ltr'>Estoldus</span> <span class='ocrx_word' id='word_1_28' title='bbox 1483 535 1655 589; x_wconf 86' lang='lat' dir='ltr'>libros</span> <span class='ocrx_word' id='word_1_29' title='bbox 1684 542 1739 590; x_wconf 90' lang='lat' dir='ltr'>et</span> 
     </span>
    </p>
   </div>
   <div class='ocr_carea' id='block_1_7' title="bbox 167 620 1738 692">
    <p class='ocr_par' dir='ltr' id='par_1_7' title="bbox 167 620 1738 692">
     <span class='ocr_line' id='line_1_7' title="bbox 167 620 1738 692; baseline 0.001 -16"><span class='ocrx_word' id='word_1_30' title='bbox 167 629 335 676; x_wconf 89' lang='lat' dir='ltr'>cuncta</span> <span class='ocrx_word' id='word_1_31' title='bbox 355 639 478 692; x_wconf 73' lang='lat' dir='ltr'>quae</span> <span class='ocrx_word' id='word_1_32' title='bbox 508 621 578 674; x_wconf 90' lang='lat' dir='ltr'>ab</span> <span class='ocrx_word' id='word_1_33' title='bbox 600 621 833 674; x_wconf 84' lang='lat' dir='ltr'>ecclesia</span> <span class='ocrx_word' id='word_1_34' title='bbox 864 621 1020 674; x_wconf 90' lang='lat' dir='ltr'>Becci</span> <span class='ocrx_word' id='word_1_35' title='bbox 1048 620 1376 687; x_wconf 78' lang='lat' dir='ltr'>abstulerat,</span> <span class='ocrx_word' id='word_1_36' title='bbox 1400 622 1548 676; x_wconf 91' lang='lat' dir='ltr'>dicto</span> <span class='ocrx_word' id='word_1_37' title='bbox 1575 625 1738 677; x_wconf 88' lang='lat' dir='ltr'>colle-</span> 
     </span>
    </p>
   </div>
   <div class='ocr_carea' id='block_1_8' title="bbox 167 709 1510 781">
    <p class='ocr_par' dir='ltr' id='par_1_8' title="bbox 167 709 1510 781">
     <span class='ocr_line' id='line_1_8' title="bbox 167 709 1510 781; baseline 0.001 -19"><span class='ocrx_word' id='word_1_38' title='bbox 167 711 268 780; x_wconf 87' lang='lat' dir='ltr'>gio;</span> <span class='ocrx_word' id='word_1_39' title='bbox 297 709 363 762; x_wconf 90' lang='lat' dir='ltr'>de</span> <span class='ocrx_word' id='word_1_40' title='bbox 393 716 554 763; x_wconf 88' lang='lat' dir='ltr'>tanta</span> <span class='ocrx_word' id='word_1_41' title='bbox 582 711 794 763; x_wconf 80' lang='lat' dir='ltr'>oﬁ‘ensa</span> <span class='ocrx_word' id='word_1_42' title='bbox 823 710 1098 764; x_wconf 88' lang='lat' dir='ltr'>Dominus</span> <span class='ocrx_word' id='word_1_43' title='bbox 1121 710 1413 781; x_wconf 84' lang='lat' dir='ltr'>indulgeat</span> <span class='ocrx_word' id='word_1_44' title='bbox 1440 713 1510 764; x_wconf 92' lang='lat' dir='ltr'>ei.</span> 
     </span>
    </p>
   </div>
   <div class='ocr_carea' id='block_1_9' title="bbox 233 798 1739 868">
    <p class='ocr_par' dir='ltr' id='par_1_9' title="bbox 233 798 1739 868">
     <span class='ocr_line' id='line_1_9' title="bbox 233 798 1739 868; baseline 0.003 -18"><span class='ocrx_word' id='word_1_45' title='bbox 233 802 339 862; x_wconf 69' lang='grc' dir='ltr'>ιθ</span> <span class='ocrx_word' id='word_1_46' title='bbox 370 798 503 851; x_wconf 83' lang='lat' dir='ltr'>Post</span> <span class='ocrx_word' id='word_1_47' title='bbox 530 798 835 851; x_wconf 87' lang='lat' dir='ltr'>discessum</span> <span class='ocrx_word' id='word_1_48' title='bbox 867 815 996 851; x_wconf 88' lang='lat' dir='ltr'>vero</span> <span class='ocrx_word' id='word_1_49' title='bbox 1025 798 1199 868; x_wconf 88' lang='lat' dir='ltr'>ipsius</span> <span class='ocrx_word' id='word_1_50' title='bbox 1230 800 1462 865; x_wconf 91' lang='lat' dir='ltr'>Estoldi,</span> <span class='ocrx_word' id='word_1_51' title='bbox 1495 801 1739 854; x_wconf 75' lang='lat' dir='ltr'>Gauifri-</span> 
     </span>
    </p>
   </div>
   <div class='ocr_carea' id='block_1_10' title="bbox 170 886 1740 958">
    <p class='ocr_par' dir='ltr' id='par_1_10' title="bbox 170 886 1740 958">
     <span class='ocr_line' id='line_1_10' title="bbox 170 886 1740 958; baseline 0.001 -18"><span class='ocrx_word' id='word_1_52' title='bbox 170 887 252 940; x_wconf 90' lang='lat' dir='ltr'>dus</span> <span class='ocrx_word' id='word_1_53' title='bbox 277 886 622 950; x_wconf 88' lang='lat' dir='ltr'>Parisiensis,</span> <span class='ocrx_word' id='word_1_54' title='bbox 657 887 838 940; x_wconf 90' lang='lat' dir='ltr'>dictus</span> <span class='ocrx_word' id='word_1_55' title='bbox 869 886 936 940; x_wconf 92' lang='lat' dir='ltr'>de</span> <span class='ocrx_word' id='word_1_56' title='bbox 967 887 1208 953; x_wconf 90' lang='lat' dir='ltr'>Harenc,</span> <span class='ocrx_word' id='word_1_57' title='bbox 1245 889 1341 958; x_wconf 90' lang='lat' dir='ltr'>qui</span> <span class='ocrx_word' id='word_1_58' title='bbox 1372 889 1642 944; x_wconf 81' lang='lat' dir='ltr'>violentia</span> <span class='ocrx_word' id='word_1_59' title='bbox 1671 889 1740 943; x_wconf 91' lang='lat' dir='ltr'>ab</span> 
     </span>
    </p>
   </div>
   <div class='ocr_carea' id='block_1_11' title="bbox 172 974 1742 1046">
    <p class='ocr_par' dir='ltr' id='par_1_11' title="bbox 172 974 1742 1046">
     <span class='ocr_line' id='line_1_11' title="bbox 172 974 1742 1046; baseline 0.004 -19"><span class='ocrx_word' id='word_1_60' title='bbox 172 975 334 1028; x_wconf 85' lang='lat' dir='ltr'>amicis</span> <span class='ocrx_word' id='word_1_61' title='bbox 354 975 485 1028; x_wconf 88' lang='lat' dir='ltr'>dicti</span> <span class='ocrx_word' id='word_1_62' title='bbox 505 974 742 1036; x_wconf 86' lang='lat' dir='ltr'>Estoldi,</span> <span class='ocrx_word' id='word_1_63' title='bbox 767 992 910 1046; x_wconf 89' lang='lat' dir='ltr'>papa</span> <span class='ocrx_word' id='word_1_64' title='bbox 934 977 1338 1042; x_wconf 85' lang='lat' dir='ltr'>consentiente,</span> <span class='ocrx_word' id='word_1_65' title='bbox 1357 978 1542 1032; x_wconf 84' lang='lat' dir='ltr'>fuerat</span> <span class='ocrx_word' id='word_1_66' title='bbox 1563 996 1742 1033; x_wconf 86' lang='lat' dir='ltr'>remo-</span> 
     </span>
    </p>
   </div>
   <div class='ocr_carea' id='block_1_12' title="bbox 172 1065 1740 1136">
    <p class='ocr_par' dir='ltr' id='par_1_12' title="bbox 172 1065 1740 1136">
     <span class='ocr_line' id='line_1_12' title="bbox 172 1065 1740 1136; baseline 0.004 -19"><span class='ocrx_word' id='word_1_67' title='bbox 172 1069 260 1128; x_wconf 87' lang='lat' dir='ltr'>tus,</span> <span class='ocrx_word' id='word_1_68' title='bbox 282 1081 499 1118; x_wconf 86' lang='lat' dir='ltr'>rursum</span> <span class='ocrx_word' id='word_1_69' title='bbox 530 1071 615 1118; x_wconf 89' lang='lat' dir='ltr'>est</span> <span class='ocrx_word' id='word_1_70' title='bbox 641 1065 850 1117; x_wconf 88' lang='lat' dir='ltr'>electus</span> <span class='ocrx_word' id='word_1_71' title='bbox 880 1081 914 1117; x_wconf 89' lang='lat' dir='ltr'>a</span> <span class='ocrx_word' id='word_1_72' title='bbox 946 1070 1062 1118; x_wconf 85' lang='lat' dir='ltr'>tota</span> <span class='ocrx_word' id='word_1_73' title='bbox 1086 1067 1520 1136; x_wconf 84' lang='lat' dir='ltr'>congregatione</span> <span class='ocrx_word' id='word_1_74' title='bbox 1552 1069 1610 1122; x_wconf 92' lang='lat' dir='ltr'>in</span> <span class='ocrx_word' id='word_1_75' title='bbox 1639 1069 1740 1122; x_wconf 82' lang='lat' dir='ltr'>ab-</span> 
     </span>
    </p>
   </div>
   <div class='ocr_carea' id='block_1_13' title="bbox 174 1152 1742 1223">
    <p class='ocr_par' dir='ltr' id='par_1_13' title="bbox 174 1152 1742 1223">
     <span class='ocr_line' id='line_1_13' title="bbox 174 1152 1742 1223; baseline 0.004 -18"><span class='ocrx_word' id='word_1_76' title='bbox 174 1152 328 1206; x_wconf 88' lang='lat' dir='ltr'>batem</span> <span class='ocrx_word' id='word_1_77' title='bbox 353 1159 406 1206; x_wconf 89' lang='lat' dir='ltr'>et</span> <span class='ocrx_word' id='word_1_78' title='bbox 427 1159 709 1223; x_wconf 88' lang='lat' dir='ltr'>pastorem</span> <span class='ocrx_word' id='word_1_79' title='bbox 727 1153 982 1206; x_wconf 85' lang='lat' dir='ltr'>Ecclesiae</span> <span class='ocrx_word' id='word_1_80' title='bbox 1004 1155 1313 1221; x_wconf 87' lang='lat' dir='ltr'>Beccensis,</span> <span class='ocrx_word' id='word_1_81' title='bbox 1337 1161 1393 1209; x_wconf 90' lang='lat' dir='ltr'>et</span> <span class='ocrx_word' id='word_1_82' title='bbox 1414 1157 1504 1210; x_wconf 91' lang='lat' dir='ltr'>die</span> <span class='ocrx_word' id='word_1_83' title='bbox 1521 1158 1742 1212; x_wconf 89' lang='lat' dir='ltr'>decima</span> 
     </span>
    </p>
   </div>
   <div class='ocr_carea' id='block_1_14' title="bbox 178 1241 1741 1311">
    <p class='ocr_par' dir='ltr' id='par_1_14' title="bbox 178 1241 1741 1311">
     <span class='ocr_line' id='line_1_14' title="bbox 178 1241 1741 1311; baseline 0.005 -18"><span class='ocrx_word' id='word_1_84' title='bbox 178 1249 345 1311; x_wconf 87' lang='lat' dir='ltr'>quarta</span> <span class='ocrx_word' id='word_1_85' title='bbox 366 1241 573 1294; x_wconf 84' lang='lat' dir='ltr'>mensis</span> <span class='ocrx_word' id='word_1_86' title='bbox 599 1241 807 1306; x_wconf 83' lang='lat' dir='ltr'>Martii,</span> <span class='ocrx_word' id='word_1_87' title='bbox 832 1241 886 1295; x_wconf 91' lang='lat' dir='ltr'>id</span> <span class='ocrx_word' id='word_1_88' title='bbox 919 1249 1004 1295; x_wconf 89' lang='lat' dir='ltr'>est</span> <span class='ocrx_word' id='word_1_89' title='bbox 1033 1243 1171 1296; x_wconf 88' lang='lat' dir='ltr'>feria</span> <span class='ocrx_word' id='word_1_90' title='bbox 1192 1244 1362 1298; x_wconf 83' lang='lat' dir='ltr'>tertia</span> <span class='ocrx_word' id='word_1_91' title='bbox 1386 1252 1515 1299; x_wconf 87' lang='lat' dir='ltr'>ante</span> <span class='ocrx_word' id='word_1_92' title='bbox 1536 1247 1741 1301; x_wconf 88' lang='lat' dir='ltr'>Ramos</span> 
     </span>
    </p>
   </div>
   <div class='ocr_carea' id='block_1_15' title="bbox 178 1329 1742 1394">
    <p class='ocr_par' dir='ltr' id='par_1_15' title="bbox 178 1329 1742 1394">
     <span class='ocr_line' id='line_1_15' title="bbox 178 1329 1742 1394; baseline 0.006 -13"><span class='ocrx_word' id='word_1_93' title='bbox 178 1329 486 1394; x_wconf 86' lang='lat' dir='ltr'>Palmarum,</span> <span class='ocrx_word' id='word_1_94' title='bbox 502 1346 649 1384; x_wconf 90' lang='lat' dir='ltr'>anno</span> <span class='ocrx_word' id='word_1_95' title='bbox 674 1329 895 1384; x_wconf 89' lang='lat' dir='ltr'>Domini</span> <span class='ocrx_word' id='word_1_96' title='bbox 915 1331 1212 1385; x_wconf 89' lang='lat' dir='ltr'>millesimo</span> <span class='ocrx_word' id='word_1_97' title='bbox 1233 1335 1627 1388; x_wconf 85' lang='lat' dir='ltr'>trecentesimo</span> <span class='ocrx_word' id='word_1_98' title='bbox 1649 1352 1742 1390; x_wconf 89' lang='lat' dir='ltr'>no-</span> 
     </span>
    </p>
   </div>
   <div class='ocr_carea' id='block_1_16' title="bbox 179 1418 1743 1490">
    <p class='ocr_par' dir='ltr' id='par_1_16' title="bbox 179 1418 1743 1490">
     <span class='ocr_line' id='line_1_16' title="bbox 179 1418 1743 1490; baseline 0.006 -21"><span class='ocrx_word' id='word_1_99' title='bbox 179 1418 430 1487; x_wconf 80' lang='lat' dir='ltr'>nagesimo</span> <span class='ocrx_word' id='word_1_100' title='bbox 461 1425 718 1488; x_wconf 88' lang='lat' dir='ltr'>receptus</span> <span class='ocrx_word' id='word_1_101' title='bbox 746 1435 872 1472; x_wconf 91' lang='lat' dir='ltr'>cum</span> <span class='ocrx_word' id='word_1_102' title='bbox 900 1420 1106 1489; x_wconf 88' lang='lat' dir='ltr'>gaudio</span> <span class='ocrx_word' id='word_1_103' title='bbox 1140 1437 1362 1490; x_wconf 87' lang='lat' dir='ltr'>magno,</span> <span class='ocrx_word' id='word_1_104' title='bbox 1394 1423 1608 1477; x_wconf 90' lang='lat' dir='ltr'>cunctis</span> <span class='ocrx_word' id='word_1_105' title='bbox 1635 1425 1743 1478; x_wconf 90' lang='lat' dir='ltr'>cla-</span> 
     </span>
    </p>
   </div>
   <div class='ocr_carea' id='block_1_17' title="bbox 181 1507 883 1562">
    <p class='ocr_par' dir='ltr' id='par_1_17' title="bbox 181 1507 883 1562">
     <span class='ocr_line' id='line_1_17' title="bbox 181 1507 883 1562; baseline 0.004 -3"><span class='ocrx_word' id='word_1_106' title='bbox 181 1507 430 1560; x_wconf 87' lang='lat' dir='ltr'>mantibus</span> <span class='ocrx_word' id='word_1_107' title='bbox 460 1528 470 1560; x_wconf 86' lang='lat'><strong><em>:</em></strong></span> <span class='ocrx_word' id='word_1_108' title='bbox 508 1509 646 1562; x_wconf 81' lang='lat' dir='ltr'>Noel</span> <span class='ocrx_word' id='word_1_109' title='bbox 672 1511 682 1562; x_wconf 85' lang='lat' dir='ltr'>l</span> <span class='ocrx_word' id='word_1_110' title='bbox 717 1509 883 1562; x_wconf 84' lang='lat' dir='ltr'>Noel!</span> 
     </span>
    </p>
   </div>
   <div class='ocr_carea' id='block_1_18' title="bbox 1819 444 3414 514">
    <p class='ocr_par' dir='ltr' id='par_1_18' title="bbox 1819 444 3414 514">
     <span class='ocr_line' id='line_1_18' title="bbox 1819 444 3414 514; baseline 0.003 -15"><span class='ocrx_word' id='word_1_111' title='bbox 1819 445 1971 506; x_wconf 87' lang='lat' dir='ltr'>Julii,</span> <span class='ocrx_word' id='word_1_112' title='bbox 1997 444 2236 514; x_wconf 84' lang='lat' dir='ltr'>arripuit</span> <span class='ocrx_word' id='word_1_113' title='bbox 2256 445 2364 497; x_wconf 84' lang='lat' dir='ltr'>iter</span> <span class='ocrx_word' id='word_1_114' title='bbox 2396 446 2865 514; x_wconf 86' lang='lat' dir='ltr'>peregrinationis</span> <span class='ocrx_word' id='word_1_115' title='bbox 2886 446 3036 499; x_wconf 88' lang='lat' dir='ltr'>ultra</span> <span class='ocrx_word' id='word_1_116' title='bbox 3060 463 3234 514; x_wconf 90' lang='lat' dir='ltr'>mare,</span> <span class='ocrx_word' id='word_1_117' title='bbox 3258 464 3414 503; x_wconf 89' lang='lat' dir='ltr'>asso-</span> 
     </span>
    </p>
   </div>
   <div class='ocr_carea' id='block_1_19' title="bbox 1819 533 3414 592">
    <p class='ocr_par' dir='ltr' id='par_1_19' title="bbox 1819 533 3414 592">
     <span class='ocr_line' id='line_1_19' title="bbox 1819 533 3414 592; baseline 0.004 -5"><span class='ocrx_word' id='word_1_118' title='bbox 1819 535 1998 587; x_wconf 90' lang='lat' dir='ltr'>ciatus</span> <span class='ocrx_word' id='word_1_119' title='bbox 2030 533 2219 586; x_wconf 91' lang='lat' dir='ltr'>multis</span> <span class='ocrx_word' id='word_1_120' title='bbox 2250 533 2529 586; x_wconf 89' lang='lat' dir='ltr'>nobilibus</span> <span class='ocrx_word' id='word_1_121' title='bbox 2563 534 2694 587; x_wconf 90' lang='lat' dir='ltr'>viris</span> <span class='ocrx_word' id='word_1_122' title='bbox 2728 535 2974 588; x_wconf 67' lang='lat' dir='ltr'>Francia:</span> <span class='ocrx_word' id='word_1_123' title='bbox 2995 543 3051 588; x_wconf 89' lang='lat' dir='ltr'>et</span> <span class='ocrx_word' id='word_1_124' title='bbox 3070 537 3414 592; x_wconf 82' lang='lat' dir='ltr'>Northman-</span> 
     </span>
    </p>
   </div>
   <div class='ocr_carea' id='block_1_20' title="bbox 1820 623 3413 695">
    <p class='ocr_par' dir='ltr' id='par_1_20' title="bbox 1820 623 3413 695">
     <span class='ocr_line' id='line_1_20' title="bbox 1820 623 3413 695; baseline 0.003 -18"><span class='ocrx_word' id='word_1_125' title='bbox 1820 624 1944 687; x_wconf 68' lang='lat' dir='ltr'>niae,</span> <span class='ocrx_word' id='word_1_126' title='bbox 1979 624 2049 676; x_wconf 93' lang='lat' dir='ltr'>ad</span> <span class='ocrx_word' id='word_1_127' title='bbox 2080 623 2414 676; x_wconf 86' lang='lat' dir='ltr'>visitandam</span> <span class='ocrx_word' id='word_1_128' title='bbox 2429 628 2679 676; x_wconf 87' lang='lat' dir='ltr'>sanctam</span> <span class='ocrx_word' id='word_1_129' title='bbox 2711 629 2920 677; x_wconf 90' lang='lat' dir='ltr'>terram</span> <span class='ocrx_word' id='word_1_130' title='bbox 2951 625 3413 695; x_wconf 85' lang='lat' dir='ltr'>Hierosolymita-</span> 
     </span>
    </p>
   </div>
   <div class='ocr_carea' id='block_1_21' title="bbox 1819 712 3416 782">
    <p class='ocr_par' dir='ltr' id='par_1_21' title="bbox 1819 712 3416 782">
     <span class='ocr_line' id='line_1_21' title="bbox 1819 712 3416 782; baseline 0.003 -17"><span class='ocrx_word' id='word_1_131' title='bbox 1819 729 1949 766; x_wconf 90' lang='lat' dir='ltr'>nam</span> <span class='ocrx_word' id='word_1_132' title='bbox 1964 719 2019 765; x_wconf 90' lang='lat' dir='ltr'>et</span> <span class='ocrx_word' id='word_1_133' title='bbox 2039 717 2293 765; x_wconf 90' lang='lat' dir='ltr'>sanctum</span> <span class='ocrx_word' id='word_1_134' title='bbox 2311 712 2629 782; x_wconf 90' lang='lat' dir='ltr'>sepulcrum</span> <span class='ocrx_word' id='word_1_135' title='bbox 2655 713 2896 778; x_wconf 87' lang='lat' dir='ltr'>Domini,</span> <span class='ocrx_word' id='word_1_136' title='bbox 2918 719 2975 766; x_wconf 91' lang='lat' dir='ltr'>et</span> <span class='ocrx_word' id='word_1_137' title='bbox 2993 714 3105 767; x_wconf 90' lang='lat' dir='ltr'>alia</span> <span class='ocrx_word' id='word_1_138' title='bbox 3124 721 3320 770; x_wconf 89' lang='lat' dir='ltr'>sancta</span> <span class='ocrx_word' id='word_1_139' title='bbox 3338 717 3416 770; x_wconf 89' lang='lat' dir='ltr'>lo-</span> 
     </span>
    </p>
   </div>
   <div class='ocr_carea' id='block_1_22' title="bbox 1822 799 3410 866">
    <p class='ocr_par' dir='ltr' id='par_1_22' title="bbox 1822 799 3410 866">
     <span class='ocr_line' id='line_1_22' title="bbox 1822 799 3410 866; baseline 0.004 -13"><span class='ocrx_word' id='word_1_140' title='bbox 1822 818 1904 864; x_wconf 90' lang='lat' dir='ltr'>ca,</span> <span class='ocrx_word' id='word_1_141' title='bbox 1932 817 2031 854; x_wconf 92' lang='lat' dir='ltr'>nec</span> <span class='ocrx_word' id='word_1_142' title='bbox 2054 816 2165 853; x_wconf 93' lang='lat' dir='ltr'>non</span> <span class='ocrx_word' id='word_1_143' title='bbox 2177 800 2247 852; x_wconf 92' lang='lat' dir='ltr'>ad</span> <span class='ocrx_word' id='word_1_144' title='bbox 2267 801 2529 853; x_wconf 89' lang='lat' dir='ltr'>Sanctam</span> <span class='ocrx_word' id='word_1_145' title='bbox 2547 799 2929 866; x_wconf 84' lang='lat' dir='ltr'>Catbarinam,</span> <span class='ocrx_word' id='word_1_146' title='bbox 2946 802 3004 854; x_wconf 94' lang='lat' dir='ltr'>in</span> <span class='ocrx_word' id='word_1_147' title='bbox 3022 809 3208 857; x_wconf 86' lang='lat' dir='ltr'>monte</span> <span class='ocrx_word' id='word_1_148' title='bbox 3235 803 3410 859; x_wconf 88' lang='lat' dir='ltr'>Sinai.</span> 
     </span>
    </p>
   </div>
   <div class='ocr_carea' id='block_1_23' title="bbox 1823 888 3418 962">
    <p class='ocr_par' dir='ltr' id='par_1_23' title="bbox 1823 888 3418 962">
     <span class='ocr_line' id='line_1_23' title="bbox 1823 888 3418 962; baseline 0.003 -20"><span class='ocrx_word' id='word_1_149' title='bbox 1823 889 2171 942; x_wconf 87' lang='lat' dir='ltr'>Revertendo</span> <span class='ocrx_word' id='word_1_150' title='bbox 2194 888 2395 942; x_wconf 89' lang='lat' dir='ltr'>cecidit</span> <span class='ocrx_word' id='word_1_151' title='bbox 2425 888 2481 941; x_wconf 92' lang='lat' dir='ltr'>in</span> <span class='ocrx_word' id='word_1_152' title='bbox 2509 889 2810 958; x_wconf 87' lang='lat' dir='ltr'>quamdam</span> <span class='ocrx_word' id='word_1_153' title='bbox 2835 890 3068 956; x_wconf 85' lang='lat' dir='ltr'>foveam,</span> <span class='ocrx_word' id='word_1_154' title='bbox 3093 891 3151 945; x_wconf 90' lang='lat' dir='ltr'>in</span> <span class='ocrx_word' id='word_1_155' title='bbox 3172 909 3283 962; x_wconf 91' lang='lat' dir='ltr'>qua</span> <span class='ocrx_word' id='word_1_156' title='bbox 3312 891 3418 946; x_wconf 86' lang='lat' dir='ltr'>fuit</span> 
     </span>
    </p>
   </div>
   <div class='ocr_carea' id='block_1_24' title="bbox 1824 976 3418 1051">
    <p class='ocr_par' dir='ltr' id='par_1_24' title="bbox 1824 976 3418 1051">
     <span class='ocr_line' id='line_1_24' title="bbox 1824 976 3418 1051; baseline 0.004 -22"><span class='ocrx_word' id='word_1_157' title='bbox 1824 993 1923 1047; x_wconf 91' lang='lat' dir='ltr'>per</span> <span class='ocrx_word' id='word_1_158' title='bbox 1943 983 2056 1029; x_wconf 90' lang='lat' dir='ltr'>tres</span> <span class='ocrx_word' id='word_1_159' title='bbox 2079 976 2198 1029; x_wconf 91' lang='lat' dir='ltr'>dies</span> <span class='ocrx_word' id='word_1_160' title='bbox 2229 976 2377 1046; x_wconf 89' lang='lat' dir='ltr'>quod</span> <span class='ocrx_word' id='word_1_161' title='bbox 2400 993 2510 1028; x_wconf 92' lang='lat' dir='ltr'>non</span> <span class='ocrx_word' id='word_1_162' title='bbox 2533 977 2717 1046; x_wconf 89' lang='lat' dir='ltr'>potuit</span> <span class='ocrx_word' id='word_1_163' title='bbox 2746 977 3001 1030; x_wconf 82' lang='lat' dir='ltr'>inveniri.</span> <span class='ocrx_word' id='word_1_164' title='bbox 3025 979 3104 1032; x_wconf 93' lang='lat' dir='ltr'>De</span> <span class='ocrx_word' id='word_1_165' title='bbox 3126 997 3236 1050; x_wconf 93' lang='lat' dir='ltr'>qua</span> <span class='ocrx_word' id='word_1_166' title='bbox 3261 997 3418 1051; x_wconf 85' lang='lat' dir='ltr'>pere-</span> 
     </span>
    </p>
   </div>
   <div class='ocr_carea' id='block_1_25' title="bbox 1820 1065 3414 1137">
    <p class='ocr_par' dir='ltr' id='par_1_25' title="bbox 1820 1065 3414 1137">
     <span class='ocr_line' id='line_1_25' title="bbox 1820 1065 3414 1137; baseline 0.004 -20"><span class='ocrx_word' id='word_1_167' title='bbox 1820 1065 2158 1134; x_wconf 90' lang='lat' dir='ltr'>grinatione,</span> <span class='ocrx_word' id='word_1_168' title='bbox 2183 1065 2316 1117; x_wconf 89' lang='lat' dir='ltr'>dum</span> <span class='ocrx_word' id='word_1_169' title='bbox 2350 1081 2448 1134; x_wconf 91' lang='lat' dir='ltr'>per</span> <span class='ocrx_word' id='word_1_170' title='bbox 2477 1065 2700 1118; x_wconf 87' lang='lat' dir='ltr'>deserta</span> <span class='ocrx_word' id='word_1_171' title='bbox 2718 1072 3096 1120; x_wconf 77' lang='lat' dir='ltr'>reverteretur</span> <span class='ocrx_word' id='word_1_172' title='bbox 3120 1085 3247 1122; x_wconf 91' lang='lat' dir='ltr'>cum</span> <span class='ocrx_word' id='word_1_173' title='bbox 3278 1071 3414 1137; x_wconf 85' lang='lat' dir='ltr'>suis,</span> 
     </span>
    </p>
   </div>
   <div class='ocr_carea' id='block_1_26' title="bbox 1822 1153 3421 1226">
    <p class='ocr_par' dir='ltr' id='par_1_26' title="bbox 1822 1153 3421 1226">
     <span class='ocr_line' id='line_1_26' title="bbox 1822 1153 3421 1226; baseline 0.004 -19"><span class='ocrx_word' id='word_1_174' title='bbox 1822 1155 2096 1223; x_wconf 88' lang='lat' dir='ltr'>contingit</span> <span class='ocrx_word' id='word_1_175' title='bbox 2121 1155 2280 1206; x_wconf 89' lang='lat' dir='ltr'>illum</span> <span class='ocrx_word' id='word_1_176' title='bbox 2311 1153 2606 1220; x_wconf 87' lang='lat' dir='ltr'>inﬁrmari,</span> <span class='ocrx_word' id='word_1_177' title='bbox 2629 1154 2767 1208; x_wconf 86' lang='lat' dir='ltr'>adeo</span> <span class='ocrx_word' id='word_1_178' title='bbox 2799 1160 2860 1208; x_wconf 87' lang='lat' dir='ltr'>ut</span> <span class='ocrx_word' id='word_1_179' title='bbox 2889 1171 3000 1208; x_wconf 91' lang='lat' dir='ltr'>non</span> <span class='ocrx_word' id='word_1_180' title='bbox 3031 1161 3252 1226; x_wconf 84' lang='lat' dir='ltr'>poterat</span> <span class='ocrx_word' id='word_1_181' title='bbox 3274 1159 3421 1214; x_wconf 89' lang='lat' dir='ltr'>ince-</span> 
     </span>
    </p>
   </div>
   <div class='ocr_carea' id='block_1_27' title="bbox 1823 1242 3420 1313">
    <p class='ocr_par' dir='ltr' id='par_1_27' title="bbox 1823 1242 3420 1313">
     <span class='ocr_line' id='line_1_27' title="bbox 1823 1242 3420 1313; baseline 0.003 -17"><span class='ocrx_word' id='word_1_182' title='bbox 1823 1242 1955 1296; x_wconf 90' lang='lat' dir='ltr'>dere</span> <span class='ocrx_word' id='word_1_183' title='bbox 1985 1260 2086 1296; x_wconf 86' lang='lat' dir='ltr'>nec</span> <span class='ocrx_word' id='word_1_184' title='bbox 2118 1243 2274 1312; x_wconf 82' lang='lat' dir='ltr'>pede,</span> <span class='ocrx_word' id='word_1_185' title='bbox 2307 1259 2404 1294; x_wconf 93' lang='lat' dir='ltr'>nec</span> <span class='ocrx_word' id='word_1_186' title='bbox 2434 1259 2596 1312; x_wconf 88' lang='lat' dir='ltr'>equo,</span> <span class='ocrx_word' id='word_1_187' title='bbox 2630 1249 2687 1296; x_wconf 92' lang='lat' dir='ltr'>et</span> <span class='ocrx_word' id='word_1_188' title='bbox 2724 1245 2975 1313; x_wconf 85' lang='lat' dir='ltr'>Oportuit</span> <span class='ocrx_word' id='word_1_189' title='bbox 3019 1251 3081 1298; x_wconf 92' lang='lat' dir='ltr'>ut</span> <span class='ocrx_word' id='word_1_190' title='bbox 3129 1245 3183 1298; x_wconf 92' lang='lat' dir='ltr'>in</span> <span class='ocrx_word' id='word_1_191' title='bbox 3225 1246 3420 1302; x_wconf 89' lang='lat' dir='ltr'>lectica</span> 
     </span>
    </p>
   </div>
   <div class='ocr_carea' id='block_1_28' title="bbox 1825 1329 3420 1402">
    <p class='ocr_par' dir='ltr' id='par_1_28' title="bbox 1825 1329 3420 1402">
     <span class='ocr_line' id='line_1_28' title="bbox 1825 1329 3420 1402; baseline 0.004 -20"><span class='ocrx_word' id='word_1_192' title='bbox 1825 1346 2029 1399; x_wconf 87' lang='lat' dir='ltr'>magno</span> <span class='ocrx_word' id='word_1_193' title='bbox 2061 1329 2250 1382; x_wconf 90' lang='lat' dir='ltr'>labore</span> <span class='ocrx_word' id='word_1_194' title='bbox 2277 1329 2671 1398; x_wconf 87' lang='lat' dir='ltr'>deportaretur</span> <span class='ocrx_word' id='word_1_195' title='bbox 2702 1347 2827 1384; x_wconf 92' lang='lat' dir='ltr'>cum</span> <span class='ocrx_word' id='word_1_196' title='bbox 2859 1332 2994 1394; x_wconf 90' lang='lat' dir='ltr'>suis,</span> <span class='ocrx_word' id='word_1_197' title='bbox 3025 1333 3122 1402; x_wconf 84' lang='lat' dir='ltr'>qui</span> <span class='ocrx_word' id='word_1_198' title='bbox 3151 1336 3230 1387; x_wconf 91' lang='lat' dir='ltr'>sic</span> <span class='ocrx_word' id='word_1_199' title='bbox 3260 1351 3420 1389; x_wconf 86' lang='lat' dir='ltr'>vene-</span> 
     </span>
    </p>
   </div>
   <div class='ocr_carea' id='block_1_29' title="bbox 1823 1417 3417 1490">
    <p class='ocr_par' dir='ltr' id='par_1_29' title="bbox 1823 1417 3417 1490">
     <span class='ocr_line' id='line_1_29' title="bbox 1823 1417 3417 1490; baseline 0.004 -19"><span class='ocrx_word' id='word_1_200' title='bbox 1823 1423 1958 1471; x_wconf 89' lang='lat' dir='ltr'>runt</span> <span class='ocrx_word' id='word_1_201' title='bbox 1994 1434 2173 1487; x_wconf 87' lang='lat' dir='ltr'>usque</span> <span class='ocrx_word' id='word_1_202' title='bbox 2214 1417 2270 1470; x_wconf 93' lang='lat' dir='ltr'>in</span> <span class='ocrx_word' id='word_1_203' title='bbox 2321 1417 2538 1470; x_wconf 87' lang='lat' dir='ltr'>Italiam</span> <span class='ocrx_word' id='word_1_204' title='bbox 2587 1418 2735 1488; x_wconf 88' lang='lat' dir='ltr'>apud</span> <span class='ocrx_word' id='word_1_205' title='bbox 2775 1420 3075 1488; x_wconf 88' lang='lat' dir='ltr'>quamdam</span> <span class='ocrx_word' id='word_1_206' title='bbox 3114 1421 3417 1490; x_wconf 85' lang='lat' dir='ltr'>civitatem,</span> 
     </span>
    </p>
   </div>
   <div class='ocr_carea' id='block_1_30' title="bbox 1825 1505 3421 1579">
    <p class='ocr_par' dir='ltr' id='par_1_30' title="bbox 1825 1505 3421 1579">
     <span class='ocr_line' id='line_1_30' title="bbox 1825 1505 3421 1579; baseline 0.004 -20"><span class='ocrx_word' id='word_1_207' title='bbox 1825 1522 1948 1576; x_wconf 72' lang='lat' dir='ltr'>qua:</span> <span class='ocrx_word' id='word_1_208' title='bbox 1993 1512 2221 1559; x_wconf 89' lang='lat' dir='ltr'>vocatur</span> <span class='ocrx_word' id='word_1_209' title='bbox 2250 1506 2459 1569; x_wconf 79' lang='lat' dir='ltr'>I’adua,</span> <span class='ocrx_word' id='word_1_210' title='bbox 2492 1512 2549 1559; x_wconf 90' lang='lat' dir='ltr'>et</span> <span class='ocrx_word' id='word_1_211' title='bbox 2594 1505 2801 1560; x_wconf 91' lang='lat' dir='ltr'>ibidem</span> <span class='ocrx_word' id='word_1_212' title='bbox 2828 1525 2954 1561; x_wconf 92' lang='lat' dir='ltr'>cum</span> <span class='ocrx_word' id='word_1_213' title='bbox 2987 1526 3190 1579; x_wconf 91' lang='lat' dir='ltr'>magno</span> <span class='ocrx_word' id='word_1_214' title='bbox 3227 1511 3421 1565; x_wconf 89' lang='lat' dir='ltr'>dolore</span> 
     </span>
    </p>
   </div>
   <div class='ocr_carea' id='block_1_31' title="bbox 233 1594 3420 1673">
    <p class='ocr_par' dir='ltr' id='par_1_31' title="bbox 233 1594 3420 1673">
     <span class='ocr_line' id='line_1_31' title="bbox 233 1594 3420 1673; baseline 0.003 -31"><span class='ocrx_word' id='word_1_215' title='bbox 233 1596 343 1666; x_wconf 82' lang='lat' dir='ltr'>Ipse</span> <span class='ocrx_word' id='word_1_216' title='bbox 364 1596 418 1649; x_wconf 87' lang='lat' dir='ltr'>in</span> <span class='ocrx_word' id='word_1_217' title='bbox 441 1597 625 1668; x_wconf 80' lang='lat' dir='ltr'>primo</span> <span class='ocrx_word' id='word_1_218' title='bbox 643 1614 790 1651; x_wconf 78' lang='lat' dir='ltr'>anno</span> <span class='ocrx_word' id='word_1_219' title='bbox 810 1598 898 1651; x_wconf 84' lang='lat' dir='ltr'>sui</span> <span class='ocrx_word' id='word_1_220' title='bbox 919 1599 1191 1653; x_wconf 65' lang='lat' dir='ltr'>adventus</span> <span class='ocrx_word' id='word_1_221' title='bbox 1209 1601 1340 1654; x_wconf 67' lang='lat' dir='ltr'>fecit,</span> <span class='ocrx_word' id='word_1_222' title='bbox 1360 1602 1481 1656; x_wconf 70' lang='lat' dir='ltr'>ﬁeri</span> <span class='ocrx_word' id='word_1_223' title='bbox 1503 1594 1800 1673; x_wconf 68' lang='lat' dir='ltr'>quadra-B</span> <span class='ocrx_word' id='word_1_224' title='bbox 1822 1611 2072 1659; x_wconf 91' lang='lat' dir='ltr'>suorum,</span> <span class='ocrx_word' id='word_1_225' title='bbox 2101 1594 2248 1646; x_wconf 91' lang='lat' dir='ltr'>diem</span> <span class='ocrx_word' id='word_1_226' title='bbox 2275 1595 2475 1648; x_wconf 87' lang='lat' dir='ltr'>clausit</span> <span class='ocrx_word' id='word_1_227' title='bbox 2504 1601 2832 1658; x_wconf 82' lang='lat' dir='ltr'>extremum,</span> <span class='ocrx_word' id='word_1_228' title='bbox 2865 1597 3080 1650; x_wconf 90' lang='lat' dir='ltr'>decimo</span> <span class='ocrx_word' id='word_1_229' title='bbox 3111 1598 3306 1668; x_wconf 91' lang='lat' dir='ltr'>quinto</span> <span class='ocrx_word' id='word_1_230' title='bbox 3328 1599 3420 1654; x_wconf 91' lang='lat' dir='ltr'>die</span> 
     </span>
    </p>
   </div>
   <div class='ocr_carea' id='block_1_32' title="bbox 179 1684 1743 1757">
    <p class='ocr_par' dir='ltr' id='par_1_32' title="bbox 179 1684 1743 1757">
     <span class='ocr_line' id='line_1_32' title="bbox 179 1684 1743 1757; baseline 0.006 -21"><span class='ocrx_word' id='word_1_231' title='bbox 179 1684 308 1753; x_wconf 86' lang='lat' dir='ltr'>ginta</span> <span class='ocrx_word' id='word_1_232' title='bbox 347 1701 595 1740; x_wconf 85' lang='lat' dir='ltr'>cameras</span> <span class='ocrx_word' id='word_1_233' title='bbox 641 1685 699 1740; x_wconf 92' lang='lat' dir='ltr'>in</span> <span class='ocrx_word' id='word_1_234' title='bbox 747 1687 980 1757; x_wconf 88' lang='lat' dir='ltr'>antiquo</span> <span class='ocrx_word' id='word_1_235' title='bbox 1011 1688 1360 1753; x_wconf 90' lang='lat' dir='ltr'>dormitorio,</span> <span class='ocrx_word' id='word_1_236' title='bbox 1394 1696 1450 1744; x_wconf 92' lang='lat' dir='ltr'>et</span> <span class='ocrx_word' id='word_1_237' title='bbox 1497 1691 1571 1744; x_wconf 89' lang='lat' dir='ltr'>ibi</span> <span class='ocrx_word' id='word_1_238' title='bbox 1613 1693 1743 1746; x_wconf 89' lang='lat' dir='ltr'>fecit</span> 
     </span>
    </p>
   </div>
   <div class='ocr_carea' id='block_1_33' title="bbox 181 1770 1740 1848">
    <p class='ocr_par' dir='ltr' id='par_1_33' title="bbox 181 1770 1740 1848">
     <span class='ocr_line' id='line_1_33' title="bbox 181 1770 1740 1848; baseline 0.006 -25"><span class='ocrx_word' id='word_1_239' title='bbox 181 1770 394 1825; x_wconf 85' lang='lat' dir='ltr'>dormire</span> <span class='ocrx_word' id='word_1_240' title='bbox 420 1772 729 1842; x_wconf 85' lang='lat' dir='ltr'>religiosos,</span> <span class='ocrx_word' id='word_1_241' title='bbox 759 1773 853 1842; x_wconf 90' lang='lat' dir='ltr'>qui</span> <span class='ocrx_word' id='word_1_242' title='bbox 871 1780 1002 1828; x_wconf 91' lang='lat' dir='ltr'>ante</span> <span class='ocrx_word' id='word_1_243' title='bbox 1025 1775 1378 1830; x_wconf 88' lang='lat' dir='ltr'>dormiebant</span> <span class='ocrx_word' id='word_1_244' title='bbox 1397 1794 1566 1848; x_wconf 90' lang='lat' dir='ltr'>super</span> <span class='ocrx_word' id='word_1_245' title='bbox 1584 1796 1740 1833; x_wconf 92' lang='lat' dir='ltr'>reve-</span> 
     </span>
    </p>
   </div>
   <div class='ocr_carea' id='block_1_34' title="bbox 183 1860 1741 1926">
    <p class='ocr_par' dir='ltr' id='par_1_34' title="bbox 183 1860 1741 1926">
     <span class='ocr_line' id='line_1_34' title="bbox 183 1860 1741 1926; baseline 0.006 -14"><span class='ocrx_word' id='word_1_246' title='bbox 183 1860 423 1926; x_wconf 88' lang='lat' dir='ltr'>stiarium,</span> <span class='ocrx_word' id='word_1_247' title='bbox 445 1867 501 1914; x_wconf 92' lang='lat' dir='ltr'>et</span> <span class='ocrx_word' id='word_1_248' title='bbox 521 1861 741 1915; x_wconf 83' lang='lat' dir='ltr'>vestivit</span> <span class='ocrx_word' id='word_1_249' title='bbox 761 1863 956 1916; x_wconf 91' lang='lat' dir='ltr'>eodem</span> <span class='ocrx_word' id='word_1_250' title='bbox 978 1880 1125 1916; x_wconf 87' lang='lat' dir='ltr'>anno</span> <span class='ocrx_word' id='word_1_251' title='bbox 1141 1865 1415 1918; x_wconf 88' lang='lat' dir='ltr'>sexdecim</span> <span class='ocrx_word' id='word_1_252' title='bbox 1438 1869 1741 1922; x_wconf 80' lang='lat' dir='ltr'>monachos</span> 
     </span>
    </p>
   </div>
   <div class='ocr_carea' id='block_1_35' title="bbox 185 1948 1736 2024">
    <p class='ocr_par' dir='ltr' id='par_1_35' title="bbox 185 1948 1736 2024">
     <span class='ocr_line' id='line_1_35' title="bbox 185 1948 1736 2024; baseline 0.007 -24"><span class='ocrx_word' id='word_1_253' title='bbox 185 1948 344 2002; x_wconf 86' lang='lat' dir='ltr'>habitu</span> <span class='ocrx_word' id='word_1_254' title='bbox 372 1950 686 2019; x_wconf 85' lang='lat' dir='ltr'>religionis;</span> <span class='ocrx_word' id='word_1_255' title='bbox 716 1957 773 2004; x_wconf 89' lang='lat' dir='ltr'>et</span> <span class='ocrx_word' id='word_1_256' title='bbox 795 1952 1066 2006; x_wconf 89' lang='lat' dir='ltr'>mundare</span> <span class='ocrx_word' id='word_1_257' title='bbox 1091 1953 1222 2006; x_wconf 92' lang='lat' dir='ltr'>fecit</span> <span class='ocrx_word' id='word_1_258' title='bbox 1249 1971 1442 2008; x_wconf 91' lang='lat' dir='ltr'>omnes</span> <span class='ocrx_word' id='word_1_259' title='bbox 1465 1957 1736 2024; x_wconf 89' lang='lat' dir='ltr'>ofﬁcinas,</span> 
     </span>
    </p>
   </div>
   <div class='ocr_carea' id='block_1_36' title="bbox 184 2037 1742 2113">
    <p class='ocr_par' dir='ltr' id='par_1_36' title="bbox 184 2037 1742 2113">
     <span class='ocr_line' id='line_1_36' title="bbox 184 2037 1742 2113; baseline 0.006 -23"><span class='ocrx_word' id='word_1_260' title='bbox 184 2045 228 2090; x_wconf 84' lang='lat' dir='ltr'>et</span> <span class='ocrx_word' id='word_1_261' title='bbox 248 2037 506 2107; x_wconf 88' lang='lat' dir='ltr'>deponere</span> <span class='ocrx_word' id='word_1_262' title='bbox 544 2039 779 2110; x_wconf 86' lang='lat' dir='ltr'>lapides,</span> <span class='ocrx_word' id='word_1_263' title='bbox 818 2045 875 2093; x_wconf 91' lang='lat' dir='ltr'>et</span> <span class='ocrx_word' id='word_1_264' title='bbox 910 2057 977 2094; x_wconf 92' lang='lat' dir='ltr'>ea</span> <span class='ocrx_word' id='word_1_265' title='bbox 1019 2041 1218 2112; x_wconf 88' lang='lat' dir='ltr'>quibus</span> <span class='ocrx_word' id='word_1_266' title='bbox 1245 2044 1468 2113; x_wconf 70' lang='lat' dir='ltr'>capella:</span> <span class='ocrx_word' id='word_1_267' title='bbox 1493 2044 1742 2100; x_wconf 90' lang='lat' dir='ltr'>obstrue-</span> 
     </span>
    </p>
   </div>
   <div class='ocr_carea' id='block_1_37' title="bbox 185 2124 1740 2204">
    <p class='ocr_par' dir='ltr' id='par_1_37' title="bbox 185 2124 1740 2204">
     <span class='ocr_line' id='line_1_37' title="bbox 185 2124 1740 2204; baseline 0.008 -27"><span class='ocrx_word' id='word_1_268' title='bbox 185 2124 370 2187; x_wconf 87' lang='lat' dir='ltr'>bantur,</span> <span class='ocrx_word' id='word_1_269' title='bbox 401 2134 456 2180; x_wconf 91' lang='lat' dir='ltr'>et</span> <span class='ocrx_word' id='word_1_270' title='bbox 494 2128 762 2182; x_wconf 88' lang='lat' dir='ltr'>revitrare</span> <span class='ocrx_word' id='word_1_271' title='bbox 791 2129 859 2182; x_wconf 92' lang='lat' dir='ltr'>de</span> <span class='ocrx_word' id='word_1_272' title='bbox 888 2146 1049 2194; x_wconf 91' lang='lat' dir='ltr'>novo,</span> <span class='ocrx_word' id='word_1_273' title='bbox 1095 2136 1152 2183; x_wconf 92' lang='lat' dir='ltr'>et</span> <span class='ocrx_word' id='word_1_274' title='bbox 1172 2133 1432 2186; x_wconf 85' lang='lat' dir='ltr'>~maxime</span> <span class='ocrx_word' id='word_1_275' title='bbox 1470 2135 1740 2204; x_wconf 88' lang='lat' dir='ltr'>capellam</span> 
     </span>
    </p>
   </div>
   <div class='ocr_carea' id='block_1_38' title="bbox 183 2213 1741 2286">
    <p class='ocr_par' dir='ltr' id='par_1_38' title="bbox 183 2213 1741 2286">
     <span class='ocr_line' id='line_1_38' title="bbox 183 2213 1741 2286; baseline 0.007 -19"><span class='ocrx_word' id='word_1_276' title='bbox 183 2213 334 2268; x_wconf 65' lang='lat' dir='ltr'>Beata:</span> <span class='ocrx_word' id='word_1_277' title='bbox 355 2217 558 2282; x_wconf 70' lang='lat' dir='ltr'>Mariae,</span> <span class='ocrx_word' id='word_1_278' title='bbox 584 2216 640 2270; x_wconf 91' lang='lat' dir='ltr'>in</span> <span class='ocrx_word' id='word_1_279' title='bbox 661 2217 818 2286; x_wconf 87' lang='lat' dir='ltr'>cujus</span> <span class='ocrx_word' id='word_1_280' title='bbox 837 2218 1020 2272; x_wconf 85' lang='lat' dir='ltr'>medio</span> <span class='ocrx_word' id='word_1_281' title='bbox 1043 2219 1228 2273; x_wconf 87' lang='lat' dir='ltr'>fuerat</span> <span class='ocrx_word' id='word_1_282' title='bbox 1246 2237 1440 2275; x_wconf 90' lang='lat' dir='ltr'>murus</span> <span class='ocrx_word' id='word_1_283' title='bbox 1463 2224 1741 2278; x_wconf 85' lang='lat' dir='ltr'>maximus</span> 
     </span>
    </p>
   </div>
   <div class='ocr_carea' id='block_1_39' title="bbox 184 2303 1740 2378">
    <p class='ocr_par' dir='ltr' id='par_1_39' title="bbox 184 2303 1740 2378">
     <span class='ocr_line' id='line_1_39' title="bbox 184 2303 1740 2378; baseline 0.007 -24"><span class='ocrx_word' id='word_1_284' title='bbox 184 2317 318 2370; x_wconf 88' lang='lat' dir='ltr'>quem</span> <span class='ocrx_word' id='word_1_285' title='bbox 345 2303 472 2356; x_wconf 85' lang='lat' dir='ltr'>fecit</span> <span class='ocrx_word' id='word_1_286' title='bbox 492 2305 736 2371; x_wconf 89' lang='lat' dir='ltr'>destrui;</span> <span class='ocrx_word' id='word_1_287' title='bbox 771 2311 829 2358; x_wconf 93' lang='lat' dir='ltr'>et</span> <span class='ocrx_word' id='word_1_288' title='bbox 857 2306 1046 2368; x_wconf 89' lang='lat' dir='ltr'>missa,</span> <span class='ocrx_word' id='word_1_289' title='bbox 1069 2324 1190 2377; x_wconf 69' lang='lat' dir='ltr'>quae</span> <span class='ocrx_word' id='word_1_290' title='bbox 1217 2309 1464 2378; x_wconf 89' lang='lat' dir='ltr'>quotidie</span> <span class='ocrx_word' id='word_1_291' title='bbox 1486 2311 1554 2364; x_wconf 88' lang='lat' dir='ltr'>de</span> <span class='ocrx_word' id='word_1_292' title='bbox 1573 2328 1740 2365; x_wconf 88' lang='lat' dir='ltr'>mane</span> 
     </span>
    </p>
   </div>
   <div class='ocr_carea' id='block_1_40' title="bbox 182 2388 1746 2470">
    <p class='ocr_par' dir='ltr' id='par_1_40' title="bbox 182 2388 1746 2470">
     <span class='ocr_line' id='line_1_40' title="bbox 182 2388 1746 2470; baseline 0.008 -28"><span class='ocrx_word' id='word_1_293' title='bbox 182 2388 370 2452; x_wconf 86' lang='lat' dir='ltr'>dicitur,</span> <span class='ocrx_word' id='word_1_294' title='bbox 394 2392 687 2447; x_wconf 89' lang='lat' dir='ltr'>dicebatur</span> <span class='ocrx_word' id='word_1_295' title='bbox 705 2401 836 2448; x_wconf 87' lang='lat' dir='ltr'>ante</span> <span class='ocrx_word' id='word_1_296' title='bbox 858 2397 1040 2465; x_wconf 88' lang='lat' dir='ltr'>majus</span> <span class='ocrx_word' id='word_1_297' title='bbox 1068 2397 1267 2463; x_wconf 88' lang='lat' dir='ltr'>altare,</span> <span class='ocrx_word' id='word_1_298' title='bbox 1292 2398 1582 2470; x_wconf 62' lang='lat' dir='ltr'>reincospit</span> <span class='ocrx_word' id='word_1_299' title='bbox 1605 2402 1746 2455; x_wconf 91' lang='lat' dir='ltr'>cele-</span> 
     </span>
    </p>
   </div>
   <div class='ocr_carea' id='block_1_41' title="bbox 182 2476 1746 2560">
    <p class='ocr_par' dir='ltr' id='par_1_41' title="bbox 182 2476 1746 2560">
     <span class='ocr_line' id='line_1_41' title="bbox 182 2476 1746 2560; baseline 0.009 -31"><span class='ocrx_word' id='word_1_300' title='bbox 182 2476 304 2531; x_wconf 88' lang='lat' dir='ltr'>brari</span> <span class='ocrx_word' id='word_1_301' title='bbox 331 2481 384 2532; x_wconf 91' lang='lat' dir='ltr'>in</span> <span class='ocrx_word' id='word_1_302' title='bbox 413 2481 562 2534; x_wconf 87' lang='lat' dir='ltr'>dicta</span> <span class='ocrx_word' id='word_1_303' title='bbox 591 2483 824 2553; x_wconf 88' lang='lat' dir='ltr'>capella.</span> <span class='ocrx_word' id='word_1_304' title='bbox 856 2483 1008 2537; x_wconf 86' lang='lat' dir='ltr'>Fecit</span> <span class='ocrx_word' id='word_1_305' title='bbox 1037 2485 1206 2539; x_wconf 89' lang='lat' dir='ltr'>etiam</span> <span class='ocrx_word' id='word_1_306' title='bbox 1235 2487 1506 2541; x_wconf 89' lang='lat' dir='ltr'>mundare</span> <span class='ocrx_word' id='word_1_307' title='bbox 1537 2489 1746 2560; x_wconf 87' lang='lat' dir='ltr'>capitu-</span> 
     </span>
    </p>
   </div>
   <div class='ocr_carea' id='block_1_42' title="bbox 182 2565 1745 2643">
    <p class='ocr_par' dir='ltr' id='par_1_42' title="bbox 182 2565 1745 2643">
     <span class='ocr_line' id='line_1_42' title="bbox 182 2565 1745 2643; baseline 0.008 -25"><span class='ocrx_word' id='word_1_308' title='bbox 182 2565 293 2633; x_wconf 88' lang='lat' dir='ltr'>lum,</span> <span class='ocrx_word' id='word_1_309' title='bbox 317 2569 455 2638; x_wconf 92' lang='lat' dir='ltr'>quod</span> <span class='ocrx_word' id='word_1_310' title='bbox 483 2571 670 2624; x_wconf 89' lang='lat' dir='ltr'>fuerat</span> <span class='ocrx_word' id='word_1_311' title='bbox 695 2578 1024 2642; x_wconf 78' lang='lat' dir='ltr'>occupatum</span> <span class='ocrx_word' id='word_1_312' title='bbox 1057 2574 1298 2643; x_wconf 89' lang='lat' dir='ltr'>quodam</span> <span class='ocrx_word' id='word_1_313' title='bbox 1327 2577 1668 2642; x_wconf 80' lang='lat' dir='ltr'>molendina,</span> <span class='ocrx_word' id='word_1_314' title='bbox 1689 2584 1745 2632; x_wconf 86' lang='lat' dir='ltr'>et</span> 
     </span>
    </p>
   </div>
   <div class='ocr_carea' id='block_1_43' title="bbox 180 2653 1746 2737">
    <p class='ocr_par' dir='ltr' id='par_1_43' title="bbox 180 2653 1746 2737">
     <span class='ocr_line' id='line_1_43' title="bbox 180 2653 1746 2737; baseline 0.01 -31"><span class='ocrx_word' id='word_1_315' title='bbox 180 2653 334 2720; x_wconf 87' lang='lat' dir='ltr'>furno,</span> <span class='ocrx_word' id='word_1_316' title='bbox 368 2659 606 2728; x_wconf 89' lang='lat' dir='ltr'>quodam</span> <span class='ocrx_word' id='word_1_317' title='bbox 638 2662 922 2729; x_wconf 87' lang='lat' dir='ltr'>granario,</span> <span class='ocrx_word' id='word_1_318' title='bbox 964 2678 1026 2714; x_wconf 89' lang='lat' dir='ltr'>ac</span> <span class='ocrx_word' id='word_1_319' title='bbox 1056 2663 1272 2732; x_wconf 84' lang='lat' dir='ltr'>magnis</span> <span class='ocrx_word' id='word_1_320' title='bbox 1304 2664 1510 2717; x_wconf 90' lang='lat' dir='ltr'>tonniis</span> <span class='ocrx_word' id='word_1_321' title='bbox 1552 2666 1621 2718; x_wconf 89' lang='lat' dir='ltr'>ad</span> <span class='ocrx_word' id='word_1_322' title='bbox 1653 2684 1746 2737; x_wconf 86' lang='lat' dir='ltr'>po-</span> 
     </span>
    </p>
   </div>
   <div class='ocr_carea' id='block_1_44' title="bbox 181 2745 1745 2820">
    <p class='ocr_par' dir='ltr' id='par_1_44' title="bbox 181 2745 1745 2820">
     <span class='ocr_line' id='line_1_44' title="bbox 181 2745 1745 2820; baseline 0.008 -26"><span class='ocrx_word' id='word_1_323' title='bbox 181 2745 389 2798; x_wconf 88' lang='lat' dir='ltr'>nendam</span> <span class='ocrx_word' id='word_1_324' title='bbox 411 2747 670 2800; x_wconf 87' lang='lat' dir='ltr'>siceram.</span> <span class='ocrx_word' id='word_1_325' title='bbox 696 2749 764 2801; x_wconf 89' lang='lat' dir='ltr'>Et</span> <span class='ocrx_word' id='word_1_326' title='bbox 793 2748 924 2802; x_wconf 91' lang='lat' dir='ltr'>fecit</span> <span class='ocrx_word' id='word_1_327' title='bbox 947 2749 1156 2803; x_wconf 91' lang='lat' dir='ltr'>dictum</span> <span class='ocrx_word' id='word_1_328' title='bbox 1183 2751 1492 2820; x_wconf 87' lang='lat' dir='ltr'>capitulum</span> <span class='ocrx_word' id='word_1_329' title='bbox 1523 2758 1580 2805; x_wconf 91' lang='lat' dir='ltr'>et</span> <span class='ocrx_word' id='word_1_330' title='bbox 1608 2755 1745 2807; x_wconf 77' lang='lat' dir='ltr'>rete-</span> 
     </span>
    </p>
   </div>
   <div class='ocr_carea' id='block_1_45' title="bbox 183 2833 1744 2912">
    <p class='ocr_par' dir='ltr' id='par_1_45' title="bbox 183 2833 1744 2912">
     <span class='ocr_line' id='line_1_45' title="bbox 183 2833 1744 2912; baseline 0.007 -28"><span class='ocrx_word' id='word_1_331' title='bbox 183 2833 384 2886; x_wconf 85' lang='lat' dir='ltr'>ctorium</span> <span class='ocrx_word' id='word_1_332' title='bbox 417 2835 720 2906; x_wconf 86' lang='lat' dir='ltr'>depingere</span> <span class='ocrx_word' id='word_1_333' title='bbox 752 2843 809 2890; x_wconf 90' lang='lat' dir='ltr'>et</span> <span class='ocrx_word' id='word_1_334' title='bbox 849 2854 1135 2904; x_wconf 89' lang='lat' dir='ltr'>renovare,</span> <span class='ocrx_word' id='word_1_335' title='bbox 1170 2846 1226 2891; x_wconf 89' lang='lat' dir='ltr'>et</span> <span class='ocrx_word' id='word_1_336' title='bbox 1252 2839 1321 2892; x_wconf 89' lang='lat' dir='ltr'>de</span> <span class='ocrx_word' id='word_1_337' title='bbox 1346 2839 1466 2910; x_wconf 91' lang='lat' dir='ltr'>ipso</span> <span class='ocrx_word' id='word_1_338' title='bbox 1495 2842 1744 2912; x_wconf 89' lang='lat' dir='ltr'>capitulo</span> 
     </span>
    </p>
   </div>
   <div class='ocr_carea' id='block_1_46' title="bbox 183 2921 1745 2997">
    <p class='ocr_par' dir='ltr' id='par_1_46' title="bbox 183 2921 1745 2997">
     <span class='ocr_line' id='line_1_46' title="bbox 183 2921 1745 2997; baseline 0.009 -27"><span class='ocrx_word' id='word_1_339' title='bbox 183 2921 339 2973; x_wconf 89' lang='lat' dir='ltr'>omnia</span> <span class='ocrx_word' id='word_1_340' title='bbox 358 2924 598 2988; x_wconf 83' lang='lat' dir='ltr'>auferre,</span> <span class='ocrx_word' id='word_1_341' title='bbox 621 2931 681 2977; x_wconf 88' lang='lat' dir='ltr'>et</span> <span class='ocrx_word' id='word_1_342' title='bbox 700 2926 978 2996; x_wconf 76' lang='lat' dir='ltr'>reparavit</span> <span class='ocrx_word' id='word_1_343' title='bbox 997 2928 1187 2981; x_wconf 88' lang='lat' dir='ltr'>omnia</span> <span class='ocrx_word' id='word_1_344' title='bbox 1209 2945 1331 2997; x_wconf 72' lang='lat' dir='ltr'>quae</span> <span class='ocrx_word' id='word_1_345' title='bbox 1355 2928 1582 2983; x_wconf 88' lang='lat' dir='ltr'>fuerunt</span> <span class='ocrx_word' id='word_1_346' title='bbox 1600 2929 1745 2984; x_wconf 87' lang='lat' dir='ltr'>facta</span> 
     </span>
    </p>
   </div>
   <div class='ocr_carea' id='block_1_47' title="bbox 181 3015 666 3082">
    <p class='ocr_par' dir='ltr' id='par_1_47' title="bbox 181 3015 666 3082">
     <span class='ocr_line' id='line_1_47' title="bbox 181 3015 666 3082; baseline 0.01 -22"><span class='ocrx_word' id='word_1_347' title='bbox 181 3015 400 3080; x_wconf 84' lang='lat' dir='ltr'>tempore</span> <span class='ocrx_word' id='word_1_348' title='bbox 427 3029 666 3082; x_wconf 70' lang='lat' dir='ltr'>guerrae.</span> 
     </span>
    </p>
   </div>
   <div class='ocr_carea' id='block_1_48' title="bbox 240 3099 1746 3170">
    <p class='ocr_par' dir='ltr' id='par_1_48' title="bbox 240 3099 1746 3170">
     <span class='ocr_line' id='line_1_48' title="bbox 240 3099 1746 3170; baseline 0.007 -19"><span class='ocrx_word' id='word_1_349' title='bbox 240 3099 520 3170; x_wconf 80' lang='lat' dir='ltr'>Reparavit</span> <span class='ocrx_word' id='word_1_350' title='bbox 549 3101 720 3155; x_wconf 90' lang='lat' dir='ltr'>etiam</span> <span class='ocrx_word' id='word_1_351' title='bbox 750 3103 1062 3170; x_wconf 87' lang='lat' dir='ltr'>ecclesiam,</span> <span class='ocrx_word' id='word_1_352' title='bbox 1097 3110 1153 3158; x_wconf 89' lang='lat' dir='ltr'>et</span> <span class='ocrx_word' id='word_1_353' title='bbox 1182 3105 1432 3160; x_wconf 78' lang='lat' dir='ltr'>ofﬁcinas</span> <span class='ocrx_word' id='word_1_354' title='bbox 1461 3108 1592 3162; x_wconf 89' lang='lat' dir='ltr'>dicti</span> <span class='ocrx_word' id='word_1_355' title='bbox 1627 3126 1746 3163; x_wconf 90' lang='lat' dir='ltr'>mo-</span> 
     </span>
    </p>
   </div>
   <div class='ocr_carea' id='block_1_49' title="bbox 182 3188 1748 3268">
    <p class='ocr_par' dir='ltr' id='par_1_49' title="bbox 182 3188 1748 3268">
     <span class='ocr_line' id='line_1_49' title="bbox 182 3188 1748 3268; baseline 0.01 -31"><span class='ocrx_word' id='word_1_356' title='bbox 182 3188 380 3240; x_wconf 86' lang='lat' dir='ltr'>nasterii</span> <span class='ocrx_word' id='word_1_357' title='bbox 405 3190 473 3242; x_wconf 89' lang='lat' dir='ltr'>de</span> <span class='ocrx_word' id='word_1_358' title='bbox 503 3196 856 3260; x_wconf 87' lang='lat' dir='ltr'>coopertura,</span> <span class='ocrx_word' id='word_1_359' title='bbox 883 3193 1016 3261; x_wconf 90' lang='lat' dir='ltr'>quia</span> <span class='ocrx_word' id='word_1_360' title='bbox 1039 3193 1096 3246; x_wconf 90' lang='lat' dir='ltr'>in</span> <span class='ocrx_word' id='word_1_361' title='bbox 1134 3195 1376 3250; x_wconf 91' lang='lat' dir='ltr'>adventu</span> <span class='ocrx_word' id='word_1_362' title='bbox 1410 3213 1512 3250; x_wconf 91' lang='lat' dir='ltr'>suo</span> <span class='ocrx_word' id='word_1_363' title='bbox 1543 3197 1748 3268; x_wconf 89' lang='lat' dir='ltr'>ubique</span> 
     </span>
    </p>
   </div>
   <div class='ocr_carea' id='block_1_50' title="bbox 181 3274 1750 3355">
    <p class='ocr_par' dir='ltr' id='par_1_50' title="bbox 181 3274 1750 3355">
     <span class='ocr_line' id='line_1_50' title="bbox 181 3274 1750 3355; baseline 0.01 -30"><span class='ocrx_word' id='word_1_364' title='bbox 181 3274 400 3342; x_wconf 88' lang='lat' dir='ltr'>pluebat.</span> <span class='ocrx_word' id='word_1_365' title='bbox 433 3278 640 3331; x_wconf 89' lang='lat' dir='ltr'>Omnia</span> <span class='ocrx_word' id='word_1_366' title='bbox 665 3279 914 3333; x_wconf 89' lang='lat' dir='ltr'>maneria</span> <span class='ocrx_word' id='word_1_367' title='bbox 936 3287 992 3334; x_wconf 92' lang='lat' dir='ltr'>et</span> <span class='ocrx_word' id='word_1_368' title='bbox 1025 3283 1364 3350; x_wconf 91' lang='lat' dir='ltr'>molendina,</span> <span class='ocrx_word' id='word_1_369' title='bbox 1390 3301 1514 3355; x_wconf 71' lang='lat' dir='ltr'>qute</span> <span class='ocrx_word' id='word_1_370' title='bbox 1538 3286 1750 3340; x_wconf 90' lang='lat' dir='ltr'>invenit</span> 
     </span>
    </p>
   </div>
   <div class='ocr_carea' id='block_1_51' title="bbox 181 3361 1745 3444">
    <p class='ocr_par' dir='ltr' id='par_1_51' title="bbox 181 3361 1745 3444">
     <span class='ocr_line' id='line_1_51' title="bbox 181 3361 1745 3444; baseline 0.009 -30"><span class='ocrx_word' id='word_1_371' title='bbox 181 3361 227 3414; x_wconf 90' lang='lat' dir='ltr'>in</span> <span class='ocrx_word' id='word_1_372' title='bbox 253 3381 444 3434; x_wconf 89' lang='lat' dir='ltr'>magna</span> <span class='ocrx_word' id='word_1_373' title='bbox 472 3367 803 3421; x_wconf 75' lang='lat' dir='ltr'>decedentia</span> <span class='ocrx_word' id='word_1_374' title='bbox 833 3374 889 3421; x_wconf 91' lang='lat' dir='ltr'>et</span> <span class='ocrx_word' id='word_1_375' title='bbox 928 3369 1114 3437; x_wconf 90' lang='lat' dir='ltr'>ruina,</span> <span class='ocrx_word' id='word_1_376' title='bbox 1154 3373 1404 3427; x_wconf 89' lang='lat' dir='ltr'>studiose</span> <span class='ocrx_word' id='word_1_377' title='bbox 1446 3375 1745 3444; x_wconf 82' lang='lat' dir='ltr'>reparavit,</span> 
     </span>
    </p>
   </div>
   <div class='ocr_carea' id='block_1_52' title="bbox 181 3453 1751 3532">
    <p class='ocr_par' dir='ltr' id='par_1_52' title="bbox 181 3453 1751 3532">
     <span class='ocr_line' id='line_1_52' title="bbox 181 3453 1751 3532; baseline 0.009 -28"><span class='ocrx_word' id='word_1_378' title='bbox 181 3453 439 3507; x_wconf 88' lang='lat' dir='ltr'>ecclesiam</span> <span class='ocrx_word' id='word_1_379' title='bbox 482 3457 787 3526; x_wconf 82' lang='lat' dir='ltr'>acquitavit</span> <span class='ocrx_word' id='word_1_380' title='bbox 836 3457 904 3510; x_wconf 93' lang='lat' dir='ltr'>de</span> <span class='ocrx_word' id='word_1_381' title='bbox 957 3459 1150 3512; x_wconf 89' lang='lat' dir='ltr'>multis</span> <span class='ocrx_word' id='word_1_382' title='bbox 1202 3461 1406 3515; x_wconf 88' lang='lat' dir='ltr'>debitis</span> <span class='ocrx_word' id='word_1_383' title='bbox 1449 3462 1751 3532; x_wconf 88' lang='lat' dir='ltr'>obligatam</span> 
     </span>
    </p>
   </div>
   <div class='ocr_carea' id='block_1_53' title="bbox 182 3544 1752 3622">
    <p class='ocr_par' dir='ltr' id='par_1_53' title="bbox 182 3544 1752 3622">
     <span class='ocr_line' id='line_1_53' title="bbox 182 3544 1752 3622; baseline 0.009 -30"><span class='ocrx_word' id='word_1_384' title='bbox 182 3545 401 3610; x_wconf 81' lang='lat' dir='ltr'>tempore</span> <span class='ocrx_word' id='word_1_385' title='bbox 434 3544 645 3597; x_wconf 85' lang='lat' dir='ltr'>Estoldi</span> <span class='ocrx_word' id='word_1_386' title='bbox 676 3545 1098 3615; x_wconf 82' lang='lat' dir='ltr'>praedecessoris</span> <span class='ocrx_word' id='word_1_387' title='bbox 1121 3548 1230 3613; x_wconf 90' lang='lat' dir='ltr'>sui,</span> <span class='ocrx_word' id='word_1_388' title='bbox 1255 3555 1312 3602; x_wconf 90' lang='lat' dir='ltr'>et</span> <span class='ocrx_word' id='word_1_389' title='bbox 1344 3550 1584 3604; x_wconf 91' lang='lat' dir='ltr'>aliorum</span> <span class='ocrx_word' id='word_1_390' title='bbox 1609 3568 1752 3622; x_wconf 65' lang='lat' dir='ltr'>prae-</span> 
     </span>
    </p>
   </div>
   <div class='ocr_carea' id='block_1_54' title="bbox 184 3624 785 3686">
    <p class='ocr_par' dir='ltr' id='par_1_54' title="bbox 184 3624 785 3686">
     <span class='ocr_line' id='line_1_54' title="bbox 184 3624 785 3686; baseline 0.015 -9"><span class='ocrx_word' id='word_1_391' title='bbox 184 3624 442 3683; x_wconf 71' lang='lat' dir='ltr'>decessor“</span> <span class='ocrx_word' id='word_1_392' title='bbox 455 3649 506 3684; x_wconf 88' lang='lat' dir='ltr'>m</span> <span class='ocrx_word' id='word_1_393' title='bbox 535 3649 785 3686; x_wconf 90' lang='lat' dir='ltr'>suorum.</span> 
     </span>
    </p>
   </div>
   <div class='ocr_carea' id='block_1_55' title="bbox 241 3716 1754 3782">
    <p class='ocr_par' dir='ltr' id='par_1_55' title="bbox 241 3716 1754 3782">
     <span class='ocr_line' id='line_1_55' title="bbox 241 3716 1754 3782; baseline 0.008 -11"><span class='ocrx_word' id='word_1_394' title='bbox 241 3716 365 3772; x_wconf 82' lang='lat' dir='ltr'>Item</span> <span class='ocrx_word' id='word_1_395' title='bbox 388 3722 709 3775; x_wconf 68' lang='lat' dir='ltr'>exoneravit</span> <span class='ocrx_word' id='word_1_396' title='bbox 738 3723 1027 3777; x_wconf 89' lang='lat' dir='ltr'>ecclesiam</span> <span class='ocrx_word' id='word_1_397' title='bbox 1058 3725 1126 3778; x_wconf 88' lang='lat' dir='ltr'>de</span> <span class='ocrx_word' id='word_1_398' title='bbox 1163 3731 1387 3780; x_wconf 90' lang='lat' dir='ltr'>centum</span> <span class='ocrx_word' id='word_1_399' title='bbox 1417 3727 1576 3782; x_wconf 89' lang='lat' dir='ltr'>libris</span> <span class='ocrx_word' id='word_1_400' title='bbox 1623 3728 1754 3782; x_wconf 85' lang='lat' dir='ltr'>red-</span> 
     </span>
    </p>
   </div>
   <div class='ocr_carea' id='block_1_56' title="bbox 1825 1683 3418 1748">
    <p class='ocr_par' dir='ltr' id='par_1_56' title="bbox 1825 1683 3418 1748">
     <span class='ocr_line' id='line_1_56' title="bbox 1825 1683 3418 1748; baseline 0.004 -13"><span class='ocrx_word' id='word_1_401' title='bbox 1825 1683 2032 1736; x_wconf 89' lang='lat' dir='ltr'>mensis</span> <span class='ocrx_word' id='word_1_402' title='bbox 2062 1683 2215 1748; x_wconf 88' lang='lat' dir='ltr'>Julii,</span> <span class='ocrx_word' id='word_1_403' title='bbox 2249 1699 2394 1736; x_wconf 91' lang='lat' dir='ltr'>anno</span> <span class='ocrx_word' id='word_1_404' title='bbox 2428 1683 2646 1736; x_wconf 91' lang='lat' dir='ltr'>Domini</span> <span class='ocrx_word' id='word_1_405' title='bbox 2687 1684 2982 1738; x_wconf 90' lang='lat' dir='ltr'>millesimo</span> <span class='ocrx_word' id='word_1_406' title='bbox 3024 1687 3418 1742; x_wconf 90' lang='lat' dir='ltr'>trecentesimo</span> 
     </span>
    </p>
   </div>
   <div class='ocr_carea' id='block_1_57' title="bbox 1823 1772 3421 1843">
    <p class='ocr_par' dir='ltr' id='par_1_57' title="bbox 1823 1772 3421 1843">
     <span class='ocr_line' id='line_1_57' title="bbox 1823 1772 3421 1843; baseline 0.003 -18"><span class='ocrx_word' id='word_1_407' title='bbox 1823 1773 2187 1841; x_wconf 86' lang='lat' dir='ltr'>nonagesimo</span> <span class='ocrx_word' id='word_1_408' title='bbox 2234 1789 2418 1838; x_wconf 85' lang='lat' dir='ltr'>nono;</span> <span class='ocrx_word' id='word_1_409' title='bbox 2462 1780 2518 1825; x_wconf 86' lang='lat' dir='ltr'>et</span> <span class='ocrx_word' id='word_1_410' title='bbox 2565 1772 2769 1826; x_wconf 90' lang='lat' dir='ltr'>ibidem</span> <span class='ocrx_word' id='word_1_411' title='bbox 2807 1774 2866 1826; x_wconf 89' lang='lat' dir='ltr'>in</span> <span class='ocrx_word' id='word_1_412' title='bbox 2909 1775 3150 1843; x_wconf 90' lang='lat' dir='ltr'>quadam</span> <span class='ocrx_word' id='word_1_413' title='bbox 3187 1775 3421 1830; x_wconf 89' lang='lat' dir='ltr'>ecclesia</span> 
     </span>
    </p>
   </div>
   <div class='ocr_carea' id='block_1_58' title="bbox 1823 1859 3419 1934">
    <p class='ocr_par' dir='ltr' id='par_1_58' title="bbox 1823 1859 3419 1934">
     <span class='ocr_line' id='line_1_58' title="bbox 1823 1859 3419 1934; baseline 0.004 -21"><span class='ocrx_word' id='word_1_414' title='bbox 1823 1861 2076 1930; x_wconf 90' lang='lat' dir='ltr'>sepultus</span> <span class='ocrx_word' id='word_1_415' title='bbox 2114 1861 2236 1914; x_wconf 90' lang='lat' dir='ltr'>fuit.</span> <span class='ocrx_word' id='word_1_416' title='bbox 2285 1861 2352 1913; x_wconf 91' lang='lat' dir='ltr'>Et</span> <span class='ocrx_word' id='word_1_417' title='bbox 2402 1859 2554 1913; x_wconf 90' lang='lat' dir='ltr'>missi</span> <span class='ocrx_word' id='word_1_418' title='bbox 2593 1868 2725 1915; x_wconf 91' lang='lat' dir='ltr'>sunt</span> <span class='ocrx_word' id='word_1_419' title='bbox 2762 1863 2987 1932; x_wconf 90' lang='lat' dir='ltr'>quidam</span> <span class='ocrx_word' id='word_1_420' title='bbox 3029 1864 3097 1917; x_wconf 92' lang='lat' dir='ltr'>de</span> <span class='ocrx_word' id='word_1_421' title='bbox 3140 1865 3419 1934; x_wconf 86' lang='lat' dir='ltr'>religiosis</span> 
     </span>
    </p>
   </div>
   <div class='ocr_carea' id='block_1_59' title="bbox 1824 1948 3419 2019">
    <p class='ocr_par' dir='ltr' id='par_1_59' title="bbox 1824 1948 3419 2019">
     <span class='ocr_line' id='line_1_59' title="bbox 1824 1948 3419 2019; baseline 0.004 -19"><span class='ocrx_word' id='word_1_422' title='bbox 1824 1948 1998 2012; x_wconf 90' lang='lat' dir='ltr'>Becci,</span> <span class='ocrx_word' id='word_1_423' title='bbox 2038 1949 2131 2019; x_wconf 91' lang='lat' dir='ltr'>qui</span> <span class='ocrx_word' id='word_1_424' title='bbox 2162 1949 2370 2002; x_wconf 87' lang='lat' dir='ltr'>ibidem</span> <span class='ocrx_word' id='word_1_425' title='bbox 2396 1949 2714 2019; x_wconf 89' lang='lat' dir='ltr'>sumptibus</span> <span class='ocrx_word' id='word_1_426' title='bbox 2747 1950 2990 2005; x_wconf 69' lang='lat' dir='ltr'>ecclesiae</span> <span class='ocrx_word' id='word_1_427' title='bbox 3021 1951 3273 2006; x_wconf 89' lang='lat' dir='ltr'>fecerunt</span> <span class='ocrx_word' id='word_1_428' title='bbox 3299 1953 3419 2006; x_wconf 86' lang='lat' dir='ltr'>ﬁeri</span> 
     </span>
    </p>
   </div>
   <div class='ocr_carea' id='block_1_60' title="bbox 1822 2038 3182 2110">
    <p class='ocr_par' dir='ltr' id='par_1_60' title="bbox 1822 2038 3182 2110">
     <span class='ocr_line' id='line_1_60' title="bbox 1822 2038 3182 2110; baseline 0.001 -19"><span class='ocrx_word' id='word_1_429' title='bbox 1822 2038 2110 2092; x_wconf 87' lang='lat' dir='ltr'>servitium</span> <span class='ocrx_word' id='word_1_430' title='bbox 2140 2045 2196 2092; x_wconf 91' lang='lat' dir='ltr'>et</span> <span class='ocrx_word' id='word_1_431' title='bbox 2219 2039 2566 2108; x_wconf 89' lang='lat' dir='ltr'>sepulturam</span> <span class='ocrx_word' id='word_1_432' title='bbox 2596 2039 2653 2092; x_wconf 91' lang='lat' dir='ltr'>in</span> <span class='ocrx_word' id='word_1_433' title='bbox 2682 2038 3010 2092; x_wconf 89' lang='lat' dir='ltr'>memoriam</span> <span class='ocrx_word' id='word_1_434' title='bbox 3043 2041 3182 2110; x_wconf 86' lang='lat' dir='ltr'>ejus.</span> 
     </span>
    </p>
   </div>
   <div class='ocr_carea' id='block_1_61' title="bbox 1893 2119 3422 2197">
    <p class='ocr_par' dir='ltr' id='par_1_61' title="bbox 1893 2119 3422 2197">
     <span class='ocr_line' id='line_1_61' title="bbox 1893 2119 3422 2197; baseline 0.001 -17"><span class='ocrx_word' id='word_1_435' title='bbox 1893 2127 2039 2181; x_wconf 86' lang='lat' dir='ltr'>Nota</span> <span class='ocrx_word' id='word_1_436' title='bbox 2070 2126 2421 2197; x_wconf 89' lang='lat' dir='ltr'>privilegium</span> <span class='ocrx_word' id='word_1_437' title='bbox 2454 2143 2776 2180; x_wconf 88' lang='lat' dir='ltr'>concessum</span> <span class='ocrx_word' id='word_1_438' title='bbox 2805 2119 3099 2181; x_wconf 88' lang='lat' dir='ltr'>abbatibus</span> <span class='ocrx_word' id='word_1_439' title='bbox 3129 2127 3307 2194; x_wconf 92' lang='lat' dir='ltr'>Becci,</span> <span class='ocrx_word' id='word_1_440' title='bbox 3343 2129 3422 2182; x_wconf 81' lang='lat' dir='ltr'>fa-</span> 
     </span>
    </p>
   </div>
   <div class='ocr_carea' id='block_1_62' title="bbox 1822 2214 3247 2284">
    <p class='ocr_par' dir='ltr' id='par_1_62' title="bbox 1822 2214 3247 2284">
     <span class='ocr_line' id='line_1_62' title="bbox 1822 2214 3247 2284; baseline 0.002 -18"><span class='ocrx_word' id='word_1_441' title='bbox 1822 2232 1952 2269; x_wconf 91' lang='lat' dir='ltr'>vore</span> <span class='ocrx_word' id='word_1_442' title='bbox 1979 2215 2250 2269; x_wconf 74' lang='lat' dir='ltr'>Gauil‘ridi</span> <span class='ocrx_word' id='word_1_443' title='bbox 2287 2215 2522 2278; x_wconf 82' lang='lat' dir='ltr'>Harenc,</span> <span class='ocrx_word' id='word_1_444' title='bbox 2556 2220 2690 2268; x_wconf 92' lang='lat' dir='ltr'>tunc</span> <span class='ocrx_word' id='word_1_445' title='bbox 2716 2215 2985 2284; x_wconf 89' lang='lat' dir='ltr'>temporis</span> <span class='ocrx_word' id='word_1_446' title='bbox 3013 2214 3247 2269; x_wconf 92' lang='lat' dir='ltr'>abbatis.</span> 
     </span>
    </p>
   </div>
   <div class='ocr_carea' id='block_1_63' title="bbox 1896 2304 3418 2374">
    <p class='ocr_par' dir='ltr' id='par_1_63' title="bbox 1896 2304 3418 2374">
     <span class='ocr_line' id='line_1_63' title="bbox 1896 2304 3418 2374; baseline 0.003 -19"><span class='ocrx_word' id='word_1_447' title='bbox 1896 2323 1919 2355; x_wconf 81' lang='grc'><strong>«</strong></span> <span class='ocrx_word' id='word_1_448' title='bbox 1955 2304 2215 2358; x_wconf 74' lang='lat' dir='ltr'>CLEMENS</span> <span class='ocrx_word' id='word_1_449' title='bbox 2243 2304 2553 2374; x_wconf 88' lang='lat' dir='ltr'>cpiscopus,</span> <span class='ocrx_word' id='word_1_450' title='bbox 2585 2320 2776 2356; x_wconf 93' lang='lat' dir='ltr'>servus</span> <span class='ocrx_word' id='word_1_451' title='bbox 2804 2320 3091 2358; x_wconf 84' lang='lat' dir='ltr'>servorum</span> <span class='ocrx_word' id='word_1_452' title='bbox 3123 2305 3240 2369; x_wconf 85' lang='lat' dir='ltr'>Dei,</span> <span class='ocrx_word' id='word_1_453' title='bbox 3275 2304 3418 2359; x_wconf 87' lang='lat' dir='ltr'>dile-</span> 
     </span>
    </p>
   </div>
   <div class='ocr_carea' id='block_1_64' title="bbox 1827 2391 3422 2457">
    <p class='ocr_par' dir='ltr' id='par_1_64' title="bbox 1827 2391 3422 2457">
     <span class='ocr_line' id='line_1_64' title="bbox 1827 2391 3422 2457; baseline 0.002 -12"><span class='ocrx_word' id='word_1_454' title='bbox 1827 2393 1930 2446; x_wconf 91' lang='lat' dir='ltr'>ctis</span> <span class='ocrx_word' id='word_1_455' title='bbox 1960 2393 2088 2446; x_wconf 88' lang='lat' dir='ltr'>ﬁliis</span> <span class='ocrx_word' id='word_1_456' title='bbox 2111 2394 2434 2446; x_wconf 77' lang='lat' dir='ltr'>GAUFFRIDO</span> <span class='ocrx_word' id='word_1_457' title='bbox 2461 2391 2669 2457; x_wconf 89' lang='lat' dir='ltr'>abbati,</span> <span class='ocrx_word' id='word_1_458' title='bbox 2695 2398 2750 2444; x_wconf 91' lang='lat' dir='ltr'>et</span> <span class='ocrx_word' id='word_1_459' title='bbox 2774 2392 3067 2446; x_wconf 87' lang='lat' dir='ltr'>conventui</span> <span class='ocrx_word' id='word_1_460' title='bbox 3096 2395 3422 2448; x_wconf 89' lang='lat' dir='ltr'>monasterii</span> 
     </span>
    </p>
   </div>
   <div class='ocr_carea' id='block_1_65' title="bbox 1826 2480 3422 2546">
    <p class='ocr_par' dir='ltr' id='par_1_65' title="bbox 1826 2480 3422 2546">
     <span class='ocr_line' id='line_1_65' title="bbox 1826 2480 3422 2546; baseline 0.002 -12"><span class='ocrx_word' id='word_1_461' title='bbox 1826 2481 1894 2534; x_wconf 92' lang='lat' dir='ltr'>de</span> <span class='ocrx_word' id='word_1_462' title='bbox 1924 2482 2096 2534; x_wconf 91' lang='lat' dir='ltr'>Becco</span> <span class='ocrx_word' id='word_1_463' title='bbox 2131 2480 2395 2545; x_wconf 85' lang='lat' dir='ltr'>Helluini,</span> <span class='ocrx_word' id='word_1_464' title='bbox 2431 2480 2643 2534; x_wconf 88' lang='lat' dir='ltr'>ordinis</span> <span class='ocrx_word' id='word_1_465' title='bbox 2671 2482 2848 2533; x_wconf 88' lang='lat' dir='ltr'>sancti</span> <span class='ocrx_word' id='word_1_466' title='bbox 2877 2481 3182 2546; x_wconf 88' lang='lat' dir='ltr'>Benedicti,</span> <span class='ocrx_word' id='word_1_467' title='bbox 3209 2483 3422 2537; x_wconf 84' lang='lat' dir='ltr'>Rotho-</span> 
     </span>
    </p>
   </div>
   <div class='ocr_carea' id='block_1_66' title="bbox 1828 2569 3422 2639">
    <p class='ocr_par' dir='ltr' id='par_1_66' title="bbox 1828 2569 3422 2639">
     <span class='ocr_line' id='line_1_66' title="bbox 1828 2569 3422 2639; baseline 0.002 -17"><span class='ocrx_word' id='word_1_468' title='bbox 1828 2571 2106 2639; x_wconf 86' lang='lat' dir='ltr'>magensis</span> <span class='ocrx_word' id='word_1_469' title='bbox 2131 2569 2402 2633; x_wconf 68' lang='lat' dir='ltr'>dimccsis,</span> <span class='ocrx_word' id='word_1_470' title='bbox 2434 2569 2673 2622; x_wconf 90' lang='lat' dir='ltr'>salutem</span> <span class='ocrx_word' id='word_1_471' title='bbox 2703 2576 2759 2621; x_wconf 91' lang='lat' dir='ltr'>et</span> <span class='ocrx_word' id='word_1_472' title='bbox 2787 2569 3148 2638; x_wconf 89' lang='lat' dir='ltr'>apostolicam</span> <span class='ocrx_word' id='word_1_473' title='bbox 3192 2570 3422 2625; x_wconf 87' lang='lat' dir='ltr'>benedi-</span> 
     </span>
    </p>
   </div>
   <div class='ocr_carea' id='block_1_67' title="bbox 1825 2656 3424 2727">
    <p class='ocr_par' dir='ltr' id='par_1_67' title="bbox 1825 2656 3424 2727">
     <span class='ocr_line' id='line_1_67' title="bbox 1825 2656 3424 2727; baseline 0.003 -17"><span class='ocrx_word' id='word_1_474' title='bbox 1825 2657 2088 2711; x_wconf 90' lang='lat' dir='ltr'>ctionem.</span> <span class='ocrx_word' id='word_1_475' title='bbox 2136 2657 2394 2727; x_wconf 87' lang='lat' dir='ltr'>Exposcit</span> <span class='ocrx_word' id='word_1_476' title='bbox 2441 2663 2632 2710; x_wconf 70' lang='lat' dir='ltr'>vestrae</span> <span class='ocrx_word' id='word_1_477' title='bbox 2672 2656 2982 2710; x_wconf 87' lang='lat' dir='ltr'>devotionis</span> <span class='ocrx_word' id='word_1_478' title='bbox 3020 2658 3332 2725; x_wconf 90' lang='lat' dir='ltr'>sinceritas,</span> <span class='ocrx_word' id='word_1_479' title='bbox 3366 2665 3424 2714; x_wconf 89' lang='lat' dir='ltr'>et</span> 
     </span>
    </p>
   </div>
   <div class='ocr_carea' id='block_1_68' title="bbox 1828 2746 3422 2818">
    <p class='ocr_par' dir='ltr' id='par_1_68' title="bbox 1828 2746 3422 2818">
     <span class='ocr_line' id='line_1_68' title="bbox 1828 2746 3422 2818; baseline 0.002 -19"><span class='ocrx_word' id='word_1_480' title='bbox 1828 2746 2115 2816; x_wconf 89' lang='lat' dir='ltr'>religionis</span> <span class='ocrx_word' id='word_1_481' title='bbox 2157 2752 2508 2816; x_wconf 89' lang='lat' dir='ltr'>promeretur</span> <span class='ocrx_word' id='word_1_482' title='bbox 2551 2746 2813 2799; x_wconf 84' lang='lat' dir='ltr'>honestas</span> <span class='ocrx_word' id='word_1_483' title='bbox 2854 2750 2919 2799; x_wconf 90' lang='lat' dir='ltr'>ut</span> <span class='ocrx_word' id='word_1_484' title='bbox 2961 2751 3077 2799; x_wconf 88' lang='lat' dir='ltr'>tam</span> <span class='ocrx_word' id='word_1_485' title='bbox 3126 2764 3238 2810; x_wconf 91' lang='lat' dir='ltr'>vos,</span> <span class='ocrx_word' id='word_1_486' title='bbox 3283 2764 3422 2818; x_wconf 88' lang='lat' dir='ltr'>quos</span> 
     </span>
    </p>
   </div>
   <div class='ocr_carea' id='block_1_69' title="bbox 1825 2833 3422 2906">
    <p class='ocr_par' dir='ltr' id='par_1_69' title="bbox 1825 2833 3422 2906">
     <span class='ocr_line' id='line_1_69' title="bbox 1825 2833 3422 2906; baseline 0.001 -18"><span class='ocrx_word' id='word_1_487' title='bbox 1825 2834 2052 2905; x_wconf 90' lang='lat' dir='ltr'>speciali</span> <span class='ocrx_word' id='word_1_488' title='bbox 2085 2834 2396 2888; x_wconf 87' lang='lat' dir='ltr'>devotionis</span> <span class='ocrx_word' id='word_1_489' title='bbox 2421 2833 2622 2887; x_wconf 75' lang='lat' dir='ltr'>affectu</span> <span class='ocrx_word' id='word_1_490' title='bbox 2653 2834 3066 2904; x_wconf 89' lang='lat' dir='ltr'>prosequimur,</span> <span class='ocrx_word' id='word_1_491' title='bbox 3099 2852 3268 2906; x_wconf 89' lang='lat' dir='ltr'>quam</span> <span class='ocrx_word' id='word_1_492' title='bbox 3299 2852 3422 2890; x_wconf 89' lang='lat' dir='ltr'>mo-</span> 
     </span>
    </p>
   </div>
   <div class='ocr_carea' id='block_1_70' title="bbox 1826 2923 3424 2992">
    <p class='ocr_par' dir='ltr' id='par_1_70' title="bbox 1826 2923 3424 2992">
     <span class='ocr_line' id='line_1_70' title="bbox 1826 2923 3424 2992; baseline 0.001 -16"><span class='ocrx_word' id='word_1_493' title='bbox 1826 2923 2134 2977; x_wconf 87' lang='lat' dir='ltr'>nasterium</span> <span class='ocrx_word' id='word_1_494' title='bbox 2170 2929 2429 2986; x_wconf 87' lang='lat' dir='ltr'>vestrum,</span> <span class='ocrx_word' id='word_1_495' title='bbox 2466 2939 2592 2976; x_wconf 89' lang='lat' dir='ltr'>cum</span> <span class='ocrx_word' id='word_1_496' title='bbox 2637 2923 2820 2992; x_wconf 89' lang='lat' dir='ltr'>dignis</span> <span class='ocrx_word' id='word_1_497' title='bbox 2850 2923 3156 2976; x_wconf 82' lang='lat' dir='ltr'>honoribus</span> <span class='ocrx_word' id='word_1_498' title='bbox 3203 2925 3424 2978; x_wconf 89' lang='lat' dir='ltr'>attolla-</span> 
     </span>
    </p>
   </div>
   <div class='ocr_carea' id='block_1_71' title="bbox 1763 3010 3424 3081">
    <p class='ocr_par' dir='ltr' id='par_1_71' title="bbox 1763 3010 3424 3081">
     <span class='ocr_line' id='line_1_71' title="bbox 1763 3010 3424 3081; baseline 0.002 -17"><span class='ocrx_word' id='word_1_499' title='bbox 1763 3014 1806 3077; x_wconf 82' lang='lat' dir='ltr'>C</span> <span class='ocrx_word' id='word_1_500' title='bbox 1829 3029 1986 3078; x_wconf 89' lang='lat' dir='ltr'>mus;</span> <span class='ocrx_word' id='word_1_501' title='bbox 2026 3011 2238 3066; x_wconf 89' lang='lat' dir='ltr'>dudum</span> <span class='ocrx_word' id='word_1_502' title='bbox 2267 3010 2541 3081; x_wconf 90' lang='lat' dir='ltr'>siquidem</span> <span class='ocrx_word' id='word_1_503' title='bbox 2572 3011 2795 3064; x_wconf 90' lang='lat' dir='ltr'>cuidam</span> <span class='ocrx_word' id='word_1_504' title='bbox 2816 3012 3042 3066; x_wconf 90' lang='lat' dir='ltr'>Estoldo</span> <span class='ocrx_word' id='word_1_505' title='bbox 3071 3011 3257 3066; x_wconf 89' lang='lat' dir='ltr'>abbati</span> <span class='ocrx_word' id='word_1_506' title='bbox 3288 3012 3424 3068; x_wconf 87' lang='lat' dir='ltr'>dicti</span> 
     </span>
    </p>
   </div>
   <div class='ocr_carea' id='block_1_72' title="bbox 1831 3099 3426 3165">
    <p class='ocr_par' dir='ltr' id='par_1_72' title="bbox 1831 3099 3426 3165">
     <span class='ocr_line' id='line_1_72' title="bbox 1831 3099 3426 3165; baseline 0.001 -11"><span class='ocrx_word' id='word_1_507' title='bbox 1831 3101 2180 3164; x_wconf 87' lang='lat' dir='ltr'>monasterii,</span> <span class='ocrx_word' id='word_1_508' title='bbox 2215 3107 2271 3154; x_wconf 91' lang='lat' dir='ltr'>et</span> <span class='ocrx_word' id='word_1_509' title='bbox 2303 3099 2454 3153; x_wconf 89' lang='lat' dir='ltr'>vobis</span> <span class='ocrx_word' id='word_1_510' title='bbox 2485 3101 2615 3153; x_wconf 86' lang='lat' dir='ltr'>ﬁliis</span> <span class='ocrx_word' id='word_1_511' title='bbox 2640 3101 2955 3165; x_wconf 90' lang='lat' dir='ltr'>conventui,</span> <span class='ocrx_word' id='word_1_512' title='bbox 2984 3107 3046 3155; x_wconf 90' lang='lat' dir='ltr'>ut</span> <span class='ocrx_word' id='word_1_513' title='bbox 3072 3101 3223 3155; x_wconf 86' lang='lat' dir='ltr'>idem</span> <span class='ocrx_word' id='word_1_514' title='bbox 3250 3102 3426 3156; x_wconf 89' lang='lat' dir='ltr'>Estol-</span> 
     </span>
    </p>
   </div>
   <div class='ocr_carea' id='block_1_73' title="bbox 1829 3189 3425 3255">
    <p class='ocr_par' dir='ltr' id='par_1_73' title="bbox 1829 3189 3425 3255">
     <span class='ocr_line' id='line_1_73' title="bbox 1829 3189 3425 3255; baseline 0.001 -13"><span class='ocrx_word' id='word_1_515' title='bbox 1829 3190 1935 3242; x_wconf 91' lang='lat' dir='ltr'>dus</span> <span class='ocrx_word' id='word_1_516' title='bbox 1974 3189 2164 3255; x_wconf 88' lang='lat' dir='ltr'>abbas,</span> <span class='ocrx_word' id='word_1_517' title='bbox 2199 3197 2255 3243; x_wconf 92' lang='lat' dir='ltr'>et</span> <span class='ocrx_word' id='word_1_518' title='bbox 2290 3206 2636 3242; x_wconf 90' lang='lat' dir='ltr'>successores</span> <span class='ocrx_word' id='word_1_519' title='bbox 2666 3190 2752 3242; x_wconf 91' lang='lat' dir='ltr'>sui</span> <span class='ocrx_word' id='word_1_520' title='bbox 2795 3189 3024 3243; x_wconf 89' lang='lat' dir='ltr'>abbates</span> <span class='ocrx_word' id='word_1_521' title='bbox 3063 3190 3199 3244; x_wconf 89' lang='lat' dir='ltr'>dicti</span> <span class='ocrx_word' id='word_1_522' title='bbox 3227 3207 3425 3244; x_wconf 90' lang='lat' dir='ltr'>mona-</span> 
     </span>
    </p>
   </div>
   <div class='ocr_carea' id='block_1_74' title="bbox 1831 3277 3427 3348">
    <p class='ocr_par' dir='ltr' id='par_1_74' title="bbox 1831 3277 3427 3348">
     <span class='ocr_line' id='line_1_74' title="bbox 1831 3277 3427 3348; baseline 0.003 -18"><span class='ocrx_word' id='word_1_523' title='bbox 1831 3277 2006 3336; x_wconf 83' lang='lat' dir='ltr'>sterii.</span> <span class='ocrx_word' id='word_1_524' title='bbox 2043 3278 2138 3348; x_wconf 88' lang='lat' dir='ltr'>qui</span> <span class='ocrx_word' id='word_1_525' title='bbox 2188 3294 2286 3348; x_wconf 94' lang='lat' dir='ltr'>pro</span> <span class='ocrx_word' id='word_1_526' title='bbox 2330 3284 2582 3347; x_wconf 89' lang='lat' dir='ltr'>tempore</span> <span class='ocrx_word' id='word_1_527' title='bbox 2621 3278 2820 3344; x_wconf 79' lang='lat' dir='ltr'>forent,</span> <span class='ocrx_word' id='word_1_528' title='bbox 2867 3279 3054 3345; x_wconf 88' lang='lat' dir='ltr'>mitra,</span> <span class='ocrx_word' id='word_1_529' title='bbox 3097 3280 3327 3347; x_wconf 87' lang='lat' dir='ltr'>annulo,</span> <span class='ocrx_word' id='word_1_530' title='bbox 3370 3286 3427 3334; x_wconf 89' lang='lat' dir='ltr'>et</span> 
     </span>
    </p>
   </div>
   <div class='ocr_carea' id='block_1_75' title="bbox 1832 3365 3428 3440">
    <p class='ocr_par' dir='ltr' id='par_1_75' title="bbox 1832 3365 3428 3440">
     <span class='ocr_line' id='line_1_75' title="bbox 1832 3365 3428 3440; baseline 0.002 -21"><span class='ocrx_word' id='word_1_531' title='bbox 1832 3366 1955 3419; x_wconf 90' lang='lat' dir='ltr'>aliis</span> <span class='ocrx_word' id='word_1_532' title='bbox 1982 3365 2398 3437; x_wconf 86' lang='lat' dir='ltr'>pontiﬁcalibus</span> <span class='ocrx_word' id='word_1_533' title='bbox 2423 3366 2698 3436; x_wconf 89' lang='lat' dir='ltr'>insigniis,</span> <span class='ocrx_word' id='word_1_534' title='bbox 2732 3368 2905 3422; x_wconf 92' lang='lat' dir='ltr'>libere</span> <span class='ocrx_word' id='word_1_535' title='bbox 2934 3374 3161 3440; x_wconf 90' lang='lat' dir='ltr'>possent</span> <span class='ocrx_word' id='word_1_536' title='bbox 3190 3369 3292 3435; x_wconf 92' lang='lat' dir='ltr'>uti,</span> <span class='ocrx_word' id='word_1_537' title='bbox 3325 3386 3428 3423; x_wconf 93' lang='lat' dir='ltr'>nec</span> 
     </span>
    </p>
   </div>
   <div class='ocr_carea' id='block_1_76' title="bbox 1834 3455 3427 3528">
    <p class='ocr_par' dir='ltr' id='par_1_76' title="bbox 1834 3455 3427 3528">
     <span class='ocr_line' id='line_1_76' title="bbox 1834 3455 3427 3528; baseline 0.001 -20"><span class='ocrx_word' id='word_1_538' title='bbox 1834 3472 1945 3509; x_wconf 91' lang='lat' dir='ltr'>non</span> <span class='ocrx_word' id='word_1_539' title='bbox 1969 3456 2116 3526; x_wconf 89' lang='lat' dir='ltr'>quod</span> <span class='ocrx_word' id='word_1_540' title='bbox 2147 3455 2204 3508; x_wconf 91' lang='lat' dir='ltr'>in</span> <span class='ocrx_word' id='word_1_541' title='bbox 2234 3455 2382 3509; x_wconf 91' lang='lat' dir='ltr'>dicto</span> <span class='ocrx_word' id='word_1_542' title='bbox 2414 3457 2772 3519; x_wconf 83' lang='lat' dir='ltr'>monasterio,</span> <span class='ocrx_word' id='word_1_543' title='bbox 2797 3464 2854 3510; x_wconf 90' lang='lat' dir='ltr'>et</span> <span class='ocrx_word' id='word_1_544' title='bbox 2875 3457 3215 3528; x_wconf 88' lang='lat' dir='ltr'>prioratibus</span> <span class='ocrx_word' id='word_1_545' title='bbox 3244 3457 3427 3511; x_wconf 91' lang='lat' dir='ltr'>eidem</span> 
     </span>
    </p>
   </div>
   <div class='ocr_carea' id='block_1_77' title="bbox 1834 3544 3428 3616">
    <p class='ocr_par' dir='ltr' id='par_1_77' title="bbox 1834 3544 3428 3616">
     <span class='ocr_line' id='line_1_77' title="bbox 1834 3544 3428 3616; baseline 0.003 -20"><span class='ocrx_word' id='word_1_546' title='bbox 1834 3545 2176 3598; x_wconf 87' lang='lat' dir='ltr'>monasterio</span> <span class='ocrx_word' id='word_1_547' title='bbox 2219 3544 2502 3614; x_wconf 89' lang='lat' dir='ltr'>subjectis,</span> <span class='ocrx_word' id='word_1_548' title='bbox 2535 3562 2600 3598; x_wconf 86' lang='lat' dir='ltr'>ac</span> <span class='ocrx_word' id='word_1_549' title='bbox 2645 3545 3056 3616; x_wconf 88' lang='lat' dir='ltr'>parochialibus</span> <span class='ocrx_word' id='word_1_550' title='bbox 3087 3552 3143 3600; x_wconf 92' lang='lat' dir='ltr'>et</span> <span class='ocrx_word' id='word_1_551' title='bbox 3170 3547 3294 3600; x_wconf 89' lang='lat' dir='ltr'>aliis</span> <span class='ocrx_word' id='word_1_552' title='bbox 3326 3547 3428 3600; x_wconf 85' lang='lat' dir='ltr'>Ec-</span> 
     </span>
    </p>
   </div>
   <div class='ocr_carea' id='block_1_78' title="bbox 1835 3633 3428 3704">
    <p class='ocr_par' dir='ltr' id='par_1_78' title="bbox 1835 3633 3428 3704">
     <span class='ocr_line' id='line_1_78' title="bbox 1835 3633 3428 3704; baseline 0.003 -19"><span class='ocrx_word' id='word_1_553' title='bbox 1835 3633 2036 3698; x_wconf 87' lang='lat' dir='ltr'>clesiis,</span> <span class='ocrx_word' id='word_1_554' title='bbox 2069 3634 2137 3686; x_wconf 90' lang='lat' dir='ltr'>ad</span> <span class='ocrx_word' id='word_1_555' title='bbox 2171 3633 2350 3703; x_wconf 88' lang='lat' dir='ltr'>ipsum</span> <span class='ocrx_word' id='word_1_556' title='bbox 2395 3633 2652 3687; x_wconf 89' lang='lat' dir='ltr'>abbatem</span> <span class='ocrx_word' id='word_1_557' title='bbox 2683 3641 2739 3687; x_wconf 92' lang='lat' dir='ltr'>et</span> <span class='ocrx_word' id='word_1_558' title='bbox 2767 3650 2861 3687; x_wconf 91' lang='lat' dir='ltr'>vos</span> <span class='ocrx_word' id='word_1_559' title='bbox 2891 3635 3054 3701; x_wconf 89' lang='lat' dir='ltr'>ﬁlios,</span> <span class='ocrx_word' id='word_1_560' title='bbox 3087 3635 3428 3704; x_wconf 90' lang='lat' dir='ltr'>conjunctim</span> 
     </span>
    </p>
   </div>
   <div class='ocr_carea' id='block_1_79' title="bbox 1835 3722 3429 3794">
    <p class='ocr_par' dir='ltr' id='par_1_79' title="bbox 1835 3722 3429 3794">
     <span class='ocr_line' id='line_1_79' title="bbox 1835 3722 3429 3794; baseline 0.001 -19"><span class='ocrx_word' id='word_1_561' title='bbox 1835 3722 2226 3788; x_wconf 88' lang='lat' dir='ltr'>communiter,</span> <span class='ocrx_word' id='word_1_562' title='bbox 2271 3723 2353 3775; x_wconf 90' lang='lat' dir='ltr'>vel</span> <span class='ocrx_word' id='word_1_563' title='bbox 2391 3722 2662 3786; x_wconf 90' lang='lat' dir='ltr'>divisum,</span> <span class='ocrx_word' id='word_1_564' title='bbox 2703 3723 3134 3792; x_wconf 85' lang='lat' dir='ltr'>pertinentibus,</span> <span class='ocrx_word' id='word_1_565' title='bbox 3174 3724 3429 3794; x_wconf 90' lang='lat' dir='ltr'>quamvis</span> 
     </span>
    </p>
   </div>
   <div class='ocr_carea' id='block_1_80' title="bbox 183 3801 3429 3881">
    <p class='ocr_par' dir='ltr' id='par_1_80' title="bbox 183 3801 3429 3881">
     <span class='ocr_line' id='line_1_80' title="bbox 183 3801 3429 3881; baseline 0.002 -21"><span class='ocrx_word' id='word_1_566' title='bbox 183 3801 310 3857; x_wconf 75' lang='lat' dir='ltr'>ditus</span> <span class='ocrx_word' id='word_1_567' title='bbox 331 3808 394 3860; x_wconf 84' lang='lat' dir='ltr'>ad</span> <span class='ocrx_word' id='word_1_568' title='bbox 417 3809 610 3874; x_wconf 90' lang='lat' dir='ltr'>vitam,</span> <span class='ocrx_word' id='word_1_569' title='bbox 633 3827 772 3879; x_wconf 86' lang='lat' dir='ltr'>quas</span> <span class='ocrx_word' id='word_1_570' title='bbox 793 3811 1024 3881; x_wconf 89' lang='lat' dir='ltr'>quidam</span> <span class='ocrx_word' id='word_1_571' title='bbox 1046 3819 1271 3866; x_wconf 82' lang='lat' dir='ltr'>vocatus</span> <span class='ocrx_word' id='word_1_572' title='bbox 1293 3815 1491 3870; x_wconf 79' lang='lat' dir='ltr'>Petrus</span> <span class='ocrx_word' id='word_1_573' title='bbox 1511 3816 1562 3869; x_wconf 80' lang='lat' dir='ltr'>le</span> <span class='ocrx_word' id='word_1_574' title='bbox 1582 3816 1747 3870; x_wconf 85' lang='lat' dir='ltr'>Veul-</span> <span class='ocrx_word' id='word_1_575' title='bbox 1828 3809 1955 3877; x_wconf 90' lang='lat' dir='ltr'>sibi,</span> <span class='ocrx_word' id='word_1_576' title='bbox 1988 3817 2044 3865; x_wconf 91' lang='lat' dir='ltr'>et</span> <span class='ocrx_word' id='word_1_577' title='bbox 2072 3809 2225 3863; x_wconf 89' lang='lat' dir='ltr'>vobis</span> <span class='ocrx_word' id='word_1_578' title='bbox 2255 3811 2418 3880; x_wconf 90' lang='lat' dir='ltr'>pleno</span> <span class='ocrx_word' id='word_1_579' title='bbox 2442 3812 2570 3880; x_wconf 89' lang='lat' dir='ltr'>jure</span> <span class='ocrx_word' id='word_1_580' title='bbox 2598 3827 2712 3864; x_wconf 92' lang='lat' dir='ltr'>non</span> <span class='ocrx_word' id='word_1_581' title='bbox 2741 3811 3052 3878; x_wconf 88' lang='lat' dir='ltr'>subessent,</span> <span class='ocrx_word' id='word_1_582' title='bbox 3089 3812 3429 3867; x_wconf 89' lang='lat' dir='ltr'>benedictio-</span> 
     </span>
    </p>
   </div>
   <div class='ocr_carea' id='block_1_81' title="bbox 182 3890 3430 3977">
    <p class='ocr_par' dir='ltr' id='par_1_81' title="bbox 182 3890 3430 3977">
     <span class='ocr_line' id='line_1_81' title="bbox 182 3890 3430 3977; baseline 0.004 -35"><span class='ocrx_word' id='word_1_583' title='bbox 182 3890 266 3958; x_wconf 86' lang='lat' dir='ltr'>les,</span> <span class='ocrx_word' id='word_1_584' title='bbox 303 3896 431 3950; x_wconf 87' lang='lat' dir='ltr'>alias</span> <span class='ocrx_word' id='word_1_585' title='bbox 471 3899 720 3963; x_wconf 86' lang='lat' dir='ltr'>Pontrel,</span> <span class='ocrx_word' id='word_1_586' title='bbox 764 3899 1004 3954; x_wconf 86' lang='lat' dir='ltr'>habebat</span> <span class='ocrx_word' id='word_1_587' title='bbox 1052 3901 1121 3954; x_wconf 91' lang='lat' dir='ltr'>ad</span> <span class='ocrx_word' id='word_1_588' title='bbox 1175 3902 1344 3956; x_wconf 87' lang='lat' dir='ltr'>vitam</span> <span class='ocrx_word' id='word_1_589' title='bbox 1389 3921 1550 3959; x_wconf 88' lang='lat' dir='ltr'>suam</span> <span class='ocrx_word' id='word_1_590' title='bbox 1582 3922 1751 3977; x_wconf 84' lang='lat' dir='ltr'>super</span> <span class='ocrx_word' id='word_1_591' title='bbox 1833 3915 1961 3953; x_wconf 86' lang='lat' dir='ltr'>nem</span> <span class='ocrx_word' id='word_1_592' title='bbox 1990 3899 2296 3952; x_wconf 91' lang='lat' dir='ltr'>solemnem</span> <span class='ocrx_word' id='word_1_593' title='bbox 2325 3915 2496 3970; x_wconf 90' lang='lat' dir='ltr'>super</span> <span class='ocrx_word' id='word_1_594' title='bbox 2524 3900 2814 3970; x_wconf 90' lang='lat' dir='ltr'>populum,</span> <span class='ocrx_word' id='word_1_595' title='bbox 2843 3907 2970 3972; x_wconf 88' lang='lat' dir='ltr'>post</span> <span class='ocrx_word' id='word_1_596' title='bbox 2999 3901 3316 3968; x_wconf 84' lang='lat' dir='ltr'>missarum,</span> <span class='ocrx_word' id='word_1_597' title='bbox 3342 3918 3430 3956; x_wconf 86' lang='lat' dir='ltr'>ve-</span> 
     </span>
    </p>
   </div>
   <div class='ocr_carea' id='block_1_82' title="bbox 184 3979 3428 4058">
    <p class='ocr_par' dir='ltr' id='par_1_82' title="bbox 184 3979 3428 4058">
     <span class='ocr_line' id='line_1_82' title="bbox 184 3979 3428 4058; baseline 0.002 -20"><span class='ocrx_word' id='word_1_598' title='bbox 184 3979 397 4037; x_wconf 83' lang='lat' dir='ltr'>decimas</span> <span class='ocrx_word' id='word_1_599' title='bbox 428 3992 484 4039; x_wconf 92' lang='lat' dir='ltr'>et</span> <span class='ocrx_word' id='word_1_600' title='bbox 514 3991 693 4040; x_wconf 89' lang='lat' dir='ltr'>terras</span> <span class='ocrx_word' id='word_1_601' title='bbox 724 3994 945 4041; x_wconf 90' lang='lat' dir='ltr'>nostras</span> <span class='ocrx_word' id='word_1_602' title='bbox 972 3989 1038 4042; x_wconf 92' lang='lat' dir='ltr'>de</span> <span class='ocrx_word' id='word_1_603' title='bbox 1080 3989 1297 4047; x_wconf 84' lang='lat' dir='ltr'>Caleto.</span> <span class='ocrx_word' id='word_1_604' title='bbox 1833 4003 2144 4058; x_wconf 90' lang='lat' dir='ltr'>sperarum,</span> <span class='ocrx_word' id='word_1_605' title='bbox 2173 3992 2231 4039; x_wconf 93' lang='lat' dir='ltr'>et</span> <span class='ocrx_word' id='word_1_606' title='bbox 2269 3987 2671 4041; x_wconf 90' lang='lat' dir='ltr'>matutinorum</span> <span class='ocrx_word' id='word_1_607' title='bbox 2702 3989 2976 4043; x_wconf 89' lang='lat' dir='ltr'>solemnia</span> <span class='ocrx_word' id='word_1_608' title='bbox 3011 3990 3340 4055; x_wconf 87' lang='lat' dir='ltr'>(dummodo</span> <span class='ocrx_word' id='word_1_609' title='bbox 3370 3991 3428 4044; x_wconf 94' lang='lat' dir='ltr'>in</span> 
     </span>
    </p>
   </div>
   <div class='ocr_carea' id='block_1_83' title="bbox 244 4071 3430 4148">
    <p class='ocr_par' dir='ltr' id='par_1_83' title="bbox 244 4071 3430 4148">
     <span class='ocr_line' id='line_1_83' title="bbox 244 4071 3430 4148; baseline 0.002 -23"><span class='ocrx_word' id='word_1_610' title='bbox 244 4071 367 4126; x_wconf 86' lang='lat' dir='ltr'>Item</span> <span class='ocrx_word' id='word_1_611' title='bbox 397 4077 683 4128; x_wconf 86' lang='lat' dir='ltr'>exornavit</span> <span class='ocrx_word' id='word_1_612' title='bbox 712 4078 1045 4144; x_wconf 66' lang='lat' dir='ltr'>manet-ium,</span> <span class='ocrx_word' id='word_1_613' title='bbox 1075 4084 1302 4146; x_wconf 81' lang='lat' dir='ltr'>terram,</span> <span class='ocrx_word' id='word_1_614' title='bbox 1327 4085 1384 4134; x_wconf 79' lang='lat' dir='ltr'>et</span> <span class='ocrx_word' id='word_1_615' title='bbox 1412 4080 1662 4135; x_wconf 77' lang='lat' dir='ltr'>redditus</span> <span class='ocrx_word' id='word_1_616' title='bbox 1682 4081 1751 4136; x_wconf 90' lang='lat' dir='ltr'>de</span> <span class='ocrx_word' id='word_1_617' title='bbox 1835 4075 2222 4129; x_wconf 89' lang='lat' dir='ltr'>benedictione</span> <span class='ocrx_word' id='word_1_618' title='bbox 2255 4076 2594 4145; x_wconf 88' lang='lat' dir='ltr'>hujusmodi,</span> <span class='ocrx_word' id='word_1_619' title='bbox 2632 4077 2838 4148; x_wconf 91' lang='lat' dir='ltr'>aliquis</span> <span class='ocrx_word' id='word_1_620' title='bbox 2876 4078 3128 4143; x_wconf 87' lang='lat' dir='ltr'>antistes,</span> <span class='ocrx_word' id='word_1_621' title='bbox 3164 4079 3246 4132; x_wconf 86' lang='lat' dir='ltr'>vel</span> <span class='ocrx_word' id='word_1_622' title='bbox 3279 4078 3430 4132; x_wconf 89' lang='lat' dir='ltr'>sedis</span> 
     </span>
    </p>
   </div>
   <div class='ocr_carea' id='block_1_84' title="bbox 185 4159 3426 4238">
    <p class='ocr_par' dir='ltr' id='par_1_84' title="bbox 185 4159 3426 4238">
     <span class='ocr_line' id='line_1_84' title="bbox 185 4159 3426 4238; baseline 0.002 -24"><span class='ocrx_word' id='word_1_623' title='bbox 185 4159 429 4234; x_wconf 78' lang='lat' dir='ltr'>Quevilly,</span> <span class='ocrx_word' id='word_1_624' title='bbox 460 4182 584 4235; x_wconf 81' lang='lat' dir='ltr'>quae</span> <span class='ocrx_word' id='word_1_625' title='bbox 619 4165 901 4219; x_wconf 84' lang='lat' dir='ltr'>invadiata</span> <span class='ocrx_word' id='word_1_626' title='bbox 921 4174 1084 4221; x_wconf 85' lang='lat' dir='ltr'>erant</span> <span class='ocrx_word' id='word_1_627' title='bbox 1110 4167 1374 4222; x_wconf 83' lang='lat' dir='ltr'>Gervasio</span> <span class='ocrx_word' id='word_1_628' title='bbox 1402 4169 1470 4223; x_wconf 86' lang='lat' dir='ltr'>de</span> <span class='ocrx_word' id='word_1_629' title='bbox 1498 4171 1664 4236; x_wconf 78' lang='lat' dir='ltr'>Saux,</span> <span class='ocrx_word' id='word_1_630' title='bbox 1698 4175 1754 4224; x_wconf 80' lang='lat' dir='ltr'>et</span> <span class='ocrx_word' id='word_1_631' title='bbox 1835 4166 2151 4236; x_wconf 83' lang='lat' dir='ltr'>apostolicae</span> <span class='ocrx_word' id='word_1_632' title='bbox 2173 4165 2390 4234; x_wconf 88' lang='lat' dir='ltr'>legatus</span> <span class='ocrx_word' id='word_1_633' title='bbox 2415 4181 2657 4235; x_wconf 80' lang='lat' dir='ltr'>praesens</span> <span class='ocrx_word' id='word_1_634' title='bbox 2676 4183 2789 4219; x_wconf 91' lang='lat' dir='ltr'>non</span> <span class='ocrx_word' id='word_1_635' title='bbox 2815 4167 2976 4230; x_wconf 90' lang='lat' dir='ltr'>foret)</span> <span class='ocrx_word' id='word_1_636' title='bbox 2999 4167 3224 4237; x_wconf 87' lang='lat' dir='ltr'>elargiri</span> <span class='ocrx_word' id='word_1_637' title='bbox 3243 4184 3426 4238; x_wconf 88' lang='lat' dir='ltr'>posse,</span> 
     </span>
    </p>
   </div>
   <div class='ocr_carea' id='block_1_85' title="bbox 189 4252 3430 4352">
    <p class='ocr_par' dir='ltr' id='par_1_85' title="bbox 189 4252 3430 4352">
     <span class='ocr_line' id='line_1_85' title="bbox 189 4252 3430 4352; baseline 0.003 -52"><span class='ocrx_word' id='word_1_638' title='bbox 189 4252 330 4352; x_wconf 66' lang='lat' dir='ltr'>uxori</span> <span class='ocrx_word' id='word_1_639' title='bbox 355 4270 459 4308; x_wconf 63' lang='lat' dir='ltr'>sua</span> <span class='ocrx_word' id='word_1_640' title='bbox 489 4255 561 4308; x_wconf 89' lang='lat' dir='ltr'>ad</span> <span class='ocrx_word' id='word_1_641' title='bbox 590 4255 761 4308; x_wconf 88' lang='lat' dir='ltr'>vitam</span> <span class='ocrx_word' id='word_1_642' title='bbox 792 4272 953 4310; x_wconf 90' lang='lat' dir='ltr'>suam</span> <span class='ocrx_word' id='word_1_643' title='bbox 977 4275 990 4324; x_wconf 86' lang='lat'><strong>;</strong></span> <span class='ocrx_word' id='word_1_644' title='bbox 1025 4263 1082 4310; x_wconf 92' lang='lat' dir='ltr'>et</span> <span class='ocrx_word' id='word_1_645' title='bbox 1109 4257 1274 4311; x_wconf 90' lang='lat' dir='ltr'>solvit</span> <span class='ocrx_word' id='word_1_646' title='bbox 1304 4257 1654 4328; x_wconf 89' lang='lat' dir='ltr'>octingentas</span> <span class='ocrx_word' id='word_1_647' title='bbox 1682 4259 1818 4352; x_wconf 88' lang='lat' dir='ltr'>li-D</span> <span class='ocrx_word' id='word_1_648' title='bbox 1837 4254 2095 4309; x_wconf 87' lang='lat' dir='ltr'>duximus</span> <span class='ocrx_word' id='word_1_649' title='bbox 2119 4253 2548 4323; x_wconf 85' lang='lat' dir='ltr'>indulgendum.</span> <span class='ocrx_word' id='word_1_650' title='bbox 2586 4255 2908 4352; x_wconf 54' lang='lat' dir='ltr'>lvosigitur</span> <span class='ocrx_word' id='word_1_651' title='bbox 2931 4255 3177 4352; x_wconf 76' lang='lat' dir='ltr'>volentes</span> <span class='ocrx_word' id='word_1_652' title='bbox 3217 4261 3430 4352; x_wconf 42' lang='lat' dir='ltr'>vos-at-</span> 
     </span>
    </p>
   </div>
   <div class='ocr_carea' id='block_1_86' title="bbox 189 4335 3432 4419">
    <p class='ocr_par' dir='ltr' id='par_1_86' title="bbox 189 4335 3432 4419">
     <span class='ocr_line' id='line_1_86' title="bbox 189 4335 3432 4419; baseline 0.002 -27"><span class='ocrx_word' id='word_1_653' title='bbox 189 4335 322 4403; x_wconf 87' lang='lat' dir='ltr'>bras,</span> <span class='ocrx_word' id='word_1_654' title='bbox 343 4342 401 4395; x_wconf 92' lang='lat' dir='ltr'>de</span> <span class='ocrx_word' id='word_1_655' title='bbox 421 4342 580 4397; x_wconf 86' lang='lat' dir='ltr'>bonis</span> <span class='ocrx_word' id='word_1_656' title='bbox 611 4345 788 4414; x_wconf 89' lang='lat' dir='ltr'>patris</span> <span class='ocrx_word' id='word_1_657' title='bbox 819 4352 876 4398; x_wconf 94' lang='lat' dir='ltr'>et</span> <span class='ocrx_word' id='word_1_658' title='bbox 899 4345 1096 4399; x_wconf 87' lang='lat' dir='ltr'>matris</span> <span class='ocrx_word' id='word_1_659' title='bbox 1127 4363 1260 4414; x_wconf 77' lang='lat' dir='ltr'>suae,</span> <span class='ocrx_word' id='word_1_660' title='bbox 1285 4363 1409 4418; x_wconf 84' lang='lat' dir='ltr'>quae</span> <span class='ocrx_word' id='word_1_661' title='bbox 1440 4364 1620 4419; x_wconf 86' lang='lat' dir='ltr'>nuper</span> <span class='ocrx_word' id='word_1_662' title='bbox 1649 4348 1752 4402; x_wconf 86' lang='lat' dir='ltr'>ha-</span> <span class='ocrx_word' id='word_1_663' title='bbox 1772 4335 1817 4352; x_wconf 66' lang='grc' dir='ltr'><em>ν</em></span> <span class='ocrx_word' id='word_1_664' title='bbox 1837 4344 1958 4398; x_wconf 89' lang='lat' dir='ltr'>tolli</span> <span class='ocrx_word' id='word_1_665' title='bbox 2005 4343 2268 4414; x_wconf 89' lang='lat' dir='ltr'>ampliori</span> <span class='ocrx_word' id='word_1_666' title='bbox 2310 4342 2679 4413; x_wconf 78' lang='lat' dir='ltr'>praerogativa</span> <span class='ocrx_word' id='word_1_667' title='bbox 2715 4343 2960 4408; x_wconf 89' lang='lat' dir='ltr'>honoris,</span> <span class='ocrx_word' id='word_1_668' title='bbox 2995 4343 3190 4398; x_wconf 87' lang='lat' dir='ltr'>vestris</span> <span class='ocrx_word' id='word_1_669' title='bbox 3226 4344 3286 4398; x_wconf 90' lang='lat' dir='ltr'>in</span> <span class='ocrx_word' id='word_1_670' title='bbox 3327 4345 3432 4400; x_wconf 89' lang='lat' dir='ltr'>hac</span> 
     </span>
    </p>
   </div>
   <div class='ocr_carea' id='block_1_87' title="bbox 186 4424 881 4491">
    <p class='ocr_par' dir='ltr' id='par_1_87' title="bbox 186 4424 881 4491">
     <span class='ocr_line' id='line_1_87' title="bbox 186 4424 881 4491; baseline 0.014 -12"><span class='ocrx_word' id='word_1_671' title='bbox 186 4424 363 4483; x_wconf 89' lang='lat' dir='ltr'>buerat</span> <span class='ocrx_word' id='word_1_672' title='bbox 388 4449 450 4485; x_wconf 78' lang='lat' dir='ltr'>ex</span> <span class='ocrx_word' id='word_1_673' title='bbox 481 4432 637 4486; x_wconf 90' lang='lat' dir='ltr'>obitu</span> <span class='ocrx_word' id='word_1_674' title='bbox 665 4451 881 4491; x_wconf 90' lang='lat' dir='ltr'>eorum.</span> 
     </span>
    </p>
   </div>
   <div class='ocr_carea' id='block_1_88' title="bbox 245 4514 1753 4581">
    <p class='ocr_par' dir='ltr' id='par_1_88' title="bbox 245 4514 1753 4581">
     <span class='ocr_line' id='line_1_88' title="bbox 245 4514 1753 4581; baseline 0.008 -13"><span class='ocrx_word' id='word_1_675' title='bbox 245 4514 374 4572; x_wconf 88' lang='lat' dir='ltr'>Item</span> <span class='ocrx_word' id='word_1_676' title='bbox 399 4521 468 4574; x_wconf 89' lang='lat' dir='ltr'>ad</span> <span class='ocrx_word' id='word_1_677' title='bbox 497 4521 796 4578; x_wconf 89' lang='lat' dir='ltr'>tuitionem</span> <span class='ocrx_word' id='word_1_678' title='bbox 817 4524 1092 4580; x_wconf 85' lang='lat' dir='ltr'>libertatis</span> <span class='ocrx_word' id='word_1_679' title='bbox 1117 4531 1320 4580; x_wconf 60' lang='lat' dir='ltr'>nostra;</span> <span class='ocrx_word' id='word_1_680' title='bbox 1339 4525 1408 4580; x_wconf 90' lang='lat' dir='ltr'>de</span> <span class='ocrx_word' id='word_1_681' title='bbox 1435 4525 1753 4581; x_wconf 90' lang='lat' dir='ltr'>venditione</span> 
     </span>
    </p>
   </div>
   <div class='ocr_carea' id='block_1_89' title="bbox 183 4603 1758 4686">
    <p class='ocr_par' dir='ltr' id='par_1_89' title="bbox 183 4603 1758 4686">
     <span class='ocr_line' id='line_1_89' title="bbox 183 4603 1758 4686; baseline 0.007 -27"><span class='ocrx_word' id='word_1_682' title='bbox 183 4603 417 4678; x_wconf 88' lang='lat' dir='ltr'>piscium,</span> <span class='ocrx_word' id='word_1_683' title='bbox 471 4611 691 4666; x_wconf 86' lang='lat' dir='ltr'>fortiter</span> <span class='ocrx_word' id='word_1_684' title='bbox 740 4612 1016 4668; x_wconf 83' lang='lat' dir='ltr'>laboravit</span> <span class='ocrx_word' id='word_1_685' title='bbox 1051 4620 1245 4670; x_wconf 91' lang='lat' dir='ltr'>contra</span> <span class='ocrx_word' id='word_1_686' title='bbox 1283 4621 1624 4670; x_wconf 89' lang='lat' dir='ltr'>mercatores</span> <span class='ocrx_word' id='word_1_687' title='bbox 1662 4616 1758 4686; x_wconf 89' lang='lat' dir='ltr'>qui</span> 
     </span>
    </p>
   </div>
   <div class='ocr_carea' id='block_1_90' title="bbox 183 4697 1757 4776">
    <p class='ocr_par' dir='ltr' id='par_1_90' title="bbox 183 4697 1757 4776">
     <span class='ocr_line' id='line_1_90' title="bbox 183 4697 1757 4776; baseline 0.008 -31"><span class='ocrx_word' id='word_1_688' title='bbox 183 4697 496 4754; x_wconf 86' lang='lat' dir='ltr'>recusabant</span> <span class='ocrx_word' id='word_1_689' title='bbox 515 4700 716 4756; x_wconf 70' lang='lat' dir='ltr'>afferre</span> <span class='ocrx_word' id='word_1_690' title='bbox 739 4703 918 4774; x_wconf 91' lang='lat' dir='ltr'>pisces</span> <span class='ocrx_word' id='word_1_691' title='bbox 947 4721 1078 4759; x_wconf 90' lang='lat' dir='ltr'>suos</span> <span class='ocrx_word' id='word_1_692' title='bbox 1108 4705 1328 4758; x_wconf 89' lang='lat' dir='ltr'>venales</span> <span class='ocrx_word' id='word_1_693' title='bbox 1358 4705 1428 4758; x_wconf 90' lang='lat' dir='ltr'>ad</span> <span class='ocrx_word' id='word_1_694' title='bbox 1457 4705 1757 4776; x_wconf 89' lang='lat' dir='ltr'>coquinam</span> 
     </span>
    </p>
   </div>
   <div class='ocr_carea' id='block_1_91' title="bbox 183 4782 1756 4865">
    <p class='ocr_par' dir='ltr' id='par_1_91' title="bbox 183 4782 1756 4865">
     <span class='ocr_line' id='line_1_91' title="bbox 183 4782 1756 4865; baseline 0.009 -31"><span class='ocrx_word' id='word_1_695' title='bbox 183 4782 343 4852; x_wconf 86' lang='lat' dir='ltr'>ipsius</span> <span class='ocrx_word' id='word_1_696' title='bbox 362 4791 707 4858; x_wconf 89' lang='lat' dir='ltr'>monasterii,</span> <span class='ocrx_word' id='word_1_697' title='bbox 732 4798 1035 4864; x_wconf 87' lang='lat' dir='ltr'>antequam</span> <span class='ocrx_word' id='word_1_698' title='bbox 1057 4801 1398 4865; x_wconf 86' lang='lat' dir='ltr'>exponerent</span> <span class='ocrx_word' id='word_1_699' title='bbox 1418 4803 1512 4848; x_wconf 75' lang='lat' dir='ltr'>e03</span> <span class='ocrx_word' id='word_1_700' title='bbox 1533 4795 1603 4848; x_wconf 90' lang='lat' dir='ltr'>ad</span> <span class='ocrx_word' id='word_1_701' title='bbox 1624 4811 1756 4848; x_wconf 93' lang='lat' dir='ltr'>ven-</span> 
     </span>
    </p>
   </div>
   <div class='ocr_carea' id='block_1_92' title="bbox 182 4871 1758 4955">
    <p class='ocr_par' dir='ltr' id='par_1_92' title="bbox 182 4871 1758 4955">
     <span class='ocr_line' id='line_1_92' title="bbox 182 4871 1758 4955; baseline 0.008 -30"><span class='ocrx_word' id='word_1_702' title='bbox 182 4871 428 4944; x_wconf 88' lang='lat' dir='ltr'>dendum,</span> <span class='ocrx_word' id='word_1_703' title='bbox 464 4886 528 4934; x_wconf 88' lang='lat' dir='ltr'>ut</span> <span class='ocrx_word' id='word_1_704' title='bbox 570 4881 742 4934; x_wconf 92' lang='lat' dir='ltr'>moris</span> <span class='ocrx_word' id='word_1_705' title='bbox 773 4889 876 4938; x_wconf 89' lang='lat' dir='ltr'>est.</span> <span class='ocrx_word' id='word_1_706' title='bbox 918 4884 1246 4955; x_wconf 90' lang='lat' dir='ltr'>Impetravit</span> <span class='ocrx_word' id='word_1_707' title='bbox 1275 4901 1310 4936; x_wconf 91' lang='lat' dir='ltr'>a</span> <span class='ocrx_word' id='word_1_708' title='bbox 1338 4884 1587 4938; x_wconf 87' lang='lat' dir='ltr'>Romano</span> <span class='ocrx_word' id='word_1_709' title='bbox 1617 4900 1758 4954; x_wconf 92' lang='lat' dir='ltr'>pon-</span> 
     </span>
    </p>
   </div>
   <div class='ocr_carea' id='block_1_93' title="bbox 183 4961 1760 5041">
    <p class='ocr_par' dir='ltr' id='par_1_93' title="bbox 183 4961 1760 5041">
     <span class='ocr_line' id='line_1_93' title="bbox 183 4961 1760 5041; baseline 0.005 -25"><span class='ocrx_word' id='word_1_710' title='bbox 183 4961 315 5018; x_wconf 83' lang='lat' dir='ltr'>tiﬁce</span> <span class='ocrx_word' id='word_1_711' title='bbox 341 4967 482 5036; x_wconf 90' lang='lat' dir='ltr'>quod</span> <span class='ocrx_word' id='word_1_712' title='bbox 513 4974 627 5022; x_wconf 87' lang='lat' dir='ltr'>tam</span> <span class='ocrx_word' id='word_1_713' title='bbox 657 4971 776 5041; x_wconf 91' lang='lat' dir='ltr'>ipse</span> <span class='ocrx_word' id='word_1_714' title='bbox 819 4987 988 5041; x_wconf 88' lang='lat' dir='ltr'>quam</span> <span class='ocrx_word' id='word_1_715' title='bbox 1025 4988 1371 5026; x_wconf 87' lang='lat' dir='ltr'>successores</span> <span class='ocrx_word' id='word_1_716' title='bbox 1408 4971 1494 5025; x_wconf 92' lang='lat' dir='ltr'>sui</span> <span class='ocrx_word' id='word_1_717' title='bbox 1533 4971 1760 5024; x_wconf 90' lang='lat' dir='ltr'>abbates</span> 
     </span>
    </p>
   </div>
   <div class='ocr_carea' id='block_1_94' title="bbox 181 5051 1761 5131">
    <p class='ocr_par' dir='ltr' id='par_1_94' title="bbox 181 5051 1761 5131">
     <span class='ocr_line' id='line_1_94' title="bbox 181 5051 1761 5131; baseline 0.004 -24"><span class='ocrx_word' id='word_1_718' title='bbox 181 5051 344 5119; x_wconf 83' lang='lat' dir='ltr'>Becci,</span> <span class='ocrx_word' id='word_1_719' title='bbox 374 5058 439 5111; x_wconf 85' lang='lat' dir='ltr'>de</span> <span class='ocrx_word' id='word_1_720' title='bbox 472 5064 672 5113; x_wconf 74' lang='lat' dir='ltr'>caetero</span> <span class='ocrx_word' id='word_1_721' title='bbox 698 5065 925 5130; x_wconf 88' lang='lat' dir='ltr'>possent</span> <span class='ocrx_word' id='word_1_722' title='bbox 954 5061 1036 5114; x_wconf 91' lang='lat' dir='ltr'>uti</span> <span class='ocrx_word' id='word_1_723' title='bbox 1067 5061 1236 5114; x_wconf 90' lang='lat' dir='ltr'>mitra</span> <span class='ocrx_word' id='word_1_724' title='bbox 1263 5067 1321 5115; x_wconf 89' lang='lat' dir='ltr'>et</span> <span class='ocrx_word' id='word_1_725' title='bbox 1348 5061 1473 5114; x_wconf 87' lang='lat' dir='ltr'>aliis</span> <span class='ocrx_word' id='word_1_726' title='bbox 1502 5060 1761 5131; x_wconf 85' lang='lat' dir='ltr'>insigniis</span> 
     </span>
    </p>
   </div>
   <div class='ocr_carea' id='block_1_95' title="bbox 182 5146 1320 5222">
    <p class='ocr_par' dir='ltr' id='par_1_95' title="bbox 182 5146 1320 5222">
     <span class='ocr_line' id='line_1_95' title="bbox 182 5146 1320 5222; baseline 0.009 -28"><span class='ocrx_word' id='word_1_727' title='bbox 182 5146 577 5210; x_wconf 78' lang='lat' dir='ltr'>pontiﬁcalibus</span> <span class='ocrx_word' id='word_1_728' title='bbox 602 5150 889 5220; x_wconf 91' lang='lat' dir='ltr'>perpetuis</span> <span class='ocrx_word' id='word_1_729' title='bbox 918 5151 1281 5221; x_wconf 86' lang='lat' dir='ltr'>temporibus.</span> <span class='ocrx_word' id='word_1_730' title='bbox 1317 5219 1320 5222; x_wconf 17' lang='lat'><strong><em>.</em></strong></span> 
     </span>
    </p>
   </div>
   <div class='ocr_carea' id='block_1_96' title="bbox 247 5233 1763 5307">
    <p class='ocr_par' dir='ltr' id='par_1_96' title="bbox 247 5233 1763 5307">
     <span class='ocr_line' id='line_1_96' title="bbox 247 5233 1763 5307; baseline 0.003 -19"><span class='ocrx_word' id='word_1_731' title='bbox 247 5233 456 5307; x_wconf 88' lang='lat' dir='ltr'>lncepit</span> <span class='ocrx_word' id='word_1_732' title='bbox 477 5239 796 5292; x_wconf 88' lang='lat' dir='ltr'>clausuram</span> <span class='ocrx_word' id='word_1_733' title='bbox 820 5256 1111 5294; x_wconf 89' lang='lat' dir='ltr'>murorum</span> <span class='ocrx_word' id='word_1_734' title='bbox 1133 5247 1189 5294; x_wconf 87' lang='lat' dir='ltr'>et</span> <span class='ocrx_word' id='word_1_735' title='bbox 1210 5240 1450 5294; x_wconf 90' lang='lat' dir='ltr'>turrium</span> <span class='ocrx_word' id='word_1_736' title='bbox 1483 5240 1632 5294; x_wconf 87' lang='lat' dir='ltr'>circa</span> <span class='ocrx_word' id='word_1_737' title='bbox 1648 5256 1763 5293; x_wconf 89' lang='lat' dir='ltr'>mo-</span> 
     </span>
    </p>
   </div>
   <div class='ocr_carea' id='block_1_97' title="bbox 1835 4431 3433 4504">
    <p class='ocr_par' dir='ltr' id='par_1_97' title="bbox 1835 4431 3433 4504">
     <span class='ocr_line' id='line_1_97' title="bbox 1835 4431 3433 4504; baseline 0.001 -18"><span class='ocrx_word' id='word_1_738' title='bbox 1835 4439 1995 4503; x_wconf 91' lang='lat' dir='ltr'>parte</span> <span class='ocrx_word' id='word_1_739' title='bbox 2025 4431 2530 4504; x_wconf 87' lang='lat' dir='ltr'>supplicationibus</span> <span class='ocrx_word' id='word_1_740' title='bbox 2566 4432 2836 4497; x_wconf 88' lang='lat' dir='ltr'>inclinati,</span> <span class='ocrx_word' id='word_1_741' title='bbox 2869 4437 2932 4486; x_wconf 89' lang='lat' dir='ltr'>ut</span> <span class='ocrx_word' id='word_1_742' title='bbox 2951 4438 3012 4486; x_wconf 92' lang='lat' dir='ltr'>tu</span> <span class='ocrx_word' id='word_1_743' title='bbox 3042 4433 3121 4486; x_wconf 87' lang='lat' dir='ltr'>ﬁli</span> <span class='ocrx_word' id='word_1_744' title='bbox 3153 4432 3342 4500; x_wconf 91' lang='lat' dir='ltr'>abbas,</span> <span class='ocrx_word' id='word_1_745' title='bbox 3375 4439 3433 4488; x_wconf 91' lang='lat' dir='ltr'>et</span> 
     </span>
    </p>
   </div>
   <div class='ocr_carea' id='block_1_98' title="bbox 1835 4521 3434 4592">
    <p class='ocr_par' dir='ltr' id='par_1_98' title="bbox 1835 4521 3434 4592">
     <span class='ocr_line' id='line_1_98' title="bbox 1835 4521 3434 4592; baseline 0 -16"><span class='ocrx_word' id='word_1_746' title='bbox 1835 4539 2182 4577; x_wconf 89' lang='lat' dir='ltr'>successores</span> <span class='ocrx_word' id='word_1_747' title='bbox 2229 4521 2314 4576; x_wconf 92' lang='lat' dir='ltr'>tui</span> <span class='ocrx_word' id='word_1_748' title='bbox 2363 4521 2614 4591; x_wconf 88' lang='lat' dir='ltr'>ejusdem</span> <span class='ocrx_word' id='word_1_749' title='bbox 2654 4521 2980 4576; x_wconf 90' lang='lat' dir='ltr'>monasterii</span> <span class='ocrx_word' id='word_1_750' title='bbox 3037 4521 3285 4589; x_wconf 88' lang='lat' dir='ltr'>abbates,</span> <span class='ocrx_word' id='word_1_751' title='bbox 3335 4521 3434 4592; x_wconf 89' lang='lat' dir='ltr'>qui</span> 
     </span>
    </p>
   </div>
   <div class='ocr_carea' id='block_1_99' title="bbox 1839 4611 3435 4683">
    <p class='ocr_par' dir='ltr' id='par_1_99' title="bbox 1839 4611 3435 4683">
     <span class='ocr_line' id='line_1_99' title="bbox 1839 4611 3435 4683; baseline 0.001 -19"><span class='ocrx_word' id='word_1_752' title='bbox 1839 4628 1940 4683; x_wconf 91' lang='lat' dir='ltr'>pro</span> <span class='ocrx_word' id='word_1_753' title='bbox 1971 4617 2223 4682; x_wconf 88' lang='lat' dir='ltr'>tempore</span> <span class='ocrx_word' id='word_1_754' title='bbox 2252 4611 2480 4676; x_wconf 89' lang='lat' dir='ltr'>fuerint,</span> <span class='ocrx_word' id='word_1_755' title='bbox 2511 4611 2697 4676; x_wconf 89' lang='lat' dir='ltr'>mitra,</span> <span class='ocrx_word' id='word_1_756' title='bbox 2720 4611 2947 4678; x_wconf 90' lang='lat' dir='ltr'>annulo,</span> <span class='ocrx_word' id='word_1_757' title='bbox 2973 4616 3030 4665; x_wconf 92' lang='lat' dir='ltr'>et</span> <span class='ocrx_word' id='word_1_758' title='bbox 3048 4611 3304 4682; x_wconf 87' lang='lat' dir='ltr'>insigniis</span> <span class='ocrx_word' id='word_1_759' title='bbox 3333 4612 3435 4666; x_wconf 87' lang='lat' dir='ltr'>hu-</span> 
     </span>
    </p>
   </div>
   <div class='ocr_carea' id='block_1_100' title="bbox 1836 4697 3437 4771">
    <p class='ocr_par' dir='ltr' id='par_1_100' title="bbox 1836 4697 3437 4771">
     <span class='ocr_line' id='line_1_100' title="bbox 1836 4697 3437 4771; baseline 0.001 -17"><span class='ocrx_word' id='word_1_760' title='bbox 1836 4700 2102 4770; x_wconf 89' lang='lat' dir='ltr'>jusmodi,</span> <span class='ocrx_word' id='word_1_761' title='bbox 2125 4701 2295 4754; x_wconf 90' lang='lat' dir='ltr'>etiam</span> <span class='ocrx_word' id='word_1_762' title='bbox 2322 4700 2382 4753; x_wconf 92' lang='lat' dir='ltr'>in</span> <span class='ocrx_word' id='word_1_763' title='bbox 2402 4699 2631 4770; x_wconf 86' lang='lat' dir='ltr'>synodis</span> <span class='ocrx_word' id='word_1_764' title='bbox 2657 4704 2713 4753; x_wconf 92' lang='lat' dir='ltr'>et</span> <span class='ocrx_word' id='word_1_765' title='bbox 2737 4697 2872 4753; x_wconf 91' lang='lat' dir='ltr'>locis</span> <span class='ocrx_word' id='word_1_766' title='bbox 2893 4701 3190 4771; x_wconf 69' lang='lat' dir='ltr'>provinciae</span> <span class='ocrx_word' id='word_1_767' title='bbox 3229 4701 3437 4756; x_wconf 86' lang='lat' dir='ltr'>Rotbo—</span> 
     </span>
    </p>
   </div>
   <div class='ocr_carea' id='block_1_101' title="bbox 1841 4787 3438 4859">
    <p class='ocr_par' dir='ltr' id='par_1_101' title="bbox 1841 4787 3438 4859">
     <span class='ocr_line' id='line_1_101' title="bbox 1841 4787 3438 4859; baseline 0.001 -17"><span class='ocrx_word' id='word_1_768' title='bbox 1841 4789 2143 4859; x_wconf 88' lang='lat' dir='ltr'>magensis,</span> <span class='ocrx_word' id='word_1_769' title='bbox 2175 4794 2233 4842; x_wconf 91' lang='lat' dir='ltr'>et</span> <span class='ocrx_word' id='word_1_770' title='bbox 2260 4788 2318 4842; x_wconf 91' lang='lat' dir='ltr'>in</span> <span class='ocrx_word' id='word_1_771' title='bbox 2368 4787 2748 4859; x_wconf 89' lang='lat' dir='ltr'>quarumlibet</span> <span class='ocrx_word' id='word_1_772' title='bbox 2793 4805 3181 4859; x_wconf 85' lang='lat' dir='ltr'>personarum,</span> <span class='ocrx_word' id='word_1_773' title='bbox 3217 4789 3438 4844; x_wconf 86' lang='lat' dir='ltr'>etiamsi</span> 
     </span>
    </p>
   </div>
   <div class='ocr_carea' id='block_1_102' title="bbox 1839 4877 3437 4950">
    <p class='ocr_par' dir='ltr' id='par_1_102' title="bbox 1839 4877 3437 4950">
     <span class='ocr_line' id='line_1_102' title="bbox 1839 4877 3437 4950; baseline 0 -18"><span class='ocrx_word' id='word_1_774' title='bbox 1839 4877 2145 4950; x_wconf 89' lang='lat' dir='ltr'>pontiﬁcali</span> <span class='ocrx_word' id='word_1_775' title='bbox 2166 4895 2264 4932; x_wconf 92' lang='lat' dir='ltr'>seu</span> <span class='ocrx_word' id='word_1_776' title='bbox 2279 4877 2451 4948; x_wconf 87' lang='lat' dir='ltr'>regali</span> <span class='ocrx_word' id='word_1_777' title='bbox 2469 4877 2796 4948; x_wconf 78' lang='lat' dir='ltr'>praefulgeat</span> <span class='ocrx_word' id='word_1_778' title='bbox 2813 4877 3105 4948; x_wconf 88' lang='lat' dir='ltr'>dignitate,</span> <span class='ocrx_word' id='word_1_779' title='bbox 3113 4879 3437 4950; x_wconf 66' lang='lat' dir='ltr'>praesentia,</span> 
     </span>
    </p>
   </div>
   <div class='ocr_carea' id='block_1_103' title="bbox 1841 4967 3439 5040">
    <p class='ocr_par' dir='ltr' id='par_1_103' title="bbox 1841 4967 3439 5040">
     <span class='ocr_line' id='line_1_103' title="bbox 1841 4967 3439 5040; baseline 0.001 -19"><span class='ocrx_word' id='word_1_780' title='bbox 1841 4967 2143 5021; x_wconf 87' lang='lat' dir='ltr'>dummodo</span> <span class='ocrx_word' id='word_1_781' title='bbox 2172 4967 2228 5020; x_wconf 89' lang='lat' dir='ltr'>in</span> <span class='ocrx_word' id='word_1_782' title='bbox 2250 4967 2496 5038; x_wconf 81' lang='lat' dir='ltr'>synodis,</span> <span class='ocrx_word' id='word_1_783' title='bbox 2521 4973 2578 5020; x_wconf 93' lang='lat' dir='ltr'>et</span> <span class='ocrx_word' id='word_1_784' title='bbox 2606 4967 2739 5021; x_wconf 91' lang='lat' dir='ltr'>locis</span> <span class='ocrx_word' id='word_1_785' title='bbox 2765 4967 3044 5038; x_wconf 68' lang='lat' dir='ltr'>praedictis</span> <span class='ocrx_word' id='word_1_786' title='bbox 3073 4968 3439 5040; x_wconf 77' lang='lat' dir='ltr'>archiepisco-</span> 
     </span>
    </p>
   </div>
   <div class='ocr_carea' id='block_1_104' title="bbox 1842 5056 3437 5128">
    <p class='ocr_par' dir='ltr' id='par_1_104' title="bbox 1842 5056 3437 5128">
     <span class='ocr_line' id='line_1_104' title="bbox 1842 5056 3437 5128; baseline 0 -18"><span class='ocrx_word' id='word_1_787' title='bbox 1842 5075 1946 5128; x_wconf 89' lang='lat' dir='ltr'>pus</span> <span class='ocrx_word' id='word_1_788' title='bbox 1974 5056 2440 5126; x_wconf 84' lang='lat' dir='ltr'>Rothomagensis</span> <span class='ocrx_word' id='word_1_789' title='bbox 2471 5073 2569 5126; x_wconf 88' lang='lat' dir='ltr'>pro</span> <span class='ocrx_word' id='word_1_790' title='bbox 2599 5062 2852 5128; x_wconf 89' lang='lat' dir='ltr'>tempore</span> <span class='ocrx_word' id='word_1_791' title='bbox 2882 5057 3141 5124; x_wconf 85' lang='lat' dir='ltr'>existens,</span> <span class='ocrx_word' id='word_1_792' title='bbox 3165 5058 3248 5112; x_wconf 84' lang='lat' dir='ltr'>vel</span> <span class='ocrx_word' id='word_1_793' title='bbox 3278 5058 3437 5110; x_wconf 67' lang='lat' dir='ltr'>dictae</span> 
     </span>
    </p>
   </div>
   <div class='ocr_carea' id='block_1_105' title="bbox 1842 5146 3437 5216">
    <p class='ocr_par' dir='ltr' id='par_1_105' title="bbox 1842 5146 3437 5216">
     <span class='ocr_line' id='line_1_105' title="bbox 1842 5146 3437 5216; baseline -0.001 -17"><span class='ocrx_word' id='word_1_794' title='bbox 1842 5146 1990 5200; x_wconf 89' lang='lat' dir='ltr'>sedis</span> <span class='ocrx_word' id='word_1_795' title='bbox 2015 5146 2254 5216; x_wconf 89' lang='lat' dir='ltr'>legatus,</span> <span class='ocrx_word' id='word_1_796' title='bbox 2288 5150 2389 5199; x_wconf 89' lang='lat' dir='ltr'>aut</span> <span class='ocrx_word' id='word_1_797' title='bbox 2417 5146 2666 5212; x_wconf 89' lang='lat' dir='ltr'>nuntius,</span> <span class='ocrx_word' id='word_1_798' title='bbox 2691 5163 2936 5216; x_wconf 72' lang='lat' dir='ltr'>praesens</span> <span class='ocrx_word' id='word_1_799' title='bbox 2968 5164 3078 5200; x_wconf 92' lang='lat' dir='ltr'>non</span> <span class='ocrx_word' id='word_1_800' title='bbox 3115 5146 3304 5211; x_wconf 90' lang='lat' dir='ltr'>fuerit,</span> <span class='ocrx_word' id='word_1_801' title='bbox 3336 5160 3437 5198; x_wconf 91' lang='lat' dir='ltr'>nec</span> 
     </span>
    </p>
   </div>
   <div class='ocr_carea' id='block_1_106' title="bbox 1843 5233 3436 5306">
    <p class='ocr_par' dir='ltr' id='par_1_106' title="bbox 1843 5233 3436 5306">
     <span class='ocr_line' id='line_1_106' title="bbox 1843 5233 3436 5306; baseline -0.003 -16"><span class='ocrx_word' id='word_1_802' title='bbox 1843 5253 1955 5290; x_wconf 90' lang='lat' dir='ltr'>non</span> <span class='ocrx_word' id='word_1_803' title='bbox 1982 5235 2312 5306; x_wconf 87' lang='lat' dir='ltr'>corporalia,</span> <span class='ocrx_word' id='word_1_804' title='bbox 2342 5235 2560 5299; x_wconf 90' lang='lat' dir='ltr'>calices,</span> <span class='ocrx_word' id='word_1_805' title='bbox 2601 5241 2657 5289; x_wconf 90' lang='lat' dir='ltr'>et</span> <span class='ocrx_word' id='word_1_806' title='bbox 2693 5235 2807 5289; x_wconf 88' lang='lat' dir='ltr'>alia</span> <span class='ocrx_word' id='word_1_807' title='bbox 2836 5242 3167 5290; x_wconf 90' lang='lat' dir='ltr'>ornamenta</span> <span class='ocrx_word' id='word_1_808' title='bbox 3195 5235 3264 5288; x_wconf 86' lang='lat' dir='ltr'>ad</span> <span class='ocrx_word' id='word_1_809' title='bbox 3296 5233 3436 5288; x_wconf 90' lang='lat' dir='ltr'>divi-</span> 
     </span>
    </p>
   </div>
   <div class='ocr_carea' id='block_1_107' title="bbox 181 5322 3436 5400">
    <p class='ocr_par' dir='ltr' id='par_1_107' title="bbox 181 5322 3436 5400">
     <span class='ocr_line' id='line_1_107' title="bbox 181 5322 3436 5400; baseline -0 -22"><span class='ocrx_word' id='word_1_810' title='bbox 181 5328 497 5395; x_wconf 85' lang='lat' dir='ltr'>nasterium,</span> <span class='ocrx_word' id='word_1_811' title='bbox 530 5345 600 5382; x_wconf 91' lang='lat' dir='ltr'>ne</span> <span class='ocrx_word' id='word_1_812' title='bbox 646 5329 716 5382; x_wconf 92' lang='lat' dir='ltr'>de</span> <span class='ocrx_word' id='word_1_813' title='bbox 763 5335 962 5383; x_wconf 72' lang='lat' dir='ltr'>caetero</span> <span class='ocrx_word' id='word_1_814' title='bbox 992 5329 1224 5383; x_wconf 89' lang='lat' dir='ltr'>ecclesia</span> <span class='ocrx_word' id='word_1_815' title='bbox 1257 5329 1670 5400; x_wconf 87' lang='lat' dir='ltr'>opprimeretur</span> <span class='ocrx_word' id='word_1_816' title='bbox 1705 5336 1764 5383; x_wconf 91' lang='lat' dir='ltr'>et</span> <span class='ocrx_word' id='word_1_817' title='bbox 1844 5343 1979 5380; x_wconf 87' lang='lat' dir='ltr'>num</span> <span class='ocrx_word' id='word_1_818' title='bbox 2009 5326 2241 5389; x_wconf 91' lang='lat' dir='ltr'>cultum,</span> <span class='ocrx_word' id='word_1_819' title='bbox 2293 5323 2350 5377; x_wconf 94' lang='lat' dir='ltr'>in</span> <span class='ocrx_word' id='word_1_820' title='bbox 2381 5323 2719 5378; x_wconf 90' lang='lat' dir='ltr'>monasterio</span> <span class='ocrx_word' id='word_1_821' title='bbox 2765 5325 3063 5395; x_wconf 89' lang='lat' dir='ltr'>prioratus,</span> <span class='ocrx_word' id='word_1_822' title='bbox 3097 5331 3153 5376; x_wconf 90' lang='lat' dir='ltr'>et</span> <span class='ocrx_word' id='word_1_823' title='bbox 3191 5322 3436 5378; x_wconf 90' lang='lat' dir='ltr'>ecclesiis</span> 
     </span>
    </p>
   </div>
   <div class='ocr_carea' id='block_1_108' title="bbox 183 5419 1759 5490">
    <p class='ocr_par' dir='ltr' id='par_1_108' title="bbox 183 5419 1759 5490">
     <span class='ocr_line' id='line_1_108' title="bbox 183 5419 1759 5490; baseline 0.003 -24"><span class='ocrx_word' id='word_1_824' title='bbox 183 5425 536 5487; x_wconf 89' lang='lat' dir='ltr'>occuparetur</span> <span class='ocrx_word' id='word_1_825' title='bbox 555 5425 810 5490; x_wconf 91' lang='lat' dir='ltr'>tempore</span> <span class='ocrx_word' id='word_1_826' title='bbox 831 5435 1188 5489; x_wconf 86' lang='lat' dir='ltr'>guerrarum,</span> <span class='ocrx_word' id='word_1_827' title='bbox 1207 5420 1354 5473; x_wconf 89' lang='lat' dir='ltr'>sicut</span> <span class='ocrx_word' id='word_1_828' title='bbox 1371 5425 1537 5473; x_wconf 90' lang='lat' dir='ltr'>antea</span> <span class='ocrx_word' id='word_1_829' title='bbox 1555 5419 1759 5472; x_wconf 84' lang='lat' dir='ltr'>fuerat.</span> 
     </span>
    </p>
   </div>
   <div class='ocr_carea' id='block_1_109' title="bbox 1845 5412 3435 5487">
    <p class='ocr_par' dir='ltr' id='par_1_109' title="bbox 1845 5412 3435 5487">
     <span class='ocr_line' id='line_1_109' title="bbox 1845 5412 3435 5487; baseline -0.003 -18"><span class='ocrx_word' id='word_1_830' title='bbox 1845 5414 2142 5487; x_wconf 59' lang='lat' dir='ltr'>pradictis,</span> <span class='ocrx_word' id='word_1_831' title='bbox 2176 5429 2241 5466; x_wconf 91' lang='lat' dir='ltr'>ac</span> <span class='ocrx_word' id='word_1_832' title='bbox 2271 5419 2397 5478; x_wconf 68' lang='grc' dir='ltr'>τεο</span> <span class='ocrx_word' id='word_1_833' title='bbox 2416 5413 2570 5476; x_wconf 82' lang='lat' dir='ltr'>locis,</span> <span class='ocrx_word' id='word_1_834' title='bbox 2593 5420 2650 5468; x_wconf 91' lang='lat' dir='ltr'>et</span> <span class='ocrx_word' id='word_1_835' title='bbox 2669 5414 2813 5478; x_wconf 89' lang='lat' dir='ltr'>aliis,</span> <span class='ocrx_word' id='word_1_836' title='bbox 2837 5412 2906 5465; x_wconf 90' lang='lat' dir='ltr'>ab</span> <span class='ocrx_word' id='word_1_837' title='bbox 2937 5412 3135 5466; x_wconf 91' lang='lat' dir='ltr'>eodem</span> <span class='ocrx_word' id='word_1_838' title='bbox 3155 5416 3435 5465; x_wconf 84' lang='lat' dir='ltr'>monaste-</span> 
     </span>
    </p>
   </div>
   <div class='ocr_carea' id='block_1_110' title="bbox 247 5500 3437 5575">
    <p class='ocr_par' dir='ltr' id='par_1_110' title="bbox 247 5500 3437 5575">
     <span class='ocr_line' id='line_1_110' title="bbox 247 5500 3437 5575; baseline -0.001 -16"><span class='ocrx_word' id='word_1_839' title='bbox 247 5505 314 5559; x_wconf 85' lang='lat' dir='ltr'>Et</span> <span class='ocrx_word' id='word_1_840' title='bbox 347 5524 491 5562; x_wconf 86' lang='lat' dir='ltr'>anno</span> <span class='ocrx_word' id='word_1_841' title='bbox 529 5509 834 5564; x_wconf 77' lang='lat' dir='ltr'>Dominicae</span> <span class='ocrx_word' id='word_1_842' title='bbox 865 5508 1270 5563; x_wconf 86' lang='lat' dir='ltr'>Incarnationis</span> <span class='ocrx_word' id='word_1_843' title='bbox 1317 5508 1616 5564; x_wconf 88' lang='lat' dir='ltr'>millesimo</span> <span class='ocrx_word' id='word_1_844' title='bbox 1655 5513 1764 5562; x_wconf 84' lang='lat' dir='ltr'>tre-</span> <span class='ocrx_word' id='word_1_845' title='bbox 1844 5505 1928 5559; x_wconf 90' lang='lat' dir='ltr'>rio</span> <span class='ocrx_word' id='word_1_846' title='bbox 1961 5501 2423 5575; x_wconf 89' lang='lat' dir='ltr'>dependentibus,</span> <span class='ocrx_word' id='word_1_847' title='bbox 2458 5501 2772 5556; x_wconf 87' lang='lat' dir='ltr'>necessaria</span> <span class='ocrx_word' id='word_1_848' title='bbox 2803 5500 3147 5566; x_wconf 89' lang='lat' dir='ltr'>benedicere,</span> <span class='ocrx_word' id='word_1_849' title='bbox 3180 5516 3281 5555; x_wconf 88' lang='lat' dir='ltr'>nec</span> <span class='ocrx_word' id='word_1_850' title='bbox 3324 5517 3437 5556; x_wconf 92' lang='lat' dir='ltr'>non</span> 
     </span>
    </p>
   </div>
  </div>
