3902 6166
519 293 624 353 675
1471 291 1568 344 ΑΙ)
1605 289 1844 346 OPERA
1883 290 1948 345 B.
1988 285 2404 345 LANFRANCI
2445 286 2830 343 APPENDIX.
3633 299 3718 358 676

517 429 571 478 et
628 418 916 476 monachis
969 416 1103 472 dicti
1145 414 1472 469 monasterii
1521 420 1812 469 tonsuram
1855 412 2338 484 conferreAOperi
2367 413 2663 467 fortericiae
2692 429 2792 483 per
2819 413 3145 484 praedictum
3174 417 3384 474 Harenc
3411 419 3652 495 inceptae,
3675 432 3720 480 et

518 513 850 574 clericalem,
876 508 1142 572 libere,et
1169 503 2106 576 licitepossitis,felicisrecordatio-
2189 501 2516 573 praedictum
2562 517 2701 572 opus
2740 501 2809 555 ad
2847 509 3062 557 tantam
3101 506 3477 576 perfectionem
3503 513 3723 582 perduxit

515 603 604 658 nis
620 597 917 655 Alexandri
934 614 1090 668 pitsz
1103 595 1308 666 quarti,
1331 593 1750 664 praedecessoris
1764 595 1955 656 nostri,
1984 610 2107 664 quae
2189 595 2252 645 ut
2270 588 2667 660 aspicientibus
2687 597 2933 645 castrum
2961 591 3383 665 inexpugnabile
3399 599 3721 668 judicaretur.

513 691 712 760 incipit
745 707 756 741 :
789 689 1033 750 Abbates,
1066 692 1123 740 et
1151 685 1278 739 aliis
1309 683 1733 754 quibuscunque
1761 683 2108 737 constitutio-
2257 679 2532 749 Tempore
2546 678 2672 744 isto,
2691 685 2919 748 regente
2937 679 3240 736 Ecclesiam
3253 685 3595 741 universalem
3607 707 3725 760 papa

513 779 679 835 nibus
716 775 1035 849 apostolicis
1064 775 1123 829 in
1153 773 1496 828 contrarium
1534 773 1717 839 editis,
1751 788 2106 843 nequaquam
2188 766 2522 831 Alexandro,
2551 766 2778 836 quidam
2808 768 3126 836 cardinalis,
3163 771 3464 827 Ludovicus
3490 775 3552 829 de
3575 775 3726 833 Flisco

514 867 866 924 obstantibus
880 865 1049 930 vobis,
1071 861 1787 927 eteisdemsuccessoribus,
1813 860 2111 916 auctorita-
2192 855 2496 926 vulgariter
2531 861 2904 926 nuncupatus,
2937 857 3088 912 tituli
3119 859 3303 914 Sancti
3331 861 3548 917 Adriani
3574 866 3725 921 cardi-

512 965 569 1014 te
591 957 913 1029 apostolica,
947 955 1014 1008 de
1043 953 1271 1025 speciali
1297 951 1501 1023 gratia,
1523 958 1716 1005 tenore
1748 950 2108 1022 praesentium
2190 943 2354 1009 naliS,
2379 944 2698 1014 impetravit
2725 945 3004 1016 pl‘ioratus
3033 947 3103 1001 de
3131 948 3468 1004 Bellomonte
3493 955 3544 1004 et
3569 952 3726 1009 Sancti

512 1047 889 1117 indulgemus.
913 1043 1067 1099 Nulli
1097 1059 1227 1112 ergo
1248 1041 1540 1094 hominum
1565 1040 1732 1094 liceat
1757 1040 1920 1103 hanc,
1950 1059 1971 1090 ι
1994 1044 2102 1093 etc.
2190 1033 2436 1100 Ymerii;
2470 1039 2528 1096 et
2554 1051 2655 1104 per
2683 1034 3004 1106 episcopum
3035 1035 3418 1093 Placentinum
3454 1043 3726 1111 procuravit

585 1137 693 1190 Pro
730 1135 860 1189 sede
890 1131 1162 1203 capienda
1207 1131 1266 1184 in
1315 1129 1526 1201 synodo
1565 1129 1967 1199 archiepiscopi
1995 1128 2108 1183 Ro-
2189 1123 2412 1177 decerni
2439 1123 2615 1177 dictos
2638 1122 2919 1194 prioratus
2943 1124 3012 1178 ad
3037 1124 3223 1195 ipsum
3250 1126 3517 1198 pertinere
3543 1135 3594 1183 et
3623 1148 3726 1201 spe-

512 1223 917 1294 thomagensis,
948 1221 1055 1275 fuit
1093 1221 1161 1274 lis
1211 1225 1363 1273 mota
1391 1219 1539 1272 inter
1568 1217 1826 1271 abbatem
1857 1218 2014 1272 Becci
2052 1221 2112 1272 et
2189 1217 2360 1277 ctare,
2395 1218 2452 1293 et
2497 1213 2784 1267 mandavit
2809 1213 3044 1284 singulis
3073 1215 3364 1271 abbatibus
3394 1223 3448 1272 et
3484 1220 3726 1274 conventi-

513 1314 980 1374 Gemeticensem,
1023 1315 1276 1380 tempore
1334 1307 1494 1361 istius
1543 1305 1814 1360 Gautl‘ridi
1864 1307 2104 1373 Harenc,
2187 1299 2310 1367 bus,
2334 1299 2438 1355 sub
2463 1301 2640 1372 poenis
2677 1302 2952 1356 contentis
2977 1315 3033 1356 et
3069 1304 3378 1359 fulminatis
3405 1305 3459 1359 in
3486 1323 3726 1376 processu,

514 1403 609 1474 qui
631 1401 852 1456 dicebat
869 1399 973 1453 sibi
1001 1397 1307 1452 secundum
1334 1397 1514 1450 locum
1537 1394 1838 1465 pertinere,
1856 1395 1966 1449 alio
1981 1409 2108 1448 con-
2189 1392 2254 1442 ut
2277 1389 2669 1459 permitterent
2696 1390 2904 1443 dictum
2930 1391 3291 1459 cardinalem,
3318 1397 3414 1447 aut
3434 1394 3545 1463 ejus
3569 1411 3730 1465 procu-

509 1491 746 1546 trarium
775 1492 1085 1543 asserente.
2189 1483 2433 1531 ratorem
2476 1495 2578 1548 pro
2622 1494 2686 1532 eo
2717 1478 2962 1533 nancisci
3008 1486 3066 1534 et
3091 1480 3322 1552 adipisci
3372 1482 3729 1552 possessionem

581 1582 855 1649 Tempore
874 1575 1036 1630 istius
1053 1573 1328 1628 Gaull‘ridi
1360 1574 1597 1638 Harenc,
1620 1571 1934 1643 presbyteri
1954 1571 2106 1626 soliti
2188 1565 2536 1636 prioratuum
2568 1566 2994 1638 pradictorum;
3027 1569 3085 1622 in
3111 1585 3222 1639 qua
3250 1571 3581 1641 possessione
3607 1573 3730 1642 prio-

511 1674 674 1724 erant
694 1684 794 1738 pro
815 1663 1108 1735 stipendiis
1148 1663 1265 1716 suis
1293 1662 1574 1732 percipere
1599 1661 1890 1715 annuatim
1913 1661 2105 1714 decem
2187 1658 2344 1708 ratus
2386 1654 2455 1708 de
2492 1655 2858 1721 Bellomonte,
2890 1661 3024 1711 tunc
3066 1663 3188 1711 erat
3227 1658 3400 1736 frater
3435 1659 3730 1714 Guillermus

509 1759 730 1812 francos
751 1761 807 1808 et
828 1755 1062 1825 juvenes
1091 1768 1203 1805 non
1231 1750 1542 1822 presbyteri
1569 1755 1711 1809 octo.
1740 1755 1796 1803 et
1817 1749 2100 1815 diminuit,
2120 1768 2166 1828 B
2187 1742 2256 1796 de
2285 1743 2517 1798 Fiscano
2544 1744 2838 1814 religiosus
2865 1745 2934 1799 de
2961 1745 3153 1811 Becco,
3191 1752 3248 1801 et
3277 1747 3444 1801 frater
3465 1747 3731 1802 Richardus

509 1851 739 1917 propter
755 1841 1091 1897 fortericiam
1109 1839 1641 1910 (propugnaculum,
1659 1837 1781 1891 Gal.
1801 1838 2105 1905 forteresse)
2187 1831 2256 1884 de
2282 1832 2562 1886 Malavilla
2595 1832 2828 1903 professi
2857 1833 2926 1887 de
2950 1833 3142 1900 Becco,
3166 1840 3223 1889 et
3247 1835 3316 1888 ab
3343 1835 3447 1889 isto
3470 1836 3626 1889 nobili
3652 1836 3732 1890 Pa-

510 1933 964 1995 construendam,
1001 1929 1148 2000 quod
1173 1927 1483 1998 presbyteri
1510 1927 1691 1980 solum
1723 1932 1844 1980 octo
1861 1925 2102 1993 francos,
2186 1923 2272 1973 tre
2301 1920 2612 1975 Guillermo
2641 1921 2751 1976 fuit
2792 1923 3094 1994 appellatio
3124 1923 3451 1996 interposita
3478 1931 3530 1978 et
3569 1925 3733 1979 sortita

510 2029 567 2078 et
587 2026 820 2093 juvenes
848 2037 940 2074 sex
970 2019 1190 2071 francos
1211 2017 1584 2086 perciperent,
1602 2020 1659 2068 et
1686 2015 1908 2068 duravit
1927 2031 2106 2085 usque
2187 2015 2276 2064 est
2301 2027 2467 2064 suum
2496 2010 2776 2068 effectum.
2809 2011 3058 2065 Feodum
3087 2012 3156 2066 de
3188 2013 3512 2085 Feugueray
3539 2014 3734 2085 acquisi-

509 2113 580 2165 ad
599 2117 852 2180 tempora
872 2106 1086 2160 domini
1121 2103 1402 2159 Willermi
1422 2105 1490 2157 de
1514 2104 1689 2168 Valle,
1714 2103 1932 2157 abbatis
1961 2103 2108 2173 vige-
2189 2100 2267 2153 vit
2294 2115 2327 2152 a
2346 2099 2572 2154 domino
2601 2099 2910 2154 Guillermo
2941 2100 3138 2165 milite,
3168 2119 3270 2171 pro
3296 2119 3516 2157 summa
3531 2103 3732 2158 duorum

507 2201 635 2255 simi
665 2198 909 2269 septimi.
2187 2187 2339 2242 mille
2361 2188 2616 2242 ducentis
2637 2193 2693 2242 et
2721 2188 3131 2260 quinquaginta
3157 2189 3319 2244 libris
3340 2191 3731 2246 Turonensibus.

578 2290 800 2348 Postea,
831 2301 979 2339 anno
1004 2281 1227 2338 Domini
1253 2280 1551 2334 millesimo
1579 2280 1971 2334 trecentesimo
1999 2297 2104 2335 no-

507 2378 796 2449 nagesimo
820 2391 988 2440 nono,
1019 2373 1108 2426 die
1140 2371 1356 2426 decima
1385 2370 1624 2440 septima
1654 2370 1807 2434 Julii,
1845 2375 1971 2440 post
2001 2369 2102 2424 ob-

507 2468 650 2521 itum
677 2465 855 2520 felicis
884 2460 1283 2516 recordationis
1313 2459 1562 2530 praadicti
1585 2458 1856 2512 Gaufl'ridi
1883 2459 2104 2512 Harenc

507 2555 727 2610 abbatis
760 2552 916 2607 Becci
943 2549 1193 2621 vigesimi
1223 2548 1424 2619 quinti,
1455 2562 1731 2601 consensu
1758 2547 1931 2600 totius
1968 2563 2102 2600 con-

505 2643 848 2715 gregationis
877 2645 933 2694 et
961 2637 1211 2693 omnium
1243 2636 1514 2708 priorum,
1541 2636 1610 2688 ad
1644 2635 1971 2689 electionem
2004 2635 2104 2690 de-

505 2733 620 2788 bite
648 2737 990 2794 vocatorum,
1033 2744 1131 2798 per
1163 2726 1305 2778 viam
1339 2724 1515 2778 sancti
1551 2724 1813 2794 Spiritus,
1846 2723 2104 2778 omnibus

506 2818 992 2883 concordantibus,
1027 2815 1321 2886 religiosus
1365 2819 1421 2867 et
1457 2813 1726 2867 honestus
1757 2812 1841 2866 vir
1871 2812 2105 2866 Guillel-

505 2928 630 2966 mus
672 2910 740 2964 de
790 2905 1209 2967 Annullaribus,
1244 2903 1424 2956 dictus
1463 2903 1531 2955 de
1569 2901 1747 2963 Valle,
1781 2906 1914 2954 tunc
1951 2900 2106 2972 prior

505 2999 820 3054 claustralis
848 2994 1026 3060 Becci,
1059 2993 1247 3047 divina
1275 2990 1690 3062 dispensatione
1727 2989 1837 3043 fuit
1871 2989 2098 3056 electus,

2183 2279 2233 2331 A
2262 2277 2489 2332 domino
2517 2279 2731 2332 Joanne
2767 2278 2836 2332 de
2875 2277 3106 2334 Boulaio
3135 2279 3314 2335 milite
3353 2281 3500 2335 aliud
3544 2280 3734 2335 feodum

2183 2367 2511 2437 contiguum
2549 2367 2761 2422 dictum
2803 2367 2872 2422 de
2907 2368 3121 2440 Boulay
3167 2385 3270 2440 pro
3318 2386 3534 2425 summa
3569 2387 3733 2424 novem

2184 2461 2407 2509 centum
2441 2455 2731 2510 librarum.

2255 2545 2401 2598 Nota
2422 2545 2571 2615 quod
2605 2560 2798 2599 muros
2827 2544 3120 2600 fortericize
3147 2547 3365 2601 curavit
3393 2546 3510 2602 fieri
3530 2545 3734 2601 Gauﬂ'ri-

2185 2632 2290 2686 dus
2304 2633 2540 2694 Harenc,
2560 2634 2816 2688 maximae
2836 2634 3170 2699 latitudinis,
3194 2636 3449 2691 videlicet
3462 2635 3734 2708 quindecim

2185 2721 2412 2792 pedum,
2450 2722 2536 2776 vel
2568 2722 2715 2777 circa
2743 2723 2799 2776 in
2822 2721 3002 2790 basso,
3029 2729 3086 2778 et
3113 2725 3170 2778 in
3205 2725 3320 2779 alto
3342 2726 3526 2780 decem
3543 2725 3734 2797 pedum,

2187 2810 2500 2865 altitudinis
2520 2811 2750 2880 majoris
2773 2826 2942 2882 quam
2965 2812 3079 2866 sint
3107 2813 3254 2868 muri
3279 2814 3512 2868 civitatis
3533 2814 3739 2867 Avenio—

2186 2899 2395 2966 nensis,
2439 2904 2497 2953 et
2527 2899 2675 2954 infra
2702 2899 2877 2955 dictos
2916 2918 3106 2955 muros
3147 2901 3430 2957 inchoavit
3457 2901 3736 2974 quindecim

2184 2993 2369 3042 turres
2400 3005 2651 3059 magnas.
2685 2987 2798 3043 Iste
2827 2988 3143 3044 Willelmus
3185 2991 3383 3046 habuit
3413 3009 3444 3045 a
3473 3009 3594 3062 rege
3620 3006 3738 3061 prte-

505 3095 562 3158 et
585 3094 779 3160 postea
804 3102 838 3138 a
867 3081 1169 3138 reverendo
1198 3080 1255 3134 in
1279 3079 1499 3133 Christo
1522 3079 1688 3131 Patre
1720 3077 1946 3130 domino
1968 3076 2106 3130 Wil-
2126 3077 2403 3148 Cceptum
2447 3082 2510 3130 ut
2539 3076 2747 3131 dictum
2779 3094 2916 3148 opus
2961 3078 3340 3136 continuaret.
3371 3081 3438 3134 Et
3463 3080 3562 3134 fuit
3594 3076 3739 3133 turris

504 3180 682 3232 lermo
721 3177 790 3229 de
828 3173 1042 3226 Vienne
1081 3165 1519 3237 Rothomagensi
1563 3165 1998 3235 archiepiscopo,
2042 3165 2102 3218 in

503 3267 594 3322 die
608 3261 1017 3320 Translationis
1037 3259 1213 3312 sancti
1230 3255 1518 3326 Stephani,
1537 3253 2101 3308 benedictus.Deinde

502 3358 561 3411 in
589 3355 679 3408 die
726 3349 874 3404 beati
922 3343 1316 3402 Bartholomaai
1355 3343 1631 3413 sequenti,
1665 3343 1813 3412 apud
1863 3342 2100 3395 Beccum

503 3448 734 3500 ovanter
763 3442 1019 3506 receptus
1050 3435 1108 3487 in
1162 3438 1444 3502 pastorem
1478 3447 1490 3483 :
1541 3429 1800 3483 omnibus
1854 3429 2007 3483 mitis
2045 3435 2103 3484 et

502 3529 761 3593 affabilis,
793 3525 1043 3580 omnium
1074 3539 1292 3575 morum
1326 3517 1602 3590 probitate
1640 3519 1974 3585 adornatus;
2006 3518 2101 3589 qui

501 3618 828 3692 praedictum
852 3611 1255 3667 monasterium
1284 3615 1511 3662 strenue
1533 3608 1838 3661 octodecim
1859 3607 2023 3662 annis
2045 3611 2102 3661 et

501 3707 750 3779 quinque
776 3700 1060 3757 mensibus
1089 3699 1234 3752 rexit
1262 3703 1318 3750 et
1338 3696 1690 3767 gubernavit.

573 3796 676 3850 Hic
705 3799 958 3863 tempore
979 3805 1080 3843 suo
1106 3787 1329 3841 feodum
1359 3785 1428 3839 de
1455 3784 1769 3855 Fengerito,
1797 3789 1855 3838 et
1872 3783 2099 3838 feodum

498 3885 568 3942 de
592 3884 862 3954 Bouleyo,
881 3879 1029 3952 apud
1053 3879 1320 3932 Sanctum
1342 3875 1649 3929 Martinum
1670 3873 1739 3927 de
1759 3873 1932 3928 Parco
1954 3872 2094 3938 sitis,

497 3972 827 4046 acquisivit;
863 3966 1120 4024 similiter
1145 3971 1327 4020 totum
1361 3963 1584 4018 feodum
1624 3963 1693 4016 de
1735 3961 2096 4016 Calvomonte

497 4082 564 4120 ex
577 4065 817 4134 integro,
831 4059 977 4132 apud
997 4058 1232 4112 Pontem
1251 4052 1479 4108 Antonii
1501 4057 1556 4106 et
1571 4051 1716 4122 apud
1735 4051 2056 4105 Russeriam
2077 4069 2089 4118 ;

494 4153 720 4210 feodum
753 4151 821 4205 de
860 4147 1082 4203 Mellino
1111 4142 1413 4209 Joscelinii,
1449 4147 1503 4195 et
1540 4141 1687 4212 apud
1733 4140 2093 4194 Servavillam

494 4243 721 4298 feodum
752 4237 1026 4302 Grandin,
1062 4240 1117 4288 et
1146 4233 1371 4288 feodum
1401 4231 1469 4285 de
1499 4231 1672 4284 Bosco
1703 4229 1850 4299 apud
1892 4228 2094 4282 Pome-

494 4333 673 4395 riaux,
706 4328 930 4383 feodum
974 4321 1197 4378 Henrici
1235 4321 1304 4375 de
1334 4317 1564 4388 Grongi.
1599 4318 1744 4372 Item
1790 4315 2096 4386 acquitavit

2183 3166 2410 3236 majoris
2452 3166 2766 3220 altitudinis
2808 3172 2864 3220 et
2907 3166 3220 3222 latitudinis
3268 3187 3437 3240 quam
3466 3170 3536 3223 sit
3578 3168 3739 3238 aliqua

2182 3255 2355 3309 turris
2402 3255 2460 3309 in
2489 3255 2765 3323 Marsilia;
2816 3260 2873 3309 et
2901 3256 3198 3327 complevit
3226 3257 3286 3310 in
3318 3258 3496 3329 spatio
3525 3257 3737 3328 quinque

2183 3360 2479 3410 annorum,
2500 3361 2601 3415 pro
2619 3343 2868 3414 quolibet
2887 3361 3034 3398 anno
3056 3362 3360 3416 exponens,
3381 3347 3437 3400 in
3459 3343 3739 3417 hujusmodi

2181 3432 2482 3497 fortericia,
2517 3432 2762 3503 quinque
2792 3433 2945 3487 mille
2972 3433 3139 3487 libras
3163 3435 3534 3490 Turonenses.

2254 3522 2364 3576 Iste
2393 3521 2736 3575 Guillermus
2763 3522 3056 3593 acquisivit
3083 3523 3312 3577 feodum
3337 3524 3406 3578 de
3435 3523 3651 3579 Meslino
3669 3522 3741 3576 Jo-

2181 3610 2343 3676 celin,
2368 3626 2515 3664 anno
2544 3610 2767 3665 Domini
2791 3610 3086 3665 millesimo
3114 3611 3648 3684 quadringentesimo
3667 3610 3740 3663 de-

2180 3699 2324 3753 cimo
2345 3698 2561 3769 quinto,
2577 3715 2612 3752 a
2630 3699 2855 3752 domino
2879 3698 3157 3761 Dobeaux,
3184 3704 3241 3752 et
3259 3701 3426 3755 solvit
3445 3700 3587 3754 mille
3609 3697 3741 3769 quin-

2177 3792 2377 3859 gentas
2408 3786 2600 3854 libras,
2633 3793 2698 3842 ut
2726 3793 2881 3859 patet
2905 3804 3004 3858 per
3028 3788 3418 3859 quittanciam.

2251 3876 2400 3930 Nota
2426 3875 2596 3930 etiam
2627 3875 2774 3946 quod
2814 3892 2915 3929 suo
2961 3881 3213 3947 tempore
3252 3878 3503 3949 quidam,
3547 3873 3741 3930 nomine

2176 3966 2336 4020 Joan.
2357 3965 2425 4018 de
2454 3965 2511 4019 la
2537 3964 2726 4019 Lande
2759 3965 2827 4018 de
2854 3965 3038 4030 Tillia,
3068 3971 3299 4036 propter
3321 3981 3626 4038 processum
3645 3978 3740 4016 mo-

2178 4059 2299 4108 tum
2322 4053 2472 4108 inter
2499 4069 2600 4107 nos
2629 4059 2685 4107 et
2715 4069 2864 4120 eum,
2893 4054 3186 4108 associavit
3214 4055 3323 4109 sibi
3351 4053 3629 4110 duodecim
3655 4051 3739 4104 ho-

2176 4144 2376 4209 mines,
2410 4143 2505 4214 qui
2537 4143 2790 4213 quotidie
2820 4143 3023 4197 armati
3054 4142 3369 4199 circuibant
3406 4144 3667 4198 abbatiam
3695 4144 3763 4198 et.

2177 4233 2458 4303 prioratus
2487 4236 2728 4298 nostros,
2755 4237 2819 4286 ut
2865 4231 2912 4285 si
2954 4231 3200 4286 invenire
3231 4237 3463 4303 possent
3494 4245 3653 4286 unum
3683 4227 3739 4280 de

2175 4321 2382 4376 nostris
2408 4321 2521 4374 sive
2552 4320 2897 4390 religiosum,
2929 4320 3042 4374 sive
3069 4327 3182 4387 2|
3226 4323 3571 4386 servitorem,
3601 4315 3742 4372 muti-

493 4419 693 4490 viginti
723 4417 894 4470 libras
923 4412 1194 4476 redditus,
1229 4425 1368 4481 quas
1405 4407 1699 4462 domicella
1737 4403 1954 4458 Joanna
1983 4395 2157 4458 La-D
2176 4407 2379 4474 larent,
2402 4413 2501 4462 aut
2520 4408 2855 4474 occiderent,
2873 4414 2930 4462 et
2950 4409 3360 4464 mandaverunt
3386 4409 3634 4481 praedicto
3656 4402 3739 4458 ab-

494 4508 724 4563 beneste
736 4498 1387 4578 percipiebatannuatim
1403 4512 1572 4567 super
1595 4495 1817 4549 feodum
1835 4498 2090 4548 nostrum

495 4596 566 4650 de
593 4595 757 4665 Muys
783 4591 933 4663 apud
966 4587 1337 4643 Marbodium.
1366 4586 1509 4639 Item
1540 4583 1834 4654 acquisivit
1861 4583 2091 4636 domum

493 4689 747 4740 nostram
777 4679 1042 4743 Parisius,
1077 4677 1136 4730 in
1166 4691 1370 4747 magno
1401 4674 1519 4729 vico
1567 4672 1759 4728 Sancti
1794 4670 2004 4736 Jacobi,
2037 4675 2094 4726 et

494 4770 844 4828 amortisavit
859 4773 916 4824 et
940 4765 1264 4823 exoneravit
1281 4763 1573 4820 ecclesiam
1599 4763 1668 4816 de
1688 4765 1913 4816 centum
1932 4759 2090 4814 libris

493 4862 765 4928 redditus,
791 4859 886 4931 qui
917 4855 1267 4912 debebantur
1297 4850 1740 4908 carturieniebus
1769 4849 2092 4904 Parisiensi-

493 4950 618 5018 bus,
651 4955 704 5004 et
735 4947 968 5018 collegio
999 4946 1067 5001 de
1097 4946 1440 5008 Dormanno,
1473 4939 1755 4994 mediante
1785 4943 2090 5011 apponcta-

495 5045 686 5095 mento
716 5039 864 5093 inter
885 5054 985 5092 nos
1019 5039 1077 5090 et
1103 5034 1251 5105 ipsos
1281 5032 1445 5086 facto.
1485 5029 1631 5084 Item
1661 5029 1902 5083 ducenta
1933 5032 2092 5081 scuta

493 5132 616 5186 auri
646 5128 845 5184 Joanni
876 5127 944 5182 de
963 5124 1136 5180 Vadis
1165 5121 1446 5188 restituit;
1476 5119 1572 5192 qui
1601 5120 1842 5173 Joannes
1871 5132 2090 5170 accom-

494 5221 819 5276 modaverat
847 5216 1109 5290 praedicto
1140 5211 1428 5268 Gaufl’rido
1458 5210 1696 5274 Harenc,
1735 5211 1793 5262 et
1822 5206 2091 5277 magistro

492 5311 706 5367 militiae
765 5309 834 5362 de
878 5304 1122 5370 Rhodes,
1163 5300 1572 5376 quadringenta
1609 5302 1766 5350 scuta
1798 5295 1919 5350 auri
1969 5311 2092 5366 qua:

491 5401 610 5472 ipse
667 5396 1126 5454 accomodaverat
1174 5389 1439 5464 praedicto
1487 5385 1776 5441 Gauffrido
1845 5385 2085 5450 Harenc,

491 5491 550 5546 in
609 5485 1061 5562 peregrinatione
1102 5497 1224 5547 sua,
1267 5484 1325 5533 et
1368 5477 1542 5531 multa
1596 5473 1977 5546 haereditagia,
2019 5473 2089 5528 de

495 5579 697 5654 quibus
720 5594 822 5650 per
841 5580 1006 5649 pacta
1025 5574 1212 5648 potest
1229 5581 1518 5644 apparere.
1543 5565 1670 5639 Ipse
1690 5565 1860 5620 etiam
1884 5562 2090 5618 institit

2171 4496 2288 4551 bati
2320 4514 2420 4568 per
2447 4498 2752 4568 quamdam
2781 4498 3034 4552 cedulam
3065 4498 3346 4569 signatam
3377 4515 3566 4554 eorum
3590 4491 3740 4565 signis

2175 4586 2322 4657 quod
2353 4603 2480 4641 eum
2511 4587 2843 4655 occiderent,
2877 4588 2922 4641 si
2962 4604 3090 4642 eum
3114 4587 3262 4642 exire
3287 4589 3659 4658 contingeret;
3693 4587 3740 4635 et

2174 4674 2220 4730 si
2238 4691 2349 4731 non
2371 4675 2565 4742 exiret,
2588 4681 2765 4730 totam
2792 4677 3021 4731 domum
3041 4677 3423 4732 incenderent.
3450 4677 3517 4730 Et
3535 4675 3599 4729 de
3617 4673 3740 4726 facto

2171 4765 2360 4836 plures
2373 4765 2662 4838 religiosos
2682 4770 2878 4820 euntes
2895 4765 2965 4819 ad
2986 4765 3210 4837 negotia
3224 4782 3327 4820 sua
3346 4763 3737 4823 mutilaverunt,

2172 4859 2230 4909 et
2259 4854 2407 4926 apud
2438 4855 2704 4910 Sanctum
2733 4853 3101 4909 Philibertum
3132 4871 3308 4910 unum
3339 4854 3664 4915 occiderunt,
3695 4850 3743 4900 et

2173 4943 2224 4997 ei
2243 4943 2440 5014 pedem
2457 4947 2906 5014 amputaverunt,
2931 4947 2988 4996 et
3008 4941 3178 4996 alium
3203 4937 3742 4996 mutilaverunt.Con-

2172 5031 2350 5086 victus
2375 5032 2443 5086 de
2467 5031 2728 5087 omnibus
2757 5031 3043 5086 maleﬁciis
3072 5031 3369 5102 praedictis,
3403 5037 3461 5084 et
3491 5026 3652 5083 etiam
3684 5021 3742 5078 de

2171 5116 2320 5171 furto
2365 5133 2660 5172 nemorum
2708 5122 3048 5182 nostrorum,
3079 5132 3315 5186 quorum
3354 5113 3601 5170 custodia
3627 5112 3741 5163 ante

2175 5210 2298 5260 erat
2325 5204 2430 5259 sibi
2456 5205 2773 5271 commissa,
2799 5204 3048 5259 Parisius
3067 5201 3174 5258 fuit
3199 5201 3483 5269 bannitus,
3517 5205 3579 5254 ut
3604 5199 3741 5270 patet

2172 5310 2274 5366 per
2303 5310 2624 5365 processum
2653 5310 2834 5360 suum,
2869 5292 2962 5364 qui
2991 5298 3076 5346 est
3104 5293 3161 5345 in
3191 5291 3551 5347 chartulario.

2243 5383 2548 5452 Postquam
2597 5387 2785 5436 autem
2831 5381 2939 5436 fuit
2987 5380 3050 5435 in
3087 5381 3328 5435 Ecclesia
3373 5395 3475 5450 per
3515 5373 3738 5448 spatium

2171 5471 2416 5544 quinque
2427 5487 2877 5539 annorum,anno
2898 5468 3196 5524 millesimo
3212 5463 3738 5542 quadringentesimo

2171 5565 2390 5635 quarto,
2436 5565 2734 5636 postquam
2763 5559 3081 5617 obedientia
3109 5559 3216 5618 fuit
3247 5559 3467 5616 reddita
3495 5558 3654 5612 Petro
3676 5549 3737 5604 de
