3902 6166
204 259 293 315 677
1393 252 1819 308 CHRONICON
1858 248 2247 307 BECCENSE.
3348 249 3454 308 678

204 387 361 445 Luna,
411 382 559 436 dicto
597 380 917 445 Benedicto,
961 396 1084 450 qua:
1121 377 1227 431 sibi
1259 383 1425 431 antea
1486 376 1769 431 subtracta
1787 377 1840 436 Α
1857 376 1922 429 ad
1957 376 2187 431 ﬂuvium
2216 375 2384 439 Risle,
2417 379 2643 447 excepto
2668 379 2858 429 monte
2892 375 3081 429 Sancti
3126 376 3439 437 Michaelis.

202 475 381 538 fuerat,
434 472 728 526 occasione
776 469 1093 524 schismatis
1150 467 1295 539 quod
1357 473 1489 521 tunc
1544 471 1666 519 erat
1717 466 1776 519 in
1859 466 1928 533 Et
1950 466 2119 519 etiam
2146 464 2389 518 obtinuit
2435 465 2880 519 Cenomanorum
2929 466 3277 533 comitatum,
3320 484 3448 522 cum

202 560 446 625 Ecclesia,
481 560 712 631 quidam
737 558 1049 614 Ludovicus
1068 556 1249 611 dictus
1280 556 1347 609 de
1370 555 1774 619 Chantemelle,
1859 557 2137 627 adjacenti
2167 556 2419 626 regione.

203 651 353 707 abbas
376 649 444 703 de
466 649 739 714 Troarno,
780 645 1117 718 procurabat
1158 644 1307 716 apud
1350 644 1642 716 praefatum
1687 660 1781 715 pa-
1933 646 2001 699 Et
2027 646 2125 700 illo
2152 651 2406 716 tempore
2436 661 2631 699 omnes
2676 645 2789 699 fere
2836 644 3153 700 habitantes
3198 652 3255 700 et
3293 663 3448 702 com-

203 756 313 812 pam
345 737 560 791 institui
583 737 643 791 in
668 736 935 808 praedicto
959 734 1302 789 monasterio
1332 733 1612 799 Beccensi,
1647 732 1779 804 quia
1860 740 2145 788 morantes
2175 734 2321 789 circa
2350 734 2608 800 Beccum,
2631 738 2747 787 tam
2776 733 2991 788 nobiles
3035 751 3204 805 quam
3229 734 3445 803 incolae,

201 827 353 881 abbas
373 826 665 880 Beccensis
697 825 946 880 nondum
979 824 1210 878 miserat
1234 823 1304 877 ad
1326 822 1670 885 curiam,nec
1687 838 1779 874 va-
1858 828 2214 879 retraxerunt
2242 840 2302 877 se
2343 840 2470 877 cum
2518 822 2676 877 bonis
2721 823 2839 876 suis
2884 822 2941 875 in
2988 821 3266 878 fortericia
3314 823 3450 880 dicti

201 922 397 970 cantem
427 916 691 980 solverat,
718 914 1011 969 occasione
1029 912 1310 985 praedictae
1326 909 1769 976 substractionis;
1855 912 2201 977 monasterii,
2229 912 2285 966 in
2307 915 2467 966 tanta
2486 910 2799 982 quantitate
2819 911 2966 982 quod
2985 911 3234 982 oportuit
3244 911 3451 967 dictam

201 1006 382 1061 idcirco
419 1004 662 1076 arripuit
688 1004 797 1058 iter
827 1004 898 1057 ad
918 1003 1246 1068 Massiliam,
1277 1000 1374 1055 ubi
1396 1006 1533 1055 tunc
1560 1005 1775 1071 tempo-
1853 999 2192 1054 fortericiam
2220 1000 2483 1071 gentibus
2512 1006 2569 1054 et
2592 998 2944 1064 victualibus,
2987 1001 3242 1071 expensis
3272 1003 3449 1057 eccle-

204 1095 269 1149 ris
295 1093 584 1165 praedictus
621 1091 959 1147 Benedictus
986 1089 1240 1161 degebat,
1284 1087 1397 1160 qui,
1442 1104 1507 1141 eo
1553 1087 1667 1140 viso
1718 1091 1775 1140 et
1854 1087 1969 1154 size,
2015 1088 2253 1143 munire.
2294 1088 2560 1159 Oportuit
2601 1087 2773 1141 etiam
2833 1088 3063 1141 consilio
3129 1090 3449 1163 aliquorum

205 1184 340 1257 gravi
394 1184 516 1254 ejus
546 1182 865 1236 constantia
893 1180 1240 1235 considerata
1265 1184 1321 1231 et
1351 1176 1619 1231 electione
1656 1177 1775 1246 ejus
1856 1175 2146 1231 destruere
2171 1182 2227 1230 et
2254 1176 2513 1230 demoliri
2533 1177 2723 1231 omnia
2746 1176 2980 1230 aediﬁcia
2996 1177 3131 1232 dicti
3163 1184 3446 1235 monaste-

207 1273 421 1339 visitata,
456 1272 578 1344 ipse
618 1288 741 1325 eam
794 1270 1162 1335 conﬁrmavit,
1210 1274 1265 1321 et
1308 1266 1534 1320 licentia
1570 1282 1602 1319 a
1644 1265 1776 1319 sede
1858 1265 1947 1328 rii,
1981 1270 2138 1319 extra
2182 1266 2500 1319 clausuram
2540 1265 2833 1319 fortericiee
2879 1266 3193 1332 existentia,
3238 1269 3450 1322 scilicet

208 1363 484 1436 apostolica
538 1365 767 1433 accepta
822 1361 892 1415 ad
948 1358 1352 1414 monasterium
1394 1356 1601 1422 rediit;
1654 1372 1776 1427 quae
1858 1354 2045 1408 aulam
2075 1354 2279 1407 dictam
2307 1354 2363 1407 la
2389 1352 2740 1421 Malmaison,
2769 1353 2963 1409 domos
2988 1359 3119 1408 ante
3142 1354 3453 1427 eleemosy-

209 1452 558 1506 controversia
616 1450 776 1505 valde
831 1449 1083 1521 gravavit
1137 1446 1460 1512 Ecclesiam,
1508 1450 1625 1499 tam
1674 1460 1777 1516 pro
1858 1459 2010 1505 nam,
2048 1442 2278 1496 domum
2310 1441 2616 1507 fabrorum,
2640 1442 2835 1496 domos
2865 1442 3452 1515 hospitum,capellam

211 1539 434 1610 expensis
462 1554 633 1609 quam
662 1553 764 1608 pro
793 1542 1022 1590 vacante
1051 1534 1332 1588 solvenda.
1859 1531 2048 1586 Sancti
2073 1531 2349 1595 Herluini,
2373 1546 2502 1584 cum
2514 1530 2640 1584 aliis
2662 1530 2855 1585 multis
2874 1530 3133 1586 domibus
3149 1539 3205 1586 et
3216 1532 3455 1588 ofﬁcinis

266 1628 399 1680 Nota
425 1626 573 1697 quod
603 1642 752 1680 anno
776 1624 999 1679 Domini
1023 1622 1321 1677 millesimo
1347 1620 1826 1697 quadringente-_
1857 1619 2006 1673 circa
2034 1620 2101 1673 ad
2103 1619 2435 1690 jacentibus.
2461 1618 2725 1690 Oportuit
2746 1620 2916 1673 etiam
2930 1624 3122 1674 taxare
3143 1619 3371 1675 bladum
3391 1622 3451 1676 in

210 1716 327 1769 simo
356 1694 568 1787 quinto,
599 1719 871 1786 regnante
896 1713 1095 1768 Carolo
1133 1727 1264 1782 rege
1308 1711 1668 1774 Francorum,
1710 1710 1771 1763 in
1792 1694 2147 1762 Brefectorio
2180 1715 2235 1762 et
2261 1708 2451 1762 fenum
2482 1708 2540 1762 in
2566 1708 2831 1779 capitulo,
2866 1707 2925 1762 in
2946 1709 3193 1763 maxima
3213 1709 3452 1763 tribula-

210 1822 334 1859 anno
361 1804 515 1875 regni
543 1804 631 1858 sui
679 1803 945 1873 vigesimo
982 1807 1201 1873 quarto,
1253 1799 1359 1854 fuit
1392 1799 1611 1853 reddita
1641 1798 1774 1852 obe-
1855 1796 2006 1851 tione
2022 1797 2558 1852 etdoloreommium
2582 1798 3038 1852 domesticorum.
3062 1798 3131 1852 Et
3149 1804 3276 1869 post
3292 1805 3453 1854 tanta

209 1895 393 1949 dientia
416 1894 642 1948 domino
671 1910 847 1964 papae,
881 1909 982 1963 per
1010 1907 1178 1962 quam
1209 1895 1375 1943 antea
1391 1893 1554 1943 erant
1569 1888 1775 1942 beneﬂ-
1855 1886 2212 1941 incommoda
2237 1886 2535 1957 praedictus
2564 1886 2901 1940 reverendus
2924 1886 3094 1941 Pater
3113 1886 3450 1943 Guillelmus

207 1982 279 2036 cia
300 1983 353 2036 in
379 1982 746 2052 dispositione
775 1980 1185 2035 ordinariorum
1219 1977 1577 2043 conferenda,
1595 1982 1652 2031 et
1680 1993 1775 2031 or-
1856 1975 2048 2042 abbas,
2092 1974 2414 2045 hujusmodi
2460 1975 2828 2029 incommodis
2884 1975 3085 2029 anxius
3143 1982 3200 2029 et
3249 1977 3447 2045 tristis,

207 2070 315 2124 dine
346 2071 485 2141 juris
531 2070 832 2124 electiones
879 2067 1332 2133 celebrabantur;
1375 2071 1433 2121 et
1470 2071 1599 2136 post
1639 2065 1773 2120 obe-
1854 2064 2143 2135 aegrotavit
2168 2065 2283 2118 fere
2312 2081 2412 2134 per
2449 2069 2692 2134 quatuor
2717 2080 2955 2119 menses.
2980 2064 3102 2128 Qua
3121 2065 3452 2121 inﬁrmitate

205 2159 446 2213 dientiam
463 2160 742 2213 redditam
763 2158 820 2213 in
842 2175 1013 2212 manu
1030 2174 1206 2229 papae,
1231 2156 1407 2210 voluit
1424 2171 1570 2226 papa
1586 2155 1775 2210 levare
1854 2154 2295 2223 ingravescente,
2353 2152 2593 2207 decessit
2650 2152 2819 2206 tertia
2868 2152 2958 2206 die
3011 2153 3264 2207 Januarii
3317 2154 3454 2209 anni

205 2249 490 2302 vacantiam
522 2246 919 2302 beneﬁciorum
950 2252 1065 2300 tam
1089 2244 1433 2315 regularium
1465 2259 1631 2314 quam
1668 2260 1775 2298 sse-
1857 2241 2105 2314 praadicti
2131 2241 2966 2312 millesimiquadringentesimi
2983 2241 3186 2296 decimi
3202 2244 3449 2314 septimi,

204 2338 471 2401 cularium,
495 2354 619 2408 quae
667 2341 998 2390 vacaverant
1051 2340 1183 2388 ante
1236 2333 1612 2387 redditionem
1649 2332 1777 2386 obe-
1856 2331 2108 2402 sepultus
2136 2331 2195 2385 in
2226 2331 2409 2383 medio
2438 2331 2594 2384 chori
2623 2336 2755 2384 ante
2787 2330 3123 2402 pedaneum,
3165 2331 3261 2385 ubi
3309 2332 3454 2387 solet

202 2425 421 2481 dientiaa.
453 2426 616 2490 Quod
637 2441 751 2479 non
782 2424 965 2495 potuit
994 2422 1268 2487 obtinere,
1311 2438 1442 2492 rege
1490 2420 1777 2476 contradi-
1856 2420 2035 2490 accipi
2063 2418 2393 2473 benedictio.
2430 2420 2604 2488 Cujus
2632 2420 2824 2473 anima
2843 2418 3158 2491 requiescat
3184 2420 3243 2475 in
3282 2437 3446 2492 pace.

203 2513 761 2569 oente.Etdeclaravit
788 2512 1158 2567 intentionem
1183 2527 1367 2574 suam,
1391 2516 1450 2564 et
1473 2509 1776 2580 praedicare
1928 2509 2076 2562 Nota
2105 2509 2252 2580 quod
2284 2509 2355 2562 ad
2386 2508 2725 2562 fortericiam
2765 2508 2924 2562 Becci
2975 2509 3303 2577 faciendam,
3347 2510 3453 2564 ho-

199 2602 383 2657 fecitin
410 2603 646 2658 ecclesia
671 2606 874 2656 nostrae
904 2600 1158 2655 Domina:
1189 2599 1467 2665 Parisius;
1496 2599 1645 2669 quod
1660 2614 1774 2654 non
1857 2596 2038 2651 mines
2059 2598 2315 2651 tenentes
2344 2597 2413 2651 de
2442 2596 2673 2651 ecclesia
2702 2597 2881 2662 Becci,
2908 2598 3183 2668 compulsi
3222 2605 3351 2654 sunt
3382 2598 3455 2652 ad

201 2692 364 2762 potuit
389 2692 663 2757 obtinere,
692 2707 823 2760 rege
855 2689 1289 2743 contradicente.
1855 2685 2322 2740 contribuendum
2360 2702 2461 2756 pro
2490 2685 2742 2755 qualibet
2758 2702 2890 2740 acra
2915 2691 3104 2752 terrae,
3125 2704 3293 2758 quam
3325 2688 3455 2743 inde

258 2783 411 2835 Anno
427 2779 657 2835 Domini
671 2779 965 2833 millesimo
987 2777 1538 2850 quadringentesimo
1558 2776 1775 2831 decimo
1855 2773 2143 2840 tenebant,
2164 2775 2379 2845 solvere
2395 2774 2690 2829 dimidium
2708 2775 2981 2830 ﬂorenum
2998 2776 3142 2830 auri.
3162 2777 3230 2831 Et
3247 2778 3453 2831 iterum

204 2869 395 2940 quinto,
429 2886 621 2923 mense
646 2867 907 2938 Augusti,
943 2867 999 2921 in
1032 2867 1221 2937 vigilia
1249 2865 1427 2921 sancti
1456 2864 1764 2933 Laurentii,
1858 2880 2180 2918 concessum
2214 2862 2372 2917 nobis
2404 2869 2488 2917 est
2516 2864 2702 2919 aduce
2728 2864 3173 2933 Northmanniae,
3188 2871 3251 2920 ut
3269 2866 3456 2921 levare

204 2973 330 3013 anno
369 2957 661 3028 regiminis
704 2956 955 3028 praedicti
1001 2955 1295 3010 Guillermi
1334 2954 1551 3009 decimo
1597 2958 1773 3020 sexto,
1801 2969 2149 3028 “possemus
2197 2970 2297 3024 per
2343 2953 2572 3007 modum
2640 2952 2893 3021 subsidii,
2946 2954 3015 3008 ab
3065 2971 3177 3009 uno
3230 2971 3454 3027 quoque

208 3046 458 3101 Henricus
486 3064 583 3100 rex
629 3046 935 3115 Anglorum
975 3045 1207 3116 quintus
1235 3044 1506 3115 applicuit
1529 3043 1587 3097 in
1630 3044 1778 3097 Nor-
1797 3042 1840 3071 υ
1858 3042 2152 3097 hominum
2173 3048 2515 3109 nostrorum,
2547 3059 2646 3114 pro
2668 3042 2919 3114 quolibet
2940 3045 3453 3111 mense,duodecim

206 3134 695 3201 mmanniam,cum
718 3150 921 3204 magno
942 3133 1207 3198 exercitu,
1231 3138 1287 3187 et
1305 3132 1532 3187 navium
1553 3132 1780 3203 copiosa
1858 3131 2137 3196 denarios,
2168 3148 2270 3202 pro
2316 3131 2486 3186 simili
2527 3148 2697 3186 causa
2731 3131 3042 3199 fortericiaa,
3095 3138 3160 3188 ut
3195 3139 3350 3205 patet
3393 3135 3453 3190 in

209 3223 568 3291 multitudine,
602 3228 660 3276 et
687 3222 922 3287 obsedit,
953 3238 1015 3276 ac
1044 3222 1101 3276 in
1127 3221 1277 3283 brevi
1307 3220 1550 3276 obtinuit
1591 3220 1778 3275 villam
1857 3219 2167 3292 repertorio
2205 3236 2365 3287 novo,
2399 3220 2456 3274 in
2479 3221 2644 3276 titulo
2674 3221 3102 3276 fortiﬁcatiouis.

210 3311 266 3365 de
293 3314 568 3367 Hareﬂoto
599 3312 786 3383 [vulgo
814 3310 1120 3381 Ilarﬂcur],
1149 3316 1205 3365 et
1220 3327 1343 3365 eam
1366 3310 1779 3379 munivitgente
1930 3310 2076 3364 Nota
2106 3310 2254 3380 quod
2295 3310 2539 3364 Joannes
2565 3309 2635 3363 de
2683 3309 3002 3383 Chambray
3034 3309 3167 3365 fecit
3198 3311 3456 3368 tumbam

212 3417 312 3467 sua,
342 3401 603 3473 expulsis,
647 3399 877 3454 civibus.
927 3400 1126 3453 Postea
1166 3399 1406 3470 arripuit
1443 3399 1551 3453 iter
1585 3415 1779 3454 versus
1860 3398 2073 3452 domini
2103 3398 2386 3452 Guillelmi
2415 3398 2650 3465 abbatis,
2676 3404 2735 3452 et
2750 3399 2933 3453 soluta
2975 3406 3098 3466 22
3135 3406 3268 3456 sunt
3314 3417 3454 3473 qua-

214 3490 482 3555 Calesium,
517 3506 620 3561 per
638 3505 846 3561 pagum
865 3488 1234 3553 Caletensem,
1260 3494 1317 3542 et
1336 3504 1436 3558 per
1450 3487 1778 3542 comitatum
1860 3487 2123 3557 draginta
2151 3496 2329 3554 scuta,
2360 3493 2425 3541 ut
2445 3493 2599 3560 patet
2626 3488 2684 3542 in
2714 3487 3053 3542 chartulario
3085 3506 3185 3561 per
3206 3491 3457 3562 quittan-

213 3578 269 3632 de
290 3579 573 3634 Pontumal
600 3598 614 3645 ς
648 3583 707 3632 et
731 3594 858 3631 cum
892 3577 1209 3631 venissetin
1239 3593 1446 3647 pagum
1466 3577 1781 3631 Tarvanen-
1862 3576 2027 3643 ciam,
2058 3576 2117 3630 in
2145 3562 2378 3631 fardello
2407 3577 2629 3647 signato
2660 3593 2776 3648 per.
2814 3616 2846 3630 ..
2877 3583 2933 3631 et
2977 3584 3112 3632 nota
3141 3580 3290 3650 quod
3336 3581 3456 3651 ipse

213 3683 329 3731 sem,
373 3668 429 3721 in
482 3668 669 3721 locum
708 3666 804 3737 qui
844 3666 1051 3721 dicitur
1088 3665 1360 3737 Agincort
1408 3664 1771 3735 (Azz’ncourt),
1859 3664 2809 3735 tenebaturcameraeapostolicazin
2826 3665 2977 3720 mille
2997 3667 3225 3723 ﬂorenis
3245 3684 3461 3723 annua-

213 3755 385 3810 habuit
408 3756 666 3828 praelium
722 3772 850 3809 cum
891 3754 1139 3809 exercitu
1185 3754 1532 3808 Francorum
1583 3753 1640 3807 in
1689 3753 1779 3808 die
1859 3754 1983 3821 tim,
2013 3759 2077 3809 ut
2092 3761 2248 3826 patet
2270 3772 2371 3827 per
2393 3755 2749 3827 quittancias,
2770 3754 2828 3809 in
2848 3771 2979 3810 arca
2994 3756 3453 3828 quittanciarum.

212 3850 505 3899 sanctorum
534 3844 778 3915 Crispini
820 3849 877 3898 et
914 3843 1271 3914 Crispiniani.
1320 3844 1386 3898 In
1428 3859 1538 3915 quo
1587 3842 1779 3914 praelio
2479 3856 2849 3900 EPITAPHIUH.

213 3932 304 3986 fuit
336 3950 534 4005 magna
574 3933 753 3988 caedes
802 3933 1165 3999 Francorum,
1219 3937 1277 3986 et
1326 3931 1405 3986 ibi
1447 3937 1783 3987 corruerunt
2002 3934 2106 3987 Hic
2122 3936 2267 4002 jacet
2283 3936 2591 4002 exemplum
2620 3934 2901 4000 bonitatis,
2934 3936 3128 4001 regula
3175 3951 3418 4004 morum,

216 4022 375 4088 multi,
405 4028 521 4077 tam
544 4023 713 4077 duces
744 4038 911 4093 quam
932 4022 1163 4076 comites
1194 4026 1251 4076 et
1279 4020 1537 4087 barones,
1565 4036 1782 4075 necnon
2003 4023 2242 4075 Iustitia;
2262 4025 2549 4089 templum,
2576 4020 2704 4088 ﬁdei
2725 4037 2835 4085 cas,
2874 4025 2977 4076 tua:
3007 4024 3423 4092 monachorum,

217 4116 266 4163 et
289 4112 438 4166 multi
493 4110 726 4176 nobiles,
760 4117 818 4166 et
848 4126 1045 4166 eorum
1066 4110 1230 4165 multi
1252 4110 1421 4181 capti,
1457 4114 1515 4164 et
1543 4110 1694 4164 ducti
1723 4109 1783 4163 in
2010 4109 2369 4174 Guillermus,
2401 4110 2582 4176 frater
2608 4110 2889 4177 quondam
2909 4111 2971 4163 de
3015 4110 3153 4163 Valle
3186 4117 3426 4178 vocatus,

220 4199 448 4269 Angliam
505 4199 740 4254 vinculis
788 4199 1091 4271 mancipati
1143 4199 1391 4265 fuerunt,
1450 4203 1508 4252 et
1544 4198 1640 4252 alii
1716 4198 1793 4261 de,
2007 4199 2347 4267 Gcenobiique
2372 4198 2534 4251 Pater
2561 4199 2851 4264 Beccensis,
2874 4200 3093 4266 origine
3122 4205 3289 4253 natus

223 4289 431 4345 exemita
464 4290 812 4345 Francorum
858 4289 1142 4359 fugerunt.
1189 4288 1556 4343 Postmodum
1578 4286 1847 4359 praedi-D
2004 4288 2086 4342 Ea:
2121 4287 2530 4350 Emultaribus,
2562 4287 2794 4340 diacesis
2828 4288 3185 4341 Leaoviensis.

220 4380 327 4431 ctus
350 4394 433 4434 rex
455 4377 840 4434 transfretavit
863 4378 923 4432 in
953 4377 1235 4448 Angliam,
1270 4393 1398 4433 cum
1437 4376 1627 4448 praeda
1662 4391 1784 4431 ma-
2004 4376 2180 4430 Abbas
2195 4378 2488 4444 vigesimus
2507 4379 2689 4429 sextus
2710 4393 2727 4440 ;
2756 4388 2917 4444 quem
2945 4376 3142 4446 ﬂebitis
3175 4377 3318 4431 ensis

2006 4466 2243 4519 Funeris
2268 4465 2539 4531 emhausit,
2562 4466 2760 4519 vitalia
2788 4467 2990 4533 ﬁlaque
3019 4468 3179 4520 rasit.

2007 4555 2156 4609 Nam
2189 4555 2355 4607 nixus
2381 4553 2613 4618 Christo,
2650 4554 2858 4607 mundo
2882 4555 3147 4622 migravit
3176 4555 3246 4609 ab
3273 4557 3406 4625 isto,

2006 4642 2170 4699 Anno
2192 4644 2417 4697 millcno
2448 4647 2668 4697 centum
2697 4647 2910 4711 quater,
2945 4644 3187 4712 addeque
3214 4645 3355 4702 dena

2005 4729 2237 4802 Septem,
2267 4735 2399 4784 tunc
2427 4735 2589 4785 terna
2607 4733 2853 4800 jamjam
2885 4731 3093 4785 lucente
3118 4734 3368 4789 lucerna.

220 4465 348 4521 xima
377 4473 601 4540 accepta
622 4468 697 4547 in.
711 4466 923 4538 praelio.

276 4556 339 4611 Et
361 4563 610 4629 tempore
638 4557 897 4624 durante,
931 4553 1339 4611 monasterium
1367 4553 1640 4610 Beccense
1661 4570 1785 4609 ma-

214 4659 362 4715 gnam
388 4663 618 4718 passum
646 4651 732 4700 est
756 4645 1000 4713 ruinam,
1028 4649 1259 4717 totaque
1279 4644 1433 4715 regio
1471 4660 1505 4698 a
1531 4643 1779 4711 Francis,

216 4736 296 4806 qui
319 4735 587 4791 insultum
639 4733 920 4792 faciebant
968 4740 1163 4790 contra
1208 4751 1401 4805 regem
1452 4734 1782 4810 Anglorum,

214 4825 549 4896 Oportuitque
580 4824 952 4878 munitionem
975 4823 1181 4878 habere
1215 4824 1274 4877 in
1302 4821 1584 4877 fortericia
1608 4823 1785 4894 ipsius

215 4913 516 4968 monasterii
547 4913 806 4984 expensis
834 4912 1098 4979 ecclesiae,
1131 4916 1362 4984 propter
1406 4911 1692 4966 cursiones
1730 4916 1788 4965 et

212 4999 505 5058 invasiones
527 5003 859 5074 Anglorum,
889 5002 950 5057 in
972 5002 1241 5057 damnum
1270 5006 1327 5057 et
1348 5001 1787 5057 destructionem

213 5088 367 5162 ipsius
394 5091 665 5150 ecclesiae.

272 5181 337 5236 Et
360 5200 507 5237 anno
538 5180 766 5238 Domini
803 5180 1101 5236 millesimo
1133 5180 1685 5253 quadringentesimo
1699 5179 1793 5234 de-

214 5269 340 5325 cimo
369 5272 631 5345 septimo,
654 5271 837 5344 prima
864 5271 953 5325 die
976 5272 1186 5326 mensis
1216 5270 1475 5341 Augusti,
1493 5269 1791 5341 praedictus

218 5358 468 5416 Henricus
497 5378 597 5415 rex
637 5361 947 5432 Anglorum
996 5361 1201 5415 iterum
1231 5359 1503 5433 applicuit
1544 5359 1604 5414 in
1645 5360 1791 5415 Nor-

217 5445 570 5518 thmanniam,
597 5450 748 5521 apud
766 5446 990 5504 Tolcam
1008 5451 1273 5521 (Touque)
1298 5468 1311 5517 ;
1331 5454 1387 5504 et
1406 5449 1465 5504 in
1480 5466 1575 5504 sex
1592 5448 1793 5504 mensi-

217 5533 309 5592 bus
326 5539 565 5596 obtinuit
579 5544 759 5596 totam
780 5538 1101 5595 inferiorem
1118 5538 1791 5611 Northmanniam,usque

2017 4823 2166 4877 Vivat
2193 4826 2513 4875 sanctorum
2534 4835 2750 4875 consors
2774 4836 2938 4889 super
2981 4825 3135 4875 astra
3177 4826 3458 4892 polorum.

2077 4911 2279 4965 Amen.

1936 5000 2099 5055 Anno
2126 4997 2350 5054 Domini
2364 4996 2661 5053 millesimo
2676 4997 3232 5071 quadringentesimo
3249 5002 3464 5058 decimo

1873 5090 2133 5162 septimo,
2184 5105 2355 5161 supra
2392 5094 2705 5144 memorato
2750 5089 2840 5143 die
2878 5089 3070 5157 Lunae,
3106 5097 3239 5145 ante
3275 5107 3464 5146 sacros

1873 5179 2121 5247 Cineres,
2171 5185 2328 5233 sexta
2362 5178 2453 5233 die
2496 5179 2705 5233 mensis
2745 5177 3053 5246 Februarii,
3097 5183 3225 5249 post
3248 5177 3465 5233 obitum

1874 5268 2182 5341 supradicti
2208 5268 2543 5323 venerabilis
2574 5267 2866 5322 Guillermi
2894 5266 3147 5337 vigesimi
3187 5266 3327 5320 sexti
3369 5264 3464 5321 ab-

1873 5358 2036 5424 batis,
2071 5358 2397 5412 venerandae
2417 5350 2790 5421 discretionis,
2812 5371 2876 5409 ac
2898 5354 3197 5408 eminentis
3218 5354 3464 5411 scientiae

1871 5448 1957 5502 vir
1984 5447 2245 5502 dominus
2268 5447 2548 5504 Robertus
2574 5446 2645 5502 de
2674 5447 2866 5511 Becco,
2909 5443 3091 5497 dictus
3128 5442 3341 5513 Vallée,
3370 5444 3470 5501 de-

1871 5542 2155 5593 cretorum
2178 5537 2361 5593 docto:
2409 5535 2667 5607 eximius,
2714 5534 2783 5590 de
2829 5532 2960 5588 villa
2974 5533 3135 5590 Becci
3167 5533 3467 5606 oriundus,
