3864 6176
456 242 562 301 679

1411 240 1506 294 AD
1547 239 1785 294 OPERA
1825 238 1886 292 Β.
1932 237 2347 293 LANFRANCI
2385 233 2772 290 APPENDIX.

3595 233 3688 294 680

451 376 587 426 tunc
614 369 766 442 prior
793 367 861 420 de
891 365 1058 419 Prato
1080 365 1243 434 juxta
1261 363 1695 436 Rothomagum,
1729 363 1787 418 in
1799 363 2042 434 capitulo
2061 366 2107 424 A
2126 361 2502 418 obedientiam
2521 359 2697 429 ipsius
2722 358 2889 428 regis,
2915 363 2971 412 et
2989 357 3690 416 nihilominussolvebantur

453 458 732 522 Beccensi,
767 457 1004 510 fratrum
1034 452 1289 507 unanimi
1321 469 1570 516 assensu,
1607 470 1708 523 per
1721 453 1861 506 viam
1877 451 2048 523 Spiri-

451 553 544 603 tus
574 546 774 610 sancti,
791 545 848 598 in
869 543 1128 597 abbatem
1143 547 1199 596 et
1216 548 1497 613 pastorem
1512 542 1688 612 ipsius
1720 540 2046 595 monasterii

450 643 535 691 est
563 636 802 700 electus;
861 639 920 687 et
949 632 1309 704 postmodum
1344 631 1607 685 mandato
1643 630 2046 702 archiepiscOpi

448 732 535 780 est
563 723 908 779 benedictus.
938 723 1006 776 Et
1032 727 1262 792 propter
1315 737 1648 791 guerrarum
1700 719 2042 784 discrimina,

446 819 504 868 et
525 812 877 867 occursiones
908 816 965 865 et
993 810 1309 864 invasiones
1336 809 1668 878 Anglorum,
1693 825 1815 879 qua:
1843 808 2047 879 saepius

447 901 658 956 fiebant
687 900 758 954 ab
803 899 957 970 ipsis,
1010 898 1192 952 noluit
1221 896 1412 950 venire
1452 897 1600 966 apud
1641 897 1897 961 Beccum,
1945 896 2040 950 sed

446 985 676 1040 secessit
703 985 760 1037 in
791 983 1045 1054 partibus
1073 981 1318 1035 Francia:
1337 980 1484 1051 apud
1515 979 1782 1046 Parisius,
1815 985 1871 1033 et
1893 979 2041 1050 apud

446 1074 840 1137 Pontisaram;
874 1077 930 1126 et
980 1070 1057 1123 ibi
1107 1069 1331 1132 mansit,
1376 1085 1552 1139 usque
1594 1068 1726 1122 dum
1783 1069 2038 1139 sequenti

445 1180 594 1216 anno
625 1162 818 1216 civitas
847 1158 1337 1228 Rothomagensis,
1365 1175 1492 1212 cum
1513 1157 1696 1228 patria
1725 1158 2037 1228 adjacente,

2132 450 2412 523 stipendia
2434 447 2747 518 armigeris,
2772 447 2830 500 in
2859 447 3007 500 dicta
3025 447 3310 501 fortericia
3333 448 3686 517 existentibus;

2135 545 2191 594 et
2217 539 2286 593 ob
2318 540 2421 593 hoc
2449 538 2622 592 coacti
2654 537 2860 591 fuimus
2891 538 3128 591 vendere
3158 537 3347 591 omnia
3384 537 3542 592 blada
3584 557 3689 611 quae

2133 634 2297 684 erant
2324 629 2381 682 in
2410 627 2659 698 grangiis
2690 626 2915 692 nostris,
2948 626 3323 698 undequaque
3353 627 3611 697 religiosis
3644 628 3689 683 in

2127 723 2286 771 tanta
2315 717 2680 771 tribulatione
2706 714 3091 778 existentibus,
3146 713 3386 769 maxime
3436 731 3601 786 usque
3633 717 3692 771 ad

2129 823 2380 861 mensem
2411 805 2599 860 Martii
2629 805 2758 859 inde
2783 803 3090 876 sequentis.
3149 803 3274 868 Quo
3308 808 3552 875 tempore
3602 805 3693 860 du-

2126 902 2308 962 rante,
2350 894 2648 966 praedictus
2695 909 2793 947 rex
2846 892 3111 946 Henricus
3157 891 3404 946 obtinuit
3441 892 3691 948 civitatem

2124 983 2654 1053 Rothomagensem,
2683 979 3276 1051 Vernonem,Rippam
3300 979 3561 1034 Guidonis
3583 983 3692 1048 (Ro-

2122 1075 2410 1142 cheguz'on)
2427 1072 2746 1126 Medontam
2771 1072 3040 1140 (Mantcs),
3064 1075 3121 1125 et
3139 1083 3368 1125 omnem
3396 1084 3589 1141 pagum
3607 1071 3691 1126 Ca-

2123 1162 2413 1216 letensem.

445 1252 668 1305 reddita
697 1251 804 1303 fuit
837 1248 1100 1320 praedicto
1121 1247 1238 1316 regi
1258 1247 1586 1316 Anglorum.

519 1341 587 1394 Et
611 1357 737 1393 cum
767 1338 843 1391 ibi
875 1341 1150 1399 maneret,
1186 1335 1440 1389 videlicet
1459 1336 1518 1389 in
1545 1335 1752 1389 octavis
1791 1335 2037 1402 Paschaa,

2195 1267 2414 1334 Postea,
2435 1283 2584 1320 anno
2607 1266 2832 1320 Domini
2850 1266 3146 1320 millesimo
3163 1262 3689 1336 quadringentesimo

2124 1355 2340 1410 decimo
2393 1361 2606 1421 octavo,
2665 1353 2958 1408 Dominica
3023 1354 3206 1425 prima
3264 1352 3687 1424 Septuagesime,

447 1445 594 1482 anno
628 1427 925 1515 milleSimQ
971 1424 1526 1515 quadringentesimg
1571 1423 1786 1515 dFCimo
1827 1431 2039 1515 οεῖξλῩοξ
2124 1444 2426 1515 praedictus
2464 1442 2742 1498 Robertus
2776 1440 2980 1507 abbas,
3024 1423 3120 1512 qui
3173 1423 3463 1512 nunquam
3510 1439 3691 1494 fecerat

445 1515 688 1569 Thomas
719 1515 829 1568 dux
860 1512 1154 1567 Clarentiae
1213 1511 1525 1584 [Clarence]
1581 1513 1755 1566 frater
1795 1513 2042 1583 pradicti
2124 1511 2457 1586 ﬁdelitatem
2487 1532 2556 1585 de
2583 1531 2827 1597 abbatia,
2852 1531 3003 1585 venit
3026 1511 3462 1600 ﬁotbomaéum,
3493 1535 3562 1594 et,
3590 1529 3691 1599 ipsa

444 1603 593 1673 νθείε
630 1603 975 1692 Anglorum,
1012 1601 1570 1692 δοίοφηξῖεδυίθσνίυε
1616 1603 1756 1692 eius:
1798 1601 2434 1692 ObtinultBDominica.
2469 1622 2822 1692 praesentavit
2873 1637 2931 1673 se
2975 1619 3242 1690 praedicto
3292 1619 3411 1689 regi
3457 1618 3688 1683 Henrico,

443 1697 692 1745 castrum
723 1691 1049 1757 Haricuriae,
1081 1690 1284 1744 deinde
1315 1707 1444 1744 cum
1485 1690 1728 1743 exercitu
1761 1707 1862 1744 suo
1891 1690 2042 1781 venit
2123 1711 2175 1765 ei
2200 1690 2566 1781 supplicalido
2593 1715 2656 1764 ut
2680 1715 2935 1780 parceret
2963 1709 3016 1762 ei
3061 1709 3132 1762 de
3159 1725 3321 1762 mora
3339 1724 3438 1762 sua
3465 1706 3690 1760 veniendi

443 1780 592 1851 apud
619 1781 876 1842 Beccum,
905 1786 962 1833 et
989 1779 1208 1833 obsedit
1234 1779 1580 1832 fortericiam
1633 1779 1766 1832 dicti
1810 1778 1935 1844 loci,
1986 1785 2043 1832 et

443 1886 566 1923 eam
597 1869 831 1924 diversis
864 1875 920 1922 et
948 1868 1418 1938 frequentissimis
1448 1867 1772 1932 assultibus,
1815 1867 1906 1921 die
1936 1883 2039 1922 no-

441 1963 641 2028 cteque
670 1957 1035 2021 incessanter,
1070 1975 1170 2027 per
1195 1957 1437 2026 spatium
1469 1958 1584 2009 fere
1617 1958 1784 2010 unius
1825 1956 2034 2010 mensis

442 2045 832 2116 expugnando,
869 2052 923 2098 et
947 2046 1004 2098 in
1024 2062 1124 2098 suo
1155 2045 1416 2110 adventu,
1440 2044 1681 2097 maxima
1710 2037 1839 2115 pars
1871 2045 2029 2110 villae,

440 2133 698 2187 videlicet
722 2151 898 2204 usque
927 2133 998 2186 ad
1022 2133 1310 2186 ecclesiam
1351 2133 1540 2187 Sancti
1587 2133 1842 2198 Andreae,
1892 2150 2038 2187 com-

439 2220 607 2275 busta
652 2221 760 2274 fuit
796 2221 864 2274 ab
905 2221 986 2274 eis
1027 2221 1122 2292 qui
1171 2221 1317 2275 infra
1361 2227 1526 2276 erant
1567 2221 1926 2287 fortericiam,
1979 2223 2037 2276 in

444 2326 714 2380 magnum
749 2310 1017 2364 damnum
1052 2311 1296 2364 ecclesiae
1335 2315 1393 2364 et
1431 2309 1808 2364 habitantium
1844 2311 1903 2364 in
1943 2327 2034 2378 ea;

443 2398 738 2452 deficiente
759 2404 948 2452 autem
980 2398 1260 2468 adjutorio
1291 2399 1416 2452 illos
1446 2399 1541 2469 qui
1578 2406 1741 2453 erant
1771 2399 1829 2452 in
1867 2399 2038 2454 forte-

443 2486 596 2551 ricia,
624 2487 718 2556 qui
745 2486 1047 2558 sperabant
1089 2505 1123 2540 a
1172 2504 1304 2557 rege
1349 2488 1693 2542 Francorum
1739 2488 2036 2553 sublevari,

441 2576 690 2646 oportuit
719 2592 841 2630 eam
867 2576 1012 2629 tradi
1037 2576 1094 2628 in
1122 2592 1324 2630 manus
1355 2577 1604 2647 praedicti
1626 2577 1783 2631 ducis
1814 2578 2040 2631 Claren-

441 2663 552 2729 tiae,
588 2670 646 2717 et
680 2663 730 2717 ei
761 2663 980 2717 reddita
1001 2663 1107 2717 fuit
1130 2664 1187 2717 in
1205 2663 1394 2734 vigilia
1413 2666 1771 2719 Ascensionis
1786 2666 2037 2736 proxime

441 2752 744 2822 sequentis.
790 2752 857 2805 Et
906 2769 1033 2806 cum
1086 2752 1370 2812 intrasset,
1419 2753 1668 2823 praedata
1723 2761 1779 2807 et
1817 2754 2038 2808 sublata

438 2840 669 2895 fuerunt
700 2841 890 2894 omnia
918 2840 1081 2906 bona,
1127 2858 1248 2911 quae
1289 2841 1364 2895 ibi
1405 2848 1567 2896 erant
1614 2843 1878 2913 reposita,
1919 2849 2038 2898 tam

2123 1799 2195 1853 ad
2233 1815 2395 1852 suam
2417 1796 2815 1861 obedientiam,
2849 1801 2907 1851 et
2926 1812 3070 1861 eam,
3095 1796 3142 1849 si
3174 1796 3440 1866 placeret,
3466 1795 3689 1865 dignare-

2121 1892 2218 1942 tur
2245 1887 2494 1958 recipere
2519 1906 2531 1953 ;
2565 1903 2733 1956 quam
2764 1885 2946 1939 dictus
2976 1901 3072 1939 rex
3101 1885 3346 1955 benigne
3375 1883 3618 1954 suscepit.

2193 1999 2318 2059 23
2359 1993 2483 2057 Qua
2524 1992 2794 2046 ﬁdelitate
2831 1991 3000 2057 facta,
3053 1997 3110 2045 et
3155 1989 3551 2062 temporalibus
3592 2004 3688 2042 sua:

2119 2083 2388 2147 ecclesia,
2420 2081 2721 2151 ,impeditis
2773 2087 3003 2151 propter
3038 2079 3376 2145 absentiam,
3415 2077 3682 2150 expeditis;

2117 2171 2272 2225 venit
2293 2172 2530 2225 Beccum
2554 2170 2613 2224 in
2638 2170 2882 2224 crastino
2904 2185 3194 2224 sacrorum
3227 2169 3506 2232 Cinerum,
3531 2181 3687 2221 susce-

2121 2266 2251 2331 ptus
2279 2276 2406 2314 cum
2434 2275 2638 2330 magno
2663 2259 2872 2329 gaudio
2893 2275 2928 2312 a
2956 2275 3058 2314 suo
3087 2268 3386 2324 conventu,
3417 2263 3472 2312 et
3489 2254 3686 2310 instala-

2121 2356 2214 2404 tus
2244 2349 2301 2402 in
2325 2347 2552 2403 sedibus
2581 2348 2714 2414 suis,
2743 2352 2810 2402 ut
2836 2349 3010 2402 moris
3039 2354 3146 2402 est.

2193 2456 2263 2510 Et
2289 2455 2574 2525 armigeri,
2618 2455 2714 2526 qui
2757 2460 2892 2509 tunc
2929 2455 3007 2509 ibi
3045 2461 3212 2510 erant
3268 2455 3329 2508 in
3383 2453 3682 2518 munitione,

2121 2551 2492 2611 recesserunt,
2523 2550 2580 2598 et
2618 2544 2848 2598 fuerunt
2893 2545 3014 2598 loco
3052 2561 3252 2599 eorum
3299 2546 3358 2599 in
3403 2543 3686 2598 munitione

2117 2640 2314 2704 gentes
2347 2635 2504 2688 ducis
2534 2634 2848 2700 Clarentiaa,
2873 2635 2928 2688 in
2955 2651 3194 2690 numero
3225 2634 3430 2689 minori
3458 2639 3512 2688 et
3532 2633 3686 2687 mino-

2119 2722 2276 2778 ribus
2299 2724 2574 2794 expensis.

2191 2830 2299 2894 Qui
2331 2830 2630 2901 praadictus
2659 2830 2992 2901 abbas,iura
3021 2835 3079 2885 et
3100 2829 3393 2886 libertates
3422 2830 3505 2884 sui
3519 2845 3684 2883 mona-

438 2929 615 3000 ipsius
645 2946 814 3002 quam
846 2931 1107 2996 aliorum,
1155 2937 1213 2985 et
1260 2929 1374 2985 fere
1413 2932 1601 2985 omnia
1645 2931 1791 2986 bona
1839 2934 2035 3003 patria:

2134 2919 2297 2983 sterii,
2330 2935 2431 2990 pro
2459 2935 2639 2989 posse,
2664 2921 2969 2975 secundum
2991 2919 3419 2990 dispositionem
3441 2917 3684 2990 temporis

435 2995 643 3072 iﬁidem
661 2995 836 3072 ’θτδηι
864 2995 1126 3090 τεροείω,
1157 3021 1401 3090 populus
1426 3020 1634 3074 ibidem
1663 2995 2034 3092 congrégatus
2051 2995 2098 3057 Ο
2119 3006 2332 3061 utiliter
2358 3008 2728 3078 procurando,
2756 3015 2982 3062 strenue
3008 3008 3152 3061 rexit
3181 3009 3392 3063 dictum
3427 3011 3682 3062 monaste-

437 3109 705 3178 expulsus
735 3115 838 3177 est,
872 3126 973 3162 nec
995 3116 1217 3180 portare
1241 3110 1292 3162 ei
1333 3109 1638 3164 discedenti
1669 3111 2036 3181 permitteba-

435 3201 549 3261 tur,
583 3202 787 3267 praeter
815 3197 946 3250 vilia
975 3197 1329 3262 vestimenta,
1364 3197 1568 3267 quibus
1615 3199 1798 3253 vestiti
1841 3205 2026 3257 erant.

507 3285 656 3339 Nota
684 3285 832 3354 quod
864 3301 1010 3337 anno
1039 3284 1262 3338 Domini
1282 3285 1576 3340 millesimo
1598 3288 2037 3358 quadringente-

435 3374 579 3428 simo
609 3373 960 3436 duodecimo,
983 3373 1091 3427 fuit
1117 3373 1298 3428 levata
1324 3375 1541 3428 decima
1566 3376 1622 3429 in
1650 3393 1824 3446 regno
1867 3377 2037 3430 Fran-

435 3465 553 3529 cize,
588 3464 921 3518 auctoritate
954 3465 1188 3519 Romani
1219 3467 1518 3537 pontiﬁcis,
1554 3467 1610 3520 in
1651 3467 2001 3538 supportatio
2021 3496 2034 3508 -

436 3569 566 3607 nem
596 3570 828 3607 onerum
861 3553 1019 3624 quasi
1042 3554 1483 3624 importabilium
1507 3555 1655 3625 regis
1683 3556 1918 3625 et-regni
1941 3574 1953 3623 ;
1979 3561 2034 3610 et

435 3642 826 3696 fuitterminus
848 3643 1123 3697 limitatus
1144 3644 1214 3697 ad
1235 3644 1666 3714 recolligendam
1690 3644 2033 3698 taxationem

433 3729 663 3785 decima:
696 3732 990 3802 praedictae.
1041 3732 1420 3786 Nihilominus
1453 3749 1548 3786 rex
1593 3733 1860 3798 Francia,
1916 3734 2033 3788 suis

433 3818 802 3875 familiaribus
833 3820 1036 3875 litteris
1070 3820 1356 3874 mandavit
1385 3820 1570 3875 abbati
1608 3821 1678 3875 de
1724 3823 1918 3890 Becco,
1965 3827 2031 3877 ut

2116 3097 2287 3163 rium,
2319 3113 2420 3167 per
2439 3097 2682 3167 spatium
2711 3097 3001 3152 duodecim
3029 3113 3309 3152 annorum
3337 3097 3531 3152 fratres
3564 3095 3682 3149 cha-

2120 3186 2343 3240 ritative
2372 3186 2682 3240 tractando.

2189 3284 2316 3354 Ipse
2336 3299 2438 3337 suo
2468 3289 2719 3354 tempore
2745 3284 3039 3355 acquisivit
3078 3286 3362 3356 quoddam
3403 3283 3680 3354 hospitium

2116 3372 2175 3426 in
2203 3372 2386 3426 medio
2407 3371 2646 3426 civitatis
2703 3373 3171 3443 Rothomagensis
3215 3374 3406 3437 situm,
3453 3376 3680 3426 vocatum

2117 3460 2306 3515 l’IIdtel
2351 3463 2441 3514 des
2491 3462 2801 3527 Fontaines,
2871 3479 3044 3532 prope
3103 3463 3288 3518 vicum
3366 3461 3674 3523 Judazorum,

2117 3554 2415 3604 oneratum
2461 3561 2652 3603 tamen
2690 3549 2759 3604 de
2810 3550 3188 3621 quadraginta
3230 3551 3388 3606 libris
3432 3549 3673 3610 redditus,

2115 3638 2290 3692 donec
2319 3643 2547 3709 possent
2573 3638 2926 3708 reacquitari.
2957 3638 3116 3703 Quod
3144 3640 3449 3711 hospitium
3466 3639 3677 3692 multum

2114 3727 2324 3798 profuit
2350 3733 2603 3797 tempore
2630 3743 2984 3797 guerrarum.
3019 3729 3146 3800 Ipse
3170 3734 3424 3800 tempore
3467 3741 3578 3790 suo,
3616 3721 3675 3776 ob

2112 3832 2337 3871 causam
2365 3831 2699 3886 guerrarum
2746 3817 2804 3870 in
2855 3818 3232 3872 Nortmannia
3286 3815 3594 3888 vigentium,
3629 3814 3676 3866 et

431 3907 501 3962 de
524 3909 706 3963 tribus
735 3915 958 3964 centum
991 3909 1150 3963 libris
1188 3909 1239 3962 ei
1270 3909 1638 3964 incontinenti
1677 3909 1825 3984 [sine
1849 3912 2027 3983 mora]
2111 3911 2342 3976 propter
2359 3903 2701 3959 forteriCiam
2724 3905 2904 3960 multa
2924 3922 3121 3977 passus
3142 3914 3247 3972 est,
3263 3912 3487 3977 totaque
3502 3903 3674 3957 domus

434 3997 776 4065 subveniret,
825 4016 947 4070 quae
988 4014 1212 4052 summa
1254 3997 1364 4052 fuit
1406 3999 1655 4053 Parisius
1702 4001 1887 4055 soluta
1929 4019 2030 4073 per
2109 3999 2168 4048 et
2199 3994 2439 4048 maxime
2461 3994 2593 4066 quia
2613 3995 3313 4050 annoDominimillesimo
3333 3993 3674 4066 quadringen-

432 4085 721 4142 dominum
753 4087 1106 4142 Gauﬂ‘ridum
1137 4087 1206 4140 de
1246 4087 1478 4142 Fiscano
1522 4089 1711 4159 priore
1748 4090 1816 4144 de
1855 4091 2032 4146 Bello-

2137 4083 2312 4137 esimo
2336 4083 2603 4153 vigesimo
2631 4083 2831 4154 primo.
2881 4084 2972 4138 die
3021 4085 3241 4139 decima
3283 4084 3449 4139 tertia
3489 4077 3673 4135 mensis

430 4183 638 4242 monte,
675 4181 732 4230 et
766 4175 977 4230 taxatio
1024 4175 1271 4242 decimae,
1314 4193 1415 4247 pro
1455 4184 1636 4248 parte,
1681 4184 1738 4232 et
1775 4180 2030 4250 portione
2110 4171 2266 4240 Julii,
2294 4171 2418 4242 ipsa
2441 4171 2727 4226 fortericia
2755 4173 2956 4226 fraude
3008 4179 3175 4244 capta
3223 4173 3334 4230 fuit
3378 4187 3413 4224 a
3452 4166 3669 4230 Francis,

429 4271 640 4333 nostra,
671 4265 727 4319 in
749 4264 980 4320 diversis
1010 4265 1362 4332 dioecesibus,
1390 4267 1724 4321 ascenditad
1746 4285 2026 4324 summam

2134 4261 2296 4314 nedio
2324 4259 2716 4315 Molendinarii
2745 4262 2878 4318 dicti
2908 4261 3032 4329 loci,
3064 4261 3269 4316 abbate
3319 4259 3671 4331 religiosisque

428 4359 741 4409 trecentum
792 4353 1084 4420 librarum,
1126 4360 1192 4408 ut
1238 4360 1393 4426 patet
1431 4373 1532 4427 per
1582 4335 1929 4425 mandatum,
1971 4363 2029 4413 et

2134 4348 2492 4415 nscientibus,
2527 4354 2585 4403 et
2613 4366 2807 4405 omnes
2836 4351 3086 4404 officinas
3115 4351 3295 4406 totius
3316 4351 3507 4405 domus
3545 4343 3669 4400 obti-

428 4444 794 4514 quittanciam
823 4445 1088 4498 mandato
1115 4461 1388 4499 annexam
1412 4446 1469 4500 in
1501 4446 1861 4502 chartulario.
1898 4449 2032 4503 Post
2109 4446 2375 4508 nuerunt,
2398 4445 2604 4511 praeter
2624 4440 2925 4494 maximam
2954 4439 3160 4494 turrim
3189 4445 3396 4496 nostrae
3425 4436 3666 4498 Domina.

426 4549 636 4604 paucos
663 4532 800 4598 dies,
835 4538 1132 4604 postquam
1161 4533 1266 4588 fuit
1301 4535 1540 4606 spoliata
1569 4536 1693 4607 ipsa
1721 4536 2022 4606 fortericia,
2109 4530 2168 4585 in
2199 4545 2311 4599 qua
2337 4546 2530 4584 omnes
2552 4529 2768 4600 AngliCi
2793 4546 2853 4583 se
2882 4533 3232 4584 retraxerant
3264 4530 3322 4584 in
3351 4525 3665 4601 praesidium-

429 4622 580 4677 venit
607 4638 703 4676 rex
742 4622 1010 4678 Henricus
1031 4622 1328 4694 przedictus
1359 4625 1508 4696 apud
1547 4625 1804 4693 Beccum,
1855 4632 1912 4682 et
1949 4627 2027 4684 ibi
2109 4619 2179 4674 Et
2231 4618 2376 4674 facto
2420 4619 2696 4674 foramine
2741 4618 2799 4672 ίη
2844 4618 3110 4689 Pl‘mdicta
3150 4621 3318 4687 tum.
3367 4617 3666 4680 emiserunt.

427 4710 721 4766 constituit
747 4711 816 4765 de
853 4717 1023 4781 gente
1053 4728 1156 4766 sua
1193 4713 1392 4784 viginti
1421 4713 1675 4768 homines
1718 4732 2024 4785 armorum,

2134 4708 2380 4780 luosdam
2398 4708 2466 4762 de
2495 4708 2629 4773 suis,
2692 4706 2899 4762 factum
2955 4713 3152 4762 notum
3204 4708 3385 4763 facere
3425 4700 3663 4774 Anglicis:

429 4817 556 4855 cum
579 4800 958 4871 quadraginta
985 4802 1312 4872 sagittariis,
1354 4803 1612 4873 expensis
1637 4805 1901 4874 ecclesiae,
1931 4808 2028 4878 qui
2109 4797 2206 4869 qui
2239 4802 2404 4853 erant
2430 4798 2579 4868 apud
2618 4797 2939 4866 Bemaium.
2971 4797 3346 4865 Haricuriam.
3385 4802 3440 4850 et
3484 4791 3667 4861 ubique

427 4895 764 4961 acceperunt
788 4907 980 4946 omnes
1013 4891 1359 4962 provisiones
1383 4892 1560 4963 ipsius
1583 4896 1931 4963 monasterii,
1967 4897 2027 4952 in
2108 4887 2364 4960 ἀὶερθτεὶ.

423 4980 636 5050 granis,
671 4978 815 5045 vino,
849 4979 1056 5047 sicera;
1089 4979 1160 5034 de
1187 4979 1384 5047 bobus,
1418 4986 1472 5034 et
1501 4982 1570 5036 de
1599 4983 1816 5039 caeteris
1844 4984 2022 5052 bonis,
2182 4987 2252 5041 Et
2279 4985 2628 5041 intrantibus
2655 4985 2902 5054 Francis,
2933 4986 3030 5041 illa
3053 4985 3144 5041 die
3182 5003 3293 5058 qua
3329 4982 3537 5055 Anglici
3572 4976 3664 5033 mi-

423 5067 634 5124 ibidem
663 5068 943 5140 repositis,
986 5069 1132 5122 nihil
1170 5069 1552 5140 relinquentes
1580 5072 1874 5143 religiosis,
1927 5091 2030 5130 nec
2112 5083 2309 5132 serunt
2331 5093 2464 5131 suos
2492 5076 2688 5147 Anglis
2713 5077 2996 5142 nuntiare,
3037 5083 3102 5131 ut
3129 5076 3339 5131 dictum
3395 5079 3492 5139 est,
3536 5069 3664 5123 circa

423 5157 658 5212 familiae.
681 5174 896 5221 eorum,
923 5158 1074 5212 unde
1098 5165 1328 5230 possent
1351 5161 1679 5225 sustentari,
1719 5163 1898 5218 solum
1949 5165 2022 5219 vi-
2104 5183 2390 5238 vesperam
2414 5166 2473 5220 in
2527 5165 2676 5221 dicta
2726 5166 2868 5220 turri
2915 5183 3018 5237 per
3062 5166 3210 5220 idem
3263 5166 3521 5228 foramen,
3567 5172 3662 5229 quo

423 5253 616 5303 ventes
641 5246 710 5301 de
740 5247 927 5301 moltis
954 5250 1260 5313 (mouture)
1283 5249 1732 5304 molendinorum
1765 5269 2014 5321 suorum,
2102 5257 2321 5326 Anglici
2351 5255 2625 5323 exierunt,
2649 5256 2900 5311 fecerunt
2923 5255 3193 5310 hincinde
3209 5270 3462 5325 magnam
3479 5247 3660 5304 caedem

426 5336 565 5392 nihil
582 5336 957 5409 percipientes
969 5336 1037 5390 de
1060 5337 1518 5400 redditibussuis,
1535 5340 1666 5411 quia
1687 5342 2022 5412 temporalia
2105 5344 2418 5412 hominum,
2451 5351 2510 5400 et
2539 5345 2765 5400 fuerunt
2791 5345 3009 5416 Anglici
3034 5345 3102 5399 de
3133 5345 3391 5417 praedicta
3419 5339 3550 5396 turri
3577 5348 3660 5389 ex-

425 5425 752 5481 monasterii
769 5431 931 5480 erant
945 5431 1222 5480 arrestata
1235 5427 1556 5497 perdictum
1571 5438 2023 5503 regem,propter
2102 5433 2270 5504 pulsi,
2303 5439 2360 5488 et
2382 5434 2731 5489 intraverunt
2760 5434 3053 5489 ecclesiam
3082 5435 3161 5490 sic
3189 5435 3372 5490 furore
3397 5423 3654 5486 commoti,

427 5514 735 5569 absentiam
768 5515 942 5586 ipsius
989 5514 1224 5582 abbatis,
1270 5518 1364 5588 qui
1401 5519 1648 5574 nondum
1682 5527 1910 5576 venerat
1947 5523 2016 5578 ad
2102 5523 2364 5579 extractis
2390 5524 2612 5594 gladiis,
2637 5525 2961 5581 occiderunt
2979 5524 3122 5580 duos
3141 5523 3435 5580 monachos
3462 5514 3656 5585 religio-
