3902 6166
224 266 318 320 681

221 396 492 465 sissimos,
518 407 576 456 et
601 403 866 463 honestos
887 409 1054 479 viros,
1103 421 1161 470 et
1190 417 1329 473 alios
1364 424 1771 485 vulneraverun

222 486 525 556 polluendo
554 500 805 549 sanctam
839 505 1078 557 matrem
1102 507 1413 566 ecclesiam.

288 575 534 649 Insuper
552 583 935 652 spoliaverunt
970 590 1103 647 dicti
1134 596 1352 667 Anglici
1393 609 1816 679 monasterium,

221 668 274 718 et
300 682 506 722 omnes
546 671 815 740 ofﬁcinas,
852 677 1224 748 depraedando
1265 687 1537 762 quidquid
1569 695 1821 754 invenire

223 759 565 825 potuerunt;
597 762 789 817 omnia
827 777 1161 826 ornamenta
1203 778 1465 847 ecclesiae,
1503 784 1721 854 calices,
1764 794 1820 844 et

221 858 445 914 capsum
468 846 563 901 ubi
589 853 943 911 reconditum
988 866 1110 915 erat
1157 876 1573 927 sacrosanctum
1619 890 1820 948 corpus

221 932 443 988 Domini
466 951 638 1007 super
655 940 852 1011 altare,
885 952 1197 1020 corporalia
1226 956 1395 1012 etiam
1421 962 1730 1032 spoliando,
1764 974 1822 1023 et

220 1021 558 1080 denudanda
573 1031 854 1088 tumulum
873 1035 1113 1095 domina:
1133 1042 1410 1102 Mathildis
1424 1021 1814 1124 imperatricis,

223 1111 423 1181 quiest
481 1114 539 1169 in
580 1119 764 1175 medio
809 1124 982 1193 chori,
1032 1130 1171 1184 nihil
1228 1133 1297 1188 de
1340 1111 1599 1206 pretidsis
1648 1111 1820 1200 retin:-

226 1203 447 1270 quendo
464 1250 476 1260 .

288 1291 356 1345 Et
385 1309 587 1349 eorum
616 1299 836 1355 malitia
864 1314 1146 1364 crescente
1176 1311 1490 1381 ligaverunt
1535 1326 1593 1375 et
1629 1327 1821 1380 tenue-

226 1385 350 1434 runt
376 1380 673 1441 dominum
698 1389 956 1448 abbatem
988 1380 1296 1457 Robertum
1333 1409 1602 1478 tanquam
1639 1413 1821 1484 priso-

222 1469 463 1537 narium,
495 1489 656 1530 enses
694 1495 864 1551 super
892 1500 1019 1540 eum
1051 1487 1379 1560 levantes,et
1398 1512 1526 1551 eum
1545 1499 1820 1558 decollare

221 1559 549 1616 etoccidere
578 1566 859 1635 volentes;
891 1578 948 1626 et
976 1590 1103 1629 eum
1139 1578 1218 1632 sic
1246 1581 1511 1650 vinctum,
1557 1604 1667 1643 una
1690 1607 1817 1646 cum

219 1652 581 1716 guemetario
611 1655 744 1710 dicti
778 1657 903 1726 loci,
925 1663 1205 1721 duxerunt
1228 1669 1658 1746 Rothomagum,
1678 1696 1815 1735 cun-

218 1736 316 1789 ctis
360 1738 633 1797 fratribus
676 1748 917 1817 expulsis
964 1752 1033 1806 de
1066 1754 1215 1812 dicto
1271 1736 1657 1830 monasterio;
1686 1771 1883 1850 solisB

222 1832 640 1887 remanentibus
661 1837 846 1906 priore
876 1858 1001 1897 cum
1031 1846 1160 1910 alio,
1204 1851 1299 1919 qui
1329 1860 1451 1908 erat
1473 1857 1816 1925 justitiarius

220 1914 347 1970 dicti
380 1924 731 1979 monasterii.
764 1927 906 1998 Ipsis
934 1931 1013 1985 sic
1037 1937 1536 2011 expulsis,quidam
1557 1945 1818 2003 abierunt

222 2006 363 2076 apud
389 2008 664 2067 Sanctum
688 2015 1075 2087 Philibertum,
1119 2027 1215 2080 alii
1235 2006 1385 2100 apud
1433 2033 1816 2093 Bellummon-

220 2098 348 2160 tem,
383 2113 568 2170 usque
599 2102 669 2156 ad
696 2104 899 2161 festum
933 2110 1199 2168 Omnium
1224 2117 1643 2190 Sanctorum,in
1665 2127 1819 2182 dam-

220 2198 347 2238 num
377 2185 828 2249 inaexistimabile
849 2198 1026 2269 ipsius
1055 2205 1314 2262 ecclesia).

285 2273 490 2331 Comes
518 2285 707 2335 autem
740 2283 1125 2346 Sabbariensis
1155 2294 1280 2365 [nt.,
1325 2298 1812 2379 Saresberiensis],

218 2362 307 2432 qui
332 2363 546 2420 ibidem
578 2369 900 2440 advenerat,
933 2382 989 2431 et
1004 2362 1190 2436 secum
1215 2362 1539 2454 praedictum
1557 2362 1815 2450 abbatem

217 2449 358 2518 apud
382 2452 799 2529 Rothomagum
820 2463 1147 2534 adduxerat,
1176 2449 1363 2542 posuit
1380 2493 1507 2531 eum
1526 2479 1583 2533 in
1604 2449 1816 2538 arctam

217 2540 549 2609 custodiam,
588 2563 883 2622 usquequo
921 2540 1248 2616 tradidisset
1290 2564 1666 2639 fidejussores,
1714 2590 1814 2643 pro

218 2641 317 2681 sua
346 2629 640 2702 ﬁdelitate,
675 2641 821 2709 quod
854 2658 1143 2715 nunquam
1175 2649 1293 2721 ipse
1324 2629 1425 2708 nec
1447 2658 1535 2711 sui
1558 2629 1815 2716 monachi

218 2715 457 2773 fuissent
489 2725 685 2792 quovis
714 2730 880 2784 modo
902 2715 1212 2805 culpabiles
1226 2740 1294 2795 de
1316 2744 1615 2802 traditione
1639 2749 1815 2820 ipsius

219 2804 533 2864 fortericiae.
567 2812 728 2877 Quod
755 2816 834 2872 ita
864 2804 1160 2890 probatum
1192 2835 1294 2895 est,
1342 2834 1473 2903 quia
1515 2804 1815 2895 traditores

221 2891 297 2946 illi
326 2897 483 2967 capti
519 2906 649 2956 sunt
668 2908 725 2957 et
752 2906 934 2977 capite
967 2918 1208 2970 truncati
1230 2891 1377 2989 apud
1400 2891 1815 2998 Rothoxnagum

220 2981 312 3051 qui
340 2986 574 3042 omnino
594 3005 1072 3065 exoccupaverunt
1119 3007 1445 3074 praedictum
1476 3012 1819 3081 abbatem,et

224 3076 549 3141 monachos,
582 3087 639 3134 et
667 3098 862 3139 omnes
881 3088 950 3142 de
996 3091 1238 3161 familia;
1281 3104 1335 3151 et
1373 3116 1567 3155 eorum
1612 3107 1821 3162 confes-
1843 3110 1883 3167 (Σ
1900 3107 2168 3166 fratribus

220 3160 375 3217 sione
395 3166 637 3235 audita,‘
658 3176 773 3227 tam
818 3175 991 3232 abbas
1028 3160 1325 3251 praedictus
1374 3205 1538 3259 quam
1580 3209 1817 3262 guerne-

223 3251 420 3319 tarius,
450 3254 554 3309 illa
592 3263 955 3332 occupatione
989 3269 1221 3339 detenti,
1266 3251 1408 3331 fere-
1433 3296 1533 3350 per
1570 3251 1815 3356 quinque

223 3355 443 3397 menses
484 3344 709 3403 liberati
753 3359 903 3422 sunt,
948 3364 1005 3412 et
1049 3364 1305 3432 sequenti
1341 3344 1483 3423 festo
1550 3344 1813 3429 (iamiam

222 3425 581 3501 Sanctorum,
622 3437 924 3498 Ecclesiam
954 3425 1153 3517 ipsam,
1197 3469 1320 3522 quae
1355 3457 1569 3526 polluta
1610 3425 1812 3532 fuerat,

219 3521 581 3577 reconciliata
609 3526 748 3595 fuit;
777 3535 834 3584 et
861 3534 1056 3590 eodem
1087 3539 1177 3594 die
1205 3557 1400 3599 omnes
1432 3552 1712 3617 monachi,
1736 3554 1815 3608 sic

217 3604 458 3678 dispersi
484 3628 588 3682 per
613 3616 892 3685 prioratus
920 3628 1209 3684 occasione
1238 3648 1592 3703 guerrarum,
1635 3640 1813 3697 intra-

218 3703 416 3753 verunt
436 3703 728 3760 ecclesiam
760 3709 1092 3769 Beccensem
1123 3735 1248 3774 cum
1268 3724 1475 3792 gaudio
1514 3744 1737 3799 magno.

283 3783 355 3839 Et
383 3789 546 3845 dedit
575 3810 689 3860 rex,
724 3803 941 3855 attento
969 3807 1115 3874 quod
1144 3783 1463 3866 tamvabbas
1491 3783 1659 3886 quam
1690 3783 1809 3873 illo-

214 3875 377 3931 nachi
408 3887 573 3935 erant
603 3883 884 3943 immunes
906 3909 940 3944 a
971 3895 1516 3963 traditione,litteras
1529 3912 1803 3975 patentes,

213 3968 274 4017 ut
315 3971 632 4041 temporale
663 3974 952 4035 detentum
990 3985 1403 4059 restitueretur,
1468 3968 1547 4047 et-
1583 3968 1812 4052 mobilia.

212 4056 589 4131 undequaque
638 4074 865 4135 possent
919 4075 1188 4142 reperiri:
1236 4078 1305 4133 de
1355 4056 1559 4152 quibus
1609 4084 1803 4155 bonis,

210 4146 455 4202 maxime
484 4150 542 4205 in
572 4152 730 4209 libris
752 4163 807 4210 et
850 4165 1216 4232 ornamentis,
1258 4185 1359 4238 pro
1406 4173 1603 4242 majori
1647 4184 1806 4245 parte

212 4245 540 4306 recuperata
595 4250 766 4313 sunt;
815 4253 872 4301 é‘t
931 4251 1211 4307 ordinavit
1248 4259 1545 4326 praedictus
1592 4279 1705 4329 rex,
1752 4272 1809 4321 et

214 4338 469 4393 expresse
498 4333 940 4407 praecepit,quod
966 4339 1089 4411 ipsa
1116 4343 1400 4401 fortericia
1419 4349 1803 4421 demoliretur,

210 4416 265 4465 et
294 4412 684 4476 destrueretur
711 4428 968 4496 expensis
1006 4432 1277 4503 ecclesiis;
1305 4438 1451 4507 quod
1480 4441 1561 4494 ita
1598 4412 1870 4499 factumD

205 4508 291 4557 est
322 4522 337 4571 ;
373 4511 434 4559 et
457 4524 569 4563 non
587 4512 768 4566 solum
796 4514 919 4586 ipsa
945 4517 1227 4577 fortericia
1257 4525 1540 4584 destructa
1565 4531 1690 4599 fuit,
1708 4535 1806 4589 sed

205 4607 404 4649 omnes
430 4596 632 4654 domus
655 4601 1186 4678 circumadjacentes
1216 4617 1465 4685 oportuit
1488 4621 1648 4675 evelli
1677 4596 1809 4678 tun-

204 4679 377 4738 ditus.

273 4772 343 4828 Et
362 4783 495 4847 post
520 4779 845 4849 predictam
894 4784 1068 4857 ipsius
1116 4791 1361 4850 ecclesiae
1404 4798 1806 4856 reconciliatio-

192 4877 344 4931 nem,
379 4864 439 4920 et
463 4866 643 4938 ipsius
684 4870 979 4930 fortericize
1018 4876 1461 4953 demolitionem,

186 5045 621 5112 monasterium,
655 5055 713 5103 et
736 5052 903 5123 coepit
949 5058 1287 5115 resediﬁcare
1335 5063 1553 5136 aliquas
1597 5066 1793 5125 domos

183 5128 524 5200 destructas,
559 5140 617 5190 et
643 5155 944 5209 procurare
973 5162 1062 5201 res
1089 5152 1414 5207 monasterii
1429 5128 1566 5225 .quaa
1594 5157 1792 5215 ablatae

180 5214 433 5288 fuerant,
466 5228 525 5278 et
546 5235 871 5296 proventus,
895 5237 951 5286 et
982 5235 1236 5292 redditus
1273 5239 1408 5295 dicti
1440 5214 1787 5314 monasterii,

182 5304 505 5373 charis,‘et
532 5312 691 5370 libris
739 5319 889 5389 apud
936 5321 1369 5397 Rothomagum,
1418 5349 1521 5402 pro
1567 5304 1793 5407 majorit

178 5403 345 5467 parte
370 5401 675 5460 stantibus.

244 5487 320 5542 Et
349 5497 658 5564 postquam
688 5497 832 5552 rexit
858 5501 1187 5570 praedictum
1218 5510 1623 5568 monasterium
1652 5514 1789 5571 duo-

171 5574 363 5633 decim
384 5582 567 5648 annis,
601 5584 894 5659 tribusque
921 5591 1226 5663 mensibus,

426 5680 690 5746 ΡΑτιιοι.
737 5687 853 5749 CL.

1434 296 1859 359 CHRONICON
1898 306 2284 366 BECCENSE.

3391 343 3499 404 682

1774 436 1815 498 t,
1836 433 1887 493 A
1903 434 2067 491 nibus
2095 454 2393 510 oppressus
2413 447 2466 498 et
2494 448 3053 524 angustiis,migravit
3080 460 3149 516 ab
3166 462 3269 520 hoc
3293 475 3494 528 saeculo

1902 525 2050 595 apud
2074 526 2487 603 Rothomagum
2515 535 2574 589 in
2602 535 2766 593 domo
2788 559 2888 613 per
2906 562 3031 603 eum
3047 552 3494 623 acquisita,auno

1901 611 2126 669 Domini
2156 618 2454 676 millesimo
2498 627 3049 702 quadringentesimo
3092 641 3402 716 trigesimo,
3439 657 3497 706 et

1902 704 2049 774 apud
2080 705 2318 763 Beccum
2341 727 2542 784 corpus
2564 716 2715 787 ejus,
2734 726 2799 774 ut
2825 723 3028 791 decuit,
3055 704 3303 789 delatum
3329 704 3496 804 est,et

1903 792 2182 863 sepultum
2206 795 2352 853 infra
2377 800 2609 858 chorum
2634 807 2793 877 juxta
2817 816 3100 873 tumulum
3122 821 3334 880 domini

1903 880 2060 938 lermi
2134 887 2554 956 praedecessoris
2601 901 2658 951 et
2691 904 2949 958 avunculi
2992 907 3118 979 sui,
3163 912 3222 968 in
3266 915 3496 974 sinistra

1901 977 2078 1041 parte.
2113 973 2285 1045 Cujus
2314 979 2515 1036 animae
2542 986 2879 1056 pr0pitietur
2898 992 3065 1050 Deus.
3095 973 3294 1060 Amen.

2526 1088 2851 1135 EPITAPHIUM
2859 1123 2870 1135 .

1974 1150 2075 1203 Hic
2094 1153 2239 1220 jacet
2270 1157 2334 1210 in
2364 1159 2540 1214 loculo
2562 1170 2891 1224 venerabilis
2915 1179 3077 1244 atque
3104 1181 3341 1238 disertus

1971 1236 2167 1306 Abbas,
2192 1246 2447 1300 vocabulo
2477 1252 2572 1303 cui
2601 1257 2763 1308 vallis
2791 1236 3276 1328 sicque-Robertus.

1974 1331 2095 1391 24
2126 1332 2177 1383 Is
2207 1332 2650 1408 decretorumque
2675 1344 2793 1411 fuit
2825 1349 3027 1421 doctor,
3062 1358 3154 1411 υἱα
3180 1376 3422 1420 morum.

1973 1417 2298 1474 Aua'z'liante
2319 1423 2420 1478 Deo
2446 1427 2655 1494 fratres
2687 1417 3027 1495 concorditer
3054 1447 3224 1504 illum

1973 1503 2242 1573 Elicz'unt,
2268 1513 2328 1564 in
2355 1529 2411 1565 eo
2438 1523 2697 1582 ponentes
2727 1530 2924 1581 mentis
2946 1535 3175 1590 asilum.

1977 1593 2121 1647 Unde
2144 1597 2258 1663 fuit
2290 1605 2471 1663 natus,
2506 1606 2659 1661 Becco
2687 1617 2839 1667 stans
2868 1617 2958 1672 hic
2986 1623 3335 1683 inhumatus.

1971 1683 2130 1737 Anno
2160 1689 2385 1743 milleno
2405 1698 2625 1750 centum
2652 1708 2848 1767 quater
2867 1711 3029 1777 atque
3057 1715 3289 1782 trz'geno.

1974 1771 2037 1823 In
2058 1774 2195 1827 Maii
2211 1792 2389 1832 mense
2421 1790 2649 1853 quarto,
2672 1795 2864 1846 mortis
2887 1799 3007 1850 ruit
3034 1816 3178 1857 ense.

1972 1862 2206 1930 Quisque
2234 1874 2382 1933 roget
2411 1869 2693 1929 Christum
2713 1883 2857 1947 quod
2882 1888 3006 1939 caelo
3037 1894 3250 1949 collocet
3278 1900 3449 1955 istum
3472 1921 3489 1956 :

1969 1953 2044 2005 Ac
2073 1953 2151 2005 ibi
2185 1956 2429 2012 solamen
2459 1969 2779 2021 sanctorum
2817 1978 3039 2031 sentiat.
3066 1981 3260 2038 Amen.

1968 2039 2104 2093 Post
2132 2041 2346 2098 obitum
2373 2054 2561 2104 autem
2591 2052 2985 2118 litteratissimi
3012 2066 3110 2122 viri
3138 2070 3351 2129 domini
3381 2077 3493 2133 Ro-

1898 2127 2045 2182 berti
2072 2128 2309 2200 abbatis,
2330 2138 2661 2196 venerabilis
2689 2161 2753 2199 ac
2778 2147 3052 2209 discretus
3071 2158 3174 2227 vir,
3199 2168 3257 2216 et
3278 2181 3494 2237 magna;

1900 2217 2155 2237 .
2217 2221 2259 2237 η
2364 2225 2375 2236 .
2519 2229 2578 2237 _-

3162 2217 3172 2227 ,
3318 2217 3490 2237 --ήοπη

1900 2217 2187 2288 religionis
2216 2221 2488 2282 Dominus
2518 2229 2839 2292 Thomasde
2860 2240 3034 2308 Becco
3054 2247 3236 2305 dictus
3264 2252 3490 2328 Frique,

3346 2308 3490 2328 τη,

1899 2310 2033 2361 tunc
2066 2308 2219 2378 prior
2260 2312 2575 2373 claustralis
2617 2321 2750 2378 dicti
2791 2336 3119 2390 monasterii
3182 2334 3491 2415 Beccensis,

1899 2394 2071 2415 ΏΛᾼΔῨᾹῨῨ
2104 2414 2125 2415 Π
2319 2401 2329 2412 ι
2401 2404 2411 2415 ι

3242 2394 3245 2395 ⁷
3269 2394 3283 2396 ‘
3298 2394 3315 2397 '
3328 2394 3491 2415 '—"",

1898 2394 2136 2451 fratrum
2161 2401 2412 2459 unanimi
2449 2423 2741 2478 consensu,
2777 2416 2865 2471 via
2893 2419 3135 2491 Spiritus
3160 2434 3360 2499 sancti,
3391 2434 3497 2492 fuit

1899 2482 1969 2537 ab
2000 2486 2259 2543 omnibus
2287 2491 2495 2549 electus
2526 2497 2583 2552 in
2604 2509 2885 2571 pastorem
2924 2509 3101 2584 ipsius
3143 2525 3491 2594 monasterii,

1899 2572 2031 2594 ,A_,_
2212 2582 2222 2594 ,
2299 2579 2309 2590 .
2362 2581 2385 2594 η
2546 2593 2549 2594 ,
2735 2593 2746 2594 κ

2948 2572 2965 2580 -
3019 2580 3023 2584 ,
3214 2572 3219 2573 ’
3240 2572 3491 2594 “""""‘1

1898 2572 2040 2626 feria
2069 2576 2266 2644 quinta
2295 2579 2442 2636 infra
2470 2593 2691 2645 octavas
2728 2593 3085 2657 Pentecostes
3130 2612 3188 2660 et
3225 2609 3316 2665 die
3344 2628 3494 2671 nona

1900 2946 2034 2984 num
2063 2932 2389 3005 Robertum,
2416 2958 2541 2996 cum
2569 2948 2757 3004 nullus
2781 2932 3016 3013 auderet
3038 2977 3208 3034 super
3249 2970 3493 3039 patriam

1900 3019 2042 3039 mu
2237 3025 2247 3035 .
2286 3026 2297 3037 .
2396 3029 2410 3039 .
2442 3030 2452 3039 .

3107 3019 3124 3034 ι
3249 3019 3492 3039 rm"-..

1899 3019 2162 3090 residere,
2194 3025 2300 3079 nisi
2334 3029 2414 3082 vel
2438 3030 2494 3085 in
2521 3041 2724 3105 castro,
2759 3043 2843 3095 vel
2873 3043 2930 3099 in
2972 3047 3272 3122 fortericia,
3320 3064 3377 3114 et
3422 3061 3492 3117 de

2217 3116 2313 3185 qui
2347 3123 2723 3188 personaliter
2765 3147 2878 3186 non
2926 3136 3163 3196 aderant
3210 3146 3489 3220 electioni,

1899 3202 2346 3267 procurationem
2376 3224 2545 3280 super
2562 3217 2786 3286 negotio
2816 3221 3093 3283 faciebant
3117 3250 3130 3298 ;
3155 3238 3215 3287 et
3232 3252 3297 3290 eo
3317 3239 3492 3296 electo

1897 3284 2005 3339 fuit
2027 3286 2352 3348 benedictus
2380 3295 2439 3350 in
2465 3301 2698 3358 ecclesia
2726 3306 3181 3387 Rothomagensi.
3203 3329 3260 3377 et
3286 3324 3345 3380 in
3364 3327 3494 3384 civi-

1897 3378 2013 3428 tate
2043 3377 2500 3455 Rothomagensi,
2520 3393 2741 3459 guerris
2773 3398 2852 3452 sic
2880 3400 2936 3455 in
2967 3377 3149 3475 patria
3180 3377 3492 3483 vigentibus

2967 3464 2984 3475 _
3229 3464 3492 3483 0"”---

1897 3464 2122 3527 resedit,
2149 3469 2281 3539 quia
2309 3472 2431 3527 sine
2460 3493 2665 3549 magno
2693 3487 2941 3555 periculo
2961 3497 3237 3563 potuisset
3254 3502 3494 3562 ineccle-

1896 3551 1980 3606 sia
2020 3554 2176 3609 Becci
2218 3560 2483 3618 residere.
2525 3568 2594 3622 Et
2640 3588 2705 3626 eo
2753 3576 2832 3630 sic
2883 3584 3031 3652 apud
3076 3587 3489 3666 Rotnomagum

1896 3639 2233 3666 nL_-_4-_I-_
2262 3647 2288 3666 ,-
2386 3652 2410 3666 ρ
2448 3653 2481 3666 ο.
2533 3655 2569 3666 ι.
2616 3663 2622 3666 .
2789 3664 2800 3666 -

1895 3639 2123 3697 absente
2144 3646 2354 3715 pluries
2381 3652 2491 3707 fuit
2516 3655 2665 3713 dicta
2693 3639 2936 3722 ecclesia.
2954 3639 3118 3728 Becci

3145 3729 3481 3752 Mra“...

1894 3729 1966 3783 Et
1988 3731 2033 3784 si
2068 3734 2191 3804 quis
2211 3736 2495 3798 videretur
2520 3749 2669 3805 unde
2698 3760 3054 3816 commodum
3082 3770 3356 3837 potuisset
3382 3775 3486 3831 ha-

1896 3817 1906 3837 .
1944 3836 1951 3837 ί
1996 3820 2007 3830 .
2105 3823 2115 3834 .
2255 3826 2304 3837 ..
2466 3834 2476 3837 -

3082 3817 3103 3837 ι
3128 3817 3356 3827 “‘“‘"""'
3382 3817 3457 3831 ““'
3474 3817 3483 3818 ί

1896 3817 2030 3886 beri,
2073 3823 2186 3878 sive
2217 3826 2408 3898 abbas,
2434 3834 2546 3889 sive
2572 3840 2745 3909 prior,
2774 3846 2888 3901 sive
2917 3851 3169 3924 clericus,
3201 3860 3317 3916 sive
3356 3880 3486 3920 mu-

1892 3906 2119 3973 Ῑίθννθυί
2138 3930 2485 3991 quaecunque
2506 3937 3177 4009 persona,capiebatur,et
3199 3952 3485 4023 suppliciis

1892 3998 2191 4023 ...-.--...L..x.__.
2218 4021 2245 4023 η
2470 4011 2484 4023 ι
2580 4015 2594 4023 .
2670 4019 2679 4023 -

2752 3998 2757 3999 γ
2835 3998 2854 4007 ,
3095 3998 3110 4009 ι
3131 3998 3143 3999 ί
3160 3998 3172 4000 -
3199 3998 3474 4023 τ-ι-ι-·““⁴“

1892 3998 2194 4056 vexabatur
2217 4021 2393 4076 usque
2418 4011 2490 4065 ad
2515 4015 2852 4076 solutionem
2895 4029 3297 4103 redemptionis
3333 4054 3474 4101 sate.

1893 4086 1962 4139 Et
1989 4088 2241 4157 pluribus
2262 4094 2576 4157 incursibus
2605 4105 2853 4166 hostium
2881 4115 2987 4170 fuit
3015 4086 3249 4179 ecclesia
3269 4132 3483 4187 cunctis

1890 4172 2049 4230 bonis
2079 4180 2333 4250 spoliata,
2368 4192 2424 4256 et
2450 4200 2753 4259 proventus
2782 4202 3025 4260 ecclesiae
3054 4212 3213 4279 quasi
3239 4216 3307 4269 ad
3330 4218 3481 4274 nihi-

1887 4264 2004 4318 lum
2035 4268 2264 4337 redacti,
2291 4290 2416 4328 cum
2444 4280 2631 4336 nullus
2664 4297 2937 4355 maneret,
2977 4303 3077 4350 aut
3113 4302 3388 4360 resideret
3421 4309 3480 4364 in

1889 4356 2237 4423 possessione
2267 4379 2388 4431 sua,
2416 4382 2517 4421 nec
2545 4376 2727 4428 terras
2750 4393 2880 4433 suas
2909 4384 3134 4457 coleret,
3166 4392 3276 4446 nisi
3323 4397 3479 4466 prius

1889 4440 2071 4466 LALIL-
2117 4464 2217 4466 μη.
2691 4463 2704 4466 “

1888 4440 2079 4499 habita
2107 4453 2505 4520 compositione
2534 4474 2661 4515 cum
2690 4463 2962 4525 hostibus.

1962 4542 2068 4596 Sed
2101 4548 2455 4619 omnipotens
2486 4555 2653 4627 Deus,
2678 4563 2774 4633 qui
2802 4564 2860 4619 in
2885 4585 2945 4623 se
2964 4576 3308 4638 conﬁdentes
3317 4585 3480 4655 juvat

1888 4633 1947 4681 et
1973 4634 2312 4705 consolatur,
2367 4641 2521 4698 dedit
2576 4652 2799 4708 tantum
2828 4659 3083 4718 animum
3114 4665 3256 4725 bono
3286 4633 3477 4733 nbstro

1883 4721 2114 4788 Pastori,
2149 4726 2294 4794 quod
2318 4727 2437 4799 ipse
2455 4736 2745 4805 acquisivit
2768 4746 3012 4805 ecclesiae
3033 4760 3333 4824 quemdam
3354 4781 3479 4836 par-

1884 4823 2012 4836 uum
2036 4808 2255 4836 ε....Δ.-...
2305 4833 2361 4836 ---
2444 4826 2453 4836 ι
2605 4826 2619 4836 ι
2690 4830 2721 4836 --

2909 4838 3084 4897 situm
3112 4845 3170 4901 in
3213 4856 3478 4921 parochia

1876 5268 2049 5325 super
2073 5257 2178 5312 hoc
2206 5262 2485 5321 confectae.
2516 5270 2825 5344 Acquisivit
2865 5257 3035 5339 etiam
3083 5304 3118 5342 a
3156 5290 3464 5352 Guillermo

1874 5340 1925 5395 le
1950 5343 2140 5400 Grand
2162 5352 2442 5422 armigero
2473 5340 2771 5429 quemdam
2800 5368 3025 5427 feodum
3055 5340 3463 5454 nobilem-apud

3146 5430 3294 5435 ,,,-__
3314 5430 3462 5454 ὴν...

1872 5430 2088 5489 Sanctae
2117 5437 2305 5495 Mariae
2336 5445 2626 5504 ecclesiam
2648 5454 2841 5510 situm.
2858 5457 3011 5513 Fecit
3028 5464 3197 5521 etiam
3215 5469 3274 5524 in
3295 5471 3462 5531 domo

1869 5519 2305 5597 Rothomagensi
2334 5538 2716 5604 reparationes
2745 5553 3102 5615 sumptuosas
3130 5557 3308 5627 valde,
3359 5566 3466 5619 etsi

1260 5596 1451 5654 multis
1467 5600 1783 5660 tribulatio-
1859 5611 2021 5680 juxta
2044 5596 2212 5672 tinem
2238 5596 2453 5679 dierum
2480 5626 2767 5698 reliquerit
2800 5596 3089 5696 ecdlesiam
3118 5600 3312 5705 multis
3362 5652 3463 5707 de-

3148 5750 3226 5809 22
