3902 6166
501 246 608 296 68ἰῖ

1461 245 1554 296 Al.)
1597 244 1826 297 ()PERA
1879 246 1932 296 It.
1983 242 2387 294 LANFRANL‘I
2434 243 2816 296 APPF..\'DIX.

3633 251 3716 304 684

496 369 626 424 bitis
646 373 956 432 oneratam,
988 368 1259 422 Dominus
1279 367 1327 422 ei
1349 367 1643 435 indulgere
1688 365 1976 433 dignetur.
2028 365 2316 423 EtAadeo
2357 366 2559 420 modici
2586 372 2643 420 et
2669 367 2880 421 debiles
2909 373 3092 426 erant,
3118 367 3261 436 quod
3294 368 3346 421 in
3379 385 3536 423 manu
3578 372 3720 426 officii

494 467 790 531 pOstquam
815 458 956 512 rexit
983 457 1310 528 pradictum
1343 455 1742 510 monasterium
1775 457 1957 526 spatio
1972 472 2092 508 sex-

493 549 671 602 decim
701 563 976 601 annorum
1009 553 1065 600 et
1094 547 1375 618 amplius;
1406 552 1633 600 strenue
1663 551 1720 599 et
1745 545 2003 614 religiose
2029 561 2088 598 se

494 637 702 690 habens
732 638 800 690 ad
819 638 1022 690 fratres
1052 654 1182 690 suos
1210 643 1265 690 et
1299 637 1370 690 ad
1406 652 1620 698 omnes,
1663 634 1924 704 spiritum
1976 634 2088 688 Do-

490 726 643 780 mino
684 726 946 788 reddidit,
989 725 1187 796 quinta
1241 725 1450 779 mensis
1485 723 1640 788 Julii,
1678 739 1824 777 anno
1866 723 2090 777 Domini

489 815 786 868 millesimo
836 814 1391 885 quadringentesimo
1425 813 1853 884 quadragesimo
1911 819 2085 878 sexto,

485 904 700 958 cunctis
724 920 887 958 suum
910 903 1121 957 obitum
1155 903 1600 974 deplorantibus,
1634 903 1998 972 sepultusque
2027 901 2082 954 in

483 993 651 1047 choro
673 995 835 1063 juxta
855 993 1157 1046 Dominum
1191 992 1552 1046 Guillelmum
1577 991 1646 1045 de
1673 990 2079 1058 Annularibus,

483 1083 646 1152 cujus
674 1082 860 1137 fuerat
878 1081 1217 1152 capellanus.
1253 1083 1435 1152 Hujus
1463 1082 1657 1136 anima
1682 1080 2000 1152 requiescat
2025 1079 2082 1133 in

482 1188 636 1243 pace.
671 1174 871 1226 Amen.

553 1261 698 1315 Nota
730 1261 879 1332 quod
912 1262 1018 1314 iste
1045 1261 1290 1314 Thomas
1312 1259 1470 1314 fundi
1502 1259 1717 1312 curavit
1755 1258 1896 1313 duas
1935 1275 2082 1312 cam-

481 1365 654 1420 panas
688 1351 745 1404 in
791 1351 1022 1405 ecclesia
1069 1350 1249 1416 Becci,
1299 1349 1512 1403 scilicet
1553 1364 1904 1419 campanam,
1956 1364 2079 1418 qua

479 1437 685 1492 dicitur
716 1442 762 1493 te
785 1441 998 1504 timbre,
1031 1443 1086 1492 et
1112 1455 1442 1508 campanam
1473 1437 1796 1502 secundam,
1817 1453 1939 1508 qua
1961 1437 2077 1507 pul-

477 1531 636 1581 satur
664 1527 721 1581 in
752 1528 998 1598 vesperis
1029 1534 1086 1582 et
1115 1527 1424 1582 matutinis.
1451 1527 1524 1581 Et
1552 1527 1806 1580 deductis
1821 1526 2078 1597 expensis

2172 453 2385 507 domini
2409 455 2870 526 Rothomagensis
2891 457 3287 509 consulebatur
3306 457 3444 510 tradi
3469 477 3481 522 ;
3500 476 3611 529 qua
3629 477 3728 514 om-

2172 543 2267 596 nia
2294 543 2571 614 patienter
2587 545 2862 607 toleravit,
2913 550 2969 598 et
3007 552 3235 599 cunctos
3273 545 3544 600 visitantes
3575 549 3724 603 eccle-

2173 632 2334 691 siam,
2351 649 2517 702 quam
2551 633 2798 702 regebat,
2827 633 2897 687 ad
2923 649 3172 687 amorom
3202 633 3288 687 sui
3305 641 3360 688 et
3379 651 3488 689 sua
3513 638 3724 691 ecclesia

2174 721 2442 775 incitavit.

2211 837 2384 890 'Cum
2416 842 2604 890 autem
2634 839 2843 892 electus
2873 838 3292 902 fuit,ecclesiam
3308 840 3617 894 Beccensem
3629 858 3725 896 ma-

2164 926 2291 995 gnis
2319 926 2522 980 debitis
2551 927 2760 980 invenit
2788 934 3100 990 oneratam,
3156 934 3214 982 et
3252 944 3350 998 per
3387 929 3564 983 omnia
3598 930 3724 985 intus

2167 1023 2222 1068 et
2241 1015 2486 1069 exterius
2513 1016 2868 1086 deturpatam
2889 1017 3137 1071 adificiis
3169 1017 3437 1081 ruinosis;
3471 1035 3625 1088 quam
3665 1020 3722 1073 ad

2165 1105 2334 1158 talem
2363 1111 2574 1159 statum
2603 1105 2828 1159 deducit
2847 1107 2991 1176 quod
3016 1122 3118 1159 nec
3142 1106 3343 1160 debitis
3389 1123 3486 1160 nec
3519 1123 3721 1178 repara-

2163 1194 2410 1248 tionibus
2459 1195 2654 1265 quovis
2701 1195 2866 1248 modo
2921 1195 3100 1266 possit
3154 1196 3403 1251 notari...
3467 1196 3718 1250 ecclesiam

2167 1284 2322 1337 Becci
2345 1284 2575 1338 mirifice
2595 1300 2695 1354 per
2714 1285 2942 1354 longum
2965 1291 3022 1338 et
3047 1285 3244 1349 latum,
3275 1283 3426 1338 intus
3440 1290 3495 1338 et
3509 1285 3718 1340 exterius

2160 1372 2473 1427 decoravit:
2527 1390 2658 1444 pars
2693 1373 2841 1426 enim
2873 1373 3118 1428 ecclesia
3162 1379 3301 1444 (qua
3335 1374 3488 1428 navis
3522 1373 3719 1441 dicitur)

2161 1479 2282 1532 qua
2313 1463 2482 1516 foveis
2509 1462 2922 1517 terrisinferius
2944 1469 3001 1516 et
3039 1463 3262 1516 araneis
3313 1463 3563 1534 superius
3600 1463 3716 1516 villi-

2158 1552 2524 1621 pendebatur,
2561 1551 2778 1620 lapideo
2803 1552 3123 1622 pavimento
3145 1559 3202 1605 et
3229 1551 3475 1604 victrinis
3489 1552 3621 1606 circa
3637 1567 3714 1605 na-

474 1631 576 1686 pro
605 1632 683 1680 se,
709 1621 765 1669 et
793 1617 1012 1670 servulo
1034 1633 1154 1681 suo,
1171 1615 1670 1679 etmateria,soluti
1684 1621 1818 1670 sunt
1836 1621 2070 1686 septem-

474 1703 647 1741 νηιηηί
707 1712 765 1741 1ιῦ
787 1711 937 1741 ηειιηῦ
973 1706 1025 1741 in
1049 1706 1390 1741 nhoMnlov-in
1413 1722 1510 1741 ηωο
1531 1704 1894 1741 ηιιῖΗοηρῖςιιγι
1927 1705 2067 1741 Μηίο

2158 1615 2279 1693 vem
2304 1615 2633 1695 necessariis
2653 1615 2947 1695 decoravit.
2994 1641 3279 1712 Capellam
3324 1642 3533 1695 Sancta
3569 1640 3712 1712 Apol-

473 1703 670 1772 franci,
707 1712 769 1759 ut
786 1711 942 1776 patet
972 1706 1028 1759 in
1049 1706 1390 1760 chartulario
1413 1722 1510 1777 per
1531 1704 1894 1776 quittanciam
1908 1705 2068 1758 .Nota

473 1795 641 1849 etiam
672 1795 820 1866 quod
843 1811 991 1849 anno
1037 1794 1260 1850 Domini
1302 1794 1599 1848 millesimo
1640 1793 2074 1865 quadringente-

471 1883 612 1937 simo
643 1884 936 1953 trigesimo
958 1884 1146 1948 tertio,
1178 1885 1424 1938 Joannes
1442 1883 1684 1939 Saudrin
1716 1883 1894 1953 pictor
1921 1883 2070 1953 apud

471 1972 886 2042 Rothomagum
909 1988 1283 2037 commorans,
1307 1972 1518 2043 recepit
1538 1989 1572 2026 a
1599 1972 1919 2043 supradicto
1969 1971 2069 2024 do-

469 2060 624 2114 mino
645 2061 862 2115 Thoma
892 2060 1092 2115 abbate
1125 2062 1386 2115 Beccensi
1430 2077 1710 2114 summam
1762 2061 2069 2130 nonaginta

469 2166 562 2204 sex
588 2149 861 2204 librarum
892 2150 1323 2214 Turonensium,
1351 2149 1420 2203 ob
1435 2166 1660 2204 causam
1681 2150 2063 2210 materiarum,

467 2239 839 2309 picturarum,
859 2245 917 2293 et
943 2239 1220 2293 sexdecim
1249 2255 1580 2308 magnarum
1599 2239 1906 2308 imaginum
1928 2238 2069 2309 lapi-

466 2327 700 2382 dearum
721 2328 993 2382 stantium
1045 2328 1102 2382 in
1130 2328 1298 2382 choro
1325 2334 1527 2382 nostra
1558 2328 1802 2382 ecclesia
1827 2328 2066 2381 Beccen-

466 2415 561 2481 sis,
595 2421 660 2470 ut
693 2422 849 2487 patet
870 2433 970 2487 per
989 2417 1110 2486 ejus
1150 2416 1517 2488 quictantiam
1547 2416 1605 2471 in
1633 2415 1878 2470 armaria
1902 2415 2068 2470 char-

465 2505 658 2560 tularii
691 2505 760 2560 de
790 2506 993 2560 litteris
1023 2505 1378 2560 electionum.

1087 2609 1437 2664 EPITAPHIQM.

535 2686 636 2740 Iste
667 2688 817 2746 locus
848 2687 1023 2738 tenuit
1045 2700 1237 2752 corpus
1263 2687 1468 2737 virtute
1495 2687 1795 2751 repletum;

536 2775 703 2841 Quem
735 2777 895 2828 tellus
917 2777 1107 2842 genuit
1139 2775 1287 2826 Becci
1312 2775 1616 2841 Thomaque
1649 2775 1898 2842 Friquesi
1914 2793 1930 2837 ;

543 2863 668 2917 Vita
691 2865 1013 2917 claustralis
1039 2865 1240 2931 ﬂorens
1269 2863 1368 2915 sub
1389 2865 1583 2929 regula
1613 2863 1777 2929 degit,

529 2949 928 3021 Subtraxitque
957 2953 1140 3016 malis,
1171 2952 1262 3004 sed
1291 2951 1500 3006 Christi
1519 2953 1659 3004 colla
1685 2952 1914 3018 subegit,

533 3042 636 3096 Hic
657 3043 820 3110 prior
845 3044 1039 3094 electus
1071 3043 1352 3093 malorum
1377 3042 1623 3092 crimina
1646 3042 1792 3092 texit.

530 3129 708 3186 Abbas
729 3131 942 3196 eﬂectus
965 3130 1128 3196 digne
1157 3130 1394 3182 canobia
1423 3131 1566 3180 γραῖα
1590 3148 1604 3180 ;

530 3220 902 3286 Beccensisque
929 3219 1093 3272 Pater
1112 3221 1400 3270 vicesimus
1438 3219 1649 3269 exstitit
1680 3219 1808 3284 ipse,

534 3308 794 3362 Octavum
826 3309 1006 3373 frater
1033 3308 1223 3370 addas,
1252 3310 1367 3374 post
1397 3307 1704 3358 occubuisse

530 3395 695 3450 Anno
724 3397 970 3459 mitteno,
1003 3399 1245 3459 centeno,
1276 3395 1456 3461 sicque
1485 3398 1772 3462 quaterno,

532 3485 738 3550 Quinta
763 3485 1028 3550 Quintilis
1047 3484 1215 3536 decies
1247 3486 1444 3550 quarto
1461 3498 1670 3550 quoque
1692 3488 1852 3535 sexto.

465 3614 476 3626 .
525 3613 536 3625 .
581 3613 596 3626 .
640 3613 654 3626 .
703 3615 712 3625 .
764 3613 775 3626 .
821 3613 832 3622 .
875 3613 887 3626 .
936 3613 946 3624 .
992 3613 1002 3623 .
1051 3574 1284 3624 .Parcat
1307 3573 1400 3623 illi
1430 3571 1805 3624 Deus.Amen.

531 3661 680 3715 Nota
709 3660 856 3730 quod
898 3659 988 3713 hic
1026 3658 1233 3712 debent
1284 3657 1449 3712 scribi
1483 3658 1623 3712 bene
1665 3663 1825 3727 gesta
1879 3657 2062 3712 Patris

462 3749 639 3803 nostri
667 3749 881 3802 domini
907 3748 1139 3803 Joannis
1169 3747 1239 3801 de
1269 3749 1434 3812 Mota,
1471 3746 1688 3800 abbatis
1735 3749 1901 3817 hujus
1949 3763 2059 3801 σαι-

462 3837 612 3894 nobii
641 3837 894 3909 vigesimi
916 3837 1048 3891 noni
1073 3855 1084 3903 ;
1119 3837 1216 3890 sed
1250 3835 1384 3906 quia
1412 3841 1664 3907 tempore
1692 3853 1793 3891 suo
1816 3853 1925 3890 non
1954 3836 2054 3900 fui,

2154 1729 2304 1797 lina,
2335 1730 2392 1783 in
2425 1746 2535 1800 qua
2563 1736 2678 1783 tres
2716 1730 3011 1800 imagines,
3041 1730 3338 1792 ordinavit,
3374 1729 3619 1788 instituit.
3648 1734 3710 1792 et,

2154 1825 2214 1872 ut
2259 1824 2457 1872 cuncta
2498 1819 2856 1890 complectar,
2906 1819 3043 1872 nihil
3100 1819 3261 1873 vilius
3311 1819 3434 1872 navi
3483 1818 3712 1883 ecclesia,

2155 1908 2376 1978 quando
2403 1907 2627 1978 depingi
2655 1908 2815 1973 fecit;
2849 1914 2906 1961 et
2927 1924 3117 1962 cruces
3147 1908 3392 1962 ecclesia
3423 1906 3714 1973 instituit,in

2153 1997 2373 2066 signum
2401 1996 2786 2060 dedicationis,
2845 2013 2945 2066 per
2979 1996 3272 2050 circuitum
3316 1996 3465 2050 intus
3503 2002 3552 2049 et
3583 1995 3710 2057 foris,

2153 2085 2400 2139 tombam
2423 2101 2581 2139 suam
2612 2092 2667 2139 et
2695 2085 2783 2138 sui
2815 2085 3236 2156 pradecessoris
3258 2086 3316 2139 in
3335 2085 3500 2138 choro
3523 2083 3709 2147 locavit,

2154 2174 2217 2227 In
2245 2174 2414 2227 choro
2436 2173 2596 2228 dicta
2626 2173 2872 2228 ecclesia
2898 2180 3139 2244 quatuor
3169 2174 3410 2245 pillaria,
3442 2176 3584 2234 iuxta
3610 2172 3714 2244 pul-

2151 2263 2351 2334 pitum.
2385 2261 2725 2332 imaginibus
2755 2262 3043 2317 doctorum
3069 2269 3314 2334 quatuor
3336 2263 3594 2326 Ecclesia,
3610 2277 3713 2314 mu-

2151 2352 2307 2415 nivit,
2339 2368 2460 2422 qua
2490 2359 2620 2405 ante
2653 2369 2824 2406 vacua
2853 2353 3094 2406 fuerant.
3142 2351 3482 2406 Libriferum
3529 2353 3582 2404 in
3620 2365 3714 2404 mo-

2151 2441 2306 2506 dum,
2339 2446 2395 2494 et
2419 2441 2654 2494 formam
2676 2441 2894 2512 aquila,
2923 2441 2980 2496 in
3004 2441 3186 2496 medio
3211 2442 3389 2502 chori,
3436 2441 3503 2495 ad
3543 2446 3712 2494 tenen-

2149 2531 2283 2584 dum
2320 2531 2552 2584 chorum
2588 2530 2869 2596 instituit;
2912 2531 3264 2602 formamque
3300 2531 3477 2602 Moysi
3517 2545 3709 2589 aream.

2147 2626 2425 2690 praecepta
2453 2619 2655 2690 legalia
2698 2619 2754 2672 in
2799 2635 2966 2672 manu
3012 2619 3281 2690 gerentis,
3320 2620 3390 2673 ad
3437 2618 3705 2688 Epistolam

2147 2709 2456 2763 canendam
2473 2709 2766 2772 ordinavit,
2789 2707 3710 2778 Magnificumqueevangelistarum

2143 2815 2351 2852 areum
2363 2798 2600 2850 formam
2614 2805 2854 2867 quatuor
2865 2797 3278 2866 evangelistaru
3287 2814 3341 2850 m
3358 2812 3572 2867 gerens.
3573 2795 3711 2865 juxta

2145 2888 2324 2940 altare
2352 2886 2420 2940 ad
2455 2886 2754 2956 Evangelia
2781 2903 2879 2958 per
2907 2886 3179 2940 circulum
3209 2886 3347 2939 anni
3365 2883 3640 2946 cantanda,
3667 2888 3714 2935 et

2082 2976 2213 3058 Cde
2256 2976 2452 3028 eadem
2496 2974 2733 3029 materia
2766 2981 2822 3028 et
2871 2991 3036 3040 area,
3103 2982 3352 3046 quatuor
3411 2970 3714 3028 candelabra

2143 3064 2656 3134 sumptuosissima.

2214 3180 2514 3236 Ecclesiam
2545 3177 2794 3250 pluribus
2823 3180 3170 3234 vestimentis
3202 3181 3491 3244 nudatam,
3526 3184 3579 3233 et
3595 3176 3715 3231 indi-

2142 3274 2389 3338 gentem.
2433 3268 2624 3321 multis
2669 3267 3092 3323 honorabilibus
3131 3275 3188 3323 et
3222 3269 3565 3341 sumptuosis
3601 3282 3712 3321 con-

2142 3357 2387 3418 fortavit,
2421 3363 2478 3410 et
2505 3356 2696 3410 multis
2737 3357 3030 3426 jocalibus,
3076 3358 3356 3427 reliquiis,
3404 3365 3459 3413 et
3505 3355 3712 3410 maxime

2144 3443 2235 3498 ubi
2261 3445 2560 3515 requiescit
2589 3461 2719 3515 pars
2749 3445 2950 3516 capitis
2969 3446 3146 3500 sancti
3169 3447 3365 3513 Blasii,
3409 3463 3528 3518 qua
3571 3449 3712 3498 antea

2143 3532 2201 3586 in
2221 3533 2423 3603 Anglia
2449 3533 2506 3587 in
2537 3533 2788 3604 prioratu
2810 3533 3012 3588 Conith
3042 3534 3424 3601 detinebatur,
3459 3534 3627 3588 medio
3666 3536 3711 3583 et

2144 3622 2362 3674 monitu
2397 3622 2581 3675 Patris
2609 3621 2786 3676 nostri
2814 3621 2922 3675 fuit
2940 3622 3086 3692 apud
3120 3623 3363 3678 Beccum
3391 3621 3712 3684 translata,et

2144 3709 2198 3763 in
2239 3711 2728 3781 sumptuosissimo
2757 3711 3060 3781 reliquario
3082 3712 3351 3782 reposita.

2213 3836 2452 3889 Domum
2482 3835 2853 3898 inﬁrmorum,
2885 3851 3007 3906 qua
3037 3836 3354 3890 infirmaria
3397 3835 3610 3899 dicitur,
3649 3829 3708 3886 ad

461 3944 564 3982 nec
603 3927 911 3998 quidquam
968 3926 1240 3997 scriptum
1301 3925 1504 3989 inveni,
1567 3926 1693 3980 ideo
1754 3925 2058 3980 scientibus
2138 3923 2374 3978 fratrum
2405 3923 2714 3978 subsidium
2737 3931 2794 3978 et
2821 3924 3109 3995 egentium
3126 3920 3704 3991 solatium,adificavit,

463 4015 670 4070 dimisi.

533 4111 659 4172 πε
679 4103 949 4158 Defuncto
982 4100 1286 4156 venerabili
1312 4101 1480 4155 Patre
1515 4101 1751 4156 Domino
1769 4101 2061 4157 Joannede

461 4194 603 4247 Lota
617 4193 756 4246 alias
767 4192 836 4246 de
849 4191 1578 4261 Rothomago.decretorum
1595 4191 1798 4244 eximio
1811 4192 2056 4256 doctore,

2143 4029 2253 4067 non
2273 4014 2455 4067 solum
2480 4013 2866 4078 materialiter,
2908 4013 3008 4067 sed
3040 4014 3186 4084 quod
3236 4015 3440 4070 melius
3471 4021 3526 4068 et
3549 4011 3709 4081 majus

2144 4107 2246 4164 est,
2281 4102 2669 4172 spiritualiter,
2699 4101 2829 4173 quia
2858 4102 2975 4173 ipse
2999 4119 3033 4156 a
3074 4119 3298 4158 summo
3338 4103 3590 4176 pontiﬁce
3621 4100 3710 4154 im-

2146 4191 2386 4261 petravit
2428 4197 2490 4244 ut
2524 4191 2709 4245 cuncti
2767 4191 2826 4245 in
2891 4191 3157 4262 praedicta
3201 4191 3373 4246 domo
3414 4191 3709 4246 decedentes

465 4283 560 4352 qui
587 4282 726 4334 obiit
752 4281 808 4334 in
840 4281 1007 4334 domo
1043 4280 1221 4344 Becci,
1266 4279 1413 4351 apud
1461 4279 1898 4350 Rothomagum,
1944 4279 2564 4342 cor-Dabsolverentur
2594 4297 2628 4333 a
2656 4295 2818 4351 pana
2846 4286 2902 4334 et
2923 4281 3102 4352 culpa,
3129 4286 3192 4335 ut
3227 4280 3286 4334 in
3333 4281 3485 4335 bulla
3533 4277 3709 4334 clarius

462 4385 680 4440 pusque
710 4370 759 4439 ej
768 4386 832 4422 us
851 4369 999 4439 apud
1019 4369 1253 4423 Beccum
1277 4369 1548 4433 delatum,
1562 4369 1829 4423 fratribus
1848 4369 2062 4424 cunctis

465 4473 631 4512 suum
656 4457 871 4510 obitum
889 4456 1562 4522 lamentantibus,ibidem
1580 4457 1796 4529 accepit
1815 4459 2062 4529 sepultu-

465 4561 588 4599 ram
611 4547 770 4615 juxta
807 4545 1271 4614 pradecessorem
1320 4562 1484 4601 suum
1525 4545 1758 4601 fratrem
1789 4547 2061 4602 Thomam

465 4634 536 4690 de
561 4634 752 4689 Becco.

538 4723 643 4778 Cui
673 4721 938 4776 successit
967 4719 1297 4776 venerabilis
1322 4728 1516 4794 pastor
1537 4728 1594 4777 et
1614 4724 1783 4778 Pater
1801 4724 2060 4780 dominus

465 4810 787 4866 Gautfridus
805 4810 875 4863 de
905 4809 1194 4880 Hispania,
1226 4810 1364 4864 alias
1400 4811 1700 4876 Benedicti,
1736 4820 1871 4868 tunc
1908 4814 2062 4884 prior

465 4901 536 4955 de
556 4901 722 4954 Prato
746 4900 907 4970 juxta
937 4899 1370 4969 Rothomagum.
1405 4901 1548 4954 Dum
1581 4906 1703 4971 ejus
1731 4901 1929 4956 electio
1954 4903 2061 4957 fuit

465 4989 733 5045 canonice
761 4988 1060 5054 celebrata,
1113 4990 1328 5042 cunctis
1378 4990 1645 5044 fratribus
1699 4991 1819 5060 ejus
1860 4992 2061 5046 merita

465 5078 967 5144 considerantibus,
1004 5078 1062 5131 in
1095 5095 1221 5132 eum
1266 5095 1366 5148 per
1407 5079 1553 5132 viam
1594 5080 1771 5132 sancti
1821 5081 2060 5150 Spiritus

465 5169 812 5226 unanimiter
835 5167 1208 5232 consentiunt,
1243 5174 1299 5220 et
1327 5184 1455 5220 eum
1487 5167 1541 5220 in
1574 5174 1854 5238 pastorem
1901 5187 2059 5226 assu-

466 5265 627 5314 munt
657 5257 960 5311 Dominica
992 5255 1396 5310 lncarnationis
1421 5273 1568 5309 anno
1596 5257 1888 5313 millesimo
1929 5276 2062 5330 qua-

2143 4367 2482 4426 continetur.
2518 4369 2585 4422 Et
2609 4384 2643 4421 a
2668 4368 2888 4422 vicariis
2930 4369 2988 4423 in
3023 4369 3244 4424 Christo
3287 4369 3471 4423 Patris
3516 4362 3708 4422 Domini

2143 4455 2438 4511 Guillermi
2462 4457 2861 4512 Destoutevilla
2881 4457 3282 4529 archiepiscopi
3320 4458 3706 4526 Rothomagen-

2143 4546 2220 4599 sis
2260 4551 2319 4600 et
2348 4545 2648 4600 cardinalis
2687 4545 2836 4600 tituli
2874 4546 3206 4612 Hostiensis,
3261 4546 3596 4619 impetravit,
3656 4546 3708 4595 ut

2143 4651 2337 4690 omnes
2365 4635 2629 4705 religiosi,
2659 4636 2717 4689 in
2746 4635 2893 4690 dicta
2931 4635 3243 4689 infirmaria
3267 4637 3624 4697 celebrantes,
3661 4634 3708 4684 et

2143 4725 2543 4796 cujuscumque
2570 4729 2770 4788 status,
2804 4723 3002 4779 devote
3031 4724 3330 4780 missarum
3346 4724 3610 4780 solemnia
3631 4735 3711 4775 au-

2142 4804 2644 4874 dientes,omnibus
2674 4812 2870 4870 diebus
2903 4814 3335 4875 Dominicis,nec
3359 4830 3471 4868 non
3500 4819 3555 4868 et
3572 4808 3707 4866 festis

2143 4902 2505 4970 solemnibus,
2549 4901 2782 4973 triginta
2823 4901 2941 4957 dies
2980 4902 3048 4956 de
3090 4902 3356 4972 injunctis
3395 4896 3709 4974 panitentiis

2142 4991 2458 5054 relaxando,
2491 4992 2757 5063 consequi
2787 4997 3125 5056 mereantur,
3161 4998 3223 5045 ut
3249 4992 3415 5046 docet
3441 4992 3617 5045 littera
3636 5001 3710 5041 su-

2143 5097 2242 5150 per
2255 5081 2358 5134 hoc
2372 5083 2621 5137 confecta
2640 5101 2652 5149 ;
2671 5083 2982 5136 etlitteram
3010 5081 3255 5136 invenies
3279 5081 3340 5134 in
3359 5077 3704 5138 chartulario,

2144 5171 2201 5224 in
2226 5171 2389 5225 titulo
2431 5171 2975 5243 archiepiscoporum
3025 5171 3578 5240 Rothomagensium.
3611 5166 3709 5221 Nec

2143 5267 2226 5314 est
2255 5261 2625 5315 omittendum
2645 5261 2986 5332 lampadium
3009 5261 3153 5331 quod
3173 5268 3256 5314 est
3273 5261 3331 5313 in
3355 5260 3538 5313 medio
3553 5255 3703 5311 chori.

464 5346 904 5417 dringentesimo
958 5345 1422 5416 quinquagesimo
1454 5346 1713 5399 secundo.
1768 5348 1873 5411 Qui
1922 5349 2056 5404 dum
2136 5352 2296 5421 juxta
2325 5351 2741 5408 candelabrum.
2776 5352 2920 5421 quod
2952 5351 3106 5404 dedit
3136 5349 3398 5404 dominus
3422 5345 3706 5403 Richardus

463 5442 612 5492 esset
632 5452 786 5506 prior
809 5435 877 5488 de
899 5435 1086 5500 Prato,
1109 5432 1330 5503 guerris
1352 5434 1408 5487 in
1431 5435 1843 5490 Northmannia
1865 5438 2054 5509 vigen-
2138 5439 2189 5494 le
2211 5442 2400 5496 Grand
2428 5448 2655 5496 curatus
2682 5441 2750 5494 de
2773 5441 2948 5496 Bosco
2979 5439 3226 5505 Robcrti,
3249 5439 3464 5492 dudum
3510 5434 3705 5491 abbatis

461 5525 631 5592 tibus,
663 5525 840 5585 multa
868 5540 1065 5598 passus
1096 5529 1198 5591 est,
1229 5527 1286 5578 et
1327 5523 1578 5580 redditus
1622 5525 1866 5583 ecclesia
1898 5528 2053 5585 Prati
2136 5531 2371 5586 servitor
2441 5528 2963 5602 obsequiosissimus
3001 5536 3058 5586 et
3115 5528 3436 5596 familiaris;
3488 5537 3704 5598 cuppam
