3864 6176
199 226 298 281 685
1362 221 1788 279 CHRONICON
1831 222 2216 281 BECCENSE.
3363 224 3475 281 686

201 348 551 420 magniﬁcam
580 350 892 416 argentem,
925 350 982 399 et
1008 346 1338 402 deauratam
1369 348 1665 403 conventui
1694 349 1793 402 de-
1811 352 1860 409 A
1881 355 1998 403 tam
2029 352 2322 422 magniﬁce
2347 352 2758 415 confirmatum,
2787 351 2956 405 rediit
2976 352 3045 405 ad
3072 358 3282 407 terram
3311 368 3474 409 suam

201 440 300 494 dit.
1877 439 2139 494 dominus
2178 441 2288 495 dux
2316 440 2656 511 Burgundiae
2682 456 2807 495 cum
2838 440 2977 506 suis,
3014 448 3340 496 remanente
3376 442 3478 497 do-

269 529 399 599 ipse
429 542 554 579 vero
575 541 689 579 non
718 524 1017 578 immemor
1038 524 1173 579 dicti
1193 527 1340 595 quod
1368 533 1560 581 sancta
1579 530 1793 581 etsalu-
1878 528 2030 581 mino
2060 528 2199 583 duce
2230 530 2557 592 Britanniae,
2592 546 2718 582 cum
2748 535 2939 583 nostro
2959 529 3100 583 duce
3130 530 3475 586 Northman-

205 619 311 670 bris
339 622 419 669 est
437 616 693 681 cogitatio
723 630 823 682 pro
852 615 1127 680 defunctis
1157 631 1402 680 exorare,
1430 621 1546 668 uta
1564 617 1797 683 peccatis
1882 616 2008 679 nia,
2028 618 2275 671 nondum
2310 616 2459 689 apud
2478 617 2891 687 Rothomagum
2926 624 3168 688 recepto,
3194 619 3310 689 qui,
3344 635 3476 674 eum

205 703 594 769 solvanturUI
607 702 812 756 Macch.
842 700 1069 770 101,116),
1096 709 1154 756 et
1174 703 1322 773 quod
1350 704 1553 757 anima:
1578 703 1801 757 defunc-
1882 704 1943 758 in
1968 705 2195 760 abbatia
2229 708 2447 762 Sancta
2476 705 2794 761 Catharinae
2847 708 3007 777 juxta
3064 706 3479 778 Rothomagum

208 803 391 848 torum
419 789 768 845 orationibus
789 789 1110 855 viventium,
1145 791 1216 844 ad
1263 807 1559 861 pmnarum
1592 791 1803 846 relaxa-
1884 793 2061 848 duxit.
2084 795 2191 859 Qui
2221 795 2355 850 dum
2389 801 2805 866 exspectaretur
2833 812 2867 849 a
2894 794 3293 866 Burgensibus,
3314 802 3476 866 etge-

202 883 414 937 tionem
443 879 718 949 indigent,
750 876 963 932 obitum
995 895 1158 934 suum
1186 879 1434 935 instituit
1452 879 1722 934 celebrari
1743 880 1802 934 in
1886 884 2197 938 neralitera
2214 890 2334 939 toto
2363 884 2537 939 nobili
2560 892 2711 940 statu
2741 885 3165 939 Northmanniae
3192 891 3250 941 et
3270 902 3382 940 non
3393 901 3480 940 ve—

209 969 656 1041 quadragesima,
684 967 776 1021 die
805 967 985 1021 sancti
1025 968 1311 1022 Benedicti
1341 968 1576 1034 abbatis,
1602 976 1661 1023 et
1688 985 1803 1023 ser-
1884 974 2050 1037 niret,
2086 973 2365 1028 miserunt
2397 974 2682 1028 communi
2731 990 2962 1028 assensu
2997 975 3269 1039 omnium,
3307 975 3480 1029 Joan-

207 1060 337 1115 vitio
368 1056 759 1112 assistentibus
781 1057 1089 1127 assignavit
1106 1057 1296 1112 decem
1328 1058 1498 1112 libras
1519 1058 1804 1113 Turonen-
1886 1078 2014 1115 nem
2056 1064 2353 1129 Monsieur,
2379 1064 2555 1117 ﬁlium
2593 1063 2663 1117 de
2684 1062 2997 1129 Haricuria,
3040 1070 3105 1117 ut
3121 1064 3289 1118 sciret
3310 1080 3484 1135 quare

210 1165 309 1213 ses,
324 1162 497 1218 super
521 1151 804 1217 receptam
831 1145 900 1199 de
916 1146 1244 1212 Bensevilla,
1276 1147 1692 1202 distribuendas
1708 1162 1809 1217 per
1892 1152 2324 1222 ingressus‘ejus
2361 1152 2557 1206 tandiu
2577 1151 2940 1206 differebatur
2963 1171 2975 1218 ;
3008 1152 3103 1222 qui
3130 1151 3360 1207 verbum
3392 1154 3488 1207 ha-

211 1253 439 1292 mamlm
468 1236 555 1290 Sili
576 1235 870 1305 capeuani,
895 1235 1119 1305 quando
1148 1253 1393 1306 praesens
1412 1237 1538 1304 erit,
1559 1243 1615 1290 et
1642 1235 1689 1289 si
1709 1234 1811 1289 ab-
1894 1240 2017 1294 buit
2043 1256 2170 1294 cum
2201 1240 2349 1295 dicto
2380 1241 2581 1294 Carolo
2607 1241 2766 1305 duce,
2816 1248 2872 1295 et
2900 1256 3029 1295 eum
3062 1246 3224 1295 nocte
3251 1257 3379 1295 cum
3399 1247 3488 1296 te-

212 1343 335 1381 sens
363 1324 555 1390 fuerit,
588 1324 647 1377 in
682 1324 1035 1378 ordinatione
1057 1324 1260 1394 prioris
1286 1326 1410 1379 erit.
1892 1329 1998 1393 dis,
2029 1334 2087 1382 et
2109 1328 2309 1382 decoro
2333 1327 2545 1381 lumine
2583 1328 2653 1381 ad
2683 1328 3099 1399 Rothomagum
3130 1329 3400 1397 adduxit;
3433 1334 3491 1384 et

280 1418 348 1470 In
380 1412 628 1468 fontibus
656 1420 715 1467 et
770 1413 1137 1467 conductibus
1177 1414 1377 1468 eximie
1421 1414 1713 1481 laboravit,
1756 1420 1812 1467 et
1894 1417 2103 1471 ibidem
2134 1433 2262 1471 cum
2292 1432 2502 1485 magna
2528 1416 2882 1470 solemnitate
2913 1423 2971 1470 et
2998 1418 3240 1471 maximo
3285 1416 3492 1488 gaudio

214 1504 452 1559 maxime
482 1510 615 1557 ante
634 1518 918 1556 cameram
937 1502 1176 1567 abbatis,
1209 1503 1267 1556 in
1292 1503 1455 1557 horto
1485 1503 1579 1574 qui
1608 1502 1814 1557 dicitur
1897 1511 2209 1577 susceptus,
2226 1505 2595 1576 praesentibus
2610 1505 2845 1559 ducatus
2858 1506 3152 1577 episcopis,
3176 1506 3489 1573 abbatibus,

223 1599 273 1648 la
312 1592 601 1665 Vignehin
645 1608 756 1662 quo
813 1591 1148 1645 conductum
1201 1592 1437 1646 fontium
1490 1593 1814 1662 contiguum
1901 1595 2222 1660 baronibus,
2274 1600 2332 1648 et
2379 1594 2590 1648 cunctis
2646 1594 2943 1659 nobilibus,
2995 1600 3051 1648 et
3080 1595 3289 1648 annulo
3320 1611 3492 1649 aureo

223 1699 415 1745 caveae,
431 1682 526 1751 qui
555 1680 777 1751 ligneus
797 1680 1224 1751 erat,lapideum
1250 1681 1635 1746 conformavit,
1657 1688 1721 1735 ut
1738 1681 1820 1734 in-
1837 1665 1883 1724 Β
1902 1685 2093 1739 manui
2122 1683 2405 1754 imposito,
2436 1683 2493 1737 in
2514 1683 2746 1737 ecclesia
2773 1688 2977 1737 nostra;
3007 1683 3257 1737 Dominae
3289 1684 3495 1738 Rotho-

224 1772 403 1826 tuenti
430 1769 708 1823 clarescit.
1899 1774 2200 1844 magensis,
2237 1771 2726 1835 Northmanniam,
2758 1771 2972 1825 cunctis
3017 1771 3354 1838 videntibus,
3395 1771 3495 1826 de-

290 1862 429 1915 Tres
453 1859 743 1913 scholares
781 1858 849 1911 ad
871 1858 1120 1912 studium
1169 1859 1482 1913 Parisiense
1520 1859 1721 1924 tenuit,
1763 1864 1821 1913 et
1899 1861 2217 1933 sponsavit;
2262 1866 2320 1914 et
2363 1877 2486 1915 eam
2535 1865 2598 1914 ut
2651 1877 2889 1930 sponsus
2917 1876 3179 1931 sponsam
3210 1876 3404 1931 regere
3441 1864 3501 1914 et

224 1950 524 2020 aliquando
555 1954 819 2018 quatuor,
860 1947 1174 2017 sumptibus
1207 1949 1447 2017 magnis,
1480 1948 1815 2018 quibusdam

220 2038 274 2093 in
297 2037 603 2107 theologia,
636 2036 763 2089 aliis
794 2036 853 2089 in
882 2035 1120 2089 decretis
1149 2036 1522 2094 studentibus,
1556 2042 1614 2089 et
1645 2053 1739 2089 eos
1759 2036 1815 2088 in

222 2127 482 2197 gradibus
510 2126 842 2178 facultatum
876 2125 1113 2195 copiosis
1143 2125 1457 2195 sumptibus
1500 2124 1812 2190 honoravit,

222 2224 275 2271 et
298 2233 466 2270 manu
498 2216 682 2285 larga,
712 2214 900 2267 favore
929 2213 1269 2267 scholarium
1298 2231 1546 2278 suorum,
1570 2213 1813 2267 maxime

223 2304 535 2359 doctoribus
588 2303 919 2357 facultatum
950 2302 1353 2356 Parisiensium
1386 2304 1531 2356 bona
1568 2302 1814 2356 ecclesiae

225 2393 525 2447 distribuit.
561 2391 748 2455 Quare
773 2391 907 2445 dicti
936 2391 1239 2455 scholares,
1274 2408 1444 2462 super
1468 2408 1664 2445 omnes
1703 2396 1818 2444 stu~

221 2482 672 2548 dentes,indicta
698 2480 1082 2546 universitate,
1107 2480 1167 2533 in
1194 2481 1439 2534 maxima
1470 2496 1819 2535 recommen-

229 2572 450 2625 datione
479 2569 857 2624 habebantur.

290 2660 431 2714 Dum
448 2660 593 2714 obiit
604 2659 807 2714 nobilis
826 2658 1040 2729 piaeque
1060 2660 1346 2714 memoriae
1368 2659 1629 2713 dominus
1651 2660 1821 2713 Caro.

1898 1950 2216 2021 gubernare
2232 1950 2604 2020 jurejurando
2630 1948 2912 2019 promisit.

1974 2041 2088 2093 Hoc
2118 2039 2281 2103 facto,
2325 2039 2466 2092 duce
2487 2038 2889 2092 Britannorum
2917 2039 3034 2092 solo
3064 2038 3121 2091 in
3152 2038 3500 2093 Northman-

1900 2130 1996 2182 nia
2044 2133 2229 2182 stante
2280 2144 2407 2181 cum
2460 2127 2609 2181 dicto
2664 2127 2884 2193 Carolo,
2907 2144 3003 2181 rex
3052 2127 3298 2181 Francize
3317 2132 3501 2182 totum

1899 2218 2046 2288 quod
2086 2217 2213 2270 fecit
2251 2216 2549 2281 revocavit,
2593 2216 2784 2269 dicens
2816 2216 2965 2286 quod
3004 2216 3268 2270 scribitur
3296 2217 3366 2270 de
3404 2216 3499 2270 de-

1899 2305 2273 2383 sponsalibus,
2306 2322 2432 2359 cum
2466 2306 2648 2360 locum
2678 2323 2791 2359 non
2822 2304 2992 2360 habet
3038 2322 3363 2371 consensus,
3407 2303 3505 2359 ubi

1903 2403 2106 2460 metus,
2132 2396 2220 2448 vel
2250 2395 2462 2449 coactio
2482 2394 2800 2459 intercedit,
2832 2400 2889 2448 et
2932 2395 3081 2465 quod
3112 2401 3338 2449 coactus
3368 2409 3504 2448 con-

1902 2501 2128 2538 sensum
2158 2483 2413 2554 praabuit,
2439 2488 2498 2537 et
2526 2483 2644 2538 suis
2677 2484 2973 2553 armigeris
3010 2483 3069 2537 in
3086 2484 3311 2554 signum
3334 2484 3505 2554 hujus

1906 2574 2054 2639 fecit,
2079 2573 2393 2627 etinstituit
2419 2578 2643 2643 portare
2669 2588 2839 2641 super
2866 2572 3085 2633 loricas,
3119 2572 3259 2626 duas
3290 2573 3508 2627 litteras

1904 2664 1972 2717 A.
2002 2668 2058 2715 et
2084 2663 2144 2715 P.
2166 2662 2324 2731 quasi
2345 2662 2558 2715 diceret
2584 2662 2725 2714 audi
2761 2666 2996 2729 partem.
3045 2661 3296 2714 Audiens
3324 2661 3508 2714 dictus

228 2753 311 2805 lus
343 2750 857 2812 victoriosissimus,
908 2748 1004 2818 qui
1040 2751 1253 2819 Anglos
1302 2750 1371 2802 dc
1414 2748 1828 2802 Northmannia
1909 2752 2020 2805 dux
2053 2751 2303 2810 Carolus.
2341 2750 2489 2820 quod
2519 2750 2685 2819 hujus
2713 2749 3001 2803 occasione
3054 2764 3152 2802 rex
3183 2747 3512 2802 intendebat

228 2839 453 2911 expulit,
486 2855 638 2893 anno
670 2837 895 2893 Domini
931 2838 1230 2892 millesimo
1275 2838 1828 2908 quadringentesimo
1909 2854 2175 2909 guerram
2205 2844 2403 2891 contra
2448 2854 2575 2891 eum
2637 2837 2842 2891 iterum
2897 2853 3137 2901 movere,
3170 2842 3228 2891 et
3267 2837 3336 2890 de
3365 2836 3511 2891 facto

230 2929 663 2999 quadragesimo
686 2944 856 2993 nono,
881 2935 938 2981 et
954 2927 1334 2981 reductionem
1358 2927 1507 2992 fecit;
1526 2927 1667 2980 duos
1687 2926 1831 2978 ﬁlios
1913 2928 2103 2993 movit,
2139 2927 2271 2998 quia
2290 2926 2465 2980 voluit
2490 2933 2552 2980 ut
2578 2926 2718 2979 villae.
2739 2932 2792 2980 et
2822 2931 3006 2980 castra
3029 2926 3086 2979 in
3128 2926 3274 2980 dicto
3302 2926 3512 2980 ducatu

229 3019 515 3089 relinquit.
554 3017 768 3070 scilicet
822 3016 1160 3070 Ludovicum
1209 3016 1486 3069 seniorem
1544 3014 1741 3078 ﬁlium,
1777 2987 1888 3068 etc
1913 3018 1982 3070 de
2013 3016 2216 3087 quibus
2247 3016 2427 3070 dictus
2456 3016 2569 3069 dux
2588 3015 2822 3069 Carolus
2844 3015 3253 3086 possessionem
3282 3030 3511 3086 accepe-

229 3107 587 3177 Delphinum,
609 3106 705 3177 qui
737 3105 1003 3159 successit
1033 3104 1091 3158 in
1119 3121 1344 3169 corona,
1369 3111 1426 3158 et
1463 3104 1636 3157 alium
1660 3104 1832 3157 Caro-
1914 3112 2022 3173 rat,
2055 3105 2161 3159 sibi
2182 3106 2634 3159 restituerentur.
2665 3105 2826 3168 Quod
2854 3104 2962 3158 fuit
3013 3104 3134 3175 regi
3162 3104 3319 3158 valde
3349 3104 3512 3175 igno-

228 3196 343 3250 lum
372 3196 572 3250 ducem
597 3194 668 3248 de
697 3195 906 3265 Berry;
944 3194 1039 3265 qui
1074 3194 1354 3247 modicum
1379 3194 1680 3261 concordes
1709 3194 1832 3246 fue-

230 3290 363 3338 runt
386 3300 568 3355 usque
587 3282 661 3336 ad
679 3299 889 3337 annum
909 3283 1131 3336 Domini
1164 3282 1526 3336 millesimum
1560 3282 1830 3352 quadrin-

230 3374 606 3444 gentesimum
658 3372 1066 3441 sexagesimum
1126 3371 1409 3442 quintum.
1454 3370 1561 3435 Qui
1601 3371 1832 3425 Carolus

235 3469 358 3528 ιο
380 3464 494 3517 dux
508 3463 582 3515 de
602 3461 779 3531 Berry
809 3477 843 3514 a
878 3461 1048 3515 fratre
1073 3477 1174 3514 suo
1202 3461 1479 3514 Ludovico
1505 3477 1636 3530 rege
1666 3461 1837 3513 duca-

236 3558 348 3605 tum
374 3549 808 3606 Northmanniae
839 3548 1179 3620 requirebat,
1209 3555 1265 3603 et
1293 3549 1397 3603 sibi
1428 3549 1681 3603 debitum
1712 3550 1839 3618 jure

237 3639 597 3694 haereditario
622 3644 679 3691 et
708 3644 1045 3693 testamento
1066 3638 1240 3708 patris
1268 3637 1379 3691 sibi
1406 3638 1685 3703 relictum,
1709 3653 1840 3707 rege

236 3728 677 3783 contradicente.

303 3817 512 3872 Videns
540 3816 842 3887 praedictus
871 3816 1104 3870 Carolus
1135 3816 1283 3885 quod
1304 3832 1415 3870 non
1446 3820 1667 3886 poterat
1695 3815 1840 3885 paci-

236 3906 455 3960 scicum
487 3922 623 3975 rege
680 3905 851 3959 fratre
882 3922 1002 3969 suo,
1039 3905 1244 3958 fmdere
1273 3906 1603 3974 conjunctus
1625 3910 1711 3958 est
1746 3904 1834 3957 do-

238 3994 400 4048 minis
439 3993 679 4047 ducibus
712 3993 1046 4063 Burgundize
1075 4000 1132 4046 et
1152 3993 1482 4051 Britannia;
1515 3994 1609 4063 qui
1640 4010 1838 4064 quere-

236 4081 347 4136 lam
378 4082 515 4136 dicti
547 4081 734 4135 Caroli
766 4098 935 4136 manu
966 4088 1187 4136 armata
1218 4088 1526 4153 portantes,
1550 4089 1607 4137 et
1634 4083 1840 4137 delfen-

238 4170 431 4226 dentes
461 4171 520 4225 in
556 4187 747 4240 regem
790 4171 1055 4225 ducatum
1118 4172 1541 4225 Nortbmanniaa
1569 4188 1840 4242 occupan—

1916 3195 2235 3257 miniosum,
2262 3199 2327 3247 ut
2347 3193 2680 3265 promissum
2718 3210 2881 3247 suum
2909 3198 3106 3248 contra
3154 3195 3386 3247 lratrem
3417 3209 3515 3248 na-

1912 3285 2154 3339 turalem
2186 3284 2436 3340 violaret.

1985 3371 2362 3427 Considerans
2383 3371 2563 3426 dictus
2594 3371 2704 3425 dux
2734 3372 2880 3442 quod
2909 3364 3171 3443 potentiae
3199 3372 3514 3443 ejus,vide-

1920 3461 2053 3514 licet
2071 3460 2238 3530 regis,
2267 3476 2378 3513 non
2390 3460 2601 3513 valeret
2635 3459 2917 3519 resistere,
2951 3460 3207 3515 discessit
3230 3460 3513 3515 deNorth-

1923 3550 2170 3615 mannia,
2199 3556 2252 3603 et
2284 3550 2634 3603 Britanniam
2664 3549 2781 3609 ivit,
2839 3549 3037 3620 suique
3077 3551 3351 3615 consules,
3378 3556 3516 3621 puta

1923 3641 2216 3711 episcopus
2233 3646 2291 3692 et
2309 3639 2629 3710 patriarcha
2649 3639 2722 3692 Ba
2723 3640 2744 3708 j
2753 3639 2987 3701 ocensis,
3030 3640 3324 3710 episcOpus
3347 3640 3518 3694 Lexo-

1921 3728 2145 3793 viensis,
2171 3735 2226 3781 et
2254 3727 2479 3798 plurimi
2506 3728 2603 3780 alii
2625 3728 2862 3797 patriam
2899 3734 2955 3781 et
2992 3729 3219 3800 propria
3250 3728 3519 3783 beneﬁcia

1922 3819 2323 3888 relinquentes,
2356 3816 2565 3870 dictum
2604 3817 2826 3877 ducem,
2863 3817 3153 3887 supposito
3183 3824 3242 3871 et
3268 3817 3517 3885 consilio,

1921 3908 2097 3961 secuti
2125 3912 2275 3969 sunt,
2311 3910 2368 3959 et
2410 3905 2574 3958 multi
2615 3904 2829 3958 nobiles
2857 3905 3282 3959 Northmannite
3312 3906 3518 3974 captivi

1922 3999 2314 4047 remanserunt
2344 4009 2468 4045 cum
2491 4008 2642 4062 rege,
2671 3999 2725 4044 et
2747 3992 2842 4044 alii
2867 4009 2934 4045 ex
2952 3999 3068 4045 toto
3098 3992 3407 4062 perierunt.

1995 4084 2062 4136 Et
2085 4083 2195 4136 ista
2226 4080 2528 4135 miserabili
2552 4096 2758 4149 guerra
2775 4080 3033 4143 durante,
3048 4080 3307 4133 dominus
3329 4085 3522 4134 noster

1923 4176 1981 4225 et
2003 4173 2169 4225 Pater
2197 4168 2547 4235 venerabilis,
2590 4184 2694 4222 sua
2723 4167 3084 4237 benignitate,
3118 4175 3174 4222 et
3201 4168 3520 4234 clementia,

244 4268 374 4323 tem,
415 4261 696 4315 insultum
725 4260 1000 4325 fecerunt,
1033 4267 1090 4315 et
1117 4277 1245 4314 eum
1279 4277 1455 4331 usque
1481 4261 1553 4314 ad
1592 4261 1841 4315 Parisius
1860 4264 1906 4322 D
1926 4260 2141 4314 nobiles
2163 4259 2370 4313 multos
2386 4258 2443 4311 in
2459 4258 2762 4312 amicitiam
2793 4256 3049 4311 Ecclesiae
3085 4257 3281 4323 univit,
3311 4263 3369 4311 et
3396 4262 3524 4328 post

242 4346 430 4419 fugere
458 4348 860 4419 compulerunt
886 4365 1011 4403 cum
1040 4353 1158 4402 toto
1184 4349 1428 4402 exercitu
1460 4366 1591 4415 suo;
1638 4348 1731 4402 ubi
1771 4349 1840 4402 ad

240 4438 454 4493 nobiles
476 4437 925 4504 Northmanniae,
961 4443 1025 4492 ut
1060 4438 1409 4491 commodius
1436 4439 1687 4491 valerent
1712 4436 1844 4491 resi-

239 4532 408 4594 stere,
437 4527 749 4591 mandavit,
781 4527 879 4597 qui
911 4527 1051 4581 adeo
1101 4544 1203 4598 pro
1252 4544 1387 4597 rege
1416 4528 1841 4594 dimicaverunt,

240 4617 389 4687 quod
421 4616 718 4686 Burgundi
748 4632 942 4670 eorum
968 4618 1211 4671 exercitu
1238 4616 1423 4670 territi
1451 4618 1735 4688 fugerunt.

308 4706 517 4760 Postea
547 4721 645 4759 rex
672 4705 962 4759 consultus
987 4722 1021 4759 a
1051 4705 1398 4775 sapientibus
1445 4706 1602 4776 regni
1634 4706 1719 4760 sui
1745 4722 1845 4776 pro

241 4793 387 4848 bono
415 4794 578 4864 regni
607 4800 665 4848 et
689 4794 1123 4864 regnicolarum,
1152 4794 1224 4848 ad
1264 4795 1390 4848 lites
1411 4801 1469 4847 et
1494 4811 1729 4864 guerras
1756 4811 1845 4848 se-

240 4883 456 4938 dendas
496 4889 557 4935 et
580 4882 937 4952 quietandas;
969 4888 1025 4936 et
1053 4883 1329 4936 amicitias
1381 4883 1530 4936 inter
1569 4883 1849 4953 principes

239 4971 679 5037 connectendas,
707 4973 990 5026 consensit
1039 4980 1101 5026 ut
1156 4972 1330 5026 frater
1384 4989 1521 5025 suus
1575 4973 1848 5026 Ducatum

1928 4366 2133 4420 paucos
2161 4349 2280 4402 dies
2313 4354 2429 4402 tres
2452 4347 2645 4401 feodos
2671 4346 2904 4409 nobiles,
2933 4346 3191 4400 videlicet
3209 4346 3431 4401 feodum
3454 4346 3524 4401 dc

1928 4439 2312 4501 Calvomonte,
2334 4437 2403 4490 de
2426 4438 2795 4507 Feugueroto,
2820 4442 2876 4490 et
2904 4436 3129 4499 Boullae,
3148 4436 3414 4491 mandato
3439 4452 3524 4491 re-

1925 4528 2013 4598 gis
2025 4527 2096 4581 de
2127 4526 2301 4587 curia,
2321 4532 2377 4579 et
2415 4525 2678 4590 scacario,
2700 4525 2959 4580 Beccensi
2988 4525 3231 4580 ecclesiae
3252 4531 3527 4596 tanquam

1928 4633 2096 4671 manu
2157 4622 2390 4669 mortuae
2440 4614 2833 4685 incorporavit,
2879 4615 3096 4683 magnis
3157 4621 3213 4670 et
3250 4615 3526 4686 largiﬂuis

1928 4704 2265 4775 sumptibus,
2290 4703 2609 4758 amortisari
2640 4702 2784 4764 fecit,
2809 4720 2958 4756 anno
2989 4703 3210 4758 Domini
3228 4705 3526 4759 millesimo

1930 4793 2483 4866 quadringentesimo
2516 4792 2865 4861 sexagesimo
2896 4798 3071 4853 sexto,
3102 4796 3165 4845 ut
3192 4791 3398 4846 clarius
3426 4808 3528 4863 ap-

1930 4890 2091 4953 paret
2118 4882 2176 4935 in
2198 4882 2400 4935 litteris
2422 4898 2592 4951 super
2624 4882 2725 4933 hoc
2746 4880 3014 4933 confectis
3035 4888 3092 4933 et
3119 4880 3361 4951 scriptis.

2004 4973 2148 5024 Nota
2178 4971 2325 5040 quod
2358 4969 2707 5023 amortisatio
2738 4969 2877 5022 nihil
2905 4969 3057 5023 aliud
3088 4980 3173 5023 est
3216 4986 3383 5039 quam
3418 4975 3528 5022 ter-

238 5061 672 5116 Northmanniae
714 5061 1208 5132 possideret,unde
1238 5061 1421 5115 fuerat
1451 5061 1519 5114 lis
1539 5072 1597 5114 et
1624 5066 1851 5114 contro~
1933 5077 2051 5114 ram
2072 5060 2300 5113 domino
2326 5059 2648 5112 tributalem
2691 5058 2923 5111 reddere
2951 5058 3259 5112 immunem
3299 5056 3368 5109 ab
3397 5056 3517 5115 illo.

242 5153 427 5206 versia
451 5157 609 5206 mota
629 5152 778 5206 inter
808 5152 1017 5205 dictum
1044 5168 1233 5222 regem
1255 5158 1313 5205 et
1342 5151 1604 5205 Carolum
1619 5150 1849 5204 fratrem

240 5244 403 5312 ejus;
424 5249 483 5296 et
511 5258 614 5312 per
638 5258 768 5295 suas
791 5247 1048 5311 patentes
1077 5241 1293 5295 litteras
1311 5241 1680 5305 confirmavit,
1699 5241 1849 5309 jura-

2004 5148 2247 5203 Tabulas
2278 5149 2333 5201 in
2360 5149 2487 5200 aula
2517 5164 2639 5218 quae
2667 5146 2872 5200 dicitur
2897 5146 3251 5200 Misericorde
3281 5145 3410 5197 fecit
3437 5161 3526 5197 re-

1935 5254 2138 5291 novare
2173 5243 2231 5290 et
2274 5236 2656 5298 directorium,
2693 5243 2749 5289 et
2796 5235 3054 5288 similiter
3105 5233 3163 5285 in
3215 5232 3524 5299 refectorio,

242 5331 436 5401 vitque
462 5347 753 5401 nunquam
784 5330 976 5384 venire
1003 5331 1063 5384 in
1097 5329 1462 5396 contrarium,
1508 5330 1605 5383 sed
1630 5345 1854 5399 semper
1934 5344 2059 5398 quae
2086 5326 2239 5398 prius
2272 5331 2432 5379 erant
2454 5324 2732 5379 vermibus
2769 5326 3130 5391 consumptae.

240 5421 450 5474 stabile
477 5427 673 5474 tenere
704 5420 1063 5490 promissum.

2008 5416 2216 5469 Eodem
2240 5432 2387 5469 anno
2410 5414 2572 5468 multi
2585 5414 2653 5467 de
2681 5410 2999 5466 hominibus
3016 5409 3228 5463 domini
3259 5408 3445 5464 Caroli
3469 5426 3529 5463 se

323 5508 575 5565 Ducibus
604 5510 968 5575 contentatis,
999 5515 1230 5581 propter
1257 5508 1427 5579 hujus
1448 5508 1785 5579 promissum
1802 5513 1858 5561 et
1962 5510 2257 5560 traxerunt
2287 5505 2357 5558 ad
2388 5503 2574 5557 villam
2598 5519 2720 5577 quae
2736 5500 2940 5556 dicitur
2960 5498 3010 5553 le
3030 5498 3175 5555 Pont
3211 5499 3279 5555 de
3317 5498 3537 5557 l’Arche
