3864 6176
422 227 527 282 687
1381 224 1476 277 ΑΙ)
1517 224 1753 279 OPERA
1797 228 1854 278 Β.
1905 230 1983 281 LA

2079 232 2313 286 'RANCI
2354 235 2737 290 APPENDIX.
3561 249 3653 306 688

428 367 486 417 et
519 361 723 416 ibidem
751 362 1056 413 tenuerunt
1102 373 1202 428 per
1239 356 1446 411 multos
1482 357 1602 411 dies
1635 377 1646 411 :
1693 365 1749 413 et
1785 377 1864 413 sm
1902 377 2017 426 rex,
2040 365 2086 422 A
2109 364 2405 435 virginum,
2437 367 2692 420 videlicet
2723 366 2951 436 virginis
2983 367 3168 421 Maria
3198 369 3533 439 Magdalena.
3564 373 3656 428 Ho-

431 457 664 524 propter
677 451 780 504 hoc
800 454 1005 511 motus,
1027 447 1159 518 quia
1181 447 1451 500 nolebant
1478 447 1665 500 villam
1697 450 2019 518 pradictam
2104 456 2334 522 norina,
2369 457 2706 528 Margarita,
2747 457 3082 523 Catharina,
3110 475 3278 530 super
3327 462 3491 516 altare
3520 462 3659 518 dicta;

427 559 531 596 suo
582 539 847 594 mandato
889 537 1142 596 reddere.
1183 536 1241 590 in
1279 536 1504 607 propria
1542 537 1712 604 venit,
1754 543 1810 591 et
1831 539 2018 593 sedem
2103 545 2329 615 capella
2353 545 2775 618 devote_erexit,
2801 545 3150 616 et_tabulam
3192 548 3409 620 depingi
3434 550 3569 617 fecit,
3603 553 3652 607 in

425 631 690 695 instituit,
729 637 785 684 et
808 630 1162 700 disposuerat
1210 643 1310 698 per
1351 627 1625 681 assultum
1654 644 1872 698 capere,
1909 630 2019 684 nisi
2104 649 2233 704 qua,
2265 634 2335 688 ad
2393 635 2572 688 latera
2619 634 2850 706 depicta
2897 641 3030 690 sunt
3069 635 3336 706 imagines
3363 645 3650 696 sanctarum

425 719 821 775 intervenisset
850 719 1065 790 pactio;
1103 725 1264 788 pacto
1293 716 1452 781 inito,
1489 733 1615 771 cum
1647 717 1762 771 suis
1792 717 2021 772 intravit
2101 722 2332 776 Martha
2362 728 2418 777 et
2445 722 2698 794 Agnetis.

427 815 485 864 et
511 810 752 864 durante
775 809 926 868 sede,
951 807 1146 861 domos
1167 823 1290 877 qua
1309 813 1472 860 erant
1493 805 1639 859 circa
1665 812 1932 868 castrum,
1965 813 2022 862 et
2174 812 2413 866 Scamna
2427 813 2576 866 circa
2591 811 2859 882 capellam
2891 813 3152 874 instituit.
3181 829 3308 868 cum
3340 816 3573 887 cophinis
3593 819 3651 873 ad

421 906 642 971 portam
670 915 794 970 qua
822 897 982 952 duxit
1007 897 1078 950 ad
1119 895 1431 960 Locoveris,
1467 895 1598 950 fecit
1641 896 1891 951 funditus
1927 897 2020 951 de—
2102 901 2424 972 reponenda
2452 907 2781 956 ornamenta
2811 902 3034 973 capella
3061 921 3073 968 ;
3109 919 3230 973 qua
3247 904 3430 958 omnia
3444 908 3655 977 propriis

423 990 584 1053 strui,
619 995 675 1043 et
705 988 914 1042 fossata
942 987 1102 1041 dicta
1139 986 1282 1040 villa
1310 985 1613 1039 refortiari.
2101 990 2347 1044 denariis
2378 996 2435 1044 et
2461 990 2777 1062 sumptibus
2805 990 2935 1046 fecit
2988 991 3128 1056 fieri,
3160 991 3410 1047 videlicet
3453 995 3652 1050 calicem

496 1080 706 1134 Eodem
726 1094 874 1133 anno
897 1075 1243 1146 sexagesimo
1273 1080 1447 1141 sexto,
1474 1075 1564 1128 die
1592 1076 1770 1129 sancti
1803 1076 2017 1130 Cosma
2099 1079 2453 1143 deauratum,
2485 1096 2676 1151 pacem
2726 1079 2887 1134 valde
2920 1079 3174 1134 devotam
3235 1087 3292 1136 et
3341 1090 3651 1153 argenteam,

2098 1168 2430 1239 corporalia,
2463 1173 2521 1222 et
2543 1168 2887 1239 generaliter
2924 1167 3114 1222 omnia
3142 1185 3263 1240 qua
3290 1170 3346 1224 in
3376 1172 3571 1242 capella
3593 1173 3656 1226 vi-

2098 1257 2320 1324 dentur,
2354 1259 2412 1313 in
2441 1259 2731 1323 honorem,
2761 1264 2818 1312 et
2846 1258 3104 1312 decorem
3160 1259 3462 1315 maximum
3506 1262 3656 1316 eccle-

2097 1347 2211 1413 sia,
2239 1354 2297 1402 et
2315 1347 2483 1401 etiam
2514 1348 2656 1402 duas
2681 1363 2880 1418 parvas
2899 1347 3128 1418 copinas
3156 1354 3464 1418 argenteas,
3490 1349 3554 1404 ad
3584 1366 3656 1404 re-

421 1175 481 1225 et
504 1168 786 1234 Damiani,
819 1183 987 1221 mane
1016 1165 1156 1220 adeo
1179 1165 1271 1219 die
1294 1168 1480 1218 stante
1516 1163 1784 1219 nebuloso
1813 1171 1870 1219 et
1893 1170 2015 1220 tur-

419 1259 572 1325 bido,
598 1259 746 1329 quod
775 1257 863 1311 vix
893 1256 1019 1327 quis
1047 1254 1322 1326 potuisset
1357 1254 1659 1309 distantem
1686 1271 1720 1307 a
1746 1271 1806 1309 se
1836 1253 2015 1309 tribus

419 1347 659 1421 pedibus
679 1346 1016 1418 conspicere,
1049 1345 1407 1398 intraverunt
1435 1342 1758 1397 Bourbonni
1797 1360 1902 1414 per
1929 1361 2016 1398 ca-

421 1442 623 1503 strum,
657 1437 716 1490 in
745 1435 951 1489 dictam
977 1434 1258 1488 civitatem
1290 1432 1821 1504 Rothomagensem,
1861 1435 2013 1505 capi-
2098 1437 2412 1506 ponendam
2443 1453 2648 1508 aquam
2675 1442 2733 1492 et
2753 1436 2966 1502 vinum,
2988 1453 3115 1492 cum
3148 1437 3319 1493 missa
3345 1437 3502 1493 debet
3528 1440 3654 1494 cele-

417 1532 586 1582 taneo
607 1531 664 1580 et
685 1524 896 1580 civibus
919 1521 1312 1594 inscientibus;
1341 1522 1490 1576 unde
1517 1521 1624 1576 fuit
1652 1538 2015 1594 magnacom-
2097 1525 2266 1579 brari.
2298 1527 2367 1580 Et
2385 1532 2512 1596 post
2529 1526 2586 1580 in
2616 1542 2762 1580 anno
2810 1526 3107 1580 millesimo
3138 1527 3653 1598 quadringentesimo

415 1615 591 1670 motio
635 1613 695 1667 in
737 1613 964 1684 populo.
1001 1611 1110 1665 Sed
1155 1611 1386 1664 tandem
1444 1611 1630 1664 medio
1673 1612 2066 1688 sapientium_
2097 1616 2440 1685 sexagesimo
2473 1619 2685 1680 octavo,
2718 1615 2849 1669 fecit
2900 1621 3230 1686 sumptuose
3277 1616 3492 1688 depingi
3526 1623 3577 1672 et
3605 1617 3652 1671 in

414 1703 689 1759 stantium
733 1703 794 1756 in
830 1701 1072 1762 civitate.
1116 1716 1212 1753 rex
1258 1700 1511 1771 placatus
1549 1706 1653 1765 est,
1693 1705 1752 1754 et
1788 1717 1913 1755 eam
1952 1682 2073 1756 inB
2094 1704 2365 1758 honorem
2388 1704 2667 1774 virginum
2688 1703 2993 1758 historiari.
3376 1706 3380 1709 ’

410 1792 567 1848 brevi
593 1798 846 1863 tempore
885 1787 1253 1859 recuperavit,
1296 1793 1353 1841 et
1415 1787 1622 1842 ibidem
1672 1788 1733 1842 in
1771 1806 2010 1860 persona
2161 1794 2323 1847 Anno
2348 1793 2572 1848 Domini
2602 1793 2903 1847 millesimo
2955 1793 3498 1864 quadringentesimo
3523 1809 3653 1849 sexa-

413 1882 573 1938 stetit
599 1897 701 1953 per
725 1880 934 1934 multos
956 1878 1076 1932 dies
1105 1896 1118 1944 ;
1176 1883 1233 1931 et
1283 1877 1564 1931 infortiari
1593 1883 1839 1932 castrum
1872 1895 2009 1949 pra-
2088 1883 2304 1951 gesimo
2335 1883 2590 1952 septimo,
2623 1887 2876 1953 tempore
2926 1889 3208 1948 currente,
3268 1899 3376 1954 quo
3415 1883 3651 1938 Dominus

410 1973 642 2036 dictum,
687 1969 929 2041 quodam
967 1982 1164 2038 grosso
1201 1982 1365 2020 muro
1402 1966 1461 2020 in
1507 1967 1701 2030 latere,
1745 1984 1809 2021 ex
1848 1975 2006 2039 parte
2091 1970 2326 2026 Carolus
2346 1972 2522 2026 frater
2550 1971 2700 2042 regis
2729 1971 2993 2026 Ludovici
3015 1972 3072 2026 in
3094 1972 3389 2027 Britannia
3423 1978 3551 2039 erat,
3578 1987 3652 2026 ve-

411 2061 679 2116 tendente
700 2075 895 2113 versus
920 2057 1125 2123 villam,
1158 2073 1331 2127 prope
1361 2055 1568 2110 fontem
1599 2057 1785 2110 castri.
2089 2067 2297 2115 nerunt
2324 2061 2582 2115 Britones
2599 2060 2851 2125 Cadomi,
2874 2065 2931 2115 et
2945 2061 3014 2114 ad
3039 2066 3230 2132 partes
3245 2060 3647 2125 circumncinas,

484 2156 603 2216 τε
654 2151 816 2202 Anno
855 2147 1199 2217 sexagesimo
1260 2145 1499 2217 septimo
1536 2146 1669 2200 fecit
1704 2146 2001 2217 pradictus
2087 2154 2144 2203 et
2166 2150 2310 2204 utin
2349 2149 2764 2204 Northmannia
2808 2149 3114 2204 faciliorem
3157 2167 3475 2221 aggressum
3502 2149 3648 2204 habe-

407 2239 670 2294 dominus
689 2237 1012 2291 Gaufl'ridus
1043 2235 1328 2289 Benedicti
1348 2235 1648 2306 quamdam
1679 2251 1898 2290 crucem
1921 2236 2002 2290 in-
2083 2245 2227 2297 rent.
2261 2255 2361 2309 pro
2387 2239 2617 2310 querela
2647 2238 2926 2310 sapedicti
2959 2240 3144 2293 Caroli
3203 2240 3426 2302 tuenda,
3459 2245 3511 2293 et
3543 2238 3646 2292 def-

406 2328 564 2384 stitui
596 2326 952 2396 magnificam
983 2323 1040 2378 in
1073 2324 1306 2379 ecclesia
1335 2325 1514 2386 Becci,
1543 2325 1891 2388 deauratam,
1935 2341 1999 2378 ex

403 2417 684 2489 lapidibus
704 2415 964 2488 pretiosis
987 2415 1237 2484 undique
1266 2413 1565 2474 munitam,
1605 2419 1662 2467 et
1691 2413 1748 2467 in
1775 2429 1888 2483 qua
1909 2431 1998 2467 re-

400 2511 689 2579 ponuntur
716 2505 888 2576 spina
916 2503 1173 2574 gloriosa
1202 2518 1420 2557 corona
1475 2501 1867 2573 Redemptoris
1904 2519 1998 2556 no-

400 2597 504 2651 stri
524 2597 552 2651 J
558 2612 658 2650 esu
683 2594 912 2650 Christi.

470 2685 541 2741 Et
550 2685 744 2739 eodem
760 2700 908 2738 anno
926 2681 1310 2753 fecitincipere
1327 2680 1605 2753 quoddam
1622 2680 1994 2748 beufredium,

2082 2327 2382 2389 fendenda,
2416 2345 2542 2382 cum
2567 2328 2708 2381 duce
2739 2327 3031 2382 Alenconii
3078 2334 3305 2400 pactum
3334 2328 3580 2389 inierunt.
3600 2332 3648 2381 et

2083 2422 2537 2488 composuerunt,
2570 2422 2635 2470 ut
2663 2415 2985 2470 Britonibus
3027 2433 3131 2487 pro
3171 2417 3432 2488 pradicto
3473 2415 3646 2470 Carolo

2083 2506 2527 2576 querelantibus,
2567 2505 2774 2570 villam,
2801 2511 2859 2560 et
2881 2510 3128 2561 castrum
3159 2506 3444 2561 Alenconii
3471 2505 3644 2561 redde-

2080 2599 2168 2648 ret
2191 2613 2203 2660 ;
2231 2595 2377 2665 quod
2409 2595 2490 2648 ita
2517 2595 2722 2648 factum
2745 2599 3133 2657 est,venerunt
3149 2602 3207 2650 et
3233 2599 3522 2650 tenuerunt
3537 2610 3644 2650 cum

2081 2684 2328 2737 maxima
2365 2685 2525 2755 copia
2555 2683 2965 2755 armigerorum
2991 2700 3248 2739 suorum.

397 2776 457 2830 in
481 2776 620 2842 loco,
644 2775 703 2829 in
734 2791 842 2846 quo
874 2772 1166 2828 retroactis
1196 2770 1543 2843 temporibus
1565 2771 1693 2836 fuit,
1722 2771 1867 2842 quod
1889 2771 1997 2825 fuit
2149 2773 2262 2826 Rex
2284 2778 2474 2826 autem
2497 2772 2808 2827 Ludovicus
2835 2774 2940 2827 hoc
2958 2773 3197 2828 audiens
3230 2774 3396 2846 jussit
3422 2773 3476 2828 in
3519 2773 3644 2828 Nor-

396 2866 529 2936 igne
557 2869 970 2935 consumptum,
996 2863 1136 2917 adeo
1168 2861 1316 2932 quod
1347 2877 1448 2932 per
1488 2860 1810 2932 opinionem
1839 2861 1996 2915 latio-
2076 2862 2370 2916 thmannia
2386 2878 2581 2917 omnes
2602 2861 2818 2916 nobiles
2839 2878 2963 2916 cum
2987 2862 3183 2917 liberis
3213 2864 3485 2934 sagittatis
3506 2860 3645 2935 [Vul-

396 2971 620 3010 morum
649 2960 1028 3025 expertarum,
1058 2951 1306 3024 Oportuit
1343 2950 1493 3004 istud
1519 2966 1787 3004 renovare
1815 2966 1993 3020 usque
2013 3013 2048 3025 ﬂ
2074 2967 2165 3020 go,
2190 2951 2821 3021 Francs-arbalétriers.]
2866 2952 3227 3022 proclamari,
3273 2954 3342 3007 ad
3399 2953 3642 3007 resisten-

397 3045 466 3099 ad
489 3013 943 3111 fundamentum,
963 3013 1033 3096 ad
1060 3013 1361 3112 campanas
1383 3039 1628 3094 ecclesia
1649 3013 2050 3109 suspenden-C
2232 3039 2513 3110 praedictis
2558 3013 2883 3094 Britonibus
2927 3041 3024 3109 qui
3065 3013 3274 3109 eundo,
3306 3048 3361 3096 et
3387 3039 3642 3096 redeundo

395 3134 514 3200 das,
544 3133 676 3204 quia
702 3149 910 3204 grossa
933 3138 1120 3186 turres
1142 3131 1380 3185 nimium
1421 3134 1583 3183 erant
1627 3133 1890 3198 gravata,
1934 3134 1991 3181 et
2075 3129 2214 3182 adeo
2249 3129 2515 3199 populum
2558 3133 2915 3192 vexaverant,
2949 3135 3014 3183 ut
3053 3131 3248 3184 nullus
3302 3147 3402 3186 nec
3427 3129 3639 3201 pullum,

2069 3234 2172 3272 nec
2192 3235 2410 3282 aucam,
2435 3234 2536 3272 nec
2551 3217 2763 3288 aliquid
2779 3217 3140 3284 comestibile,
3163 3236 3263 3290 pro
3292 3237 3351 3274 se
3373 3226 3426 3274 et
3451 3218 3641 3272 familia

2069 3323 2189 3373 sua,
2221 3314 2528 3378 potuerunt
2556 3323 2860 3373 reservare,
2893 3306 3039 3361 viros
3071 3308 3468 3363 ecclesiasticos
3493 3307 3537 3360 si
3563 3306 3639 3359 in-

2067 3396 2364 3450 veniebant
2381 3396 2658 3450 taliabant
2684 3397 2812 3464 (75),
2857 3402 2916 3450 et
2943 3397 2988 3450 si
3037 3396 3282 3467 aliquem
3322 3397 3638 3468 equitantem

2066 3484 2428 3549 invenissent,
2463 3485 2546 3538 vel
2579 3501 2783 3556 equum
2823 3485 2882 3538 in
2915 3486 3169 3556 pejorem
3221 3483 3630 3547 commutabant,

393 3223 770 3279 commotione
800 3237 1198 3293 campanarum
1228 3218 1627 3288 gravabantur.

464 3314 590 3384 Ipse
619 3321 805 3366 motus
820 3311 1092 3366 charitate
1118 3316 1176 3363 et
1199 3308 1494 3362 devotione
1517 3305 1900 3374 augmentavit
1931 3309 1988 3359 et

392 3402 566 3458 crevit
593 3402 890 3474 pitantiam
931 3398 1341 3469 religiosorum,
1383 3402 1499 3450 tam
1530 3394 1984 3466 presbyterorum

390 3495 559 3564 quam
587 3493 878 3563 juvenum,
909 3489 966 3542 in
987 3487 1228 3542 termino
1256 3485 1501 3549 Pascha,
1536 3485 1604 3538 de
1637 3484 1830 3553 viginti
1852 3483 1984 3537 soli-

2070 3575 2155 3628 vel
2185 3574 2410 3629 omnino
2440 3573 2784 3628 detinebant.
2818 3574 2886 3628 Et
2929 3575 3065 3628 dum
3113 3575 3228 3630 ista
3264 3572 3635 3630 nefandissima

387 3582 474 3636 dis
504 3579 864 3652 presbyteris,
897 3583 953 3631 et
975 3575 1272 3646 juvenibus
1295 3574 1363 3628 de
1394 3573 1748 3644 quindecim;
1789 3573 1848 3626 in
1878 3589 1987 3643 quo

2069 3671 2389 3734 agerentur,
2419 3664 2683 3734 pradicto
2730 3664 2870 3718 duce
2924 3663 3217 3718 Alenconii
3264 3665 3322 3718 in
3371 3661 3633 3718 Britannia

386 3671 525 3725 nihil
558 3667 938 3740 percipiebant
963 3671 1148 3730 antea,
1182 3664 1240 3716 in
1268 3679 1539 3733 magnum
1564 3661 1878 3717 subsidium
1895 3677 1984 3716 re-

383 3761 711 3832 ligiosorum
737 3753 1141 3809 claustralium.
2065 3759 2270 3820 stante,
2295 3754 2588 3808 consilium
2608 3751 2861 3808 habitum
2888 3758 3064 3817 est,ut
3089 3770 3231 3808 uxor
3253 3755 3371 3824 ejus
3384 3751 3449 3807 ad
3463 3766 3630 3821 regem

461 3848 530 3902 Et
568 3846 683 3900 suis
711 3842 1058 3914 temporibus
1088 3840 1413 3896 convivebat
1454 3841 1512 3894 in
1551 3839 1796 3894 Ecclesia
1825 3856 1981 3894 reve-
2062 3848 2340 3914 pergeret,
2365 3848 2431 3896 ut
2463 3843 2584 3912 ejus
2610 3841 2753 3895 iram
2794 3841 3153 3907 moderaret;
3207 3859 3330 3914 qua
3360 3847 3629 3913 postquam

388 3937 597 3992 rendus
619 3944 675 3988 et
702 3931 1155 4004 religiosissimus
1181 3931 1266 3984 vir
1293 3931 1460 3984 homo
1488 3931 1640 4001 pacis
1661 3930 1980 3984 etdilectio-
2060 3932 2247 3986 locuta
2265 3938 2350 3987 est
2378 3948 2502 3986 cum
2528 3948 2613 3997 eo,
2647 3931 2760 3986 suis
2779 3930 3036 4001 precibus
3052 3931 3299 3987 obtinuit
3321 3937 3382 3986 ut
3402 3931 3630 3985 intereas

384 4026 491 4085 nis,
518 4023 779 4078 dominus
794 4022 1070 4076 Robertus
1084 4023 1153 4074 de
1172 4019 1687 4090 Rothomago,alias
1703 4020 1754 4072 le
1775 4021 1972 4084 Moz‘nc,
2060 4021 2247 4076 trevia
2278 4021 2640 4086 haberentur,
2679 4036 2970 4091 quousque
3023 4021 3208 4076 virum
3239 4037 3401 4076 suum
3451 4019 3628 4074 ducem

382 4115 540 4187 prior
578 4112 894 4168 claustralis
945 4110 1187 4165 ecclesia
1229 4110 1427 4176 Becci;
1470 4109 1565 4180 qui
1601 4109 1757 4178 prius
1793 4108 1978 4162 fuerat
2056 4110 2656 4174 Alenconiivisitasset,
2680 4115 2737 4164 et
2755 4109 3126 4166 intentionem
3151 4113 3274 4184 ejus
3288 4111 3470 4177 sciret,
3497 4105 3625 4180 quod

383 4204 540 4277 prior
567 4204 626 4260 in
656 4201 912 4258 Ecclesiis
943 4201 1038 4255 Ide
1055 4199 1428 4266 Conﬂuentio,
1451 4198 1520 4252 de
1551 4198 1875 4263 Bellosaltu,
1919 4203 1974 4252 et
2057 4199 2136 4253 sic
2164 4200 2374 4254 factum
2399 4204 2504 4254 est.

382 4295 451 4348 de
473 4291 860 4358 Evvremodio;
882 4296 940 4345 et
954 4295 1145 4361 postea
1161 4289 1230 4342 ad
1261 4288 1505 4359 priorem
1528 4287 1784 4341 Ecclesia
1815 4287 1972 4342 Becci
1990 4292 2038 4350 D
2126 4288 2400 4360 Tempore
2418 4293 2605 4343 autem
2629 4286 2908 4359 pendente
2931 4287 2989 4342 in
3019 4287 3274 4359 partibus
3289 4288 3397 4343 illis
3416 4286 3625 4340 circum-

377 4400 481 4454 per
517 4383 848 4437 electionem
878 4386 1124 4442 vocatus,
1157 4377 1255 4447 qui
1274 4376 1670 4431 meritissimus
1700 4382 1756 4430 et
1779 4376 1970 4447 perdi-
2053 4393 2274 4448 quaque
2298 4378 2586 4439 ducatum,
2612 4382 2776 4431 erant
2796 4376 2958 4431 liberi
3004 4377 3307 4448 sagittarii,
3358 4378 3470 4432 fere
3499 4390 3622 4445 qua-

374 4473 550 4526 lectus
578 4472 638 4525 in
667 4469 848 4524 officio
875 4469 944 4523 ab
975 4467 1232 4522 omnibus
1263 4467 1494 4532 exstitit,
1519 4473 1576 4521 et
1621 4466 1690 4520 ad
1739 4466 1969 4521 domum
2051 4466 2312 4537 draginta
2340 4468 2493 4522 mille
2516 4467 2774 4539 dispersi,
2797 4473 2854 4521 et
2879 4466 3019 4521 adeo
3039 4466 3303 4538 patriam,
3324 4471 3380 4522 et
3406 4463 3621 4520 maxime

371 4578 553 4628 suam,
573 4577 695 4632 qua
725 4560 924 4613 domus
952 4557 1156 4628 prioris
1184 4557 1407 4623 dicitur,
1436 4555 1603 4610 sitam
1643 4571 1813 4625 supra
1844 4572 1969 4626 por-
2049 4555 2196 4611 circa
2224 4558 2605 4612 Senonensem
2636 4556 2917 4611 diacesim
2957 4556 3447 4627 depradaverunt;
3488 4550 3619 4626 quod

371 4657 489 4706 tam
523 4667 644 4722 qua
674 4648 879 4702 dicitur
909 4646 1138 4701 Roberti
1185 4645 1381 4712 Bellot,
1413 4644 1650 4698 viriliter
1694 4643 1966 4700 laboravit
2047 4645 2117 4700 ob
2145 4646 2422 4703 defectum
2447 4645 2771 4701 victualium
2809 4645 3084 4718 compulsi
3125 4658 3261 4701 sunt
3297 4642 3617 4718 provinciam

369 4740 524 4795 intus
554 4745 611 4794 et
637 4737 897 4805 exterius,
939 4741 1213 4807 quantum
1271 4733 1554 4789 decoravit
1590 4734 1682 4802 (ut
1718 4733 1961 4789 intuenti
2045 4733 2344 4789 dimittere.

367 4829 639 4898 clarescit)
667 4827 918 4900 picturis,
946 4823 1292 4897 cooperturis
1321 4828 1378 4878 et
1421 4823 1545 4878 aliis
1593 4823 1960 4879 munimentis
2115 4823 2184 4877 Et
2231 4823 2366 4878 dum
2411 4822 2615 4878 nobilis
2667 4822 2896 4878 domina
2931 4822 3223 4878 Alenconii
3261 4820 3616 4878 consideraret

365 4920 435 4975 ad
465 4935 745 4974 cameram
771 4916 938 4988 aptis.
2038 4929 2167 4967 cum
2194 4912 2307 4966 lilio
2337 4929 2439 4967 suo
2461 4912 2659 4985 patria
2680 4911 3144 4978 destructionem,
3162 4911 3234 4967 ad
3246 4926 3431 4983 regem
3459 4909 3612 4965 Fran-

436 5009 722 5080 Capellam
750 5007 807 5060 in
832 5003 1063 5060 ecclesia
1093 5003 1280 5068 sitam,
1336 5018 1458 5072 qua
1485 5001 1690 5057 dicitur
1739 5001 1955 5072 capella
2034 5001 2132 5056 cia
2160 5008 2453 5066 venerunt,
2486 5008 2544 5056 et
2571 5003 2622 5056 ei
2669 5002 2857 5056 villam
2905 5001 3196 5056 Alenconii
3243 4998 3609 5066 reddiderunt,

357 5101 543 5155 Beata
561 5098 751 5153 Maria
775 5094 1138 5165 Magdalena,
1163 5092 1268 5147 sibi
1298 5092 1486 5161 elegit,
1516 5096 1573 5145 et
1616 5091 1790 5162 priori
1819 5092 1953 5146 assi-
2033 5092 2356 5147 Britonibus
2404 5093 2533 5147 inde
2583 5091 2995 5156 excedentibus,
3045 5097 3103 5147 et
3157 5091 3382 5147 Francis
3417 5089 3605 5143 fadere

351 5190 579 5260 gnavit;
643 5193 834 5241 tamen
873 5184 1105 5255 antiqua
1160 5181 1398 5252 registra
1453 5181 1711 5235 Ecclesia
1749 5188 1947 5236 notant
2028 5181 2181 5253 pacis
2201 5181 2998 5246 intrantibus,duceAlenconii
3016 5198 3238 5253 semper
3258 5181 3317 5234 in
3334 5176 3603 5234 Britannia

351 5280 620 5351 capellam
653 5276 812 5332 Beati
845 5273 1130 5329 Benedicti
1168 5272 1339 5326 fuisse
1370 5270 1543 5341 priori
1573 5271 1939 5342 assignatam.
2026 5277 2243 5337 stante;
2275 5289 2376 5326 nec
2428 5271 2497 5326 ob
2542 5273 2645 5326 hoc
2692 5277 2985 5327 cessarunt
3036 5271 3294 5326 Britones
3332 5267 3599 5340 querelam

349 5371 528 5434 Quam
564 5366 833 5438 capellam
864 5365 1048 5418 Beata
1076 5360 1266 5417 Maria
1303 5360 1650 5430 Magdalena
1690 5361 1940 5415 victrinis
2022 5362 2275 5433 pradicti
2303 5361 2517 5416 domini
2549 5362 2736 5417 Caroli
2766 5367 2992 5433 portare
3024 5384 3036 5429 ;
3063 5361 3158 5416 sed
3188 5361 3349 5430 longe
3377 5362 3498 5429 post
3524 5370 3600 5408 oc—

345 5457 690 5531 sumptuosis
727 5453 962 5520 clausit;
1007 5451 1254 5525 quinque
1304 5449 1578 5521 imagines
1617 5456 1938 5506 sanctarum
2021 5458 2369 5523 cupaverunt
2386 5452 2546 5508 villas
2563 5452 2620 5507 in
2634 5450 2888 5523 partibus
2903 5447 3597 5506 inferioribusNorthman-

408 5545 524 5615 (75)
550 5544 789 5611 Taliare,
815 5547 976 5611 vulgo
1002 5561 1019 5608 ;
1054 5545 1257 5596 mettre
1282 5539 1384 5594 ala
1410 5540 1585 5594 taille.
