3902 6166
254 300 366 360 689

1490 307 1918 363 CHRONICON
1955 304 2343 360 BECCENSE.

3450 285 3558 344 690

261 427 392 494 nias,
420 427 679 483 videlicet
724 428 881 483 villas
925 428 1176 494 Cadomi,
1212 430 1550 500 Bajocensis,
1585 431 1924 492 Constan-A
1948 431 2168 485 cultura
2199 429 2347 484 fcodi
2393 428 2568 482 nostri
2617 429 2686 484 de
2713 421 3059 497 Feuguereio
3099 416 3362 487 contiguo
3391 413 3555 469 dictis

259 518 484 582 tiensis,
514 515 911 583 Abricatensis,
965 519 1192 572 Francis
1239 519 1676 592 circumquaque
1723 522 1872 576 inter

261 623 358 662 eos
379 607 917 677 dispersis,maxime
935 607 1081 677 apud
1098 609 1366 663 Sanctum
1392 609 1660 668 Laudumi
1677 609 1871 664 Saint-

260 697 374 760 Lo'),
409 702 467 751 et
494 695 775 751 abbatiam
803 697 873 751 de
899 697 1149 752 Troardo
1193 698 1308 762 (.31.,
1365 699 1650 767 Troarne),
1692 715 1869 770 usque

256 785 328 841 ad
363 802 580 842 annum
610 787 970 841 millesimum
999 788 1408 858 sexagesimum
1425 796 1703 851 octavum,
1722 790 1869 860 quod

253 891 350 930 rex
385 875 564 930 dictas
602 882 792 948 partes
825 878 1234 947 conquestavit.

327 961 410 1018 Et
436 963 634 1018 eodem
658 980 806 1019 anno
831 965 1128 1018 millesimo
1143 965 1697 1036 quadringentesimo
1717 982 1871 1020 sexa-

255 1052 477 1124 gesimo
508 1059 718 1118 octavo,
755 1058 948 1108 octava
975 1055 1235 1124 Augusti,
1278 1053 1480 1108 nobilis
1522 1054 1751 1108 domina
1776 1055 1871 1109 do-

255 1141 414 1196 mina
459 1143 780 1214 Margarela
825 1142 1023 1213 regina
1059 1143 1295 1214 Anglize,
1329 1160 1467 1197 uxor
1515 1144 1663 1214 regis
1717 1145 1867 1198 Hen-

257 1229 382 1295 rici,
428 1231 526 1302 qui
550 1236 688 1285 tunc
715 1232 988 1303 temporis
1015 1231 1098 1286 'ab
1139 1231 1394 1286 Edoardo
1435 1231 1503 1285 de
1549 1233 1604 1286 la
1647 1233 1871 1286 Marche

259 1327 570 1390 occupante
598 1335 835 1391 regnum
864 1321 1094 1391 Anglia,
1130 1321 1448 1375 carceribus
1486 1321 1866 1389 detinebatur,

258 1423 357 1462 nec
384 1425 499 1463 non
527 1409 644 1463 ﬁlia
691 1409 838 1480 regis
883 1409 1104 1469 Siciliae.
1132 1426 1261 1464 cum
1305 1409 1418 1464 filio
1464 1427 1565 1464 suo
1613 1411 1868 1465 Edoardo

253 1496 484 1550 domino
506 1497 756 1569 principe
785 1499 856 1552 de
889 1498 1102 1566 Galles,
1138 1505 1536 1565 venerunt‘zs
1560 1501 1707 1570 apud
1732 1500 1868 1554 Bec-

254 1591 478 1650 cum,et
495 1586 704 1640 ibidem
726 1587 936 1658 recepti
955 1594 1089 1642 sunt
1106 1589 1301 1642 eadem
1330 1588 1420 1642 die
1448 1595 1866 1660 vesperascente

252 1676 364 1742 iam
401 1675 514 1740 die,
533 1692 659 1730 cum
687 1677 845 1732 taedis
875 1682 932 1731 et
960 1677 1172 1732 lumine
1200 1678 1566 1743 immenso,et
1587 1683 1867 1732 steterunt

1951 517 2317 573 conductibus
2345 515 2603 570 fontium.

2028 608 2160 661 Huic
2187 605 2488 660 venerabili
2518 605 2743 660 domino
2774 603 3062 659 Gauﬁ‘rido
3109 601 3297 656 abbati
3341 615 3556 655 succes-

1953 697 2025 751 sit
2069 695 2330 750 dominus
2390 695 2635 749 Joannes
2696 695 2939 748 Boucart
2990 693 3201 756 doctor,
3261 689 3554 759 episcOpus

1951 785 2350 849 Abricatensis,
2376 784 2470 855 qui
2491 789 2626 838 tunc
2652 782 2920 852 temporis
2939 787 3059 834 erat
3078 780 3358 834 confessor
3371 777 3557 832 Ludo-

1952 874 2053 927 vici
2071 873 2220 944 regis
2240 873 2510 935 Franciee,
2529 872 2623 944 qui
2647 872 2872 942 quidem
2894 855 3185 941 ep‘isCOpus
3205 868 3309 922 fuit
3324 867 3552 932 electus,

1952 964 2066 1018 sive
2097 963 2433 1034 postulatus,
2469 961 2853 1015 admonitione
2901 967 2957 1013 et
3005 964 3279 1030 praecepto
3305 955 3557 1025 ejusdem

1952 1053 2120 1124 regis,
2153 1053 2209 1106 in
2240 1058 2520 1123 pastorem
2545 1057 2601 1104 et
2619 1050 2876 1104 abbatem
2913 1049 3090 1103 Becci.
3117 1049 3240 1118 ipse
3271 1045 3400 1099 fecit
3427 1060 3556 1098 con-

1953 1142 2225 1197 summari
2253 1147 2309 1194 et
2336 1141 2606 1212 compleri
2641 1139 2969 1193 beufredum
2992 1157 3003 1203 ;
3039 1137 3167 1190 fecit
3193 1135 3314 1189 ﬁeri
3340 1149 3560 1205 campas

1953 1249 2104 1294 nam,
2145 1249 2267 1303 qua:
2299 1230 2504 1284 dicitur
2546 1228 2921 1299 horologium,
2958 1233 3014 1281 et
3061 1224 3322 1297 suspendi
3354 1225 3408 1278 in
3439 1225 3562 1277 loco

1953 1322 2009 1375 in
2043 1338 2152 1392 quo
2183 1337 2332 1375 nunc
2361 1325 2491 1384 stat,
2527 1319 2584 1372 in
2616 1318 2905 1372 cacumine
2936 1315 3188 1386 ejusdem
3216 1312 3492 1367 beufredi.

2024 1411 2178 1465 Idem
2219 1409 2510 1481 episcopus
2541 1408 2738 1462 habuit
2767 1406 3069 1478 quemdam
3101 1409 3359 1458 vocatum
3386 1399 3562 1470 magi-

1951 1506 2128 1554 strum
2151 1500 2425 1553 Joannem
2444 1499 2494 1550 le
2520 1496 2845 1560 Marchand,
2881 1495 3146 1548 vicarium
3168 1493 3290 1561 eius
3320 1491 3378 1544 in
3403 1489 3554 1542 dicta

1950 1588 2205 1655 abbatia;
2262 1588 2357 1659 qui
2410 1586 2635 1657 quidem
2685 1586 2737 1639 le
2778 1584 3081 1640 Marchand
3143 1588 3264 1636 erat
3309 1580 3554 1634 decanus

1949 1678 2198 1732 ecclesiae
2227 1675 2627 1740 Abricatensis,
2677 1675 2762 1727 vir
2800 1691 3018 1743 magnae
3067 1669 3451 1739 intelligentiae
3498 1671 3556 1721 et

252 1781 350 1837 per
381 1764 632 1836 quinque
653 1765 771 1820 dies
801 1766 857 1820 in
886 1767 994 1821 hac
1027 1766 1270 1831 abbatia,
1308 1784 1434 1822 cum
1465 1767 1677 1822 honore
1696 1756 1922 1822 maxi-B
1944 1767 2289 1838 sagacitatis,
2341 1766 2436 1836 qui
2483 1763 2679 1819 habuit
2720 1763 2970 1834 regimen
3009 1767 3066 1815 et
3108 1757 3554 1831 gubernaculum

253 1871 359 1920 mo,
399 1859 457 1908 et
478 1854 677 1924 gratiis
708 1855 836 1909 hinc
867 1856 996 1911 inde
1024 1857 1183 1922 actis,
1218 1857 1464 1928 perrexit
1501 1857 1571 1910 ad
1598 1859 1859 1912 Nostram

251 1941 550 1996 Dominam
581 1942 650 1996 de
680 1942 1024 2009 Monteforti,
1067 1945 1270 2000 deinde
1318 1946 1388 2000 ad
1437 1946 1769 2013 Herﬂotum,
1799 1952 1864 2002 ut

249 2032 621 2086 escenderent
657 2049 829 2086 mare.

316 2121 532 2175 Eodem
553 2137 700 2175 anno
718 2121 873 2192 prior
893 2121 961 2176 de
982 2122 1305 2187 Bellosaltu,
1326 2122 1586 2178 videlicet
1603 2124 1862 2179 dominus

259 2207 505 2263 Joannes
536 2208 604 2262 de
644 2209 1019 2275 Cambrevier,
1059 2211 1154 2281 qui
1202 2215 1334 2264 tunc
1364 2217 1485 2266 erat
1514 2212 1773 2283 subprior
1809 2218 1865 2266 et

257 2304 455 2352 cantor
474 2297 655 2362 Becci,
679 2298 863 2354 eﬁ‘ecit
888 2305 951 2353 ut
983 2315 1230 2366 scamna,
1256 2305 1311 2354 et
1339 2301 1501 2354 sedes
1523 2309 1864 2373 sumptuosae

261 2385 318 2440 in
369 2386 688 2453 refectorio,
738 2387 795 2441 in
843 2388 1114 2444 honorem
1157 2395 1214 2443 et
1259 2390 1564 2444 maximum
1607 2391 1865 2445 decorem

251 2473 379 2534 loci.
409 2474 859 2544 fabricarentur;
892 2479 1053 2547 cujus
1103 2478 1356 2533 beneficii
1394 2480 1638 2550 gratiam
1663 2480 1721 2534 in
1751 2481 1867 2534 ani-

255 2580 404 2618 mam
438 2581 803 2621 remunerare
834 2566 1099 2637 dignetur
1120 2568 1288 2622 Deus.

315 2655 483 2708 Anno
507 2654 726 2708 Domini
754 2655 1053 2709 millesimo
1075 2657 1601 2728 quadragentesimo
1631 2675 1862 2729 sexage-

250 2740 394 2796 simo
423 2742 874 2810 octavo,decima
894 2751 1049 2798 sexta
1069 2743 1330 2800 Octobris
1356 2765 1367 2813 ;
1402 2752 1694 2818 postquam
1727 2747 1864 2801 infe-

249 2830 457 2884 riorem
492 2831 959 2886 Northmanniam
1011 2833 1158 2904 regis
1203 2833 1578 2906 subjugarunt
1605 2835 1859 2906 imperio,

247 2920 615 2990 querelantes
660 2937 761 2992 pro
806 2938 960 2992 rege,
1017 2922 1339 2977 Britonibus
1381 2923 1448 2977 ad
1497 2940 1556 2978 se
1602 2925 1862 2994 reversis,

1944 1857 2117 1910 totius
2146 1854 2402 1910 Ecclesiae
2433 1854 2610 1916 Becci,
2636 1852 2740 1907 sub
2764 1852 2884 1923 ipso
2907 1851 3186 1920 episcopo.

2017 1947 2141 2017 Ipse
2173 1944 2466 2016 episcopus
2506 1943 2563 1997 in
2607 1943 2718 1996 ﬁne
2747 1958 2807 1995 se
2837 1939 3066 1994 demisit
3104 1939 3173 1992 de
3212 1935 3453 2002 abbatia,
3497 1941 3554 1990 et

1945 2034 2198 2106 reposuit
2227 2034 2285 2088 in
2307 2049 2478 2088 manu
2507 2031 2916 2103 religiosorum.
2938 2027 3214 2082 Videlicet
3241 2043 3302 2080 se
3327 2023 3555 2078 demisit

1946 2141 2116 2195 super
2136 2123 2458 2195 religiosum
2479 2121 2658 2175 virum
2681 2119 2968 2174 dominum
3005 2118 3276 2171 Joannem
3293 2115 3362 2168 de
3381 2114 3555 2184 Aptot

1951 2213 2138 2287 [forte,
2155 2212 2413 2282 Hautot.]
2435 2211 2575 2266 alias
2597 2211 2840 2275 Hauteu,
2862 2207 2958 2280 qui
2978 2224 3080 2279 pro
3101 2211 3236 2260 tunc
3257 2207 3378 2258 erat
3398 2202 3554 2274 prior

1946 2302 2263 2358 claustralis
2283 2300 2462 2366 Becci,
2493 2300 2590 2354 sed
2607 2298 2871 2354 demissio
2910 2314 3020 2352 non
3051 2294 3250 2350 sortita
3280 2298 3366 2348 est
3387 2308 3554 2349 suum

1948 2392 2227 2456 effectum,
2263 2391 2395 2462 quia
2432 2390 2581 2444 idem
2608 2388 2902 2461 episcopus
2939 2384 3078 2439 obiit
3105 2388 3407 2453 antequam
3429 2381 3553 2453 ipsa

1949 2481 2212 2536 demissio
2234 2486 2382 2535 esset
2401 2481 2733 2534 conﬁrmata
2751 2495 2786 2531 a
2814 2493 2978 2548 papa.
3004 2474 3187 2538 Quare
3208 2473 3357 2526 idem
3395 2471 3552 2542 prior

1946 2569 2261 2626 claustralis
2293 2569 2537 2640 perdidit
2566 2568 2858 2640 pecuniam
2892 2583 3072 2630 suam,
3117 2580 3285 2636 quam
3316 2560 3553 2615 miserat

1947 2661 2202 2724 Romam,
2226 2659 2296 2713 ad
2311 2659 2624 2713 faciendam
2661 2656 3140 2711 conﬁrmationem
3180 2669 3359 2716 suam,
3393 2657 3451 2706 et
3480 2649 3552 2704 ad

1944 2749 2266 2804 solvendam
2292 2754 2578 2802 vacantem
2604 2765 2617 2812 ;
2643 2763 2817 2816 quare
2845 2745 2989 2798 facta
3018 2744 3126 2798 fuit
3154 2742 3367 2797 electio.

2017 2839 2080 2893 In
2113 2855 2224 2909 qua
2257 2837 2528 2892 electione
2544 2836 2650 2890 fuit
2663 2836 2872 2889 electus
2893 2833 3153 2887 dominus
3177 2831 3450 2886 Robertus
3478 2828 3548 2882 de

1946 2927 2317 2997 Rothomago,
2360 2926 2500 2980 alias
2535 2925 2826 2987 d’Evreux,
2871 2923 3026 2993 prior
3062 2922 3130 2974 de
3174 2920 3543 2982 Bellomonte,

244 3008 732 3064 considerantibus
763 3011 906 3065 tanti
939 3011 1085 3081 regis
1118 3012 1380 3082 potestati
1412 3029 1523 3067 non
1567 3029 1730 3084 posse
1773 3030 1921 3093 re-C
1945 3016 2031 3069 vir
2059 3016 2353 3086 religiosus
2395 3022 2452 3070 et
2499 3015 2746 3068 honestae
2782 3010 3241 3073 conversationis,
3286 3009 3379 3079 qui
3428 3023 3548 3061 suc-

244 3096 463 3160 sistere,
500 3098 748 3170 praelatis
798 3100 1014 3171 patriae,
1064 3100 1473 3174 nobilibusque,
1506 3107 1738 3173 totoque
1761 3119 1860 3174 po-

242 3187 442 3258 pulatu
484 3204 657 3258 super
685 3188 1018 3261 principem,
1064 3189 1276 3245 scilicet
1313 3191 1510 3246 ducem
1558 3191 1860 3245 Britanniae

240 3275 706 3341 acclamantibus,
741 3279 1045 3349 patriaeque
1078 3279 1468 3345 vastationem,
1511 3281 1704 3350 pOpuli
1725 3297 1859 3333 con-

240 3365 544 3426 fusionem.
562 3365 818 3436 gentium
840 3367 1215 3437 perditionem
1247 3369 1430 3422 eidem
1464 3368 1862 3422 demonstran-

241 3452 409 3517 tibus,
445 3449 751 3525 pactum'et
769 3456 1122 3510 concordiam
1157 3462 1473 3512 tractarunt
1493 3459 1710 3512 interse
1727 3474 1858 3529 que-

241 3543 513 3597 relantes.

309 3631 706 3686 Redeuntibus
735 3633 1054 3703 armigeris,
1089 3634 1368 3690 nobilibus
1392 3636 1720 3707 sagittariis,
1753 3638 1847 3709 qui

239 3718 447 3774 ibidem
478 3720 715 3774 aderant
738 3738 840 3793 pro
871 3739 1002 3792 rege
1042 3725 1366 3794 pugnaturi,
1400 3725 1640 3796 patriam
1682 3726 1847 3781 istam

237 3807 668 3863 Northmanniaa
715 3815 891 3864 totam
937 3812 1418 3882 depraedaverunt,
1465 3819 1521 3868 et
1576 3814 1847 3887 quidquid

235 3899 677 3953 ecclesiasticum
693 3906 912 3970 poterat
929 3901 1184 3967 inveniri,
1209 3904 1367 3974 quasi
1381 3920 1543 3958 suum
1559 3905 1846 3976 proprium

235 3987 615 4058 reputabant;
667 3989 722 4043 in
765 3989 1024 4044 domibus
1057 3993 1169 4044 Deo
1213 3992 1504 4051 dedicatis.
1528 4001 1665 4064 puta
1685 3994 1851 4048 abba-

235 4074 344 4134 tiis.
386 4075 653 4130 domibus
692 4079 1064 4144 sacerdotum,
1114 4097 1176 4133 ex
1219 4081 1372 4134 omni
1412 4087 1570 4152 parte
1599 4085 1848 4138 conflue-

235 4162 387 4228 bant,
407 4170 622 4218 statum
647 4167 1083 4222 ecclesiasticum
1107 4169 1161 4222 in
1184 4186 1450 4240 personas
1470 4171 1841 4237 diil‘amantes,

236 4253 588 4323 populusque
610 4255 794 4308 omnis
815 4256 1237 4311 Northmanniac
1263 4263 1483 4312 tantum
1509 4261 1846 4330 supplicium

1943 3105 2109 3160 cessit
2155 3105 2212 3158 in
2260 3103 2486 3158 abbatia
2535 3104 2642 3175 ipsi
2699 3102 2957 3174 episcopo
3010 3097 3387 3155 Abricatensi.
3419 3097 3545 3167 Ipse

1945 3196 2177 3260 electus,
2211 3200 2265 3248 et
2291 3193 2616 3248 benedictus
2639 3191 2829 3249 abbas.
2862 3190 2993 3244 fecit
3025 3189 3147 3243 fieri
3182 3203 3382 3242 novam
3413 3203 3544 3258 por-

1943 3287 2057 3336 tam
2089 3281 2148 3335 in
2179 3281 2416 3338 introitu
2437 3280 2695 3346 abbatia;,
2725 3296 2846 3352 quae
2868 3294 3016 3333 nunc
3037 3282 3122 3331 est
3140 3277 3300 3346 juxta
3322 3281 3544 3347 portam

1947 3370 2422 3442 eleemosynariae,
2470 3386 2593 3424 cum
2642 3386 2804 3424 muro
2844 3368 3063 3438 lapideo
3106 3383 3296 3420 versus
3335 3365 3544 3420 dictam

1942 3460 2469 3532 eleemosynariam.
2510 3459 2662 3513 Fecit
2690 3457 2910 3530 operari
2941 3455 3317 3517 laudabiliter,
3354 3460 3411 3509 et
3439 3455 3542 3510 ho-

1937 3554 2095 3604 neste
2139 3566 2308 3620 supra
2352 3549 2643 3620 antiquam
2691 3553 2909 3620 portam
2960 3547 3208 3618 ejusdem
3254 3545 3541 3610 introitus,

1935 3655 2062 3692 cum
2092 3638 2362 3710 gradibus
2389 3637 2821 3693 ascendentibus
2853 3637 2925 3691 ad
2954 3653 3225 3703 cameras,
3247 3653 3388 3708 quas
3412 3633 3543 3689 fecit

1932 3727 2053 3781 ﬁeri
2082 3745 2253 3800 supra
2276 3728 2532 3782 eamdem
2557 3728 2848 3798 antiquam
2877 3733 3118 3798 portam,
3143 3732 3200 3781 et
3218 3726 3348 3780 fecit
3368 3725 3540 3778 etiam

1931 3816 2152 3887 Operari
2179 3815 2237 3870 in
2267 3816 2546 3871 conductu
2585 3815 2749 3870 rivuli
2773 3832 2931 3886 aquae
2954 3821 3084 3870 ante
3113 3819 3332 3886 portam
3362 3813 3539 3867 eccle-

1932 3904 2044 3969 siae,
2075 3921 2200 3959 cum
2235 3922 2395 3960 muro
2418 3905 2637 3976 lapideo
2661 3905 2957 3959 claudente
2978 3905 3161 3976 ipsum
3201 3903 3540 3958 conductum

1933 4010 1967 4046 a
1981 4011 2203 4048 camera
2229 3994 2429 4065 prioris
2456 4011 2634 4066 usque
2655 3995 2726 4049 ad
2746 3995 3075 4064 granarium
3098 4013 3110 4059 ;
3141 4010 3265 4048 cum
3281 3992 3537 4064 pluribus

1934 4082 2057 4136 aliis
2086 4082 2385 4149 beneﬁciis,
2431 4099 2553 4153 quae
2610 4083 2727 4154 ipse
2776 4083 2909 4137 fecit
2949 4083 3097 4136 intra
3141 4081 3449 4146 ecclesiam,
3481 4086 3538 4134 et

1931 4177 2104 4225 extra.
2126 4172 2338 4226 Deinde
2359 4172 2478 4242 ipse
2498 4188 2556 4225 se
2573 4172 2799 4226 demisit
2818 4172 2886 4224 de
2910 4171 3060 4225 dicta
3086 4169 3331 4235 abbatia,
3367 4185 3536 4240 super

1928 4260 2301 4315 venerabilem
2347 4260 2672 4330 religiosum
2712 4260 3002 4314 dominum
3045 4259 3418 4314 Guillermum
3466 4257 3534 4312 de

237 4340 496 4395 toleravit
537 4357 716 4413 usque
759 4343 830 4396 ad
879 4344 1126 4398 medium
1173 4347 1499 4401 Novembris
1545 4349 1679 4402 anni
1711 4363 1906 4420 prae-1)
1929 4351 2296 4422 Rothomago,
2331 4350 2474 4404 alias
2495 4349 2727 4414 Guerin,
2759 4354 2978 4404 retenta
3010 4365 3216 4419 magna
3239 4347 3526 4419 pensione,

232 4428 386 4483 dicti.

298 4517 516 4572 Eodem
537 4535 684 4573 anno
703 4519 998 4575 millesimo
1023 4523 1577 4594 quadringentesimo
1609 4543 1841 4598 sexage-

1926 4457 2051 4493 cum
2099 4440 2528 4510 praesentatione
2576 4439 2996 4494 beneﬁciorum.
3042 4438 3150 4493 Sed
3201 4437 3349 4492 facta
3402 4437 3528 4510 ipsa

1923 4529 2281 4595 demissione,
2315 4534 2372 4584 et
2396 4530 2728 4584 conﬁrmata
2755 4546 2788 4582 a
2823 4544 3041 4583 summo
3093 4527 3377 4600 pontiﬁce,
3407 4528 3526 4600 ipse

227 4607 371 4660 simo
429 4612 638 4671 octavo,
690 4608 820 4663 fecit
881 4611 1176 4680 pra-dictus
1229 4613 1491 4668 dominus
1537 4613 1838 4671 Gaufridus
1919 4617 2178 4672 dominus
2208 4618 2484 4673 Robertus
2507 4618 2778 4673 d’Evreux
2807 4635 2918 4673 non
2949 4618 3047 4672 diu
3075 4617 3527 4689 duravit;quare

226 4701 464 4751 voutam
489 4697 805 4752 continuari
845 4705 901 4752 et
939 4701 1184 4772 antiquae
1217 4703 1501 4774 conjungi,
1535 4704 1744 4758 scilicet
1768 4707 1839 4760 ad

224 4785 616 4840 defensionem
650 4786 868 4841 itineris
893 4805 1001 4859 quo
1022 4789 1136 4843 itur
1151 4790 1219 4844 de
1243 4792 1412 4845 Becco
1429 4792 1497 4845 ad
1531 4793 1834 4862 Brioniam,

222 4892 408 4946 usque
445 4874 512 4928 ad
545 4875 847 4945 gardinum
876 4878 1107 4933 Joannis
1136 4880 1363 4946 Louvet,
1405 4887 1464 4936 ut
1484 4883 1694 4938 scilicet
1732 4884 1839 4939 iter

221 4965 456 5036 regium
479 4962 689 5018 ibidem
734 4966 1192 5034 constitueretur,
1231 4969 1324 5040 qui
1366 4971 1579 5026 solebat
1617 4989 1737 5027 esse
1778 4973 1836 5028 in

1922 4707 2040 4778 ipse
2070 4707 2330 4762 dominus
2379 4708 2722 4762 Guillermus
2761 4709 2994 4774 Guerin,
3049 4708 3144 4780 qui
3182 4713 3350 4762 antea
3404 4716 3528 4766 erat

1921 4796 2076 4867 prior
2103 4797 2172 4850 de
2204 4798 2405 4852 Sancto
2435 4797 2763 4863 Philiberto,
2787 4804 2844 4852 et
2875 4799 3196 4870 capellanus
3227 4799 3361 4854 dicti
3393 4799 3524 4855 d’E-

1920 4902 2108 4951 vreux,
2136 4886 2243 4940 fuit
2267 4886 2494 4942 omnino
2521 4888 2783 4959 paciﬁcus
2814 4887 2985 4944 abbas
3006 4889 3182 4961 ipsius
3195 4890 3521 4946 monasterii

1920 4975 1988 5028 de
2014 4975 2206 5028 Becco.
