3902 6166
392 234 492 305 691

1344 251 1441 307 AD
1483 249 1722 308 OPERA
1760 254 1822 308 Β.
1866 252 2285 310 LANFRANCI
2325 251 2714 308 APPENDIX.

3530 258 3620 320 692

383 434 3585 461 ——-—__—_——__—_—_—__—_——___—_—_

390 575 1167 705 ADDITIO
1240 579 1467 707 AD
1528 580 2605 712 CHRONICON
2688 582 3609 731 BECCENSE.

706 805 837 870 πθ
856 805 969 868 Ea:
995 808 1245 869 historia
1274 809 1537 887 ejusdem
1567 810 1845 886 abbatz’ae,
1882 819 2119 873 auctore
2151 809 2471 872 Franczsco
2499 814 2722 874 Carreo
2751 812 3038 874 Beccense'
3061 812 3361 874 sanabile.

461 1047 807 1103 Guillermus
838 1047 1033 1112 postea
1075 1040 1342 1095 abbatum
1387 1045 1643 1095 successu
1672 1041 1994 1112 trigesimus
2015 1046 2065 1104 Α
2085 1049 2332 1103 nondum
2378 1048 2740 1119 vigenariam,
2774 1062 2898 1100 cum
2932 1045 3082 1117 pacis
3110 1045 3344 1117 legibus,
3370 1047 3640 1118 posteriore

387 1136 611 1200 tertius,
647 1133 984 1203 Rothomagi
1033 1136 1304 1194 sacratus,
1348 1135 1623 1200 apparatu
1662 1131 1997 1185 solemniore

388 1227 447 1281 in
464 1226 657 1281 sedem
685 1222 1023 1276 admittitur.
1049 1219 1117 1273 In
1148 1236 1260 1291 qua
1288 1218 1489 1271 divinae
1511 1220 1652 1287 legis
1672 1231 1999 1291 promptua-

387 1316 538 1369 rium
584 1311 812 1367 sedulus
856 1311 1129 1375 evolvens,
1175 1308 1324 1362 inter
1366 1313 1596 1362 caeteros
1645 1309 1799 1363 velut
1849 1310 2002 1364 sidus

391 1402 767 1459 clarissimum
815 1398 1069 1453 irradiat.
1114 1397 1287 1467 Cujus
1337 1397 1484 1450 sedis
1522 1414 1716 1451 mense
1759 1398 2003 1452 secundo

389 1493 633 1548 Joannes
684 1489 947 1560 Aptotius
995 1487 1150 1558 prior
1188 1486 1521 1552 claustralis,
1556 1486 1652 1556 qui
1699 1504 1797 1558 spe
1849 1487 1997 1541 sedis

391 1579 762 1651 adipiscendae
792 1578 851 1631 in
884 1576 1079 1647 templi
1116 1576 1375 1629 decorem
1421 1576 1690 1641 casulam,
1725 1577 1992 1643 tunicam,

390 1670 747 1725 dalmaticam
775 1684 912 1721 auro
948 1666 1251 1737 purissimo
1284 1663 1625 1735 Rothomagi
1663 1665 1993 1733 confecerat,

389 1759 631 1813 moritur
650 1757 828 1819 Becci,
862 1756 921 1810 in
949 1756 1193 1826 capitulo
1224 1754 1501 1808 conditur.

462 1846 741 1902 Robertus
786 1862 915 1900 vero
962 1844 1057 1915 qui
1099 1844 1309 1898 Garino
1358 1848 1619 1908 cesserat,
1661 1844 1903 1914 peractis
1943 1844 1999 1897 in

393 1936 526 1991 sede
583 1942 795 2006 septem
844 1934 1025 1996 annis,
1067 1933 1125 1985 in
1174 1931 1321 1985 bona
1364 1937 1652 1986 senectute
1704 1932 1807 1986 sub
1856 1950 2003 1986 terra

392 2023 588 2079 tumba
626 2023 830 2077 celebri
878 2023 1072 2076 funere
1114 2021 1172 2074 in
1222 2021 1484 2075 Beccensi
1523 2021 1694 2074 choro
1742 2022 1996 2091 quiescit.

394 2113 712 2169 Priscorum
737 2110 961 2181 pietatis
972 2110 1267 2164 aemulator
1280 2109 1632 2175 Guillelmus,
1649 2110 1874 2178 majoris
1890 2126 1999 2163 am:

394 2200 594 2255 faciem
639 2199 831 2254 tabula
876 2204 1076 2254 aurata
1118 2198 1282 2252 variis
1327 2198 1474 2269 passi
1519 2197 1726 2252 Christi
1757 2198 2006 2252 historiis

396 2290 589 2357 divite,
620 2296 789 2360 atque
818 2293 1143 2358 argenteam
1165 2303 1411 2357 capsam,
1447 2287 1501 2340 in
1546 2304 1656 2357 qua
1682 2293 2003 2340 sanctorum

2080 1138 2247 1192 thoro
2277 1138 2381 1192 sibi
2408 1144 2524 1191 tam
2554 1137 2673 1191 seni
2720 1135 2969 1206 copulat.
3020 1135 3257 1206 Moxque
3288 1136 3394 1189 vita
3430 1135 3640 1203 functus,

2084 1244 2212 1281 cum
2244 1228 2405 1280 Anna
2429 1224 2691 1280 connubii
2711 1224 2896 1277 uxoris
2913 1224 3001 1294 [/'.,
3036 1224 3226 1293 umore]
3252 1224 3443 1293 prioris
3462 1224 3513 1277 in
3535 1225 3643 1279 Dio-

2084 1316 2324 1387 nysiana
2368 1316 2537 1386 jacet,
2574 1313 2742 1367 nullis
2772 1329 2836 1367 ex
2864 1328 2922 1366 se
2962 1311 3152 1367 liberis
3178 1311 3420 1366 maribus
3450 1312 3643 1368 relictis.

2087 1404 2246 1460 Unde
2273 1404 2567 1458 Francisco
2598 1401 2821 1455 Valesio
2851 1402 3302 1472 Angolismorum
3334 1401 3453 1455 duci
3467 1402 3548 1470 jus
3570 1402 3646 1455 ob-

2079 1495 2208 1564 tigit
2238 1494 2474 1563 regium.
2508 1492 2601 1563 qui
2625 1490 2871 1544 Claudiae
2914 1490 3177 1544 Ludovici
3219 1490 3343 1544 ﬁliae
3373 1490 3531 1562 priori
3556 1507 3641 1544 nu-

2080 1587 2288 1654 pserat.
2324 1581 2545 1634 Primus
2577 1581 2766 1650 itaque
2792 1580 2958 1649 hujus
2991 1579 3234 1632 nominis
3274 1585 3465 1649 regnat
3504 1580 3641 1649 quin-

2082 1672 2441 1743 quagesimus
2472 1669 2764 1740 septimus;
2788 1667 2893 1722 sub
2913 1684 3023 1739 quo
3045 1668 3289 1723 Garinea
3308 1666 3645 1737 resignatione

2083 1779 2115 1815 ιι
2145 1763 2329 1814 Leone
2362 1761 2409 1813 X
2443 1758 2725 1829 expedita,
2769 1759 3012 1811 Joannes
3064 1757 3333 1811 Ribaldus
3360 1756 3646 1827 trigesimus

2085 1855 2338 1920 quartus,
2374 1849 2569 1901 lubens
2600 1847 2927 1900 cathedram
2973 1846 3241 1900 ascendit.
3278 1844 3586 1915 Rothomagi
3621 1860 3647 1897 a

2082 1940 2335 1993 Tussano
2358 1936 2753 2005 archipraesule
2785 1939 3161 1989 consecratus.
3198 1933 3396 1987 Statim
3417 1933 3646 1997 Garinus,

2084 2028 2165 2081 vir
2194 2027 2455 2097 optimus,
2494 2024 2684 2078 morbo
2707 2024 3020 2095 apopletico
3051 2023 3373 2079 exstinctus.
3407 2021 3642 2092 caligino-

2083 2133 2201 2170 sam
2235 2113 2602 2169 Beccensibus
2644 2102 2914 2182 eclipsim,
2943 2111 3106 2165 annis
3135 2111 3473 2182 longioribus
3494 2110 3649 2164 feren-

2090 2205 2241 2267 dam,
2285 2202 2586 2273 relinquit;
2620 2202 2780 2270 cujus
2810 2200 2931 2271 pios
2955 2200 3171 2254 cineres
3211 2200 3266 2253 in
3302 2199 3477 2253 medio
3511 2199 3651 2253 choro

2093 2292 2314 2361 lugubri
2344 2308 2549 2363 pompa
2578 2291 2871 2354 collocant,
2894 2288 3071 2359 pridie
3100 2290 3292 2343 Nonas
3322 2288 3515 2359 Aprilis
3553 2286 3652 2351 Qua

396 2379 642 2451 plurium
672 2377 947 2431 habentur
970 2376 1239 2446 reliquiae,
1264 2376 1519 2442 decorat;
1553 2376 1841 2429 columnas
1868 2393 2006 2446 qua-
2029 2358 2177 2435 Bdie
2216 2397 2405 2435 annua
2437 2380 2843 2451 supplicatione
2882 2383 3173 2432 revocatur
3207 2380 3329 2449 ejus
3358 2378 3529 2432 obitus
3556 2391 3652 2428 me-

405 2472 538 2522 tuor
565 2466 866 2536 angelicas,
906 2465 978 2518 ad
1021 2470 1264 2535 quatuor
1303 2464 1554 2532 ejusdem
1602 2481 1711 2517 arae
1750 2466 2005 2534 angulos,

400 2555 547 2610 mira
605 2554 907 2608 admodum
961 2553 1248 2622 sculptura
1285 2552 1593 2617 decoratas,
1647 2569 1754 2606 cere
1805 2554 2009 2624 Cyprio

407 2645 699 2707 conﬂatas,
755 2641 952 2712 afﬁgit.
988 2643 1231 2695 Auream
1258 2642 1328 2695 ad
1359 2642 1475 2695 hzec
1503 2642 1788 2713 capsulam
1836 2642 2007 2695 trium

403 2733 529 2787 auri
561 2732 919 2785 marcharum
951 2730 1216 2801 ponderis
1245 2730 1536 2801 ingenioso
1572 2731 1809 2784 artiﬁcio
1842 2732 2011 2785 mira—

413 2821 580 2876 bilem
604 2819 1062 2892 sparsisgemmis
1082 2820 1376 2881 famosam,
1403 2836 1513 2889 qua
1533 2820 1591 2873 in
1616 2826 1807 2874 sancta
1819 2821 2016 2879 solem-

416 2911 592 2965 nitate
624 2926 845 2964 sacrum
886 2909 1100 2964 domini
1148 2909 1326 2962 nostri
1372 2910 1503 2962 Jesu
1536 2908 1746 2963 Christi
1790 2926 2011 2980 corpus,

415 3017 544 3055 cum
599 3000 877 3054 immenso
915 2999 1046 3053 ﬁdei
1101 2999 1285 3053 fructu
1341 2998 1748 3064 circumfertur,
1805 3000 2016 3069 templo

410 3090 644 3144 devotus
695 3089 875 3143 offert.
936 3089 1041 3143 Sex
1099 3094 1322 3158 pateras
1369 3092 1665 3157 argenteas
1721 3085 2017 3142 conventui

404 3179 595 3233 donat.
619 3180 956 3247 Argenteam
981 3176 1296 3247 quindecim
1322 3177 1674 3229 marcharum
1696 3177 2011 3247 lampadem

406 3266 595 3321 subtili
617 3266 905 3321 fabrorum
927 3282 1095 3336 opere
1120 3264 1446 3336 superbam,
1480 3265 1538 3318 in
1568 3266 1755 3318 medio
1768 3265 2014 3335 Virginis

407 3355 605 3408 matris
622 3355 825 3407 sacello
845 3355 1026 3407 ferrea
1049 3360 1247 3406 catena
1275 3369 1604 3423 suspensam
1626 3352 1817 3406 donat.
1844 3354 2013 3407 Varia

408 3447 509 3496 aut
537 3447 741 3504 erecta,
777 3448 876 3495 aut
903 3448 1165 3512 reparata
1192 3442 1426 3496 aediﬁcia
1455 3458 1567 3494 non
1597 3447 1682 3495 est
1707 3443 1853 3511 quod
1870 3459 2015 3495 com-

408 3546 738 3595 memorem,
788 3546 956 3600 quam
1017 3530 1363 3600 frequentius
1410 3530 1574 3583 afﬁxa
1628 3530 1881 3599 ejusdem
1925 3532 2013 3584 in-

409 3619 593 3689 signia
639 3619 846 3689 passim
893 3618 1165 3677 Garinum
1206 3618 1402 3671 vixisse
1441 3623 1738 3671 testentur.
1781 3620 2013 3673 Carolus

2091 2471 2284 2525 moria.
2307 2471 2508 2539 Sicque
2529 2468 2760 2522 Ribaldo
2781 2473 3003 2539 pastore
3029 2467 3283 2539 speciosa
3305 2466 3487 2538 templi
3514 2462 3657 2536 porti-

2091 2577 2207 2625 cus,
2225 2575 2395 2630 quam
2416 2558 2602 2612 vivens
2624 2557 2867 2611 Garinus
2887 2556 3213 2626 erigendam
3236 2556 3578 2619 conduxerat,
3590 2553 3657 2606 in-

2092 2650 2321 2719 geniose
2350 2648 2655 2719 perﬁcitur.
2680 2646 2887 2699 Verum
2921 2645 3169 2699 moribus
3206 2646 3294 2699 hic
3304 2645 3487 2716 junior
3515 2658 3657 2715 quam

2098 2743 2161 2792 ut
2172 2754 2413 2808 praesens
2432 2736 2815 2807 expostularet
2828 2734 3135 2803 negotium.
3146 2752 3249 2805 per
3259 2734 3551 2788 Adrianum
3562 2745 3661 2784 car-

2098 2827 2341 2880 dinalem
2366 2825 2623 2897 Brysium
2647 2824 3111 2878 Constantianum
3145 2823 3469 2886 antistitem,
3500 2819 3662 2875 nescio

2102 2932 2211 2986 quo
2252 2916 2402 2984 jure,
2451 2913 2799 2975 exturbatus,
2825 2918 3013 2967 creata
3040 2912 3329 2983 pensione,
3374 2910 3662 2966 cathedram

2099 3005 2263 3059 cedit.
2305 3005 2537 3067 Tamen,
2580 3008 2852 3073 quantum
2884 3002 3214 3073 conjectura
3255 3001 3382 3055 licet
3408 2995 3663 3070 augurari,

2100 3099 2156 3147 et
2183 3098 2244 3147 ut
2275 3092 2623 3164 rumorapud
2643 3109 2743 3145 nos
2758 3090 3141 3163 percrebuisse
3164 3092 3368 3162 potuit,
3390 3088 3667 3160 archiprior

2098 3183 2395 3247 Balleolus,
2430 3182 2512 3234 vel
2541 3181 2671 3252 quia
2705 3181 2873 3250 hujus
2902 3179 3153 3234 felicibus
3194 3180 3455 3252 auspiciis
3482 3176 3667 3231 invide-

2097 3272 2209 3331 bat.
2232 3273 2314 3325 vel
2331 3272 2461 3342 quia
2482 3288 2609 3325 eum
2636 3269 2975 3323 monasterio
2996 3268 3371 3340 perniciosum
3396 3266 3667 3325 metuebat.

2097 3361 2298 3415 litteris
2327 3360 2683 3414 Franciscum
2732 3375 2918 3429 regem
2969 3365 3176 3412 monet.
3223 3360 3335 3412 Nec
3378 3357 3468 3411 diu
3498 3358 3670 3427 pausat

2104 3468 2208 3505 res.
2260 3449 2560 3511 Adrianus,
2588 3448 2890 3519 apostolico
2932 3463 3162 3500 munere
3222 3464 3255 3501 a
3304 3444 3579 3501 Francisco
3622 3441 3670 3494 in

2099 3539 2487 3593 commendam
2519 3537 2818 3601 admissus,
2852 3536 3154 3607 praemissis
3180 3536 3417 3589 Beccum
3447 3528 3671 3588 satelliti-

2095 3628 2215 3693 bus,
2248 3627 2450 3681 bonam
2490 3625 2728 3679 fratrum
2782 3632 3001 3696 partem
3052 3624 3109 3678 in
3148 3625 3433 3695 prioratus
3480 3616 3675 3691 expellit

410 3714 599 3763 autem
630 3714 751 3778 post
777 3708 1206 3779 Neapolitanam
1246 3707 1649 3778 expeditionem
1685 3708 2074 3773 inﬁrmitateC
2098 3721 2229 3783 (non
2262 3716 2410 3770 enim
2453 3716 2687 3769 deerant
2727 3714 2821 3784 qui
2869 3712 3089 3767 Ribaldi
3132 3721 3326 3784 partes
3362 3707 3675 3777 tutarentur)

413 3796 599 3852 subita
628 3796 781 3849 nullo
809 3796 1001 3849 relicto
1029 3795 1203 3849 libero
1248 3795 1523 3849 Ambasiae
1555 3796 1812 3860 moritur,
1840 3797 2020 3850 Ludo~

411 3885 532 3940 vico
560 3884 890 3939 duodecimo
903 3884 1130 3938 Aurelio
1152 3900 1488 3947 successore,
1515 3885 1586 3938 ad
1618 3884 2016 3956 Dionysianam

416 3975 687 4045 sepultus.
719 3973 963 4027 Joannes
994 3978 1189 4044 postea
1232 3973 1616 4027 Morcenchius
1647 3973 1806 4027 Becci
1832 3974 2019 4027 archi-

414 4065 725 4136 prioratum
747 4079 970 4132 gerens,
1004 4061 1181 4115 tibiali
1209 4062 1482 4115 exsiccato
1511 4064 1759 4128 vulnere,
1792 4063 1848 4115 in
1879 4063 2022 4133 capi-

415 4153 534 4208 tulo
565 4151 843 4206 conditur.
875 4150 980 4205 Cui
1010 4150 1246 4204 Jacobus
1269 4150 1466 4215 Faber,
1498 4151 1653 4221 prior
1683 4152 1741 4206 S.
1771 4152 1923 4206 Petri
1951 4152 2020 4205 ad

416 4240 769 4296 Pontisaram
808 4240 1045 4292 fratrum
1092 4238 1382 4302 electione,
1424 4238 1765 4293 assentiente
1795 4241 2017 4305 Carino,

419 4328 684 4390 succedit,
719 4328 870 4382 brevi
924 4333 1199 4398 quartana
1230 4327 1503 4382 sublatus.
1534 4328 1597 4382 In
1636 4330 1796 4399 cujus
1838 4330 2018 4382 locum

418 4415 620 4471 Petrus
650 4416 907 4470 Baleolus
939 4417 1317 4470 constituitur.

493 4505 616 4567 Qua
644 4510 807 4558 aetate
838 4505 1143 4558 succedunt
1175 4506 1402 4575 hyemes
1431 4506 1555 4561 duae
1583 4506 1769 4576 rigore
1799 4505 2022 4559 insolito

420 4592 753 4662 nivibusque
776 4592 1138 4645 horridiores.
1174 4595 1408 4647 Ineunte
1438 4600 1632 4665 postea
1662 4612 1806 4661 vere,
1825 4611 2019 4648 amnes

420 4680 479 4735 in
510 4681 675 4751 plana
705 4680 889 4735 diffusi
920 4687 1154 4751 segetes,
1203 4699 1404 4752 pecora
1432 4684 1739 4755 domosque
1786 4685 2021 4739 subinde

423 4770 733 4835 suﬂ'ocant;
768 4786 940 4839 quam
969 4771 1241 4840 temporis
1260 4771 1525 4841 injuriam
1555 4774 1916 4843 subsequitur
1933 4791 2021 4844 pe-

422 4859 524 4913 stis
551 4858 888 4929 inguinaria,
924 4876 1124 4929 agrum
1176 4861 1507 4915 Beccensem
1559 4864 1728 4928 (salvo
1760 4863 2023 4933 Virginea

426 4948 836 5003 interventione
853 4948 1143 5013 ccenobio),
1172 4949 1373 5004 misere
1389 4950 1753 5021 depopulans.
1766 4953 2026 5005 Anuosus

2098 3806 2237 3860 alios
2264 3805 2417 3858 intus
2457 3803 2689 3857 vinculis
2735 3802 3003 3870 fatigans.
3039 3803 3268 3856 Interea
3297 3802 3674 3867 Rothomagum

2101 3895 2286 3949 natale
2312 3894 2491 3947 solum
2526 3898 2783 3963 repetens
2834 3891 3100 3945 Ribaldus
3145 3908 3278 3944 cum
3323 3905 3517 3958 magna
3552 3883 3673 3944 auri.

2101 3983 2340 4053 argenti,
2363 3988 2637 4053 tapetum,
2660 3997 3032 4051 vasorumque
3050 3981 3376 4035 cailatorum
3407 3975 3679 4049 suppellec-

2103 4074 2219 4137 tile,
2256 4077 2421 4125 noctu
2474 4070 2695 4124 sublata
2744 4072 2867 4134 (nec
2912 4085 2945 4122 a
2991 4068 3212 4121 vasibus
3263 4068 3484 4139 quidem
3532 4061 3679 4117 sacris

2103 4160 2404 4215 abstinens)
2440 4157 2690 4211 discedit.
2722 4158 2904 4227 Atque
2950 4156 3006 4210 id
3038 4156 3261 4210 saniore
3304 4155 3519 4226 quidem
3564 4166 3667 4205 con-

2103 4245 2226 4299 silio
2260 4244 2489 4307 factum,
2532 4240 2749 4311 regium
2785 4240 3034 4294 furorem
3068 4240 3115 4293 si
3162 4256 3291 4293 cum
3320 4240 3419 4294 tali
3439 4238 3548 4292 viro
3575 4250 3679 4289 con-

2102 4333 2360 4388 tenderet
2388 4331 2494 4385 sibi
2523 4331 2765 4383 conflare
2814 4328 3050 4396 veritus;
3104 4346 3164 4382 se
3208 4335 3481 4400 praeterea
3526 4325 3679 4379 sciens

2104 4423 2220 4477 suis
2243 4437 2370 4475 cum
2406 4417 2695 4473 coenobitis
2738 4417 3015 4481 odiosum,
3058 4425 3122 4471 ut
3166 4424 3297 4487 pote
3328 4417 3423 4488 qui
3461 4412 3682 4469 moribus

2100 4511 2312 4582 junior.
2344 4508 2485 4563 tanti
2510 4506 2798 4561 conflictus
2820 4522 3045 4560 causam
3068 4507 3419 4577 praebuisset.
3440 4504 3566 4559 Inde
3581 4498 3683 4553 Val-

2103 4599 2351 4655 limontis
2381 4595 2615 4651 caenobii
2656 4595 2711 4648 in
2762 4596 3028 4649 Caletano
3078 4596 3332 4666 regimen
3373 4595 3595 4665 adeptus
3622 4589 3686 4641 |o~

2104 4705 2230 4744 cum
2260 4687 2445 4757 ipsum
2496 4683 2861 4738 Beccensibus
2905 4684 3115 4754 spoliis,
3155 4690 3427 4739 renovato
3456 4677 3682 4737 aediﬁcio,

2108 4777 2294 4831 reddit
2313 4775 2610 4843 insignem.
2629 4773 2844 4826 Novum
2870 4772 3007 4826 inibi
3029 4779 3361 4842 arctumque
3386 4774 3508 4836 πθ
3527 4762 3686 4833 magis

2108 4865 2323 4919 vivendi
2357 4864 2597 4932 rigorem
2632 4860 2987 4915 introducere
3014 4867 3263 4925 tentans,
3306 4859 3423 4913 suis
3464 4856 3518 4911 id
3558 4865 3687 4922 aegre

2108 4952 2430 5015 ferentibus,
2459 4951 2517 5003 in
2544 4950 2985 5019 Rothomagensi
3020 4950 3371 5020 parlamento
3410 4946 3611 5000 frustra
3635 4938 3688 4993 li-

424 5038 644 5093 interea
675 5038 1010 5093 Guillelmus
1051 5038 1320 5093 incertam
1366 5056 1554 5094 rerum
1599 5042 1803 5094 seriem
1852 5041 2027 5110 provi-
2052 5042 2256 5122 Dtigat

428 5128 567 5182 dens
607 5128 808 5182 Joanni
855 5126 1087 5181 Ribaldo
1134 5145 1199 5181 ex
1246 5144 1435 5182 sorore
1483 5129 1692 5199 nepoti,
1722 5131 1815 5199 jus
1862 5146 2027 5183 omne

427 5217 626 5271 cedere
669 5222 871 5271 tentat.
902 5217 1110 5271 Verum
1149 5217 1334 5271 obstat
1377 5218 1705 5281 Ludovicus,
1755 5218 2025 5272 Joannem

426 5307 716 5360 Aurelium
754 5306 1091 5360 Tolosanum
1125 5306 1576 5375 archipraesulem
1609 5307 1790 5365 eidem
1820 5308 2028 5361 Garine

426 5395 723 5449 succedere
747 5395 953 5448 volens.
989 5396 1153 5448 Anna
1193 5394 1264 5447 ad
1312 5394 1427 5447 haec
1464 5394 1745 5459 defuncta,
1798 5413 1965 5466 quam
1997 5414 2026 5449 e

426 5483 749 5537 Britannico
795 5500 1002 5554 genere
1034 5482 1342 5537 Ludovicus
1372 5483 1534 5535 thoro
1566 5484 1751 5554 priore
1791 5484 2027 5538 duxerat

425 5585 674 5637 uxorem,
730 5572 960 5625 Mariam
1018 5570 1239 5625 llenrici
1283 5571 1588 5639 Anglorum
1635 5572 1779 5642 regis
1831 5573 2023 5639 lilium,

2181 5130 2461 5184 Adrianus
2501 5144 2627 5181 vero
2673 5132 2800 5200 post
2845 5125 3130 5181 biennium
3162 5128 3397 5181 Beccum
3429 5125 3686 5180 deserens,

2111 5220 2274 5273 afﬁxa
2318 5220 2560 5272 claustro
2602 5217 2832 5288 virginis
2884 5216 3069 5269 Maria:
3118 5217 3402 5270 Christum
3453 5207 3690 5266 laetantis

2111 5307 2381 5376 imagine.
2414 5306 2630 5360 Fiscani
2656 5306 2827 5359 sedet.
2865 5304 3118 5359 Succedit
3151 5304 3308 5357 Becci
3337 5304 3572 5356 Joannes
3598 5297 3693 5350 Du-

2110 5397 2314 5459 nesius,
2371 5395 2714 5449 Aureliensis
2759 5394 3078 5457 cardinalis,
3113 5394 3271 5465 cujus
3310 5408 3479 5462 supra
3513 5386 3692 5443 memi-

2112 5486 2316 5547 nimus,
2352 5483 2435 5537 vir
2455 5490 2799 5549 mansuetus,
2834 5500 2897 5537 ac
2925 5490 3124 5555 suapte
3167 5488 3389 5547 natura,
3433 5481 3490 5535 in
3533 5475 3691 5533 eccle-

2111 5573 2348 5627 siasticis
2378 5572 2635 5643 gerendis
2664 5572 3052 5637 dexterrimus,
3087 5571 3354 5625 abbatum
3380 5568 3569 5624 ordine
3597 5563 3688 5619 tri-
