3902 6166
248 261 370 321 693

1245 262 1671 320 CHRONICON
1711 263 2118 336 BECCENSE..
2143 294 2204 304 -
2246 263 2562 318 ADDITIO.

3441 263 3547 323 694

247 389 518 459 gesimus
539 390 1022 460 sextus,templum
1047 389 1319 445 Beccense
1341 391 1686 445 ornamentis
1703 391 1919 450 deco-A
1939 389 2109 444 habet
2147 389 2435 443 amictum.
2481 389 2619 443 Tres
2662 390 2940 454 monachi,
2983 407 3047 444 eo
3085 391 3176 445 die
3220 408 3347 446 cum
3381 392 3539 447 laicis

249 494 418 532 rans.
454 481 618 532 Anno
658 479 818 548 cujus
864 484 1022 532 sexto
1071 478 1181 531 divi
1214 479 1544 550 patriarcha
1579 480 1863 533 Benedicti

252 567 657 639 praescriptum
696 567 1038 632 institutum,
1073 584 1167 621 sex
1201 568 1394 622 coavis
1419 568 1739 638 junioribus
1771 585 1864 621 co-

259 657 530 721 mitatus,
561 657 785 728 auspice
815 657 1055 714 Christo.
1082 658 1363 729 professus
1378 674 1522 712 sum.
1544 659 1700 722 Quod
1729 657 1865 710 mihi

258 744 531 799 Christus
567 744 800 815 virginis
847 744 1043 798 matris
1083 746 1342 816 precibus
1370 747 1618 800 salutare
1663 752 1861 800 vertat.

256 833 408 887 Post
443 833 724 888 decimum
768 841 1031 905 quartum
1083 835 1253 904 hujus
1306 835 1600 905 purpurati
1648 835 1864 889 abbatis

255 939 505 988 annum,
532 940 566 977 a
594 924 896 977 CLEMENTE
917 923 1099 977 Vllad
1135 923 1401 978 Nicenam
1434 924 1861 979 conventionem

256 1017 519 1075 vocatus,
547 1012 696 1082 apud
737 1012 908 1065 Italos
942 1012 1142 1081 grandi
1184 1013 1436 1066 omnium
1482 1014 1654 1077 luctu,
1697 1020 1862 1067 atate

258 1099 454 1153 adhuc
485 1101 740 1166 florente,
770 1101 1029 1162 moritur,
1053 1102 1267 1155 Joanne
1284 1098 1563 1156 Venatore
1589 1103 1860 1156 cardinali

257 1188 618 1260 presbytero,
641 1188 1000 1244 Lexoviorum
1022 1190 1294 1260 antistite,
1308 1191 1596 1262 trigesimo
1623 1193 1861 1264 septimo

257 1274 470 1330 abbate.
489 1293 826 1332 successore.

330 1365 442 1419 Hic
488 1367 671 1420 multa
723 1383 910 1421 rerum
950 1368 1293 1439 experientia
1341 1369 1607 1440 prudens,
1663 1369 1861 1422 Carolo

255 1454 515 1525 primum
546 1463 739 1510 octavo
765 1457 987 1523 charus,
1014 1457 1291 1512 Ludovico
1322 1458 1522 1512 deinde
1555 1458 1860 1512 successori

256 1545 779 1614 conjunctissimus,
813 1551 1008 1617 postea
1039 1547 1332 1601 Francisco
1361 1547 1596 1618 principi
1622 1547 1803 1618 primo
1829 1564 1861 1600 a

257 1634 516 1689 consiliis
545 1640 604 1688 et
630 1625 1002 1706 eleemosynis
1031 1636 1325 1690 familiaris
1355 1643 1523 1690 astat.
1562 1636 1859 1692 Francisco

258 1723 471 1794 quippe
489 1711 960 1778 Northmaniiiam
979 1725 1503 1788 visitante,Beccum
1526 1725 1860 1797 ingreditur,

256 1809 355 1864 ubi
376 1812 629 1866 Joannes
645 1812 894 1866 Venator
911 1812 1065 1884 regia
1077 1813 1441 1868 conventione
1463 1813 1520 1868 in
1539 1815 1861 1868 cathedram

259 1897 605 1954 abbatialem
623 1917 656 1954 a
671 1900 936 1956 fratribus
966 1901 1360 1956 introducitur.
1382 1902 1578 1974 Ibique
1599 1904 1735 1957 Geo:
1748 1903 1865 1974 gia-

260 2002 399 2041 num
432 1989 642 2043 festum
677 1990 828 2061 regio
850 1991 1049 2044 decore
1079 1991 1408 2046 Franciscus
1435 1991 1864 2047 celebrat.Unde

259 2083 390 2148 post
430 2077 815 2133 hebdomadas
845 2079 1092 2151 quinque
1123 2080 1194 2134 ad
1239 2081 1570 2135 Vatevillam
1616 2097 1860 2145 movens,

258 2164 591 2219 Alienorem
623 2155 920 2239 conjugem
953 2169 1138 2223 Caroli
1170 2169 1234 2228 V.
1272 2170 1654 2224 Romanorum
1684 2170 1863 2241 impe-

260 2255 470 2308 ratoris
501 2271 775 2322 sororem,
799 2258 960 2312 Becci
982 2259 1448 2313 valetudinariam
1471 2259 1865 2329 relinquitSe-

259 2350 474 2415 quente
522 2343 750 2399 biennio
801 2346 892 2400 die
931 2364 1042 2417 qua
1088 2348 1455 2419 reliquiarum
1507 2349 1863 2403 Beccensium

257 2432 502 2487 celebris
532 2435 721 2504 agitur
747 2436 1036 2503 memoria,
1072 2444 1234 2491 nocte
1250 2439 1366 2508 jam
1397 2439 1691 2510 profunda,
1721 2438 1866 2491 lam-

259 2523 468 2592 padem
492 2523 648 2577 illam
681 2526 997 2594 quindecim
1025 2528 1382 2582 marcharum
1405 2528 1621 2598 argenti
1652 2527 1866 2600 specio-

258 2629 586 2683 sam,quam
606 2613 879 2668 Garrinus
903 2615 1088 2670 ferrea
1107 2622 1305 2671 catena
1322 2617 1378 2670 in
1396 2618 1599 2671 sacello
1621 2617 1864 2688 Virginis

258 2702 467 2755 matris
528 2703 913 2774 suspenderat,
971 2704 1277 2776 ambasque
1325 2707 1512 2760 lances
1569 2712 1866 2777 argenteas

257 2791 436 2844 choro
466 2791 732 2862 pensiles,
749 2801 917 2848 noctu
938 2794 1089 2848 fures
1110 2795 1306 2849 audaci
1336 2795 1628 2864 sacrilegio
1657 2795 1866 2866 depra-

259 2882 495 2936 dantur.
544 2880 792 2945 Quorum
822 2889 1077 2937 auctores
1119 2885 1456 2954 Rothomagi
1485 2892 1618 2939 rota
1650 2885 1865 2955 suppli-

259 2971 344 3025 cio
377 2970 617 3040 dignam
661 2973 976 3026 mercedem
1007 2973 1302 3043 recipiunt.
1339 2973 1481 3028 Dum
1531 2974 1864 3044 Magdalena

257 3058 552 3114 Francisci
611 3059 745 3124 filia,
800 3060 1003 3114 Jacobo
1062 3062 1354 3116 Scotorum
1400 3062 1521 3131 regi
1585 3058 1904 3116 connubio‘

253 3147 547 3218 jungitur,
584 3147 863 3202 Hedinum
909 3150 979 3202 ad
1009 3150 1397 3204 Theroennam
1425 3157 1672 3205 castrum
1712 3151 1860 3205 idem

256 3235 598 3290 Franciscus
614 3237 784 3290 armis
799 3237 1010 3308 recipit,
1030 3242 1332 3310 statimque
1355 3240 1533 3310 pactis
1563 3240 1633 3293 ad
1658 3240 1864 3295 decen-

256 3324 422 3379 nium
463 3341 595 3378 cum
635 3326 832 3380 Carolo
880 3328 1133 3397 Augusto
1181 3329 1437 3391 induciis,
1482 3345 1582 3399 per
1619 3329 1863 3382 mediam

257 3413 509 3467 Galliam
533 3415 767 3470 Carolus
801 3415 868 3468 ad
897 3416 1171 3470 Flandria
1201 3417 1514 3482 Gandavos,
1540 3418 1862 3472 Francicam

257 3502 667 3558 liberalitatem
715 3510 976 3574 expertus
1019 3506 1288 3575 pervenit.
1343 3507 1468 3560 Mox
1511 3507 1859 3571 Franciscus,

258 3608 457 3647 mense
483 3593 654 3655 Julio,
687 3594 1156 3648 Northmanniam
1196 3600 1472 3665 repetens,
1528 3595 1764 3649 fontium
1806 3596 1863 3650 in

256 3682 512 3736 claustro
531 3682 787 3736 Beccensi
810 3683 1104 3736 fluentium
1118 3684 1451 3754 tempestiva
1467 3685 1864 3739 commoditate

256 3771 530 3836 allicitur,
554 3771 690 3824 adeo
723 3778 783 3825 ut
803 3772 917 3826 illic
945 3789 1157 3826 ccenam
1179 3772 1303 3825 me):
1317 3772 1420 3826 sibi
1445 3773 1628 3843 parari
1643 3773 1861 3843 jubeat,

257 3862 462 3930 regina
476 3860 742 3914 Alienore
766 3861 821 3914 in
847 3861 965 3915 ade
976 3862 1290 3930 capitulari,
1316 3879 1344 3914 e
1364 3862 1608 3930 regione,
1630 3863 1699 3916 ad
1719 3864 1862 3916 Her-

258 3950 400 4003 luini
431 3950 755 4020 sepulcrum
777 3951 1059 4020 epulante.
1083 3951 1274 4020 Regiis
1298 3950 1514 4004 interea
1534 3952 1862 4006 florentibus

254 4039 454 4107 gestis,
487 4039 733 4092 Joannes
762 4039 1225 4110 septuagenarius
1265 4039 1323 4092 in
1363 4040 1607 4094 Marolea
1639 4039 1862 4110 expedi~

255 4128 415 4182 tione
442 4127 513 4181 ad
562 4127 792 4181 Merlam
840 4127 992 4181 febre
1035 4129 1308 4194 moritur;
1351 4128 1862 4182 JacobiAnnihaldi

259 4216 604 4271 successoris
656 4217 946 4288 diligentia
992 4219 1224 4271 Beccum
1285 4218 1520 4271 delatus.
1579 4217 1682 4272 Ubi
1749 4223 1862 4272 tres

263 4305 649 4360 hebdomadas
707 4307 1047 4378 quotidianis
1097 4306 1353 4378 precibus
1405 4324 1470 4361 ac
1513 4307 1714 4378 vigiliis
1757 4307 1860 4361 fre-

259 4401 590 4466 quentatus,
623 4395 680 4449 in
712 4396 958 4466 Virginis
980 4397 1174 4450 matris
1196 4397 1314 4450 ade
1347 4403 1562 4467 pausat.
1600 4397 1710 4451 Cor
1741 4399 1862 4467 ejus

255 4484 430 4538 theca
456 4483 720 4554 plumbea
749 4485 805 4538 in
849 4487 1019 4539 choro
1063 4486 1130 4539 ad
1170 4502 1326 4539 aram
1366 4487 1634 4556 majorem
1669 4486 1862 4540 condi-

253 4580 368 4627 tur.
416 4572 638 4644 Corpus
671 4574 920 4627 Lexoviis
959 4574 1015 4627 in
1057 4574 1173 4628 ade
1213 4574 1519 4645 apostolica
1552 4573 1862 4628 incredibili

252 4669 512 4734 sumptu,
545 4656 887 4734 coepiscopis
909 4664 1248 4734 appositum,
1277 4663 1540 4734 quiescit.

325 4753 518 4821 Hujus
547 4750 722 4806 bonas
763 4751 1122 4806 ecclesiastici
1170 4752 1420 4806 muneris
1476 4758 1681 4822 partes.
1735 4768 1862 4805 cum

251 4840 526 4896 Beccensi
553 4841 805 4895 coenobio
835 4840 1109 4896 Annibald
1121 4858 1183 4895 us
1203 4842 1350 4895 idem
1375 4841 1593 4895 Claudii
1613 4840 1864 4895 Francia

250 4931 555 4984 admiralis
602 4931 776 4985 frater
813 4931 966 5001 regio
997 4930 1183 4984 favore
1224 4930 1458 4994 obtinet,
1498 4930 1630 4984 dum
1686 4930 1864 4984 Fran-

249 5020 445 5074 ciscus
490 5020 716 5074 Henrici
759 5021 1100 5074 Francorum
1151 5019 1408 5090 Delphini
1457 5019 1865 5088 primogenitus

250 5108 784 5164 nascitur.Jacobus
801 5108 1149 5162 Annibaldus
1167 5109 1276 5161 tria
1293 5108 1648 5162 ecclesiastici
1669 5125 1758 5161 mu
1767 5125 1856 5161 ne-

253 5201 334 5254 ris
362 5199 619 5270 insignia
645 5198 713 5252 ab
743 5198 1019 5269 episcopis
1053 5198 1416 5268 Hipponensi,
1443 5197 1660 5251 Aniano
1695 5204 1864 5267 atque

252 5289 632 5352 Castoriensi,
653 5287 890 5342 Romani
921 5286 1200 5358 pontificis
1224 5287 1517 5359 permissu,
1541 5286 1702 5340 Becci
1734 5303 1863 5339 sus-

257 5379 422 5450 cipit.

328 5467 549 5532 Quinto
580 5469 772 5522 Nonas
802 5465 932 5520 Maii
977 5465 1237 5519 sacerdos
1286 5466 1532 5527 effectus,
1577 5463 1867 5536 episcOpus

259 5573 404 5612 cons
414 5556 845 5626 ecratus.Atque
863 5571 893 5608 a
916 5554 1114 5624 legatis
1130 5554 1288 5608 Pauli
1318 5553 1467 5607 tertii
1491 5558 1864 5624 purpuratum

1879 4350 1926 4408 D

1946 486 2161 548 septem
2191 477 2259 530 ab
2287 479 2647 548 Hypponensi
2676 479 2934 550 episcopo
2969 480 3123 534 Becci
3153 481 3300 534 tonsi
3333 488 3483 537 sunt.

2017 569 2178 620 Anno
2210 567 2468 637 sequenti
2519 567 2792 621 Henricus
2833 569 3072 638 septimo
3104 570 3386 624 Kalendas
3424 574 3540 626 Au-

1945 657 2095 726 gusti
2141 655 2328 709 Remis
2360 665 2630 709 sacratur.
2676 657 2899 710 Interea
2926 658 3120 712 Gallia
3164 660 3542 716 cardinalibus

1946 745 2016 798 ad
2063 745 2298 797 Paulum
2346 745 2577 798 tertium
2607 745 2841 799 Romam
2878 747 3259 816 pergentibus,
3301 748 3540 803 Jacobus

1945 829 2221 886 AnniliaId
2233 850 2294 886 us
2313 832 2414 886 sub
2432 833 2788 886 Beccensium
2803 835 3223 904 reparationum
3244 843 3534 906 pratextu,

1946 938 2138 992 spaiso
2167 921 2363 974 callide
2395 922 2535 991 regii
2570 938 2874 976 consensus
2907 940 3149 989 rumore,
3190 925 3392 978 bonam
3427 927 3538 980 Sil-

1944 1027 2024 1065 va
2055 1010 2343 1064 Beccensis
2391 1018 2576 1080 (quam
2622 1012 2820 1080 vulgus
2864 1013 3098 1066 Parcum
3132 1014 3280 1074 dicit)
3317 1021 3536 1084 partem

1945 1100 2013 1152 ad
2044 1099 2313 1153 librarum
2338 1099 2530 1168 viginti
2562 1100 2809 1169 quinque
2836 1101 3030 1165 millia,
3051 1102 3286 1171 publicis
3316 1105 3544 1174 exponit

1944 1188 2309 1258 emptoribus,
2343 1187 2501 1259 quasi
2523 1205 2652 1242 vero
2682 1190 2854 1242 annui
2886 1191 3133 1258 ejusdem
3165 1192 3399 1246 rationis
3421 1211 3544 1264 pro-

1944 1283 2142 1331 ventus
2181 1277 2278 1331 uni
2318 1277 2528 1348 pastori
2575 1293 2686 1331 non
2735 1278 3055 1344 sufficiant;
3087 1286 3306 1334 constat
3349 1287 3541 1337 autem

1943 1365 2038 1435 huj
2049 1364 2266 1418 usmodi
2297 1364 2455 1418 lucus
2469 1364 2892 1435 quadringentis
2915 1367 3326 1438 quinquaginta
3331 1370 3544 1439 jugeri-

1944 1453 2048 1507 bus
2074 1453 2294 1524 lapideo
2323 1470 2483 1506 muro
2506 1470 2632 1507 cum
2663 1454 2784 1524 ipso
2811 1456 3060 1509 coenobio
3091 1456 3324 1514 cinctus.

2014 1545 2268 1612 Augusto
2284 1549 2571 1614 sequente,
2600 1543 2686 1596 vir
2703 1543 2937 1597 celebris
2961 1547 3247 1601 memoria
3269 1547 3544 1619 Georgius

1943 1631 2320 1686 Ambasianus
2349 1632 2818 1703 Rothomagensis
2863 1633 3117 1697 antistes,
3152 1635 3210 1688 in
3248 1640 3430 1690 castro
3456 1636 3547 1690 Vi-

1886 1712 1931 1771 B
1945 1721 2154 1792 gniano
2177 1722 2376 1776 Carolo
2394 1721 2674 1776 Borbonio
2707 1738 3044 1781 successore,
3071 1723 3309 1778 moritur
3331 1725 3543 1779 Rotho-

1948 1810 2096 1881 magi
2118 1810 2175 1864 in
2197 1812 2312 1865 ade
2344 1811 2623 1881 Virginea,
2641 1825 2756 1866 xvn
2772 1810 3056 1866 Kalendas
3075 1812 3351 1878 Octobris,
3373 1813 3544 1869 divite

1948 1900 2234 1954 mausoleo
2275 1900 2561 1957 conditus.
2611 1901 2769 1964 Quod
2797 1900 3025 1971 quidam
3059 1918 3182 1955 cum
3206 1902 3303 1955 illa
3329 1903 3546 1957 excelsa

1947 1988 2259 2058 pyramide,
2277 2006 2446 2060 quam
2479 1989 2665 2043 vivens
2693 1989 2751 2042 in
2775 1989 2959 2043 medio
2972 1991 3184 2061 templo
3213 1991 3542 2057 construxit,

1947 2077 2096 2132 inter
2125 2077 2319 2132 mundi
2352 2077 2632 2132 mirabilia
2681 2077 2844 2131 facile
2892 2095 3244 2133 numerares.
3280 2079 3546 2134 Kalendis

1946 2183 2078 2220 vero
2108 2167 2361 2235 ejusdem
2402 2167 2658 2222 Octobris
2708 2167 2985 2221 Henricus
3024 2167 3382 2239 Rothomagi,
3420 2185 3546 2223 cum

1947 2253 2279 2314 incredibili,
2318 2259 2438 2308 tum
2465 2259 2714 2325 sumptu,
2749 2259 2869 2308 tum
2904 2253 3100 2325 patria
3129 2255 3325 2309 latitia
3349 2256 3548 2328 excipi-

1947 2347 2058 2408 tur,
2077 2341 2170 2396 ubi
2199 2343 2615 2413 quodammodo
2633 2342 2867 2413 prodiga
2879 2342 3083 2396 civium
3107 2342 3417 2399 liberalitas
3435 2361 3548 2401 non

1948 2447 2078 2484 suas
2130 2433 2444 2496 facultates,
2479 2431 2576 2484 sed
2628 2431 2852 2502 egregia
2887 2431 2972 2485 sui
3025 2432 3294 2503 principis
3348 2435 3550 2488 merita

1947 2521 2412 2591 clementiamque
2426 2520 2610 2574 metiri
2631 2520 3151 2591 delectatur.Hujus
3168 2523 3548 2578 memorabilis

1947 2616 2204 2680 sumptus
2243 2626 2307 2663 ac
2336 2609 2542 2663 latitia
2573 2626 2685 2662 non
2729 2609 2995 2678 vulgaris,
3047 2611 3278 2680 pulchre
3321 2613 3548 2683 elegan-

1947 2703 2142 2768 terque
2175 2697 2433 2751 meminit
2461 2697 2690 2767 quidam
2720 2697 3006 2768 Chappius
3034 2699 3305 2769 superbas
3343 2718 3544 2755 novem

1948 2791 2005 2839 et
2021 2786 2215 2857 viginti
2229 2785 2450 2840 tabulas
2471 2786 2681 2840 recenti
2706 2786 2990 2839 volumine
3011 2788 3129 2840 viva
3145 2789 3331 2858 effigie
3350 2806 3552 2860 repra-

1948 2880 2393 2934 sentans.ldibus
2412 2881 2482 2933 ad
2502 2880 2619 2933 hac
2630 2879 3159 2942 Januariis,noctem
3179 2881 3282 2934 sub
3304 2881 3547 2935 mediam

1948 2970 2339 3025 assistentibus
2369 2971 2537 3024 choro
2566 2970 2834 3024 fratribus
2876 2971 2946 3024 ad
2970 2979 3276 3026 nocturnas
3300 2972 3540 3042 vigilias,

1945 3060 2106 3113 acced
2117 3064 2218 3112 unt
2229 3076 2354 3114 cum
2384 3064 2547 3113 terra
2565 3059 2808 3113 motibus
2825 3058 3021 3113 crebra
3030 3060 3273 3131 fulgura,
3289 3061 3540 3131 ingentia

1946 3155 2238 3203 ventorum
2273 3147 2465 3206 flabra,
2488 3148 2638 3201 inter
2664 3165 2786 3220 qua
2807 3165 2908 3202 nec
2939 3149 3204 3220 frequens
3226 3151 3412 3204 aerius
3435 3151 3543 3204 fra-

1944 3255 2066 3308 gor,
2107 3239 2192 3290 vel
2223 3254 2395 3303 aura,
2435 3237 2745 3291 certissima
2784 3238 3027 3292 discerni
3077 3245 3264 3310 queat.
3301 3240 3434 3293 Erat
3470 3240 3542 3293 ad

1947 3327 2230 3380 inferioris
2259 3325 2456 3397 templi
2487 3326 2806 3397 pyramides
2837 3327 3054 3390 ambas,
3090 3329 3305 3382 cocleos
3333 3330 3542 3398 gradus

1945 3415 2262 3486 opperiens,
2291 3415 2564 3470 turricula
2590 3415 2738 3469 binis
2771 3416 3043 3470 columnis
3072 3434 3173 3487 per
3199 3419 3436 3488 angulos
3451 3435 3546 3473 sex

1945 3503 2145 3568 levata,
2178 3504 2397 3575 lapideo
2424 3503 2680 3558 tabulatu
2705 3504 2774 3557 ad
2792 3521 3077 3559 summum
3108 3507 3373 3577 cuspidis,
3399 3513 3542 3562 nutu

1947 3592 2133 3661 potius
2165 3593 2350 3646 divino
2375 3609 2543 3663 quam
2575 3593 2835 3646 humanis
2856 3593 3071 3648 artibus
3094 3595 3384 3665 perducta,
3419 3613 3541 3666 qua

1947 3681 2051 3734 hac
2095 3681 2288 3736 eadem
2337 3681 2668 3752 intemperie
2699 3698 2984 3748 corruens,
3019 3700 3284 3753 magnam
3331 3686 3542 3756 templo

1945 3769 2166 3823 ruinam
2209 3787 2309 3824 suo
2330 3787 2464 3824 casu
2493 3770 2704 3823 attulit.
2736 3772 2920 3842 Atque
2938 3774 3029 3844 (ut
3057 3773 3173 3828 fere
3204 3779 3336 3828 sunt
3359 3774 3542 3828 fortu-

1946 3876 2030 3912 na
2065 3859 2324 3923 ludibria,
2359 3877 2480 3931 qua
2511 3861 2757 3932 periculo
2792 3861 3000 3915 socium
3023 3863 3181 3916 addit
3209 3864 3548 3934 periculum)

1947 3949 2256 4019 Haymonis
2277 3950 2556 4002 Courserii
2584 3950 2873 4004 Beccensis
2904 3952 3182 4015 monachi,
3231 3954 3325 4022 qui
3369 3955 3545 4008 Anni-

1947 4035 2130 4104 baldo,
2183 4054 2215 4090 a
2263 4037 2531 4102 conciliis,
2587 4045 2644 4092 et
2702 4038 2910 4092 vicibus
2963 4039 3176 4103 aderat,
3238 4049 3537 4111 suggestu;

1947 4126 2057 4179 duo
2111 4142 2345 4180 summa
2394 4126 2567 4180 turris
2623 4127 2961 4198 crepitacula
2999 4129 3234 4197 majora,
3269 4131 3388 4183 solo
3418 4136 3533 4195 3|

1945 4215 2190 4285 dirupta,
2233 4214 2448 4285 publice
2496 4214 2810 4270 frustratim
2859 4223 3138 4272 vaneunt.
3189 4217 3389 4289 Sicque
3421 4235 3541 4273 rem

1947 4304 2243 4374 pretiosam
2271 4304 2878 4375 magnicomparatam,
2905 4305 3077 4359 sacris
3108 4306 3299 4361 usibus
3322 4308 3542 4364 dedica-

1946 4399 2082 4457 tam,
2117 4392 2287 4446 veluti
2320 4393 2563 4463 quadam
2593 4392 2852 4446 Antiochi
2894 4394 3148 4456 audacia.
3183 4413 3310 4450 cum
3337 4398 3541 4468 probro

1946 4481 2160 4552 privato
2212 4481 2379 4534 etiam
2425 4482 2620 4551 patria
2665 4483 3001 4535 contrahens
3048 4483 3308 4551 dedecus,
3361 4487 3543 4557 profa-

1948 4589 2081 4626 nare
2130 4588 2240 4625 non
2301 4571 2596 4634 erubescit,
2665 4571 3037 4643 modicunque
3091 4573 3219 4628 inde
3265 4583 3542 4646 quastum

1947 4661 2164 4727 sitiens,
2200 4661 2410 4732 pudore
2453 4661 2725 4731 neglecto,
2759 4661 3064 4716 maximum
3095 4669 3215 4718 tum
3247 4665 3373 4730 sibi,
3416 4672 3538 4722 tum

1947 4749 2063 4804 suis
2095 4753 2354 4820 (quorum
2409 4750 2463 4802 id
2522 4750 2706 4819 gratia
2747 4749 2940 4821 fiebat)
2990 4761 3235 4807 mustam
3293 4755 3542 4810 infamia

1948 4844 2136 4893 notam
2186 4838 2542 4909 contempsit,
2595 4855 2735 4909 opus
2783 4840 3008 4909 quidem
3053 4842 3234 4896 aulico
3267 4846 3540 4900 monacho

1947 4929 2166 4998 dignus.
2205 4928 2470 4981 Claudius
2483 4928 2726 4998 posthac
2746 4928 3098 4985 Annibaldus
3113 4931 3194 4985 vir
3214 4949 3277 4987 ex
3295 4936 3543 5005 equestri

1947 5018 2140 5070 ordine
2175 5017 2538 5081 clarissimus,
2572 5033 2636 5070 ac
2687 5017 2934 5072 Francia
2989 5020 3295 5086 admiralis,
3353 5023 3543 5078 Jacobi

1950 5105 2240 5160 Beccensis
2269 5105 2733 5160 commendatarii
2763 5107 2955 5173 frater,
2985 5125 3111 5162 cum
3142 5111 3289 5180 apud
3312 5111 3542 5164 Ferrem

1949 5196 2213 5266 oppidum
2236 5212 2362 5249 cum
2388 5197 2504 5250 suis
2525 5201 2738 5266 ageret,
2757 5197 2988 5266 solaque
3008 5197 3094 5250 sui
3120 5197 3270 5250 fama
3299 5197 3542 5251 ferocem

1949 5285 2116 5339 Ruthi
2153 5285 2457 5339 exercitum
2489 5285 2762 5350 eluderet,
2797 5286 2998 5339 acriori
3029 5284 3181 5338 febre
3209 5291 3383 5349 actus,
3411 5303 3543 5341 san-

1950 5375 2052 5428 ctis
2085 5375 2313 5428 monitis
2343 5374 2506 5428 unico
2545 5374 2660 5427 filio
2711 5374 2938 5436 relictis,
2987 5372 3202 5426 decimo
3235 5380 3387 5428 sexto
3437 5376 3545 5430 Ka-

1953 5464 2143 5518 lendas
2181 5463 2492 5531 Februarii,
2538 5463 2689 5517 inter
2733 5478 2890 5516 sacra
2920 5467 3242 5516 constanter
3273 5463 3534 5524 moritur.

1950 5552 2033 5607 Ad
2073 5551 2455 5607 Annabaldem
2507 5552 2704 5614 adem,
2751 5565 2870 5622 quae
2905 5549 3190 5620 Appevilla
3223 5551 3536 5624 dicebatur,
