  <div class='ocr_page' id='page_1' title='image "/cluster/home/n/w/nwhite01/storage/ocr_20150623/150/hvd.32044054760087/353.png"; bbox 0 0 3902 6166; ppageno 0'>
   <div class='ocr_carea' id='block_1_1' title="bbox 393 226 499 285">
    <p class='ocr_par' dir='ltr' id='par_1_1' title="bbox 393 226 499 285">
     <span class='ocr_line' id='line_1_1' title="bbox 393 226 499 285; baseline 0.019 -2"><span class='ocrx_word' id='word_1_1' title='bbox 393 226 499 285; x_wconf 87' lang='lat'><strong>695</strong></span> 
     </span>
    </p>
   </div>
   <div class='ocr_carea' id='block_1_2' title="bbox 1308 227 2677 299">
    <p class='ocr_par' dir='ltr' id='par_1_2' title="bbox 1308 227 2677 299">
     <span class='ocr_line' id='line_1_2' title="bbox 1308 227 2677 299; baseline -0.002 -15"><span class='ocrx_word' id='word_1_2' title='bbox 1308 228 1406 284; x_wconf 88' lang='lat' dir='ltr'><strong>AD</strong></span> <span class='ocrx_word' id='word_1_3' title='bbox 1446 228 1686 287; x_wconf 80' lang='lat' dir='ltr'><strong>OPERA</strong></span> <span class='ocrx_word' id='word_1_4' title='bbox 1722 231 1787 299; x_wconf 83' lang='grc' dir='ltr'><strong>Β,</strong></span> <span class='ocrx_word' id='word_1_5' title='bbox 1829 232 2247 290; x_wconf 84' lang='lat' dir='ltr'><strong>LANFRANCI</strong></span> <span class='ocrx_word' id='word_1_6' title='bbox 2285 227 2677 287; x_wconf 86' lang='lat' dir='ltr'><strong>APPENDIX.</strong></span> 
     </span>
    </p>
   </div>
   <div class='ocr_carea' id='block_1_3' title="bbox 3511 230 3600 291">
    <p class='ocr_par' dir='ltr' id='par_1_3' title="bbox 3511 230 3600 291">
     <span class='ocr_line' id='line_1_3' title="bbox 3511 230 3600 291; baseline 0.011 -1"><span class='ocrx_word' id='word_1_7' title='bbox 3511 230 3600 291; x_wconf 78' lang='lat'><strong>696</strong></span> 
     </span>
    </p>
   </div>
   <div class='ocr_carea' id='block_1_4' title="bbox 395 351 3609 429">
    <p class='ocr_par' dir='ltr' id='par_1_4' title="bbox 395 351 3609 429">
     <span class='ocr_line' id='line_1_4' title="bbox 395 351 3609 429; baseline 0.002 -20"><span class='ocrx_word' id='word_1_8' title='bbox 395 353 615 425; x_wconf 80' lang='lat' dir='ltr'><strong>ingenti</strong></span> <span class='ocrx_word' id='word_1_9' title='bbox 645 356 875 425; x_wconf 90' lang='lat' dir='ltr'><strong>sumptu</strong></span> <span class='ocrx_word' id='word_1_10' title='bbox 903 352 1058 425; x_wconf 87' lang='lat' dir='ltr'><strong>regio</strong></span> <span class='ocrx_word' id='word_1_11' title='bbox 1081 352 1279 408; x_wconf 87' lang='lat' dir='ltr'><strong>funere</strong></span> <span class='ocrx_word' id='word_1_12' title='bbox 1307 354 1580 425; x_wconf 88' lang='lat' dir='ltr'><strong>sepultus.</strong></span> <span class='ocrx_word' id='word_1_13' title='bbox 1622 357 1835 429; x_wconf 81' lang='lat' dir='ltr'><strong>Regem</strong></span> <span class='ocrx_word' id='word_1_14' title='bbox 1860 375 1991 414; x_wconf 87' lang='lat' dir='ltr'><strong>vero</strong></span> <span class='ocrx_word' id='word_1_15' title='bbox 2009 362 2060 422; x_wconf 85' lang='grc' dir='ltr'>Α</span> <span class='ocrx_word' id='word_1_16' title='bbox 2081 358 2290 414; x_wconf 82' lang='lat' dir='ltr'><strong>foribus</strong></span> <span class='ocrx_word' id='word_1_17' title='bbox 2301 355 2497 428; x_wconf 87' lang='lat' dir='ltr'><strong>templi</strong></span> <span class='ocrx_word' id='word_1_18' title='bbox 2516 352 2759 408; x_wconf 89' lang='lat' dir='ltr'><strong>turrium</strong></span> <span class='ocrx_word' id='word_1_19' title='bbox 2781 351 3018 407; x_wconf 81' lang='lat' dir='ltr'><strong>alteram</strong></span> <span class='ocrx_word' id='word_1_20' title='bbox 3033 352 3242 424; x_wconf 83' lang='lat' dir='ltr'><strong>ingenti</strong></span> <span class='ocrx_word' id='word_1_21' title='bbox 3252 352 3452 425; x_wconf 78' lang='lat' dir='ltr'><strong>fragore</strong></span> <span class='ocrx_word' id='word_1_22' title='bbox 3467 367 3609 415; x_wconf 84' lang='lat' dir='ltr'><strong>ruen&#39;</strong></span> 
     </span>
    </p>
   </div>
   <div class='ocr_carea' id='block_1_5' title="bbox 402 443 1997 520">
    <p class='ocr_par' dir='ltr' id='par_1_5' title="bbox 402 443 1997 520">
     <span class='ocr_line' id='line_1_5' title="bbox 402 443 1997 520; baseline 0.003 -21"><span class='ocrx_word' id='word_1_23' title='bbox 402 443 742 499; x_wconf 89' lang='lat' dir='ltr'><strong>Beccensem</strong></span> <span class='ocrx_word' id='word_1_24' title='bbox 767 460 943 498; x_wconf 88' lang='lat' dir='ltr'><strong>novus</strong></span> <span class='ocrx_word' id='word_1_25' title='bbox 968 443 1114 497; x_wconf 90' lang='lat' dir='ltr'><strong>aries</strong></span> <span class='ocrx_word' id='word_1_26' title='bbox 1140 460 1282 497; x_wconf 92' lang='lat' dir='ltr'><strong>novo</strong></span> <span class='ocrx_word' id='word_1_27' title='bbox 1307 443 1494 514; x_wconf 84' lang='lat' dir='ltr'><strong>pulsat</strong></span> <span class='ocrx_word' id='word_1_28' title='bbox 1516 446 1997 520; x_wconf 85' lang='lat' dir='ltr'><strong>ictu.Agrumque</strong></span> 
     </span>
    </p>
   </div>
   <div class='ocr_carea' id='block_1_6' title="bbox 400 533 1997 609">
    <p class='ocr_par' dir='ltr' id='par_1_6' title="bbox 400 533 1997 609">
     <span class='ocr_line' id='line_1_6' title="bbox 400 533 1997 609; baseline 0.002 -19"><span class='ocrx_word' id='word_1_29' title='bbox 400 536 734 590; x_wconf 91' lang='lat' dir='ltr'><strong>Planeseum</strong></span> <span class='ocrx_word' id='word_1_30' title='bbox 789 534 972 605; x_wconf 90' lang='lat' dir='ltr'><strong>(cujus</strong></span> <span class='ocrx_word' id='word_1_31' title='bbox 1010 534 1159 588; x_wconf 87' lang='lat' dir='ltr'><strong>feodi</strong></span> <span class='ocrx_word' id='word_1_32' title='bbox 1203 533 1387 589; x_wconf 91' lang='lat' dir='ltr'><strong>nobile</strong></span> <span class='ocrx_word' id='word_1_33' title='bbox 1417 541 1587 607; x_wconf 91' lang='lat' dir='ltr'><strong>caput</strong></span> <span class='ocrx_word' id='word_1_34' title='bbox 1613 554 1739 592; x_wconf 90' lang='lat' dir='ltr'><strong>cum</strong></span> <span class='ocrx_word' id='word_1_35' title='bbox 1781 539 1997 609; x_wconf 84' lang='lat' dir='ltr'><strong>ingenti</strong></span> 
     </span>
    </p>
   </div>
   <div class='ocr_carea' id='block_1_7' title="bbox 402 623 2001 697">
    <p class='ocr_par' dir='ltr' id='par_1_7' title="bbox 402 623 2001 697">
     <span class='ocr_line' id='line_1_7' title="bbox 402 623 2001 697; baseline 0.002 -18"><span class='ocrx_word' id='word_1_36' title='bbox 402 623 823 697; x_wconf 87' lang='lat' dir='ltr'><strong>privilegiorum</strong></span> <span class='ocrx_word' id='word_1_37' title='bbox 854 623 1037 693; x_wconf 81' lang='lat' dir='ltr'><strong>gloria</strong></span> <span class='ocrx_word' id='word_1_38' title='bbox 1068 640 1240 694; x_wconf 85' lang='lat' dir='ltr'><strong>supra</strong></span> <span class='ocrx_word' id='word_1_39' title='bbox 1282 625 1633 696; x_wconf 87' lang='lat' dir='ltr'><strong>Appevillam</strong></span> <span class='ocrx_word' id='word_1_40' title='bbox 1681 627 1852 682; x_wconf 86' lang='lat' dir='ltr'><strong>situm</strong></span> <span class='ocrx_word' id='word_1_41' title='bbox 1891 628 2001 696; x_wconf 90' lang='lat' dir='ltr'><strong>est)</strong></span> 
     </span>
    </p>
   </div>
   <div class='ocr_carea' id='block_1_8' title="bbox 401 711 2003 782">
    <p class='ocr_par' dir='ltr' id='par_1_8' title="bbox 401 711 2003 782">
     <span class='ocr_line' id='line_1_8' title="bbox 401 711 2003 782; baseline 0.001 -14"><span class='ocrx_word' id='word_1_42' title='bbox 401 730 497 768; x_wconf 86' lang='lat' dir='ltr'><strong>sex</strong></span> <span class='ocrx_word' id='word_1_43' title='bbox 524 711 640 766; x_wconf 85' lang='lat' dir='ltr'><strong>fere</strong></span> <span class='ocrx_word' id='word_1_44' title='bbox 671 712 850 767; x_wconf 83' lang='lat' dir='ltr'><strong>millia</strong></span> <span class='ocrx_word' id='word_1_45' title='bbox 879 713 1100 767; x_wconf 88' lang='lat' dir='ltr'><strong>aBecco</strong></span> <span class='ocrx_word' id='word_1_46' title='bbox 1115 713 1438 782; x_wconf 88' lang='lat' dir='ltr'><strong>distantem,</strong></span> <span class='ocrx_word' id='word_1_47' title='bbox 1462 716 1709 770; x_wconf 86' lang='lat' dir='ltr'><strong>marchio</strong></span> <span class='ocrx_word' id='word_1_48' title='bbox 1736 716 2003 771; x_wconf 87' lang='lat' dir='ltr'><strong>Annibal-</strong></span> 
     </span>
    </p>
   </div>
   <div class='ocr_carea' id='block_1_9' title="bbox 406 800 2001 862">
    <p class='ocr_par' dir='ltr' id='par_1_9' title="bbox 406 800 2001 862">
     <span class='ocr_line' id='line_1_9' title="bbox 406 800 2001 862; baseline 0.003 -5"><span class='ocrx_word' id='word_1_49' title='bbox 406 802 511 857; x_wconf 90' lang='lat' dir='ltr'><strong>dus</strong></span> <span class='ocrx_word' id='word_1_50' title='bbox 550 801 850 856; x_wconf 87' lang='lat' dir='ltr'><strong>Hwaldeus</strong></span> <span class='ocrx_word' id='word_1_51' title='bbox 881 800 1077 856; x_wconf 83' lang='lat' dir='ltr'><strong>Jacobi</strong></span> <span class='ocrx_word' id='word_1_52' title='bbox 1103 802 1396 858; x_wconf 90' lang='lat' dir='ltr'><strong>Beccensis</strong></span> <span class='ocrx_word' id='word_1_53' title='bbox 1439 805 1907 860; x_wconf 87' lang='lat' dir='ltr'><strong>commendatarii</strong></span> <span class='ocrx_word' id='word_1_54' title='bbox 1936 824 2001 862; x_wconf 84' lang='lat' dir='ltr'><strong>ex</strong></span> 
     </span>
    </p>
   </div>
   <div class='ocr_carea' id='block_1_10' title="bbox 406 891 2001 963">
    <p class='ocr_par' dir='ltr' id='par_1_10' title="bbox 406 891 2001 963">
     <span class='ocr_line' id='line_1_10' title="bbox 406 891 2001 963; baseline 0.003 -18"><span class='ocrx_word' id='word_1_55' title='bbox 406 891 638 946; x_wconf 88' lang='lat' dir='ltr'><strong>Claudio</strong></span> <span class='ocrx_word' id='word_1_56' title='bbox 650 891 822 945; x_wconf 82' lang='lat' dir='ltr'><strong>fratre</strong></span> <span class='ocrx_word' id='word_1_57' title='bbox 844 907 1037 961; x_wconf 89' lang='lat' dir='ltr'><strong>nepos,</strong></span> <span class='ocrx_word' id='word_1_58' title='bbox 1058 891 1265 946; x_wconf 90' lang='lat' dir='ltr'><strong>Jacobo</strong></span> <span class='ocrx_word' id='word_1_59' title='bbox 1279 893 1522 963; x_wconf 91' lang='lat' dir='ltr'><strong>quodam</strong></span> <span class='ocrx_word' id='word_1_60' title='bbox 1554 894 1872 949; x_wconf 90' lang='lat' dir='ltr'><strong>Perdrierio</strong></span> <span class='ocrx_word' id='word_1_61' title='bbox 1892 896 2001 957; x_wconf 86' lang='lat' dir='ltr'><strong>(cui</strong></span> 
     </span>
    </p>
   </div>
   <div class='ocr_carea' id='block_1_11' title="bbox 405 979 2001 1056">
    <p class='ocr_par' dir='ltr' id='par_1_11' title="bbox 405 979 2001 1056">
     <span class='ocr_line' id='line_1_11' title="bbox 405 979 2001 1056; baseline 0.003 -22"><span class='ocrx_word' id='word_1_62' title='bbox 405 979 488 1034; x_wconf 87' lang='lat' dir='ltr'><strong>rei</strong></span> <span class='ocrx_word' id='word_1_63' title='bbox 508 980 816 1034; x_wconf 79' lang='lat' dir='ltr'><strong>tractandae</strong></span> <span class='ocrx_word' id='word_1_64' title='bbox 833 980 1107 1034; x_wconf 85' lang='lat' dir='ltr'><strong>creditum</strong></span> <span class='ocrx_word' id='word_1_65' title='bbox 1136 980 1323 1035; x_wconf 83' lang='lat' dir='ltr'><strong>fuerat</strong></span> <span class='ocrx_word' id='word_1_66' title='bbox 1346 982 1724 1051; x_wconf 88' lang='lat' dir='ltr'><strong>negotium)in</strong></span> <span class='ocrx_word' id='word_1_67' title='bbox 1754 985 2001 1056; x_wconf 91' lang='lat' dir='ltr'><strong>capitulo</strong></span> 
     </span>
    </p>
   </div>
   <div class='ocr_carea' id='block_1_12' title="bbox 407 1069 2007 1144">
    <p class='ocr_par' dir='ltr' id='par_1_12' title="bbox 407 1069 2007 1144">
     <span class='ocr_line' id='line_1_12' title="bbox 407 1069 2007 1144; baseline 0.003 -21"><span class='ocrx_word' id='word_1_68' title='bbox 407 1069 673 1124; x_wconf 90' lang='lat' dir='ltr'><strong>Beccensi</strong></span> <span class='ocrx_word' id='word_1_69' title='bbox 692 1072 947 1140; x_wconf 84' lang='lat' dir='ltr'><strong>rogante,</strong></span> <span class='ocrx_word' id='word_1_70' title='bbox 964 1069 1241 1140; x_wconf 84' lang='lat' dir='ltr'><strong>postulat;</strong></span> <span class='ocrx_word' id='word_1_71' title='bbox 1275 1069 1462 1124; x_wconf 87' lang='lat' dir='ltr'><strong>oblata</strong></span> <span class='ocrx_word' id='word_1_72' title='bbox 1492 1071 1551 1125; x_wconf 92' lang='lat' dir='ltr'><strong>in</strong></span> <span class='ocrx_word' id='word_1_73' title='bbox 1570 1089 1804 1144; x_wconf 87' lang='lat' dir='ltr'><strong>pensum</strong></span> <span class='ocrx_word' id='word_1_74' title='bbox 1827 1074 2007 1129; x_wconf 85' lang='lat' dir='ltr'><strong>Guar-</strong></span> 
     </span>
    </p>
   </div>
   <div class='ocr_carea' id='block_1_13' title="bbox 405 1157 2008 1235">
    <p class='ocr_par' dir='ltr' id='par_1_13' title="bbox 405 1157 2008 1235">
     <span class='ocr_line' id='line_1_13' title="bbox 405 1157 2008 1235; baseline 0.003 -22"><span class='ocrx_word' id='word_1_75' title='bbox 405 1159 659 1229; x_wconf 90' lang='lat' dir='ltr'><strong>gueslala</strong></span> <span class='ocrx_word' id='word_1_76' title='bbox 687 1158 1039 1213; x_wconf 86' lang='lat' dir='ltr'><strong>Aloconensi.</strong></span> <span class='ocrx_word' id='word_1_77' title='bbox 1060 1157 1236 1230; x_wconf 89' lang='lat' dir='ltr'><strong>quue</strong></span> <span class='ocrx_word' id='word_1_78' title='bbox 1264 1160 1503 1215; x_wconf 85' lang='lat' dir='ltr'><strong>fortasse</strong></span> <span class='ocrx_word' id='word_1_79' title='bbox 1527 1167 1711 1217; x_wconf 89' lang='lat' dir='ltr'><strong>tentat</strong></span> <span class='ocrx_word' id='word_1_80' title='bbox 1729 1164 2008 1235; x_wconf 87' lang='lat' dir='ltr'><strong>speratius</strong></span> 
     </span>
    </p>
   </div>
   <div class='ocr_carea' id='block_1_14' title="bbox 408 1250 2007 1324">
    <p class='ocr_par' dir='ltr' id='par_1_14' title="bbox 408 1250 2007 1324">
     <span class='ocr_line' id='line_1_14' title="bbox 408 1250 2007 1324; baseline 0.004 -23"><span class='ocrx_word' id='word_1_81' title='bbox 408 1253 641 1320; x_wconf 75' lang='lat' dir='ltr'><strong>propter</strong></span> <span class='ocrx_word' id='word_1_82' title='bbox 668 1252 1000 1319; x_wconf 77' lang='lat' dir='ltr'><strong>praesentem</strong></span> <span class='ocrx_word' id='word_1_83' title='bbox 1033 1253 1300 1319; x_wconf 81' lang='lat' dir='ltr'><strong>patruum</strong></span> <span class='ocrx_word' id='word_1_84' title='bbox 1332 1250 1599 1316; x_wconf 57' lang='lat' dir='ltr'><strong>favorem,</strong></span> <span class='ocrx_word' id='word_1_85' title='bbox 1625 1251 1887 1324; x_wconf 85' lang='lat' dir='ltr'><strong>vigetque</strong></span> <span class='ocrx_word' id='word_1_86' title='bbox 1927 1253 2007 1307; x_wconf 91' lang='lat' dir='ltr'><strong>di-</strong></span> 
     </span>
    </p>
   </div>
   <div class='ocr_carea' id='block_1_15' title="bbox 412 1337 2007 1408">
    <p class='ocr_par' dir='ltr' id='par_1_15' title="bbox 412 1337 2007 1408">
     <span class='ocr_line' id='line_1_15' title="bbox 412 1337 2007 1408; baseline 0.003 -17"><span class='ocrx_word' id='word_1_87' title='bbox 412 1337 681 1408; x_wconf 87' lang='lat' dir='ltr'><strong>ligentius</strong></span> <span class='ocrx_word' id='word_1_88' title='bbox 710 1337 893 1391; x_wconf 90' lang='lat' dir='ltr'><strong>vicina</strong></span> <span class='ocrx_word' id='word_1_89' title='bbox 940 1337 1308 1391; x_wconf 87' lang='lat' dir='ltr'><strong>commoditas</strong></span> <span class='ocrx_word' id='word_1_90' title='bbox 1336 1338 1407 1392; x_wconf 89' lang='lat' dir='ltr'><strong>ad</strong></span> <span class='ocrx_word' id='word_1_91' title='bbox 1438 1339 1521 1393; x_wconf 87' lang='lat' dir='ltr'><strong>rei</strong></span> <span class='ocrx_word' id='word_1_92' title='bbox 1550 1340 1841 1395; x_wconf 79' lang='lat' dir='ltr'><strong>familiaris</strong></span> <span class='ocrx_word' id='word_1_93' title='bbox 1872 1358 2007 1396; x_wconf 90' lang='lat' dir='ltr'><strong>con-</strong></span> 
     </span>
    </p>
   </div>
   <div class='ocr_carea' id='block_1_16' title="bbox 411 1425 2004 1501">
    <p class='ocr_par' dir='ltr' id='par_1_16' title="bbox 411 1425 2004 1501">
     <span class='ocr_line' id='line_1_16' title="bbox 411 1425 2004 1501; baseline 0.004 -23"><span class='ocrx_word' id='word_1_94' title='bbox 411 1425 643 1494; x_wconf 79' lang='lat' dir='ltr'><strong>geriem.</strong></span> <span class='ocrx_word' id='word_1_95' title='bbox 668 1426 803 1480; x_wconf 90' lang='lat' dir='ltr'><strong>Tres</strong></span> <span class='ocrx_word' id='word_1_96' title='bbox 822 1426 1049 1480; x_wconf 87' lang='lat' dir='ltr'><strong>interim</strong></span> <span class='ocrx_word' id='word_1_97' title='bbox 1079 1443 1145 1480; x_wconf 85' lang='lat' dir='ltr'><strong>ex</strong></span> <span class='ocrx_word' id='word_1_98' title='bbox 1169 1427 1376 1482; x_wconf 85' lang='lat' dir='ltr'><strong>nostris</strong></span> <span class='ocrx_word' id='word_1_99' title='bbox 1404 1428 1888 1501; x_wconf 88' lang='lat' dir='ltr'><strong>nominantur,qui</strong></span> <span class='ocrx_word' id='word_1_100' title='bbox 1919 1448 2004 1486; x_wconf 87' lang='lat' dir='ltr'><strong>so-</strong></span> 
     </span>
    </p>
   </div>
   <div class='ocr_carea' id='block_1_17' title="bbox 414 1514 2005 1588">
    <p class='ocr_par' dir='ltr' id='par_1_17' title="bbox 414 1514 2005 1588">
     <span class='ocr_line' id='line_1_17' title="bbox 414 1514 2005 1588; baseline 0.004 -20"><span class='ocrx_word' id='word_1_101' title='bbox 414 1514 531 1568; x_wconf 91' lang='lat' dir='ltr'><strong>lum</strong></span> <span class='ocrx_word' id='word_1_102' title='bbox 544 1519 666 1569; x_wconf 89' lang='lat' dir='ltr'><strong>tum</strong></span> <span class='ocrx_word' id='word_1_103' title='bbox 681 1521 939 1586; x_wconf 87' lang='lat' dir='ltr'><strong>rogatum</strong></span> <span class='ocrx_word' id='word_1_104' title='bbox 955 1520 1076 1569; x_wconf 90' lang='lat' dir='ltr'><strong>tum</strong></span> <span class='ocrx_word' id='word_1_105' title='bbox 1090 1514 1338 1570; x_wconf 91' lang='lat' dir='ltr'><strong>oblatum</strong></span> <span class='ocrx_word' id='word_1_106' title='bbox 1357 1517 1657 1588; x_wconf 83' lang='lat' dir='ltr'><strong>diligenter</strong></span> <span class='ocrx_word' id='word_1_107' title='bbox 1667 1520 2005 1586; x_wconf 83' lang='lat' dir='ltr'><strong>examinent,</strong></span> 
     </span>
    </p>
   </div>
   <div class='ocr_carea' id='block_1_18' title="bbox 416 1604 2013 1675">
    <p class='ocr_par' dir='ltr' id='par_1_18' title="bbox 416 1604 2013 1675">
     <span class='ocr_line' id='line_1_18' title="bbox 416 1604 2013 1675; baseline 0.004 -18"><span class='ocrx_word' id='word_1_108' title='bbox 416 1618 654 1674; x_wconf 91' lang='lat' dir='ltr'><strong>quorum</strong></span> <span class='ocrx_word' id='word_1_109' title='bbox 684 1605 864 1658; x_wconf 91' lang='lat' dir='ltr'><strong>relatu</strong></span> <span class='ocrx_word' id='word_1_110' title='bbox 901 1621 991 1658; x_wconf 87' lang='lat' dir='ltr'><strong>res</strong></span> <span class='ocrx_word' id='word_1_111' title='bbox 1031 1604 1154 1675; x_wconf 90' lang='lat' dir='ltr'><strong>ipsa</strong></span> <span class='ocrx_word' id='word_1_112' title='bbox 1206 1607 1504 1661; x_wconf 89' lang='lat' dir='ltr'><strong>tractanda</strong></span> <span class='ocrx_word' id='word_1_113' title='bbox 1559 1608 1649 1661; x_wconf 91' lang='lat' dir='ltr'><strong>sit.</strong></span> <span class='ocrx_word' id='word_1_114' title='bbox 1695 1609 2013 1663; x_wconf 84' lang='lat' dir='ltr'><strong>Exstruitur</strong></span> 
     </span>
    </p>
   </div>
   <div class='ocr_carea' id='block_1_19' title="bbox 2079 442 3610 516">
    <p class='ocr_par' dir='ltr' id='par_1_19' title="bbox 2079 442 3610 516">
     <span class='ocr_line' id='line_1_19' title="bbox 2079 442 3610 516; baseline -0.001 -12"><span class='ocrx_word' id='word_1_115' title='bbox 2079 454 2214 511; x_wconf 89' lang='lat' dir='ltr'><strong>tem,</strong></span> <span class='ocrx_word' id='word_1_116' title='bbox 2247 448 2451 502; x_wconf 89' lang='lat' dir='ltr'><strong>bonam</strong></span> <span class='ocrx_word' id='word_1_117' title='bbox 2490 443 2626 498; x_wconf 82' lang='lat' dir='ltr'><strong>facit</strong></span> <span class='ocrx_word' id='word_1_118' title='bbox 2654 442 2820 497; x_wconf 91' lang='lat' dir='ltr'><strong>molis</strong></span> <span class='ocrx_word' id='word_1_119' title='bbox 2868 449 3084 514; x_wconf 89' lang='lat' dir='ltr'><strong>partem</strong></span> <span class='ocrx_word' id='word_1_120' title='bbox 3126 442 3429 498; x_wconf 89' lang='lat' dir='ltr'><strong>destruere:</strong></span> <span class='ocrx_word' id='word_1_121' title='bbox 3480 448 3610 516; x_wconf 81' lang='lat' dir='ltr'><strong>cujus</strong></span> 
     </span>
    </p>
   </div>
   <div class='ocr_carea' id='block_1_20' title="bbox 2081 520 3609 605">
    <p class='ocr_par' dir='ltr' id='par_1_20' title="bbox 2081 520 3609 605">
     <span class='ocr_line' id='line_1_20' title="bbox 2081 520 3609 605; baseline -0.001 -13"><span class='ocrx_word' id='word_1_122' title='bbox 2081 537 2421 592; x_wconf 88' lang='lat' dir='ltr'><strong>antistitium</strong></span> <span class='ocrx_word' id='word_1_123' title='bbox 2447 532 2681 605; x_wconf 86' lang='lat' dir='ltr'><strong>gerebat</strong></span> <span class='ocrx_word' id='word_1_124' title='bbox 2715 532 2980 603; x_wconf 67' lang='lat' dir='ltr'><strong>praefatus</strong></span> <span class='ocrx_word' id='word_1_125' title='bbox 3029 530 3257 587; x_wconf 74' lang='lat' dir='ltr'><strong>Iacobus</strong></span> <span class='ocrx_word' id='word_1_126' title='bbox 3290 520 3609 590; x_wconf 87' lang='lat' dir='ltr'><strong>Annibaldus.</strong></span> 
     </span>
    </p>
   </div>
   <div class='ocr_carea' id='block_1_21' title="bbox 2153 620 3614 695">
    <p class='ocr_par' dir='ltr' id='par_1_21' title="bbox 2153 620 3614 695">
     <span class='ocr_line' id='line_1_21' title="bbox 2153 620 3614 695; baseline -0.003 -13"><span class='ocrx_word' id='word_1_127' title='bbox 2153 627 2424 682; x_wconf 90' lang='lat' dir='ltr'><strong>Idusvero</strong></span> <span class='ocrx_word' id='word_1_128' title='bbox 2452 622 2740 695; x_wconf 88' lang='lat' dir='ltr'><strong>sequentis</strong></span> <span class='ocrx_word' id='word_1_129' title='bbox 2764 620 2917 676; x_wconf 86' lang='lat' dir='ltr'><strong>Junii</strong></span> <span class='ocrx_word' id='word_1_130' title='bbox 2946 621 3200 693; x_wconf 91' lang='lat' dir='ltr'><strong>septimo,</strong></span> <span class='ocrx_word' id='word_1_131' title='bbox 3222 622 3441 677; x_wconf 84' lang='lat' dir='ltr'><strong>Jacobus</strong></span> <span class='ocrx_word' id='word_1_132' title='bbox 3461 625 3614 679; x_wconf 85' lang='lat' dir='ltr'><strong>cardi-</strong></span> 
     </span>
    </p>
   </div>
   <div class='ocr_carea' id='block_1_22' title="bbox 2084 712 3617 779">
    <p class='ocr_par' dir='ltr' id='par_1_22' title="bbox 2084 712 3617 779">
     <span class='ocr_line' id='line_1_22' title="bbox 2084 712 3617 779; baseline -0.001 -8"><span class='ocrx_word' id='word_1_133' title='bbox 2084 717 2227 771; x_wconf 89' lang='lat' dir='ltr'><strong>nalis</strong></span> <span class='ocrx_word' id='word_1_134' title='bbox 2255 715 2625 779; x_wconf 85' lang='lat' dir='ltr'><strong>Annibaldus,</strong></span> <span class='ocrx_word' id='word_1_135' title='bbox 2670 729 2818 767; x_wconf 89' lang='lat' dir='ltr'><strong>anno</strong></span> <span class='ocrx_word' id='word_1_136' title='bbox 2847 712 3107 766; x_wconf 89' lang='lat' dir='ltr'><strong>sessionis</strong></span> <span class='ocrx_word' id='word_1_137' title='bbox 3136 712 3409 767; x_wconf 90' lang='lat' dir='ltr'><strong>Beccensis</strong></span> <span class='ocrx_word' id='word_1_138' title='bbox 3439 713 3617 769; x_wconf 88' lang='lat' dir='ltr'><strong>decimo</strong></span> 
     </span>
    </p>
   </div>
   <div class='ocr_carea' id='block_1_23' title="bbox 2086 800 3618 878">
    <p class='ocr_par' dir='ltr' id='par_1_23' title="bbox 2086 800 3618 878">
     <span class='ocr_line' id='line_1_23' title="bbox 2086 800 3618 878; baseline -0.003 -17"><span class='ocrx_word' id='word_1_139' title='bbox 2086 806 2302 878; x_wconf 90' lang='lat' dir='ltr'><strong>quinto,</strong></span> <span class='ocrx_word' id='word_1_140' title='bbox 2336 801 2674 873; x_wconf 87' lang='lat' dir='ltr'><strong>Rothomagi</strong></span> <span class='ocrx_word' id='word_1_141' title='bbox 2720 800 2822 855; x_wconf 90' lang='lat' dir='ltr'><strong>sub</strong></span> <span class='ocrx_word' id='word_1_142' title='bbox 2863 805 3008 855; x_wconf 90' lang='lat' dir='ltr'><strong>tecto</strong></span> <span class='ocrx_word' id='word_1_143' title='bbox 3056 801 3295 855; x_wconf 89' lang='lat' dir='ltr'><strong>Beccano</strong></span> <span class='ocrx_word' id='word_1_144' title='bbox 3322 801 3551 869; x_wconf 87' lang='lat' dir='ltr'><strong>moritur,</strong></span> <span class='ocrx_word' id='word_1_145' title='bbox 3572 803 3618 858; x_wconf 89' lang='lat' dir='ltr'><strong>in</strong></span> 
     </span>
    </p>
   </div>
   <div class='ocr_carea' id='block_1_24' title="bbox 2083 890 3192 967">
    <p class='ocr_par' dir='ltr' id='par_1_24' title="bbox 2083 890 3192 967">
     <span class='ocr_line' id='line_1_24' title="bbox 2083 890 3192 967; baseline -0.006 -17"><span class='ocrx_word' id='word_1_146' title='bbox 2083 894 2407 967; x_wconf 79' lang='lat' dir='ltr'><strong>Appevillea</strong></span> <span class='ocrx_word' id='word_1_147' title='bbox 2433 892 2593 949; x_wconf 84' lang='lat' dir='ltr'><strong>fratri</strong></span> <span class='ocrx_word' id='word_1_148' title='bbox 2621 890 2856 946; x_wconf 87' lang='lat' dir='ltr'><strong>Claudio</strong></span> <span class='ocrx_word' id='word_1_149' title='bbox 2885 890 3192 961; x_wconf 86' lang='lat' dir='ltr'><strong>adpositus.</strong></span> 
     </span>
    </p>
   </div>
   <div class='ocr_carea' id='block_1_25' title="bbox 2159 977 3622 1050">
    <p class='ocr_par' dir='ltr' id='par_1_25' title="bbox 2159 977 3622 1050">
     <span class='ocr_line' id='line_1_25' title="bbox 2159 977 3622 1050; baseline -0.003 -12"><span class='ocrx_word' id='word_1_150' title='bbox 2159 984 2262 1038; x_wconf 87' lang='lat' dir='ltr'><strong>Cui</strong></span> <span class='ocrx_word' id='word_1_151' title='bbox 2303 982 2557 1037; x_wconf 89' lang='lat' dir='ltr'><strong>succedit</strong></span> <span class='ocrx_word' id='word_1_152' title='bbox 2613 979 2923 1035; x_wconf 88' lang='lat' dir='ltr'><strong>Ludovicus</strong></span> <span class='ocrx_word' id='word_1_153' title='bbox 2970 977 3336 1050; x_wconf 89' lang='lat' dir='ltr'><strong>Lotharingus</strong></span> <span class='ocrx_word' id='word_1_154' title='bbox 3364 978 3622 1035; x_wconf 84' lang='lat' dir='ltr'><strong>cardinalis</strong></span> 
     </span>
    </p>
   </div>
   <div class='ocr_carea' id='block_1_26' title="bbox 2088 1065 3623 1141">
    <p class='ocr_par' dir='ltr' id='par_1_26' title="bbox 2088 1065 3623 1141">
     <span class='ocr_line' id='line_1_26' title="bbox 2088 1065 3623 1141; baseline -0.003 -15"><span class='ocrx_word' id='word_1_155' title='bbox 2088 1071 2391 1127; x_wconf 89' lang='lat' dir='ltr'><strong>Guisianus</strong></span> <span class='ocrx_word' id='word_1_156' title='bbox 2420 1069 2511 1139; x_wconf 89' lang='lat' dir='ltr'><strong>(de</strong></span> <span class='ocrx_word' id='word_1_157' title='bbox 2542 1086 2652 1141; x_wconf 90' lang='lat' dir='ltr'><strong>quo</strong></span> <span class='ocrx_word' id='word_1_158' title='bbox 2681 1068 2849 1140; x_wconf 89' lang='lat' dir='ltr'><strong>paulo</strong></span> <span class='ocrx_word' id='word_1_159' title='bbox 2879 1074 3048 1121; x_wconf 87' lang='lat' dir='ltr'><strong>antea</strong></span> <span class='ocrx_word' id='word_1_160' title='bbox 3073 1065 3444 1138; x_wconf 85' lang='lat' dir='ltr'><strong>loquebamur)</strong></span> <span class='ocrx_word' id='word_1_161' title='bbox 3469 1067 3521 1121; x_wconf 91' lang='lat' dir='ltr'><strong>in</strong></span> <span class='ocrx_word' id='word_1_162' title='bbox 3552 1083 3623 1122; x_wconf 84' lang='lat' dir='ltr'><strong>re-</strong></span> 
     </span>
    </p>
   </div>
   <div class='ocr_carea' id='block_1_27' title="bbox 2087 1155 3387 1216">
    <p class='ocr_par' dir='ltr' id='par_1_27' title="bbox 2087 1155 3387 1216">
     <span class='ocr_line' id='line_1_27' title="bbox 2087 1155 3387 1216; baseline -0.004 0"><span class='ocrx_word' id='word_1_163' title='bbox 2087 1160 2193 1216; x_wconf 88' lang='lat' dir='ltr'><strong>bus</strong></span> <span class='ocrx_word' id='word_1_164' title='bbox 2223 1159 2436 1215; x_wconf 90' lang='lat' dir='ltr'><strong>bellicis</strong></span> <span class='ocrx_word' id='word_1_165' title='bbox 2466 1157 2569 1213; x_wconf 90' lang='lat' dir='ltr'><strong>sub</strong></span> <span class='ocrx_word' id='word_1_166' title='bbox 2596 1156 2959 1212; x_wconf 83' lang='lat' dir='ltr'><strong>invictissimo</strong></span> <span class='ocrx_word' id='word_1_167' title='bbox 2992 1155 3174 1211; x_wconf 86' lang='lat' dir='ltr'><strong>sidere</strong></span> <span class='ocrx_word' id='word_1_168' title='bbox 3210 1162 3387 1211; x_wconf 88' lang='lat' dir='ltr'><strong>natus.</strong></span> 
     </span>
    </p>
   </div>
   <div class='ocr_carea' id='block_1_28' title="bbox 2160 1244 3630 1320">
    <p class='ocr_par' dir='ltr' id='par_1_28' title="bbox 2160 1244 3630 1320">
     <span class='ocr_line' id='line_1_28' title="bbox 2160 1244 3630 1320; baseline -0.003 -16"><span class='ocrx_word' id='word_1_169' title='bbox 2160 1252 2413 1320; x_wconf 91' lang='lat' dir='ltr'><strong>Augusto</strong></span> <span class='ocrx_word' id='word_1_170' title='bbox 2440 1252 2636 1318; x_wconf 90' lang='lat' dir='ltr'><strong>postea</strong></span> <span class='ocrx_word' id='word_1_171' title='bbox 2667 1261 2856 1300; x_wconf 89' lang='lat' dir='ltr'><strong>mense</strong></span> <span class='ocrx_word' id='word_1_172' title='bbox 2895 1244 3029 1299; x_wconf 92' lang='lat' dir='ltr'><strong>dum</strong></span> <span class='ocrx_word' id='word_1_173' title='bbox 3060 1244 3115 1297; x_wconf 91' lang='lat' dir='ltr'><strong>in</strong></span> <span class='ocrx_word' id='word_1_174' title='bbox 3145 1244 3380 1316; x_wconf 86' lang='lat' dir='ltr'><strong>capitulo</strong></span> <span class='ocrx_word' id='word_1_175' title='bbox 3409 1244 3630 1300; x_wconf 81' lang='lat' dir='ltr'><strong>Beccensi</strong></span> 
     </span>
    </p>
   </div>
   <div class='ocr_carea' id='block_1_29' title="bbox 2090 1334 3633 1409">
    <p class='ocr_par' dir='ltr' id='par_1_29' title="bbox 2090 1334 3633 1409">
     <span class='ocr_line' id='line_1_29' title="bbox 2090 1334 3633 1409; baseline -0.003 -16"><span class='ocrx_word' id='word_1_176' title='bbox 2090 1337 2491 1409; x_wconf 85' lang='lat' dir='ltr'><strong>archiepiscopi</strong></span> <span class='ocrx_word' id='word_1_177' title='bbox 2516 1334 2988 1406; x_wconf 85' lang='lat' dir='ltr'><strong>Rothomagensis</strong></span> <span class='ocrx_word' id='word_1_178' title='bbox 3013 1334 3271 1388; x_wconf 89' lang='lat' dir='ltr'><strong>visitandi</strong></span> <span class='ocrx_word' id='word_1_179' title='bbox 3290 1338 3463 1405; x_wconf 87' lang='lat' dir='ltr'><strong>partes</strong></span> <span class='ocrx_word' id='word_1_180' title='bbox 3474 1341 3633 1405; x_wconf 86' lang='lat' dir='ltr'><strong>ageret</strong></span> 
     </span>
    </p>
   </div>
   <div class='ocr_carea' id='block_1_30' title="bbox 2091 1423 3627 1494">
    <p class='ocr_par' dir='ltr' id='par_1_30' title="bbox 2091 1423 3627 1494">
     <span class='ocr_line' id='line_1_30' title="bbox 2091 1423 3627 1494; baseline -0.004 -11"><span class='ocrx_word' id='word_1_181' title='bbox 2091 1430 2158 1484; x_wconf 92' lang='lat' dir='ltr'><strong>D.</strong></span> <span class='ocrx_word' id='word_1_182' title='bbox 2192 1426 2470 1482; x_wconf 89' lang='lat' dir='ltr'><strong>Parrisius</strong></span> <span class='ocrx_word' id='word_1_183' title='bbox 2500 1426 2754 1488; x_wconf 86' lang='lat' dir='ltr'><strong>antistes,</strong></span> <span class='ocrx_word' id='word_1_184' title='bbox 2773 1424 2971 1494; x_wconf 86' lang='lat' dir='ltr'><strong>exiguo</strong></span> <span class='ocrx_word' id='word_1_185' title='bbox 2997 1428 3130 1478; x_wconf 91' lang='lat' dir='ltr'><strong>tunc</strong></span> <span class='ocrx_word' id='word_1_186' title='bbox 3158 1423 3532 1476; x_wconf 83' lang='lat' dir='ltr'><strong>monachorum</strong></span> <span class='ocrx_word' id='word_1_187' title='bbox 3546 1439 3627 1477; x_wconf 86' lang='lat' dir='ltr'><strong>nu-</strong></span> 
     </span>
    </p>
   </div>
   <div class='ocr_carea' id='block_1_31' title="bbox 2094 1512 3633 1588">
    <p class='ocr_par' dir='ltr' id='par_1_31' title="bbox 2094 1512 3633 1588">
     <span class='ocr_line' id='line_1_31' title="bbox 2094 1512 3633 1588; baseline -0.004 -16"><span class='ocrx_word' id='word_1_188' title='bbox 2094 1535 2248 1572; x_wconf 89' lang='lat' dir='ltr'><strong>mero</strong></span> <span class='ocrx_word' id='word_1_189' title='bbox 2279 1534 2379 1588; x_wconf 92' lang='lat' dir='ltr'><strong>pro</strong></span> <span class='ocrx_word' id='word_1_190' title='bbox 2409 1522 2660 1586; x_wconf 89' lang='lat' dir='ltr'><strong>tempore</strong></span> <span class='ocrx_word' id='word_1_191' title='bbox 2708 1513 3026 1575; x_wconf 87' lang='lat' dir='ltr'><strong>consulens,</strong></span> <span class='ocrx_word' id='word_1_192' title='bbox 3074 1512 3143 1566; x_wconf 92' lang='lat' dir='ltr'><strong>de</strong></span> <span class='ocrx_word' id='word_1_193' title='bbox 3180 1512 3360 1582; x_wconf 86' lang='lat' dir='ltr'><strong>rigore</strong></span> <span class='ocrx_word' id='word_1_194' title='bbox 3388 1512 3633 1567; x_wconf 86' lang='lat' dir='ltr'><strong>claustrali</strong></span> 
     </span>
    </p>
   </div>
   <div class='ocr_carea' id='block_1_32' title="bbox 2095 1600 3635 1677">
    <p class='ocr_par' dir='ltr' id='par_1_32' title="bbox 2095 1600 3635 1677">
     <span class='ocr_line' id='line_1_32' title="bbox 2095 1600 3635 1677; baseline -0.004 -17"><span class='ocrx_word' id='word_1_195' title='bbox 2095 1606 2303 1677; x_wconf 86' lang='lat' dir='ltr'><strong>aliquid</strong></span> <span class='ocrx_word' id='word_1_196' title='bbox 2314 1604 2560 1676; x_wconf 86' lang='lat' dir='ltr'><strong>gratiose</strong></span> <span class='ocrx_word' id='word_1_197' title='bbox 2577 1604 2862 1673; x_wconf 87' lang='lat' dir='ltr'><strong>laxat,quo</strong></span> <span class='ocrx_word' id='word_1_198' title='bbox 2872 1602 2893 1672; x_wconf 90' lang='lat' dir='ltr'><strong>j</strong></span> <span class='ocrx_word' id='word_1_199' title='bbox 2904 1600 3127 1655; x_wconf 90' lang='lat' dir='ltr'><strong>uniores</strong></span> <span class='ocrx_word' id='word_1_200' title='bbox 3143 1602 3213 1654; x_wconf 88' lang='lat' dir='ltr'><strong>ad</strong></span> <span class='ocrx_word' id='word_1_201' title='bbox 3233 1601 3351 1671; x_wconf 90' lang='lat' dir='ltr'><strong>ipsa</strong></span> <span class='ocrx_word' id='word_1_202' title='bbox 3361 1600 3635 1655; x_wconf 87' lang='lat' dir='ltr'><strong>litterarum</strong></span> 
     </span>
    </p>
   </div>
   <div class='ocr_carea' id='block_1_33' title="bbox 416 1690 3636 1779">
    <p class='ocr_par' dir='ltr' id='par_1_33' title="bbox 416 1690 3636 1779">
     <span class='ocr_line' id='line_1_33' title="bbox 416 1690 3636 1779; baseline -0.001 -34"><span class='ocrx_word' id='word_1_203' title='bbox 416 1692 634 1745; x_wconf 86' lang='lat' dir='ltr'><strong>interea</strong></span> <span class='ocrx_word' id='word_1_204' title='bbox 663 1692 811 1779; x_wconf 87' lang='lat' dir='ltr'><strong>apud</strong></span> <span class='ocrx_word' id='word_1_205' title='bbox 849 1692 1196 1763; x_wconf 89' lang='lat' dir='ltr'><strong>Appevillam</strong></span> <span class='ocrx_word' id='word_1_206' title='bbox 1230 1694 1399 1748; x_wconf 86' lang='lat' dir='ltr'><strong>castri</strong></span> <span class='ocrx_word' id='word_1_207' title='bbox 1447 1694 1783 1750; x_wconf 84' lang='lat' dir='ltr'><strong>Annibaldei</strong></span> <span class='ocrx_word' id='word_1_208' title='bbox 1814 1698 2006 1763; x_wconf 87' lang='lat' dir='ltr'><strong>moles,</strong></span> <span class='ocrx_word' id='word_1_209' title='bbox 2030 1722 2075 1779; x_wconf 81' lang='grc' dir='ltr'>Β</span> <span class='ocrx_word' id='word_1_210' title='bbox 2096 1696 2414 1749; x_wconf 87' lang='lat' dir='ltr'><strong>rudimenta</strong></span> <span class='ocrx_word' id='word_1_211' title='bbox 2428 1696 2818 1765; x_wconf 81' lang='lat' dir='ltr'><strong>promoverent</strong></span> <span class='ocrx_word' id='word_1_212' title='bbox 2836 1690 3636 1745; x_wconf 83' lang='lat' dir='ltr'><strong>commodius.Permittiturita-</strong></span> 
     </span>
    </p>
   </div>
   <div class='ocr_carea' id='block_1_34' title="bbox 419 1778 3639 1855">
    <p class='ocr_par' dir='ltr' id='par_1_34' title="bbox 419 1778 3639 1855">
     <span class='ocr_line' id='line_1_34' title="bbox 419 1778 3639 1855; baseline -0.001 -21"><span class='ocrx_word' id='word_1_213' title='bbox 419 1780 577 1851; x_wconf 88' lang='lat' dir='ltr'><strong>cujus</strong></span> <span class='ocrx_word' id='word_1_214' title='bbox 607 1780 747 1833; x_wconf 87' lang='lat' dir='ltr'><strong>fines</strong></span> <span class='ocrx_word' id='word_1_215' title='bbox 771 1778 1195 1852; x_wconf 91' lang='lat' dir='ltr'><strong>dominiumque</strong></span> <span class='ocrx_word' id='word_1_216' title='bbox 1226 1781 1525 1836; x_wconf 87' lang='lat' dir='ltr'><strong>extendere</strong></span> <span class='ocrx_word' id='word_1_217' title='bbox 1557 1782 1707 1837; x_wconf 91' lang='lat' dir='ltr'><strong>illius</strong></span> <span class='ocrx_word' id='word_1_218' title='bbox 1736 1785 2012 1854; x_wconf 68' lang='lat' dir='ltr'><strong>planesem</strong></span> <span class='ocrx_word' id='word_1_219' title='bbox 2032 1778 2065 1779; x_wconf 28' lang='grc' dir='ltr'>ί</span> <span class='ocrx_word' id='word_1_220' title='bbox 2099 1801 2206 1855; x_wconf 93' lang='lat' dir='ltr'><strong>que</strong></span> <span class='ocrx_word' id='word_1_221' title='bbox 2230 1784 2440 1855; x_wconf 88' lang='lat' dir='ltr'><strong>apertis</strong></span> <span class='ocrx_word' id='word_1_222' title='bbox 2479 1782 2636 1835; x_wconf 87' lang='lat' dir='ltr'><strong>libris</strong></span> <span class='ocrx_word' id='word_1_223' title='bbox 2662 1781 2717 1835; x_wconf 91' lang='lat' dir='ltr'><strong>in</strong></span> <span class='ocrx_word' id='word_1_224' title='bbox 2738 1781 2907 1834; x_wconf 87' lang='lat' dir='ltr'><strong>choro</strong></span> <span class='ocrx_word' id='word_1_225' title='bbox 2927 1796 3149 1845; x_wconf 86' lang='lat' dir='ltr'><strong>canere,</strong></span> <span class='ocrx_word' id='word_1_226' title='bbox 3178 1779 3321 1850; x_wconf 91' lang='lat' dir='ltr'><strong>quod</strong></span> <span class='ocrx_word' id='word_1_227' title='bbox 3336 1784 3457 1834; x_wconf 86' lang='lat' dir='ltr'><strong>ante</strong></span> <span class='ocrx_word' id='word_1_228' title='bbox 3470 1795 3639 1849; x_wconf 85' lang='lat' dir='ltr'><strong>magna</strong></span> 
     </span>
    </p>
   </div>
   <div class='ocr_carea' id='block_1_35' title="bbox 419 1868 2011 1944">
    <p class='ocr_par' dir='ltr' id='par_1_35' title="bbox 419 1868 2011 1944">
     <span class='ocr_line' id='line_1_35' title="bbox 419 1868 2011 1944; baseline 0.003 -21"><span class='ocrx_word' id='word_1_229' title='bbox 419 1870 619 1924; x_wconf 92' lang='lat' dir='ltr'><strong>domus</strong></span> <span class='ocrx_word' id='word_1_230' title='bbox 647 1868 1004 1940; x_wconf 89' lang='lat' dir='ltr'><strong>turriumque</strong></span> <span class='ocrx_word' id='word_1_231' title='bbox 1038 1870 1362 1924; x_wconf 87' lang='lat' dir='ltr'><strong>advectione</strong></span> <span class='ocrx_word' id='word_1_232' title='bbox 1391 1872 1731 1927; x_wconf 88' lang='lat' dir='ltr'><strong>marchionis</strong></span> <span class='ocrx_word' id='word_1_233' title='bbox 1759 1891 1886 1944; x_wconf 90' lang='lat' dir='ltr'><strong>spes</strong></span> <span class='ocrx_word' id='word_1_234' title='bbox 1917 1874 2011 1928; x_wconf 89' lang='lat' dir='ltr'><strong>ob-</strong></span> 
     </span>
    </p>
   </div>
   <div class='ocr_carea' id='block_1_36' title="bbox 420 1959 2016 2029">
    <p class='ocr_par' dir='ltr' id='par_1_36' title="bbox 420 1959 2016 2029">
     <span class='ocr_line' id='line_1_36' title="bbox 420 1959 2016 2029; baseline 0.003 -17"><span class='ocrx_word' id='word_1_235' title='bbox 420 1959 699 2013; x_wconf 85' lang='lat' dir='ltr'><strong>flrmatur.</strong></span> <span class='ocrx_word' id='word_1_236' title='bbox 735 1959 948 2013; x_wconf 89' lang='lat' dir='ltr'><strong>Forsan</strong></span> <span class='ocrx_word' id='word_1_237' title='bbox 979 1975 1108 2013; x_wconf 88' lang='lat' dir='ltr'><strong>vero</strong></span> <span class='ocrx_word' id='word_1_238' title='bbox 1152 1959 1414 2014; x_wconf 86' lang='lat' dir='ltr'><strong>fecissent</strong></span> <span class='ocrx_word' id='word_1_239' title='bbox 1440 1960 1576 2014; x_wconf 88' lang='lat' dir='ltr'><strong>satis</strong></span> <span class='ocrx_word' id='word_1_240' title='bbox 1607 1962 1932 2029; x_wconf 85' lang='lat' dir='ltr'><strong>Beccenses,</strong></span> <span class='ocrx_word' id='word_1_241' title='bbox 1968 1964 2016 2017; x_wconf 91' lang='lat' dir='ltr'><strong>si</strong></span> 
     </span>
    </p>
   </div>
   <div class='ocr_carea' id='block_1_37' title="bbox 422 2047 2015 2120">
    <p class='ocr_par' dir='ltr' id='par_1_37' title="bbox 422 2047 2015 2120">
     <span class='ocr_line' id='line_1_37' title="bbox 422 2047 2015 2120; baseline 0.002 -18"><span class='ocrx_word' id='word_1_242' title='bbox 422 2064 611 2102; x_wconf 90' lang='lat' dir='ltr'><strong>rerum</strong></span> <span class='ocrx_word' id='word_1_243' title='bbox 635 2047 925 2117; x_wconf 72' lang='lat' dir='ltr'><strong>aequalitas</strong></span> <span class='ocrx_word' id='word_1_244' title='bbox 956 2054 1125 2118; x_wconf 88' lang='lat' dir='ltr'><strong>atque</strong></span> <span class='ocrx_word' id='word_1_245' title='bbox 1157 2047 1402 2103; x_wconf 88' lang='lat' dir='ltr'><strong>conditio</strong></span> <span class='ocrx_word' id='word_1_246' title='bbox 1425 2050 1779 2119; x_wconf 86' lang='lat' dir='ltr'><strong>postulasset,</strong></span> <span class='ocrx_word' id='word_1_247' title='bbox 1814 2051 1860 2103; x_wconf 91' lang='lat' dir='ltr'><strong>si</strong></span> <span class='ocrx_word' id='word_1_248' title='bbox 1883 2052 2015 2120; x_wconf 88' lang='lat' dir='ltr'><strong>jura</strong></span> 
     </span>
    </p>
   </div>
   <div class='ocr_carea' id='block_1_38' title="bbox 423 2137 2009 2209">
    <p class='ocr_par' dir='ltr' id='par_1_38' title="bbox 423 2137 2009 2209">
     <span class='ocr_line' id='line_1_38' title="bbox 423 2137 2009 2209; baseline 0.003 -19"><span class='ocrx_word' id='word_1_249' title='bbox 423 2137 688 2191; x_wconf 87' lang='lat' dir='ltr'><strong>clausulis</strong></span> <span class='ocrx_word' id='word_1_250' title='bbox 711 2137 1169 2208; x_wconf 89' lang='lat' dir='ltr'><strong>pertinacissimis</strong></span> <span class='ocrx_word' id='word_1_251' title='bbox 1195 2154 1305 2192; x_wconf 91' lang='lat' dir='ltr'><strong>non</strong></span> <span class='ocrx_word' id='word_1_252' title='bbox 1340 2138 1687 2193; x_wconf 85' lang='lat' dir='ltr'><strong>obstitissent</strong></span> <span class='ocrx_word' id='word_1_253' title='bbox 1713 2140 1905 2209; x_wconf 84' lang='lat' dir='ltr'><strong>(causa</strong></span> <span class='ocrx_word' id='word_1_254' title='bbox 1927 2141 2009 2205; x_wconf 77' lang='lat'><strong>1‘2,</strong></span> 
     </span>
    </p>
   </div>
   <div class='ocr_carea' id='block_1_39' title="bbox 424 2224 2017 2301">
    <p class='ocr_par' dir='ltr' id='par_1_39' title="bbox 424 2224 2017 2301">
     <span class='ocr_line' id='line_1_39' title="bbox 424 2224 2017 2301; baseline 0.003 -21"><span class='ocrx_word' id='word_1_255' title='bbox 424 2225 692 2299; x_wconf 55' lang='lat' dir='ltr'><strong>quaestﬂ,</strong></span> <span class='ocrx_word' id='word_1_256' title='bbox 726 2243 847 2297; x_wconf 89' lang='lat' dir='ltr'><strong>cap.</strong></span> <span class='ocrx_word' id='word_1_257' title='bbox 882 2224 969 2292; x_wconf 87' lang='lat'><strong>37,</strong></span> <span class='ocrx_word' id='word_1_258' title='bbox 997 2232 1054 2280; x_wconf 91' lang='lat' dir='ltr'><strong>et</strong></span> <span class='ocrx_word' id='word_1_259' title='bbox 1074 2226 1143 2283; x_wconf 79' lang='lat'><strong>5&#39;2</strong></span> <span class='ocrx_word' id='word_1_260' title='bbox 1182 2225 1293 2289; x_wconf 78' lang='lat'><strong>56).</strong></span> <span class='ocrx_word' id='word_1_261' title='bbox 1316 2225 1543 2281; x_wconf 86' lang='lat' dir='ltr'><strong>Infectis</strong></span> <span class='ocrx_word' id='word_1_262' title='bbox 1576 2228 1768 2298; x_wconf 86' lang='lat' dir='ltr'><strong>itaque</strong></span> <span class='ocrx_word' id='word_1_263' title='bbox 1796 2230 2017 2301; x_wconf 87' lang='lat' dir='ltr'><strong>nepotis</strong></span> 
     </span>
    </p>
   </div>
   <div class='ocr_carea' id='block_1_40' title="bbox 426 2314 2021 2389">
    <p class='ocr_par' dir='ltr' id='par_1_40' title="bbox 426 2314 2021 2389">
     <span class='ocr_line' id='line_1_40' title="bbox 426 2314 2021 2389; baseline 0.003 -20"><span class='ocrx_word' id='word_1_264' title='bbox 426 2315 615 2381; x_wconf 89' lang='lat' dir='ltr'><strong>rebus,</strong></span> <span class='ocrx_word' id='word_1_265' title='bbox 673 2314 860 2387; x_wconf 82' lang='lat' dir='ltr'><strong>patrui</strong></span> <span class='ocrx_word' id='word_1_266' title='bbox 898 2315 1194 2387; x_wconf 90' lang='lat' dir='ltr'><strong>purpurati</strong></span> <span class='ocrx_word' id='word_1_267' title='bbox 1242 2315 1464 2370; x_wconf 90' lang='lat' dir='ltr'><strong>animus</strong></span> <span class='ocrx_word' id='word_1_268' title='bbox 1495 2316 1553 2370; x_wconf 93' lang='lat' dir='ltr'><strong>in</strong></span> <span class='ocrx_word' id='word_1_269' title='bbox 1582 2322 1697 2371; x_wconf 88' lang='lat' dir='ltr'><strong>tres</strong></span> <span class='ocrx_word' id='word_1_270' title='bbox 1734 2318 2021 2389; x_wconf 87' lang='lat' dir='ltr'><strong>delegatos</strong></span> 
     </span>
    </p>
   </div>
   <div class='ocr_carea' id='block_1_41' title="bbox 432 2404 2018 2478">
    <p class='ocr_par' dir='ltr' id='par_1_41' title="bbox 432 2404 2018 2478">
     <span class='ocr_line' id='line_1_41' title="bbox 432 2404 2018 2478; baseline 0.003 -20"><span class='ocrx_word' id='word_1_271' title='bbox 432 2405 758 2471; x_wconf 88' lang='lat' dir='ltr'><strong>monachos,</strong></span> <span class='ocrx_word' id='word_1_272' title='bbox 788 2404 1142 2459; x_wconf 89' lang='lat' dir='ltr'><strong>dissimulato</strong></span> <span class='ocrx_word' id='word_1_273' title='bbox 1164 2405 1473 2477; x_wconf 87' lang='lat' dir='ltr'><strong>prudenter</strong></span> <span class='ocrx_word' id='word_1_274' title='bbox 1500 2407 1807 2473; x_wconf 86' lang='lat' dir='ltr'><strong>stomacho,</strong></span> <span class='ocrx_word' id='word_1_275' title='bbox 1824 2407 2018 2478; x_wconf 77' lang='lat' dir='ltr'><strong>fervet,</strong></span> 
     </span>
    </p>
   </div>
   <div class='ocr_carea' id='block_1_42' title="bbox 430 2493 2023 2566">
    <p class='ocr_par' dir='ltr' id='par_1_42' title="bbox 430 2493 2023 2566">
     <span class='ocr_line' id='line_1_42' title="bbox 430 2493 2023 2566; baseline 0.003 -19"><span class='ocrx_word' id='word_1_276' title='bbox 430 2493 739 2564; x_wconf 84' lang='lat' dir='ltr'><strong>ofﬁciisque</strong></span> <span class='ocrx_word' id='word_1_277' title='bbox 769 2494 1036 2565; x_wconf 89' lang='lat' dir='ltr'><strong>privatos,</strong></span> <span class='ocrx_word' id='word_1_278' title='bbox 1073 2494 1302 2549; x_wconf 91' lang='lat' dir='ltr'><strong>secundi</strong></span> <span class='ocrx_word' id='word_1_279' title='bbox 1330 2494 1532 2566; x_wconf 85' lang='lat' dir='ltr'><strong>prioris</strong></span> <span class='ocrx_word' id='word_1_280' title='bbox 1562 2496 1792 2562; x_wconf 90' lang='lat' dir='ltr'><strong>scilicet,</strong></span> <span class='ocrx_word' id='word_1_281' title='bbox 1825 2503 2023 2551; x_wconf 90' lang='lat' dir='ltr'><strong>canto-</strong></span> 
     </span>
    </p>
   </div>
   <div class='ocr_carea' id='block_1_43' title="bbox 428 2581 2023 2655">
    <p class='ocr_par' dir='ltr' id='par_1_43' title="bbox 428 2581 2023 2655">
     <span class='ocr_line' id='line_1_43' title="bbox 428 2581 2023 2655; baseline 0.003 -20"><span class='ocrx_word' id='word_1_282' title='bbox 428 2581 507 2636; x_wconf 89' lang='lat' dir='ltr'><strong>ris</strong></span> <span class='ocrx_word' id='word_1_283' title='bbox 537 2588 707 2654; x_wconf 89' lang='lat' dir='ltr'><strong>atque</strong></span> <span class='ocrx_word' id='word_1_284' title='bbox 736 2582 982 2637; x_wconf 71' lang='lat' dir='ltr'><strong>sacristzn</strong></span> <span class='ocrx_word' id='word_1_285' title='bbox 1013 2582 1071 2636; x_wconf 92' lang='lat' dir='ltr'><strong>in</strong></span> <span class='ocrx_word' id='word_1_286' title='bbox 1104 2588 1321 2637; x_wconf 88' lang='lat' dir='ltr'><strong>exteras</strong></span> <span class='ocrx_word' id='word_1_287' title='bbox 1374 2584 1815 2655; x_wconf 90' lang='lat' dir='ltr'><strong>remotioresque</strong></span> <span class='ocrx_word' id='word_1_288' title='bbox 1855 2587 2023 2640; x_wconf 88' lang='lat' dir='ltr'><strong>cellas</strong></span> 
     </span>
    </p>
   </div>
   <div class='ocr_carea' id='block_1_44' title="bbox 432 2670 2022 2746">
    <p class='ocr_par' dir='ltr' id='par_1_44' title="bbox 432 2670 2022 2746">
     <span class='ocr_line' id='line_1_44' title="bbox 432 2670 2022 2746; baseline 0.004 -22"><span class='ocrx_word' id='word_1_289' title='bbox 432 2670 709 2725; x_wconf 85' lang='lat' dir='ltr'><strong>exturbat.</strong></span> <span class='ocrx_word' id='word_1_290' title='bbox 740 2672 991 2736; x_wconf 88' lang='lat' dir='ltr'><strong>Quorum</strong></span> <span class='ocrx_word' id='word_1_291' title='bbox 1034 2688 1136 2743; x_wconf 88' lang='lat' dir='ltr'><strong>ego</strong></span> <span class='ocrx_word' id='word_1_292' title='bbox 1167 2672 1363 2727; x_wconf 91' lang='lat' dir='ltr'><strong>ordine</strong></span> <span class='ocrx_word' id='word_1_293' title='bbox 1408 2674 1686 2728; x_wconf 89' lang='lat' dir='ltr'><strong>secundus</strong></span> <span class='ocrx_word' id='word_1_294' title='bbox 1730 2675 2022 2746; x_wconf 85' lang='lat' dir='ltr'><strong>abjectior,</strong></span> 
     </span>
    </p>
   </div>
   <div class='ocr_carea' id='block_1_45' title="bbox 432 2758 2028 2833">
    <p class='ocr_par' dir='ltr' id='par_1_45' title="bbox 432 2758 2028 2833">
     <span class='ocr_line' id='line_1_45' title="bbox 432 2758 2028 2833; baseline 0.003 -19"><span class='ocrx_word' id='word_1_295' title='bbox 432 2760 529 2814; x_wconf 93' lang='lat' dir='ltr'><strong>sed</strong></span> <span class='ocrx_word' id='word_1_296' title='bbox 559 2760 671 2814; x_wconf 88' lang='lat' dir='ltr'><strong>tale</strong></span> <span class='ocrx_word' id='word_1_297' title='bbox 700 2758 861 2814; x_wconf 90' lang='lat' dir='ltr'><strong>nobis</strong></span> <span class='ocrx_word' id='word_1_298' title='bbox 889 2760 1144 2814; x_wconf 88' lang='lat' dir='ltr'><strong>exsilium</strong></span> <span class='ocrx_word' id='word_1_299' title='bbox 1173 2778 1274 2833; x_wconf 89' lang='lat' dir='ltr'><strong>pro</strong></span> <span class='ocrx_word' id='word_1_300' title='bbox 1306 2759 1557 2816; x_wconf 89' lang='lat' dir='ltr'><strong>Ecclesia</strong></span> <span class='ocrx_word' id='word_1_301' title='bbox 1584 2778 1774 2817; x_wconf 87' lang='lat' dir='ltr'><strong>suave.</strong></span> <span class='ocrx_word' id='word_1_302' title='bbox 1804 2763 2028 2819; x_wconf 87' lang='lat' dir='ltr'><strong>Accidit</strong></span> 
     </span>
    </p>
   </div>
   <div class='ocr_carea' id='block_1_46' title="bbox 431 2848 2026 2919">
    <p class='ocr_par' dir='ltr' id='par_1_46' title="bbox 431 2848 2026 2919">
     <span class='ocr_line' id='line_1_46' title="bbox 431 2848 2026 2919; baseline 0.003 -16"><span class='ocrx_word' id='word_1_303' title='bbox 431 2853 555 2904; x_wconf 89' lang='lat' dir='ltr'><strong>tum</strong></span> <span class='ocrx_word' id='word_1_304' title='bbox 587 2848 647 2903; x_wconf 92' lang='lat' dir='ltr'><strong>in</strong></span> <span class='ocrx_word' id='word_1_305' title='bbox 687 2848 889 2919; x_wconf 85' lang='lat' dir='ltr'><strong>majori</strong></span> <span class='ocrx_word' id='word_1_306' title='bbox 933 2850 1303 2905; x_wconf 88' lang='lat' dir='ltr'><strong>Lexoviorum</strong></span> <span class='ocrx_word' id='word_1_307' title='bbox 1352 2849 1583 2905; x_wconf 87' lang='lat' dir='ltr'><strong>ecclesia</strong></span> <span class='ocrx_word' id='word_1_308' title='bbox 1632 2850 1923 2907; x_wconf 87' lang='lat' dir='ltr'><strong>ambarum</strong></span> <span class='ocrx_word' id='word_1_309' title='bbox 1968 2853 2026 2907; x_wconf 91' lang='lat' dir='ltr'><strong>in</strong></span> 
     </span>
    </p>
   </div>
   <div class='ocr_carea' id='block_1_47' title="bbox 2096 1868 3642 1944">
    <p class='ocr_par' dir='ltr' id='par_1_47' title="bbox 2096 1868 3642 1944">
     <span class='ocr_line' id='line_1_47' title="bbox 2096 1868 3642 1944; baseline -0.003 -17"><span class='ocrx_word' id='word_1_310' title='bbox 2096 1872 2367 1944; x_wconf 89' lang='lat' dir='ltr'><strong>temporis</strong></span> <span class='ocrx_word' id='word_1_311' title='bbox 2401 1874 2624 1940; x_wconf 83' lang='lat' dir='ltr'><strong>jactura</strong></span> <span class='ocrx_word' id='word_1_312' title='bbox 2648 1870 2979 1924; x_wconf 87' lang='lat' dir='ltr'><strong>memoriter</strong></span> <span class='ocrx_word' id='word_1_313' title='bbox 3008 1868 3197 1923; x_wconf 85' lang='lat' dir='ltr'><strong>fiebat.</strong></span> <span class='ocrx_word' id='word_1_314' title='bbox 3236 1869 3385 1924; x_wconf 87' lang='lat' dir='ltr'><strong>Inter</strong></span> <span class='ocrx_word' id='word_1_315' title='bbox 3409 1868 3642 1923; x_wconf 80' lang='lat' dir='ltr'><strong>violentas</strong></span> 
     </span>
    </p>
   </div>
   <div class='ocr_carea' id='block_1_48' title="bbox 2099 1958 3644 2030">
    <p class='ocr_par' dir='ltr' id='par_1_48' title="bbox 2099 1958 3644 2030">
     <span class='ocr_line' id='line_1_48' title="bbox 2099 1958 3644 2030; baseline -0.003 -14"><span class='ocrx_word' id='word_1_316' title='bbox 2099 1967 2331 2016; x_wconf 54' lang='lat' dir='ltr'><strong>monast&#39;</strong></span> <span class='ocrx_word' id='word_1_317' title='bbox 2357 1961 2567 2014; x_wconf 88' lang='lat' dir='ltr'><strong>riorum</strong></span> <span class='ocrx_word' id='word_1_318' title='bbox 2584 1959 3046 2030; x_wconf 70' lang='lat' dir='ltr'><strong>depimdationes,</strong></span> <span class='ocrx_word' id='word_1_319' title='bbox 3072 1963 3222 2013; x_wconf 90' lang='lat' dir='ltr'><strong>esset</strong></span> <span class='ocrx_word' id='word_1_320' title='bbox 3240 1958 3385 2029; x_wconf 89' lang='lat' dir='ltr'><strong>quod</strong></span> <span class='ocrx_word' id='word_1_321' title='bbox 3410 1958 3644 2012; x_wconf 88' lang='lat' dir='ltr'><strong>miserum</strong></span> 
     </span>
    </p>
   </div>
   <div class='ocr_carea' id='block_1_49' title="bbox 2101 2046 3645 2120">
    <p class='ocr_par' dir='ltr' id='par_1_49' title="bbox 2101 2046 3645 2120">
     <span class='ocr_line' id='line_1_49' title="bbox 2101 2046 3645 2120; baseline -0.002 -16"><span class='ocrx_word' id='word_1_322' title='bbox 2101 2053 2367 2105; x_wconf 87' lang='lat' dir='ltr'><strong>Beccense</strong></span> <span class='ocrx_word' id='word_1_323' title='bbox 2382 2050 2706 2120; x_wconf 83' lang='lat' dir='ltr'><strong>loqueretur</strong></span> <span class='ocrx_word' id='word_1_324' title='bbox 2730 2068 2740 2101; x_wconf 89' lang='lat'>:</span> <span class='ocrx_word' id='word_1_325' title='bbox 2767 2048 2914 2102; x_wconf 90' lang='lat' dir='ltr'><strong>unde</strong></span> <span class='ocrx_word' id='word_1_326' title='bbox 2934 2046 3227 2103; x_wconf 88' lang='lat' dir='ltr'><strong>exturbato</strong></span> <span class='ocrx_word' id='word_1_327' title='bbox 3248 2046 3645 2101; x_wconf 86' lang='lat' dir='ltr'><strong>venerandorum</strong></span> 
     </span>
    </p>
   </div>
   <div class='ocr_carea' id='block_1_50' title="bbox 2098 2136 3649 2209">
    <p class='ocr_par' dir='ltr' id='par_1_50' title="bbox 2098 2136 3649 2209">
     <span class='ocr_line' id='line_1_50' title="bbox 2098 2136 3649 2209; baseline -0.003 -15"><span class='ocrx_word' id='word_1_328' title='bbox 2098 2141 2330 2194; x_wconf 81' lang='lat' dir='ltr'><strong>Patrum</strong></span> <span class='ocrx_word' id='word_1_329' title='bbox 2380 2145 2545 2204; x_wconf 84' lang='lat' dir='ltr'><strong>coetu,</strong></span> <span class='ocrx_word' id='word_1_330' title='bbox 2579 2138 2715 2192; x_wconf 89' lang='lat' dir='ltr'><strong>dum</strong></span> <span class='ocrx_word' id='word_1_331' title='bbox 2767 2154 2866 2209; x_wconf 88' lang='lat' dir='ltr'><strong>per</strong></span> <span class='ocrx_word' id='word_1_332' title='bbox 2903 2136 3370 2192; x_wconf 88' lang='lat' dir='ltr'><strong>Northmanniam</strong></span> <span class='ocrx_word' id='word_1_333' title='bbox 3397 2142 3649 2207; x_wconf 81' lang='lat' dir='ltr'><strong>grassatur</strong></span> 
     </span>
    </p>
   </div>
   <div class='ocr_carea' id='block_1_51' title="bbox 2101 2223 3648 2289">
    <p class='ocr_par' dir='ltr' id='par_1_51' title="bbox 2101 2223 3648 2289">
     <span class='ocr_line' id='line_1_51' title="bbox 2101 2223 3648 2289; baseline -0.003 -5"><span class='ocrx_word' id='word_1_334' title='bbox 2101 2228 2390 2284; x_wconf 88' lang='lat' dir='ltr'><strong>admiralis</strong></span> <span class='ocrx_word' id='word_1_335' title='bbox 2421 2228 2632 2289; x_wconf 80' lang='lat' dir='ltr'><strong>Gallus,</strong></span> <span class='ocrx_word' id='word_1_336' title='bbox 2667 2226 3002 2281; x_wconf 88' lang='lat' dir='ltr'><strong>obmutescit</strong></span> <span class='ocrx_word' id='word_1_337' title='bbox 3047 2227 3223 2281; x_wconf 90' lang='lat' dir='ltr'><strong>divini</strong></span> <span class='ocrx_word' id='word_1_338' title='bbox 3270 2226 3446 2281; x_wconf 90' lang='lat' dir='ltr'><strong>cultus</strong></span> <span class='ocrx_word' id='word_1_339' title='bbox 3473 2223 3648 2280; x_wconf 82' lang='lat' dir='ltr'><strong>exerci-</strong></span> 
     </span>
    </p>
   </div>
   <div class='ocr_carea' id='block_1_52' title="bbox 2102 2313 3652 2386">
    <p class='ocr_par' dir='ltr' id='par_1_52' title="bbox 2102 2313 3652 2386">
     <span class='ocr_line' id='line_1_52' title="bbox 2102 2313 3652 2386; baseline -0.003 -14"><span class='ocrx_word' id='word_1_340' title='bbox 2102 2318 2265 2379; x_wconf 86' lang='lat' dir='ltr'><strong>tium,</strong></span> <span class='ocrx_word' id='word_1_341' title='bbox 2296 2317 2490 2372; x_wconf 91' lang='lat' dir='ltr'><strong>occisis</strong></span> <span class='ocrx_word' id='word_1_342' title='bbox 2521 2316 2667 2371; x_wconf 91' lang='lat' dir='ltr'><strong>inter</strong></span> <span class='ocrx_word' id='word_1_343' title='bbox 2706 2316 3069 2370; x_wconf 89' lang='lat' dir='ltr'><strong>immaturam</strong></span> <span class='ocrx_word' id='word_1_344' title='bbox 3108 2318 3301 2386; x_wconf 79' lang='lat' dir='ltr'><strong>fugam</strong></span> <span class='ocrx_word' id='word_1_345' title='bbox 3336 2313 3535 2369; x_wconf 88' lang='lat' dir='ltr'><strong>duobus</strong></span> <span class='ocrx_word' id='word_1_346' title='bbox 3559 2329 3652 2367; x_wconf 90' lang='lat' dir='ltr'><strong>mo-</strong></span> 
     </span>
    </p>
   </div>
   <div class='ocr_carea' id='block_1_53' title="bbox 2104 2404 3405 2476">
    <p class='ocr_par' dir='ltr' id='par_1_53' title="bbox 2104 2404 3405 2476">
     <span class='ocr_line' id='line_1_53' title="bbox 2104 2404 3405 2476; baseline -0.003 -15"><span class='ocrx_word' id='word_1_347' title='bbox 2104 2407 2316 2473; x_wconf 88' lang='lat' dir='ltr'><strong>nachis,</strong></span> <span class='ocrx_word' id='word_1_348' title='bbox 2349 2406 2609 2461; x_wconf 89' lang='lat' dir='ltr'><strong>Gabriele</strong></span> <span class='ocrx_word' id='word_1_349' title='bbox 2639 2405 2858 2471; x_wconf 87' lang='lat' dir='ltr'><strong>Botteo,</strong></span> <span class='ocrx_word' id='word_1_350' title='bbox 2881 2410 2937 2459; x_wconf 92' lang='lat' dir='ltr'><strong>et</strong></span> <span class='ocrx_word' id='word_1_351' title='bbox 2967 2404 3173 2459; x_wconf 90' lang='lat' dir='ltr'><strong>Jacobo</strong></span> <span class='ocrx_word' id='word_1_352' title='bbox 3200 2406 3405 2476; x_wconf 81' lang='lat' dir='ltr'><strong>Nocyo.</strong></span> 
     </span>
    </p>
   </div>
   <div class='ocr_carea' id='block_1_54' title="bbox 2182 2492 3657 2566">
    <p class='ocr_par' dir='ltr' id='par_1_54' title="bbox 2182 2492 3657 2566">
     <span class='ocr_line' id='line_1_54' title="bbox 2182 2492 3657 2566; baseline -0.001 -20"><span class='ocrx_word' id='word_1_353' title='bbox 2182 2515 2203 2546; x_wconf 80' lang='grc' dir='ltr'>ι</span> <span class='ocrx_word' id='word_1_354' title='bbox 2229 2495 2351 2550; x_wconf 91' lang='lat' dir='ltr'><strong>Duo</strong></span> <span class='ocrx_word' id='word_1_355' title='bbox 2372 2493 2641 2566; x_wconf 89' lang='lat' dir='ltr'><strong>postremi</strong></span> <span class='ocrx_word' id='word_1_356' title='bbox 2662 2492 2892 2547; x_wconf 86' lang='lat' dir='ltr'><strong>abbates</strong></span> <span class='ocrx_word' id='word_1_357' title='bbox 2911 2494 3067 2548; x_wconf 86' lang='lat' dir='ltr'><strong>fuere</strong></span> <span class='ocrx_word' id='word_1_358' title='bbox 3089 2494 3373 2549; x_wconf 81' lang='lat' dir='ltr'><strong>CLAUDIUS</strong></span> <span class='ocrx_word' id='word_1_359' title='bbox 3388 2492 3657 2547; x_wconf 64' lang='lat' dir='ltr'><strong>Lemnus-</strong></span> 
     </span>
    </p>
   </div>
   <div class='ocr_carea' id='block_1_55' title="bbox 2106 2580 3654 2657">
    <p class='ocr_par' dir='ltr' id='par_1_55' title="bbox 2106 2580 3654 2657">
     <span class='ocr_line' id='line_1_55' title="bbox 2106 2580 3654 2657; baseline -0.005 -18"><span class='ocrx_word' id='word_1_360' title='bbox 2106 2598 2211 2639; x_wconf 66' lang='grc' dir='ltr'><strong>(ξι-ε</strong></span> <span class='ocrx_word' id='word_1_361' title='bbox 2264 2602 2436 2657; x_wconf 91' lang='lat' dir='ltr'><strong>eques</strong></span> <span class='ocrx_word' id='word_1_362' title='bbox 2494 2583 2805 2649; x_wconf 82' lang='lat' dir='ltr'><strong>Aumalius,</strong></span> <span class='ocrx_word' id='word_1_363' title='bbox 2841 2583 2936 2654; x_wconf 89' lang='lat' dir='ltr'><strong>qui</strong></span> <span class='ocrx_word' id='word_1_364' title='bbox 2963 2584 3211 2638; x_wconf 82' lang='lat' dir='ltr'><strong>violenta</strong></span> <span class='ocrx_word' id='word_1_365' title='bbox 3250 2588 3426 2638; x_wconf 84' lang='lat' dir='ltr'><strong>morte</strong></span> <span class='ocrx_word' id='word_1_366' title='bbox 3453 2580 3577 2636; x_wconf 89' lang='lat' dir='ltr'><strong>obiit</strong></span> <span class='ocrx_word' id='word_1_367' title='bbox 3608 2580 3654 2634; x_wconf 92' lang='lat' dir='ltr'><strong>S.</strong></span> 
     </span>
    </p>
   </div>
   <div class='ocr_carea' id='block_1_56' title="bbox 2108 2668 3654 2747">
    <p class='ocr_par' dir='ltr' id='par_1_56' title="bbox 2108 2668 3654 2747">
     <span class='ocr_line' id='line_1_56' title="bbox 2108 2668 3654 2747; baseline -0.006 -19"><span class='ocrx_word' id='word_1_368' title='bbox 2108 2673 2362 2747; x_wconf 86' lang='lat' dir='ltr'><strong>Dionysii</strong></span> <span class='ocrx_word' id='word_1_369' title='bbox 2393 2674 2449 2727; x_wconf 92' lang='lat' dir='ltr'><strong>in</strong></span> <span class='ocrx_word' id='word_1_370' title='bbox 2478 2672 2726 2739; x_wconf 86' lang='lat' dir='ltr'><strong>Francia,</strong></span> <span class='ocrx_word' id='word_1_371' title='bbox 2743 2671 2833 2726; x_wconf 91' lang='lat' dir='ltr'><strong>die</strong></span> <span class='ocrx_word' id='word_1_372' title='bbox 2854 2674 3022 2727; x_wconf 90' lang='lat' dir='ltr'><strong>tertio</strong></span> <span class='ocrx_word' id='word_1_373' title='bbox 3043 2672 3317 2737; x_wconf 89' lang='lat' dir='ltr'><strong>Januarii,</strong></span> <span class='ocrx_word' id='word_1_374' title='bbox 3342 2668 3586 2726; x_wconf 60' lang='lat' dir='ltr'><strong>anniblll</strong></span> <span class='ocrx_word' id='word_1_375' title='bbox 3607 2714 3612 2720; x_wconf 94' lang='lat'><strong>.</strong></span> <span class='ocrx_word' id='word_1_376' title='bbox 3634 2688 3654 2719; x_wconf 69' lang='grc' dir='ltr'><strong>υ</strong></span> 
     </span>
    </p>
   </div>
   <div class='ocr_carea' id='block_1_57' title="bbox 2185 2759 3598 2833">
    <p class='ocr_par' dir='ltr' id='par_1_57' title="bbox 2185 2759 3598 2833">
     <span class='ocr_line' id='line_1_57' title="bbox 2185 2759 3598 2833; baseline -0.004 -16"><span class='ocrx_word' id='word_1_377' title='bbox 2185 2785 2206 2817; x_wconf 80' lang='grc' dir='ltr'>ι</span> <span class='ocrx_word' id='word_1_378' title='bbox 2241 2765 2548 2820; x_wconf 78' lang='lat' dir='ltr'><strong>DOMINICUS</strong></span> <span class='ocrx_word' id='word_1_379' title='bbox 2572 2776 2643 2816; x_wconf 74' lang='lat' dir='ltr'><strong>ne</strong></span> <span class='ocrx_word' id='word_1_380' title='bbox 2668 2761 2774 2823; x_wconf 81' lang='lat' dir='ltr'><strong>VIQ</strong></span> <span class='ocrx_word' id='word_1_381' title='bbox 2801 2760 3254 2833; x_wconf 89' lang='lat' dir='ltr'><strong>archiepiscopus</strong></span> <span class='ocrx_word' id='word_1_382' title='bbox 3277 2759 3548 2816; x_wconf 85' lang='lat' dir='ltr'><strong>Aucensis.</strong></span> <span class='ocrx_word' id='word_1_383' title='bbox 3578 2779 3598 2805; x_wconf 76' lang='grc' dir='ltr'><strong>υ</strong></span> 
     </span>
    </p>
   </div>
   <div class='ocr_carea' id='block_1_58' title="bbox 3022 3030 3647 3050">
    <p class='ocr_par' dir='ltr' id='par_1_58' title="bbox 3022 3030 3647 3050">
     <span class='ocr_line' id='line_1_58' title="bbox 3022 3030 3647 3050; baseline 0.002 -6"><span class='ocrx_word' id='word_1_384' title='bbox 3022 3030 3647 3050; x_wconf 43' lang='grc' dir='ltr'><strong>Ἤρ</strong></span> 
     </span>
    </p>
   </div>
   <div class='ocr_carea' id='block_1_59' title="bbox 1079 3159 3057 3241">
    <p class='ocr_par' dir='ltr' id='par_1_59' title="bbox 1079 3159 3057 3241">
     <span class='ocr_line' id='line_1_59' title="bbox 1079 3159 3057 3241; baseline -0.001 -16"><span class='ocrx_word' id='word_1_385' title='bbox 1079 3171 1205 3235; x_wconf 62' lang='lat'><strong>82</strong></span> <span class='ocrx_word' id='word_1_386' title='bbox 1252 3162 1667 3225; x_wconf 66' lang='lat' dir='ltr'><strong>PREFATIO</strong></span> <span class='ocrx_word' id='word_1_387' title='bbox 1712 3164 1817 3223; x_wconf 88' lang='lat' dir='ltr'><strong>AD</strong></span> <span class='ocrx_word' id='word_1_388' title='bbox 1863 3163 2111 3226; x_wconf 81' lang='lat' dir='ltr'><strong>VITAM</strong></span> <span class='ocrx_word' id='word_1_389' title='bbox 2152 3165 2439 3225; x_wconf 84' lang='lat' dir='ltr'><strong>SANGTI</strong></span> <span class='ocrx_word' id='word_1_390' title='bbox 2484 3164 2860 3227; x_wconf 83' lang='lat' dir='ltr'><strong>HEllLUINl</strong></span> <span class='ocrx_word' id='word_1_391' title='bbox 2905 3159 3057 3241; x_wconf 83' lang='lat'><strong>(&#39;16).</strong></span> 
     </span>
    </p>
   </div>
   <div class='ocr_carea' id='block_1_60' title="bbox 507 3424 3677 3503">
    <p class='ocr_par' dir='ltr' id='par_1_60' title="bbox 507 3424 3677 3503">
     <span class='ocr_line' id='line_1_60' title="bbox 507 3424 3677 3503; baseline -0.002 -17"><span class='ocrx_word' id='word_1_392' title='bbox 507 3431 866 3487; x_wconf 89' lang='lat' dir='ltr'><strong>Consuetudo</strong></span> <span class='ocrx_word' id='word_1_393' title='bbox 894 3432 1004 3485; x_wconf 84' lang='lat' dir='ltr'><strong>fuit</strong></span> <span class='ocrx_word' id='word_1_394' title='bbox 1043 3430 1195 3502; x_wconf 90' lang='lat' dir='ltr'><strong>apud</strong></span> <span class='ocrx_word' id='word_1_395' title='bbox 1222 3435 1437 3486; x_wconf 86' lang='lat' dir='ltr'><strong>veteres</strong></span> <span class='ocrx_word' id='word_1_396' title='bbox 1469 3431 1746 3500; x_wconf 89' lang='lat' dir='ltr'><strong>majorum</strong></span> <span class='ocrx_word' id='word_1_397' title='bbox 1797 3447 2030 3486; x_wconf 91' lang='lat' dir='ltr'><strong>suorum</strong></span> <span class='ocrx_word' id='word_1_398' title='bbox 2051 3432 2094 3492; x_wconf 80' lang='grc' dir='ltr'>Ο</span> <span class='ocrx_word' id='word_1_399' title='bbox 2118 3424 2437 3487; x_wconf 74' lang='lat' dir='ltr'><strong>Mementote</strong></span> <span class='ocrx_word' id='word_1_400' title='bbox 2457 3437 2880 3503; x_wconf 61' lang='lat' dir='ltr'><strong>pi&#39;aaposz&#39;torum</strong></span> <span class='ocrx_word' id='word_1_401' title='bbox 2904 3437 3342 3503; x_wconf 79' lang='lat' dir='ltr'><strong>vestrorum,qui</strong></span> <span class='ocrx_word' id='word_1_402' title='bbox 3370 3434 3507 3488; x_wconf 71' lang='lat' dir='ltr'><strong>vobis</strong></span> <span class='ocrx_word' id='word_1_403' title='bbox 3530 3431 3677 3486; x_wconf 71' lang='lat' dir='ltr'><strong>loculi</strong></span> 
     </span>
    </p>
   </div>
   <div class='ocr_carea' id='block_1_61' title="bbox 438 3519 2026 3590">
    <p class='ocr_par' dir='ltr' id='par_1_61' title="bbox 438 3519 2026 3590">
     <span class='ocr_line' id='line_1_61' title="bbox 438 3519 2026 3590; baseline 0.001 -17"><span class='ocrx_word' id='word_1_404' title='bbox 438 3519 713 3590; x_wconf 86' lang='lat' dir='ltr'><strong>imagines</strong></span> <span class='ocrx_word' id='word_1_405' title='bbox 742 3520 978 3590; x_wconf 87' lang='lat' dir='ltr'><strong>erigere,</strong></span> <span class='ocrx_word' id='word_1_406' title='bbox 995 3525 1052 3574; x_wconf 91' lang='lat' dir='ltr'><strong>et</strong></span> <span class='ocrx_word' id='word_1_407' title='bbox 1065 3520 1537 3590; x_wconf 72' lang='lat' dir='ltr'><strong>praeclaraeorum</strong></span> <span class='ocrx_word' id='word_1_408' title='bbox 1561 3520 1706 3573; x_wconf 88' lang='lat' dir='ltr'><strong>facta</strong></span> <span class='ocrx_word' id='word_1_409' title='bbox 1738 3520 2026 3575; x_wconf 77' lang='lat' dir='ltr'><strong>memoriae</strong></span> 
     </span>
    </p>
   </div>
   <div class='ocr_carea' id='block_1_62' title="bbox 439 3607 2035 3680">
    <p class='ocr_par' dir='ltr' id='par_1_62' title="bbox 439 3607 2035 3680">
     <span class='ocr_line' id='line_1_62' title="bbox 439 3607 2035 3680; baseline 0 -16"><span class='ocrx_word' id='word_1_410' title='bbox 439 3607 731 3664; x_wconf 89' lang='lat' dir='ltr'><strong>scribendo</strong></span> <span class='ocrx_word' id='word_1_411' title='bbox 760 3609 1154 3663; x_wconf 87' lang='lat' dir='ltr'><strong>commendare</strong></span> <span class='ocrx_word' id='word_1_412' title='bbox 1180 3609 1251 3663; x_wconf 87' lang='lat' dir='ltr'><strong>ad</strong></span> <span class='ocrx_word' id='word_1_413' title='bbox 1291 3608 1746 3663; x_wconf 86' lang='lat' dir='ltr'><strong>informationem</strong></span> <span class='ocrx_word' id='word_1_414' title='bbox 1778 3614 2035 3680; x_wconf 44' lang='lat' dir='ltr'><strong>postero:</strong></span> 
     </span>
    </p>
   </div>
   <div class='ocr_carea' id='block_1_63' title="bbox 439 3697 2033 3769">
    <p class='ocr_par' dir='ltr' id='par_1_63' title="bbox 439 3697 2033 3769">
     <span class='ocr_line' id='line_1_63' title="bbox 439 3697 2033 3769; baseline -0.001 -16"><span class='ocrx_word' id='word_1_415' title='bbox 439 3714 586 3765; x_wconf 90' lang='lat' dir='ltr'><strong>rum,</strong></span> <span class='ocrx_word' id='word_1_416' title='bbox 620 3698 691 3753; x_wconf 93' lang='lat' dir='ltr'><strong>ad</strong></span> <span class='ocrx_word' id='word_1_417' title='bbox 720 3698 1037 3769; x_wconf 82' lang='lat' dir='ltr'><strong>exemplum</strong></span> <span class='ocrx_word' id='word_1_418' title='bbox 1052 3697 1264 3752; x_wconf 91' lang='lat' dir='ltr'><strong>scilicet</strong></span> <span class='ocrx_word' id='word_1_419' title='bbox 1287 3698 1511 3752; x_wconf 90' lang='lat' dir='ltr'><strong>virtutis</strong></span> <span class='ocrx_word' id='word_1_420' title='bbox 1531 3703 1590 3752; x_wconf 94' lang='lat' dir='ltr'><strong>et</strong></span> <span class='ocrx_word' id='word_1_421' title='bbox 1608 3697 2033 3753; x_wconf 86' lang='lat' dir='ltr'><strong>incitamentum</strong></span> 
     </span>
    </p>
   </div>
   <div class='ocr_carea' id='block_1_64' title="bbox 440 3784 2041 3859">
    <p class='ocr_par' dir='ltr' id='par_1_64' title="bbox 440 3784 2041 3859">
     <span class='ocr_line' id='line_1_64' title="bbox 440 3784 2041 3859; baseline 0.001 -18"><span class='ocrx_word' id='word_1_422' title='bbox 440 3786 752 3859; x_wconf 84' lang='lat' dir='ltr'><strong>probitatis.</strong></span> <span class='ocrx_word' id='word_1_423' title='bbox 787 3786 947 3851; x_wconf 87' lang='lat' dir='ltr'><strong>Quod</strong></span> <span class='ocrx_word' id='word_1_424' title='bbox 969 3786 1049 3840; x_wconf 71' lang='lat' dir='ltr'><strong>.ob</strong></span> <span class='ocrx_word' id='word_1_425' title='bbox 1084 3784 1141 3840; x_wconf 89' lang='lat' dir='ltr'><strong>id</strong></span> <span class='ocrx_word' id='word_1_426' title='bbox 1175 3786 1371 3858; x_wconf 86' lang='lat' dir='ltr'><strong>utique</strong></span> <span class='ocrx_word' id='word_1_427' title='bbox 1404 3787 1636 3842; x_wconf 87' lang='lat' dir='ltr'><strong>actitare</strong></span> <span class='ocrx_word' id='word_1_428' title='bbox 1666 3787 1938 3842; x_wconf 90' lang='lat' dir='ltr'><strong>curabant</strong></span> <span class='ocrx_word' id='word_1_429' title='bbox 1976 3793 2041 3842; x_wconf 89' lang='lat' dir='ltr'><strong>ut</strong></span> 
     </span>
    </p>
   </div>
   <div class='ocr_carea' id='block_1_65' title="bbox 443 3875 2039 3949">
    <p class='ocr_par' dir='ltr' id='par_1_65' title="bbox 443 3875 2039 3949">
     <span class='ocr_line' id='line_1_65' title="bbox 443 3875 2039 3949; baseline 0 -18"><span class='ocrx_word' id='word_1_430' title='bbox 443 3877 539 3949; x_wconf 93' lang='lat' dir='ltr'><strong>qui</strong></span> <span class='ocrx_word' id='word_1_431' title='bbox 567 3877 736 3932; x_wconf 88' lang='lat' dir='ltr'><strong>aliam</strong></span> <span class='ocrx_word' id='word_1_432' title='bbox 766 3875 1107 3947; x_wconf 88' lang='lat' dir='ltr'><strong>ignorabant</strong></span> <span class='ocrx_word' id='word_1_433' title='bbox 1153 3875 1343 3942; x_wconf 90' lang='lat' dir='ltr'><strong>vitam,</strong></span> <span class='ocrx_word' id='word_1_434' title='bbox 1371 3876 1478 3930; x_wconf 89' lang='lat' dir='ltr'><strong>hoc</strong></span> <span class='ocrx_word' id='word_1_435' title='bbox 1525 3877 1691 3931; x_wconf 92' lang='lat' dir='ltr'><strong>modo</strong></span> <span class='ocrx_word' id='word_1_436' title='bbox 1728 3876 1833 3931; x_wconf 91' lang='lat' dir='ltr'><strong>sibi</strong></span> <span class='ocrx_word' id='word_1_437' title='bbox 1877 3882 1933 3931; x_wconf 92' lang='lat' dir='ltr'><strong>et</strong></span> <span class='ocrx_word' id='word_1_438' title='bbox 1970 3878 2039 3931; x_wconf 91' lang='lat' dir='ltr'><strong>iis</strong></span> 
     </span>
    </p>
   </div>
   <div class='ocr_carea' id='block_1_66' title="bbox 442 3964 2038 4039">
    <p class='ocr_par' dir='ltr' id='par_1_66' title="bbox 442 3964 2038 4039">
     <span class='ocr_line' id='line_1_66' title="bbox 442 3964 2038 4039; baseline -0.001 -17"><span class='ocrx_word' id='word_1_439' title='bbox 442 3983 581 4039; x_wconf 88' lang='lat' dir='ltr'><strong>quos</strong></span> <span class='ocrx_word' id='word_1_440' title='bbox 599 3966 842 4022; x_wconf 86' lang='lat' dir='ltr'><strong>scribere</strong></span> <span class='ocrx_word' id='word_1_441' title='bbox 853 3964 1247 4036; x_wconf 74' lang='lat' dir='ltr'><strong>suscipiebant,</strong></span> <span class='ocrx_word' id='word_1_442' title='bbox 1256 3970 1586 4037; x_wconf 78' lang='lat' dir='ltr'><strong>praesentem</strong></span> <span class='ocrx_word' id='word_1_443' title='bbox 1605 3983 1774 4037; x_wconf 90' lang='lat' dir='ltr'><strong>quam</strong></span> <span class='ocrx_word' id='word_1_444' title='bbox 1795 3967 2038 4022; x_wconf 86' lang='lat' dir='ltr'><strong>maxime</strong></span> 
     </span>
    </p>
   </div>
   <div class='ocr_carea' id='block_1_67' title="bbox 442 4054 2037 4128">
    <p class='ocr_par' dir='ltr' id='par_1_67' title="bbox 442 4054 2037 4128">
     <span class='ocr_line' id='line_1_67' title="bbox 442 4054 2037 4128; baseline 0 -17"><span class='ocrx_word' id='word_1_445' title='bbox 442 4055 773 4113; x_wconf 86' lang='lat' dir='ltr'><strong>memoriam</strong></span> <span class='ocrx_word' id='word_1_446' title='bbox 804 4054 1088 4110; x_wconf 82' lang='lat' dir='ltr'><strong>efficerent</strong></span> <span class='ocrx_word' id='word_1_447' title='bbox 1111 4056 1358 4126; x_wconf 86' lang='lat' dir='ltr'><strong>longam,</strong></span> <span class='ocrx_word' id='word_1_448' title='bbox 1391 4056 1747 4127; x_wconf 89' lang='lat' dir='ltr'><strong>laudemque,</strong></span> <span class='ocrx_word' id='word_1_449' title='bbox 1784 4062 1848 4111; x_wconf 89' lang='lat' dir='ltr'><strong>ut</strong></span> <span class='ocrx_word' id='word_1_450' title='bbox 1876 4062 2037 4128; x_wconf 89' lang='lat' dir='ltr'><strong>puta-</strong></span> 
     </span>
    </p>
   </div>
   <div class='ocr_carea' id='block_1_68' title="bbox 439 4146 2035 4216">
    <p class='ocr_par' dir='ltr' id='par_1_68' title="bbox 439 4146 2035 4216">
     <span class='ocr_line' id='line_1_68' title="bbox 439 4146 2035 4216; baseline -0.001 -14"><span class='ocrx_word' id='word_1_451' title='bbox 439 4146 599 4212; x_wconf 89' lang='lat' dir='ltr'><strong>bant,</strong></span> <span class='ocrx_word' id='word_1_452' title='bbox 630 4149 985 4208; x_wconf 84' lang='lat' dir='ltr'><strong>mererentur</strong></span> <span class='ocrx_word' id='word_1_453' title='bbox 1014 4160 1338 4216; x_wconf 91' lang='lat' dir='ltr'><strong>perennem.</strong></span> <span class='ocrx_word' id='word_1_454' title='bbox 1393 4146 1633 4200; x_wconf 87' lang='lat' dir='ltr'><strong>Econtra</strong></span> <span class='ocrx_word' id='word_1_455' title='bbox 1674 4146 2035 4201; x_wconf 89' lang='lat' dir='ltr'><strong>ecclesiastici</strong></span> 
     </span>
    </p>
   </div>
   <div class='ocr_carea' id='block_1_69' title="bbox 439 4234 2034 4308">
    <p class='ocr_par' dir='ltr' id='par_1_69' title="bbox 439 4234 2034 4308">
     <span class='ocr_line' id='line_1_69' title="bbox 439 4234 2034 4308; baseline -0.001 -17"><span class='ocrx_word' id='word_1_456' title='bbox 439 4236 759 4308; x_wconf 90' lang='lat' dir='ltr'><strong>scriptores,</strong></span> <span class='ocrx_word' id='word_1_457' title='bbox 780 4234 1068 4306; x_wconf 87' lang='lat' dir='ltr'><strong>passiones</strong></span> <span class='ocrx_word' id='word_1_458' title='bbox 1093 4240 1149 4289; x_wconf 91' lang='lat' dir='ltr'><strong>et</strong></span> <span class='ocrx_word' id='word_1_459' title='bbox 1172 4234 1314 4289; x_wconf 88' lang='lat' dir='ltr'><strong>vitas</strong></span> <span class='ocrx_word' id='word_1_460' title='bbox 1335 4235 1780 4306; x_wconf 89' lang='lat' dir='ltr'><strong>sanctorum,qui</strong></span> <span class='ocrx_word' id='word_1_461' title='bbox 1802 4235 2034 4305; x_wconf 89' lang='lat' dir='ltr'><strong>planum</strong></span> 
     </span>
    </p>
   </div>
   <div class='ocr_carea' id='block_1_70' title="bbox 442 4323 2036 4395">
    <p class='ocr_par' dir='ltr' id='par_1_70' title="bbox 442 4323 2036 4395">
     <span class='ocr_line' id='line_1_70' title="bbox 442 4323 2036 4395; baseline 0 -16"><span class='ocrx_word' id='word_1_462' title='bbox 442 4325 551 4381; x_wconf 90' lang='lat' dir='ltr'><strong>iter</strong></span> <span class='ocrx_word' id='word_1_463' title='bbox 598 4324 836 4395; x_wconf 71' lang='lat' dir='ltr'><strong>justitiae</strong></span> <span class='ocrx_word' id='word_1_464' title='bbox 886 4323 1250 4395; x_wconf 90' lang='lat' dir='ltr'><strong>sequentibus</strong></span> <span class='ocrx_word' id='word_1_465' title='bbox 1302 4323 1588 4379; x_wconf 88' lang='lat' dir='ltr'><strong>laboribus</strong></span> <span class='ocrx_word' id='word_1_466' title='bbox 1627 4325 1745 4378; x_wconf 88' lang='lat' dir='ltr'><strong>suis</strong></span> <span class='ocrx_word' id='word_1_467' title='bbox 1790 4325 2036 4395; x_wconf 88' lang='lat' dir='ltr'><strong>relique-</strong></span> 
     </span>
    </p>
   </div>
   <div class='ocr_carea' id='block_1_71' title="bbox 445 4413 2038 4483">
    <p class='ocr_par' dir='ltr' id='par_1_71' title="bbox 445 4413 2038 4483">
     <span class='ocr_line' id='line_1_71' title="bbox 445 4413 2038 4483; baseline -0.001 -14"><span class='ocrx_word' id='word_1_468' title='bbox 445 4418 597 4481; x_wconf 86' lang='lat' dir='ltr'><strong>runt,</strong></span> <span class='ocrx_word' id='word_1_469' title='bbox 629 4418 686 4468; x_wconf 91' lang='lat' dir='ltr'><strong>et</strong></span> <span class='ocrx_word' id='word_1_470' title='bbox 712 4415 893 4468; x_wconf 93' lang='lat' dir='ltr'><strong>Deum</strong></span> <span class='ocrx_word' id='word_1_471' title='bbox 935 4413 992 4468; x_wconf 91' lang='lat' dir='ltr'><strong>in</strong></span> <span class='ocrx_word' id='word_1_472' title='bbox 1030 4414 1144 4468; x_wconf 89' lang='lat' dir='ltr'><strong>vita</strong></span> <span class='ocrx_word' id='word_1_473' title='bbox 1181 4417 1237 4467; x_wconf 88' lang='lat' dir='ltr'><strong>et</strong></span> <span class='ocrx_word' id='word_1_474' title='bbox 1281 4413 1341 4467; x_wconf 92' lang='lat' dir='ltr'><strong>in</strong></span> <span class='ocrx_word' id='word_1_475' title='bbox 1380 4418 1562 4468; x_wconf 89' lang='lat' dir='ltr'><strong>morte</strong></span> <span class='ocrx_word' id='word_1_476' title='bbox 1614 4430 1717 4468; x_wconf 90' lang='lat' dir='ltr'><strong>sua</strong></span> <span class='ocrx_word' id='word_1_477' title='bbox 1758 4414 2038 4483; x_wconf 82' lang='lat' dir='ltr'><strong>gloriﬁca-</strong></span> 
     </span>
    </p>
   </div>
   <div class='ocr_carea' id='block_1_72' title="bbox 455 4502 2041 4573">
    <p class='ocr_par' dir='ltr' id='par_1_72' title="bbox 455 4502 2041 4573">
     <span class='ocr_line' id='line_1_72' title="bbox 455 4502 2041 4573; baseline 0.001 -17"><span class='ocrx_word' id='word_1_478' title='bbox 455 4508 675 4569; x_wconf 87' lang='lat' dir='ltr'><strong>verunt,</strong></span> <span class='ocrx_word' id='word_1_479' title='bbox 718 4502 912 4556; x_wconf 90' lang='lat' dir='ltr'><strong>eadem</strong></span> <span class='ocrx_word' id='word_1_480' title='bbox 962 4502 1188 4573; x_wconf 89' lang='lat' dir='ltr'><strong>quidem</strong></span> <span class='ocrx_word' id='word_1_481' title='bbox 1218 4502 1327 4567; x_wconf 84' lang='lat' dir='ltr'><strong>via,</strong></span> <span class='ocrx_word' id='word_1_482' title='bbox 1369 4502 1467 4556; x_wconf 89' lang='lat' dir='ltr'><strong>sed</strong></span> <span class='ocrx_word' id='word_1_483' title='bbox 1487 4518 1599 4557; x_wconf 90' lang='lat' dir='ltr'><strong>non</strong></span> <span class='ocrx_word' id='word_1_484' title='bbox 1630 4504 1826 4557; x_wconf 86' lang='lat' dir='ltr'><strong>eadem</strong></span> <span class='ocrx_word' id='word_1_485' title='bbox 1860 4503 2041 4557; x_wconf 87' lang='lat' dir='ltr'><strong>inten-</strong></span> 
     </span>
    </p>
   </div>
   <div class='ocr_carea' id='block_1_73' title="bbox 450 4589 2045 4664">
    <p class='ocr_par' dir='ltr' id='par_1_73' title="bbox 450 4589 2045 4664">
     <span class='ocr_line' id='line_1_73' title="bbox 450 4589 2045 4664; baseline 0 -17"><span class='ocrx_word' id='word_1_486' title='bbox 450 4592 606 4647; x_wconf 86' lang='lat' dir='ltr'><strong>tione</strong></span> <span class='ocrx_word' id='word_1_487' title='bbox 665 4589 909 4645; x_wconf 88' lang='lat' dir='ltr'><strong>scribere</strong></span> <span class='ocrx_word' id='word_1_488' title='bbox 958 4592 1315 4646; x_wconf 85' lang='lat' dir='ltr'><strong>studuerunt.</strong></span> <span class='ocrx_word' id='word_1_489' title='bbox 1376 4593 1520 4647; x_wconf 90' lang='lat' dir='ltr'><strong>Nam</strong></span> <span class='ocrx_word' id='word_1_490' title='bbox 1577 4592 1812 4664; x_wconf 85' lang='lat' dir='ltr'><strong>perinde</strong></span> <span class='ocrx_word' id='word_1_491' title='bbox 1860 4610 2045 4647; x_wconf 86' lang='lat' dir='ltr'><strong>succe-</strong></span> 
     </span>
    </p>
   </div>
   <div class='ocr_carea' id='block_1_74' title="bbox 453 4678 2046 4748">
    <p class='ocr_par' dir='ltr' id='par_1_74' title="bbox 453 4678 2046 4748">
     <span class='ocr_line' id='line_1_74' title="bbox 453 4678 2046 4748; baseline 0.001 -13"><span class='ocrx_word' id='word_1_492' title='bbox 453 4678 716 4735; x_wconf 89' lang='lat' dir='ltr'><strong>dentibus</strong></span> <span class='ocrx_word' id='word_1_493' title='bbox 751 4679 1137 4735; x_wconf 90' lang='lat' dir='ltr'><strong>decedentium</strong></span> <span class='ocrx_word' id='word_1_494' title='bbox 1160 4681 1391 4735; x_wconf 88' lang='lat' dir='ltr'><strong>Patrum</strong></span> <span class='ocrx_word' id='word_1_495' title='bbox 1424 4681 1585 4748; x_wconf 85' lang='lat' dir='ltr'><strong>vitas,</strong></span> <span class='ocrx_word' id='word_1_496' title='bbox 1618 4686 1677 4735; x_wconf 90' lang='lat' dir='ltr'><strong>et</strong></span> <span class='ocrx_word' id='word_1_497' title='bbox 1702 4698 1887 4736; x_wconf 89' lang='lat' dir='ltr'><strong>mores</strong></span> <span class='ocrx_word' id='word_1_498' title='bbox 1917 4683 2046 4736; x_wconf 90' lang='lat' dir='ltr'><strong>inti-</strong></span> 
     </span>
    </p>
   </div>
   <div class='ocr_carea' id='block_1_75' title="bbox 2112 3524 3676 3592">
    <p class='ocr_par' dir='ltr' id='par_1_75' title="bbox 2112 3524 3676 3592">
     <span class='ocr_line' id='line_1_75' title="bbox 2112 3524 3676 3592; baseline -0.002 -19"><span class='ocrx_word' id='word_1_499' title='bbox 2112 3526 2243 3575; x_wconf 84' lang='lat' dir='ltr'><strong>sunt</strong></span> <span class='ocrx_word' id='word_1_500' title='bbox 2266 3524 2491 3576; x_wconf 81' lang='lat' dir='ltr'><strong>verbum</strong></span> <span class='ocrx_word' id='word_1_501' title='bbox 2516 3524 2632 3589; x_wconf 76' lang='lat' dir='ltr'><strong>Dei;</strong></span> <span class='ocrx_word' id='word_1_502' title='bbox 2666 3539 2906 3592; x_wconf 87' lang='lat' dir='ltr'><strong>quorum</strong></span> <span class='ocrx_word' id='word_1_503' title='bbox 2934 3526 3213 3578; x_wconf 74' lang='lat' dir='ltr'><strong>intuentes</strong></span> <span class='ocrx_word' id='word_1_504' title='bbox 3240 3526 3451 3578; x_wconf 74' lang='lat' dir='ltr'><strong>exitum</strong></span> <span class='ocrx_word' id='word_1_505' title='bbox 3479 3534 3676 3575; x_wconf 80' lang='lat' dir='ltr'><strong>conver-</strong></span> 
     </span>
    </p>
   </div>
   <div class='ocr_carea' id='block_1_76' title="bbox 2117 3606 3679 3683">
    <p class='ocr_par' dir='ltr' id='par_1_76' title="bbox 2117 3606 3679 3683">
     <span class='ocr_line' id='line_1_76' title="bbox 2117 3606 3679 3683; baseline -0.001 -20"><span class='ocrx_word' id='word_1_506' title='bbox 2117 3613 2348 3664; x_wconf 73' lang='lat' dir='ltr'><strong>sationis</strong></span> <span class='ocrx_word' id='word_1_507' title='bbox 2362 3614 2458 3675; x_wconf 78' lang='lat' dir='ltr'><strong>,im</strong></span> <span class='ocrx_word' id='word_1_508' title='bbox 2469 3616 2602 3666; x_wconf 84' lang='lat' dir='ltr'><strong>itam</strong></span> <span class='ocrx_word' id='word_1_509' title='bbox 2612 3614 2698 3666; x_wconf 76' lang='lat' dir='ltr'><strong>ini</strong></span> <span class='ocrx_word' id='word_1_510' title='bbox 2707 3614 2884 3683; x_wconf 80' lang='lat' dir='ltr'><strong>ﬁdem(</strong></span> <span class='ocrx_word' id='word_1_511' title='bbox 2892 3611 3417 3681; x_wconf 83' lang='lat' dir='ltr'><strong>Hebr.xm,9,7).Ad</strong></span> <span class='ocrx_word' id='word_1_512' title='bbox 3439 3611 3536 3664; x_wconf 87' lang='lat' dir='ltr'><strong>hoc</strong></span> <span class='ocrx_word' id='word_1_513' title='bbox 3549 3606 3679 3663; x_wconf 88' lang='lat' dir='ltr'><strong>enim</strong></span> 
     </span>
    </p>
   </div>
   <div class='ocr_carea' id='block_1_77' title="bbox 2119 3697 3683 3772">
    <p class='ocr_par' dir='ltr' id='par_1_77' title="bbox 2119 3697 3683 3772">
     <span class='ocr_line' id='line_1_77' title="bbox 2119 3697 3683 3772; baseline -0.001 -20"><span class='ocrx_word' id='word_1_514' title='bbox 2119 3698 2440 3754; x_wconf 89' lang='lat' dir='ltr'><strong>scribuntur</strong></span> <span class='ocrx_word' id='word_1_515' title='bbox 2467 3701 2553 3754; x_wconf 91' lang='lat' dir='ltr'><strong>vel</strong></span> <span class='ocrx_word' id='word_1_516' title='bbox 2579 3701 2844 3772; x_wconf 89' lang='lat' dir='ltr'><strong>leguntur</strong></span> <span class='ocrx_word' id='word_1_517' title='bbox 2867 3702 3081 3755; x_wconf 89' lang='lat' dir='ltr'><strong>strenui</strong></span> <span class='ocrx_word' id='word_1_518' title='bbox 3130 3708 3291 3757; x_wconf 89' lang='lat' dir='ltr'><strong>actus</strong></span> <span class='ocrx_word' id='word_1_519' title='bbox 3317 3708 3373 3756; x_wconf 87' lang='lat' dir='ltr'><strong>et</strong></span> <span class='ocrx_word' id='word_1_520' title='bbox 3406 3700 3551 3754; x_wconf 71' lang='lat' dir='ltr'><strong>mira:</strong></span> <span class='ocrx_word' id='word_1_521' title='bbox 3588 3697 3683 3751; x_wconf 86' lang='lat' dir='ltr'><strong>vir-</strong></span> 
     </span>
    </p>
   </div>
   <div class='ocr_carea' id='block_1_78' title="bbox 2122 3786 3681 3857">
    <p class='ocr_par' dir='ltr' id='par_1_78' title="bbox 2122 3786 3681 3857">
     <span class='ocr_line' id='line_1_78' title="bbox 2122 3786 3681 3857; baseline -0.003 -14"><span class='ocrx_word' id='word_1_522' title='bbox 2122 3794 2271 3843; x_wconf 90' lang='lat' dir='ltr'><strong>tutes</strong></span> <span class='ocrx_word' id='word_1_523' title='bbox 2300 3796 2641 3857; x_wconf 89' lang='lat' dir='ltr'><strong>sanctorum,</strong></span> <span class='ocrx_word' id='word_1_524' title='bbox 2685 3796 2749 3845; x_wconf 92' lang='lat' dir='ltr'><strong>ut</strong></span> <span class='ocrx_word' id='word_1_525' title='bbox 2779 3791 2834 3844; x_wconf 94' lang='lat' dir='ltr'><strong>in</strong></span> <span class='ocrx_word' id='word_1_526' title='bbox 2854 3791 2943 3845; x_wconf 93' lang='lat' dir='ltr'><strong>his</strong></span> <span class='ocrx_word' id='word_1_527' title='bbox 2971 3791 3239 3846; x_wconf 85' lang='lat' dir='ltr'><strong>laudetur</strong></span> <span class='ocrx_word' id='word_1_528' title='bbox 3260 3792 3425 3855; x_wconf 91' lang='lat' dir='ltr'><strong>Deus,</strong></span> <span class='ocrx_word' id='word_1_529' title='bbox 3456 3789 3520 3843; x_wconf 91' lang='lat' dir='ltr'><strong>de</strong></span> <span class='ocrx_word' id='word_1_530' title='bbox 3544 3786 3681 3856; x_wconf 87' lang='lat' dir='ltr'><strong>cujus</strong></span> 
     </span>
    </p>
   </div>
   <div class='ocr_carea' id='block_1_79' title="bbox 2118 3873 3683 3951">
    <p class='ocr_par' dir='ltr' id='par_1_79' title="bbox 2118 3873 3683 3951">
     <span class='ocr_line' id='line_1_79' title="bbox 2118 3873 3683 3951; baseline -0.004 -19"><span class='ocrx_word' id='word_1_531' title='bbox 2118 3879 2303 3949; x_wconf 89' lang='lat' dir='ltr'><strong>gratia</strong></span> <span class='ocrx_word' id='word_1_532' title='bbox 2322 3886 2472 3943; x_wconf 86' lang='lat' dir='ltr'><strong>sunt,</strong></span> <span class='ocrx_word' id='word_1_533' title='bbox 2498 3886 2554 3934; x_wconf 89' lang='lat' dir='ltr'><strong>et</strong></span> <span class='ocrx_word' id='word_1_534' title='bbox 2582 3880 2827 3933; x_wconf 90' lang='lat' dir='ltr'><strong>minores</strong></span> <span class='ocrx_word' id='word_1_535' title='bbox 2856 3880 3092 3951; x_wconf 87' lang='lat' dir='ltr'><strong>vestigia</strong></span> <span class='ocrx_word' id='word_1_536' title='bbox 3113 3882 3397 3951; x_wconf 87' lang='lat' dir='ltr'><strong>majorum</strong></span> <span class='ocrx_word' id='word_1_537' title='bbox 3418 3895 3533 3950; x_wconf 81' lang='lat' dir='ltr'><strong>quae</strong></span> <span class='ocrx_word' id='word_1_538' title='bbox 3543 3873 3683 3945; x_wconf 90' lang='lat' dir='ltr'><strong>sequi</strong></span> 
     </span>
    </p>
   </div>
   <div class='ocr_carea' id='block_1_80' title="bbox 2120 3960 3684 4040">
    <p class='ocr_par' dir='ltr' id='par_1_80' title="bbox 2120 3960 3684 4040">
     <span class='ocr_line' id='line_1_80' title="bbox 2120 3960 3684 4040; baseline -0.003 -20"><span class='ocrx_word' id='word_1_539' title='bbox 2120 3967 2359 4021; x_wconf 89' lang='lat' dir='ltr'><strong>debeant</strong></span> <span class='ocrx_word' id='word_1_540' title='bbox 2404 3968 2753 4039; x_wconf 89' lang='lat' dir='ltr'><strong>aspicientes,</strong></span> <span class='ocrx_word' id='word_1_541' title='bbox 2804 3969 2924 4022; x_wconf 91' lang='lat' dir='ltr'><strong>sine</strong></span> <span class='ocrx_word' id='word_1_542' title='bbox 2965 3968 3274 4023; x_wconf 79' lang='lat' dir='ltr'><strong>offensione</strong></span> <span class='ocrx_word' id='word_1_543' title='bbox 3300 3967 3545 4040; x_wconf 86' lang='lat' dir='ltr'><strong>passibus</strong></span> <span class='ocrx_word' id='word_1_544' title='bbox 3569 3960 3684 4018; x_wconf 92' lang='lat' dir='ltr'><strong>boni</strong></span> 
     </span>
    </p>
   </div>
   <div class='ocr_carea' id='block_1_81' title="bbox 2118 4053 3684 4129">
    <p class='ocr_par' dir='ltr' id='par_1_81' title="bbox 2118 4053 3684 4129">
     <span class='ocr_line' id='line_1_81' title="bbox 2118 4053 3684 4129; baseline -0.004 -17"><span class='ocrx_word' id='word_1_545' title='bbox 2118 4057 2304 4128; x_wconf 91' lang='lat' dir='ltr'><strong>operis</strong></span> <span class='ocrx_word' id='word_1_546' title='bbox 2331 4062 2560 4111; x_wconf 89' lang='lat' dir='ltr'><strong>currant</strong></span> <span class='ocrx_word' id='word_1_547' title='bbox 2592 4058 2732 4111; x_wconf 82' lang='lat' dir='ltr'><strong>viam</strong></span> <span class='ocrx_word' id='word_1_548' title='bbox 2781 4057 2978 4112; x_wconf 90' lang='lat' dir='ltr'><strong>salutis</strong></span> <span class='ocrx_word' id='word_1_549' title='bbox 3011 4058 3081 4112; x_wconf 90' lang='lat' dir='ltr'><strong>ad</strong></span> <span class='ocrx_word' id='word_1_550' title='bbox 3110 4058 3352 4129; x_wconf 91' lang='lat' dir='ltr'><strong>gloriam</strong></span> <span class='ocrx_word' id='word_1_551' title='bbox 3385 4064 3441 4112; x_wconf 89' lang='lat' dir='ltr'><strong>et</strong></span> <span class='ocrx_word' id='word_1_552' title='bbox 3476 4056 3542 4110; x_wconf 89' lang='lat' dir='ltr'><strong>ad</strong></span> <span class='ocrx_word' id='word_1_553' title='bbox 3571 4053 3684 4107; x_wconf 83' lang='lat' dir='ltr'><strong>bra-</strong></span> 
     </span>
    </p>
   </div>
   <div class='ocr_carea' id='block_1_82' title="bbox 2118 4140 3683 4216">
    <p class='ocr_par' dir='ltr' id='par_1_82' title="bbox 2118 4140 3683 4216">
     <span class='ocr_line' id='line_1_82' title="bbox 2118 4140 3683 4216; baseline -0.002 -18"><span class='ocrx_word' id='word_1_554' title='bbox 2118 4145 2265 4199; x_wconf 88' lang='lat' dir='ltr'><strong>vium</strong></span> <span class='ocrx_word' id='word_1_555' title='bbox 2294 4161 2550 4216; x_wconf 79' lang='lat' dir='ltr'><strong>supernae</strong></span> <span class='ocrx_word' id='word_1_556' title='bbox 2574 4145 2879 4199; x_wconf 88' lang='lat' dir='ltr'><strong>vocationis</strong></span> <span class='ocrx_word' id='word_1_557' title='bbox 2897 4146 3017 4200; x_wconf 91' lang='lat' dir='ltr'><strong>Dei.</strong></span> <span class='ocrx_word' id='word_1_558' title='bbox 3043 4147 3159 4201; x_wconf 90' lang='lat' dir='ltr'><strong>Hoc</strong></span> <span class='ocrx_word' id='word_1_559' title='bbox 3183 4147 3438 4202; x_wconf 88' lang='lat' dir='ltr'><strong>fecerunt</strong></span> <span class='ocrx_word' id='word_1_560' title='bbox 3469 4140 3683 4213; x_wconf 87' lang='lat' dir='ltr'><strong>antiqui,</strong></span> 
     </span>
    </p>
   </div>
   <div class='ocr_carea' id='block_1_83' title="bbox 2117 4232 3689 4306">
    <p class='ocr_par' dir='ltr' id='par_1_83' title="bbox 2117 4232 3689 4306">
     <span class='ocr_line' id='line_1_83' title="bbox 2117 4232 3689 4306; baseline -0.004 -19"><span class='ocrx_word' id='word_1_561' title='bbox 2117 4234 2224 4288; x_wconf 88' lang='lat' dir='ltr'><strong>hoc</strong></span> <span class='ocrx_word' id='word_1_562' title='bbox 2252 4234 2463 4288; x_wconf 84' lang='lat' dir='ltr'><strong>faciunt</strong></span> <span class='ocrx_word' id='word_1_563' title='bbox 2481 4232 2662 4287; x_wconf 87' lang='lat' dir='ltr'><strong>adhuc</strong></span> <span class='ocrx_word' id='word_1_564' title='bbox 2685 4232 2847 4288; x_wconf 90' lang='lat' dir='ltr'><strong>istius</strong></span> <span class='ocrx_word' id='word_1_565' title='bbox 2874 4235 3229 4306; x_wconf 88' lang='lat' dir='ltr'><strong>tempestatis</strong></span> <span class='ocrx_word' id='word_1_566' title='bbox 3262 4235 3444 4297; x_wconf 91' lang='lat' dir='ltr'><strong>multi,</strong></span> <span class='ocrx_word' id='word_1_567' title='bbox 3462 4233 3689 4288; x_wconf 81' lang='lat' dir='ltr'><strong>nolentes</strong></span> 
     </span>
    </p>
   </div>
   <div class='ocr_carea' id='block_1_84' title="bbox 2118 4320 3692 4395">
    <p class='ocr_par' dir='ltr' id='par_1_84' title="bbox 2118 4320 3692 4395">
     <span class='ocr_line' id='line_1_84' title="bbox 2118 4320 3692 4395; baseline -0.004 -17"><span class='ocrx_word' id='word_1_568' title='bbox 2118 4323 2405 4395; x_wconf 80' lang='lat' dir='ltr'><strong>praeterire</strong></span> <span class='ocrx_word' id='word_1_569' title='bbox 2458 4323 2721 4377; x_wconf 89' lang='lat' dir='ltr'><strong>tacendos</strong></span> <span class='ocrx_word' id='word_1_570' title='bbox 2764 4339 2903 4394; x_wconf 88' lang='lat' dir='ltr'><strong>quos</strong></span> <span class='ocrx_word' id='word_1_571' title='bbox 2947 4324 3187 4395; x_wconf 89' lang='lat' dir='ltr'><strong>alicujus</strong></span> <span class='ocrx_word' id='word_1_572' title='bbox 3230 4324 3502 4380; x_wconf 90' lang='lat' dir='ltr'><strong>momenti</strong></span> <span class='ocrx_word' id='word_1_573' title='bbox 3539 4320 3692 4375; x_wconf 85' lang='lat' dir='ltr'><strong>fuisse</strong></span> 
     </span>
    </p>
   </div>
   <div class='ocr_carea' id='block_1_85' title="bbox 2123 4405 3693 4485">
    <p class='ocr_par' dir='ltr' id='par_1_85' title="bbox 2123 4405 3693 4485">
     <span class='ocr_line' id='line_1_85' title="bbox 2123 4405 3693 4485; baseline -0.005 -17"><span class='ocrx_word' id='word_1_574' title='bbox 2123 4418 2412 4484; x_wconf 83' lang='lat' dir='ltr'><strong>putarunt.</strong></span> <span class='ocrx_word' id='word_1_575' title='bbox 2447 4412 2601 4466; x_wconf 89' lang='lat' dir='ltr'><strong>Inter</strong></span> <span class='ocrx_word' id='word_1_576' title='bbox 2631 4426 2771 4483; x_wconf 90' lang='lat' dir='ltr'><strong>quos</strong></span> <span class='ocrx_word' id='word_1_577' title='bbox 2808 4413 3112 4468; x_wconf 90' lang='lat' dir='ltr'><strong>Beccenses</strong></span> <span class='ocrx_word' id='word_1_578' title='bbox 3162 4414 3377 4485; x_wconf 89' lang='lat' dir='ltr'><strong>primos</strong></span> <span class='ocrx_word' id='word_1_579' title='bbox 3406 4412 3573 4484; x_wconf 87' lang='lat' dir='ltr'><strong>ipsius</strong></span> <span class='ocrx_word' id='word_1_580' title='bbox 3601 4405 3693 4462; x_wconf 88' lang='lat' dir='ltr'><strong>loci</strong></span> 
     </span>
    </p>
   </div>
   <div class='ocr_carea' id='block_1_86' title="bbox 2126 4496 3695 4573">
    <p class='ocr_par' dir='ltr' id='par_1_86' title="bbox 2126 4496 3695 4573">
     <span class='ocr_line' id='line_1_86' title="bbox 2126 4496 3695 4573; baseline -0.004 -18"><span class='ocrx_word' id='word_1_581' title='bbox 2126 4505 2451 4566; x_wconf 87' lang='lat' dir='ltr'><strong>structores,</strong></span> <span class='ocrx_word' id='word_1_582' title='bbox 2487 4506 2545 4554; x_wconf 87' lang='lat' dir='ltr'><strong>et</strong></span> <span class='ocrx_word' id='word_1_583' title='bbox 2571 4506 2867 4567; x_wconf 89' lang='lat' dir='ltr'><strong>erectores,</strong></span> <span class='ocrx_word' id='word_1_584' title='bbox 2901 4503 3035 4573; x_wconf 89' lang='lat' dir='ltr'><strong>quia</strong></span> <span class='ocrx_word' id='word_1_585' title='bbox 3073 4504 3189 4558; x_wconf 93' lang='lat' dir='ltr'><strong>Deo</strong></span> <span class='ocrx_word' id='word_1_586' title='bbox 3222 4504 3362 4568; x_wconf 90' lang='lat' dir='ltr'><strong>noti,</strong></span> <span class='ocrx_word' id='word_1_587' title='bbox 3395 4508 3451 4557; x_wconf 92' lang='lat' dir='ltr'><strong>et</strong></span> <span class='ocrx_word' id='word_1_588' title='bbox 3482 4496 3695 4555; x_wconf 85' lang='lat' dir='ltr'><strong>homini-</strong></span> 
     </span>
    </p>
   </div>
   <div class='ocr_carea' id='block_1_87' title="bbox 2124 4581 3697 4658">
    <p class='ocr_par' dir='ltr' id='par_1_87' title="bbox 2124 4581 3697 4658">
     <span class='ocr_line' id='line_1_87' title="bbox 2124 4581 3697 4658; baseline -0.004 -17"><span class='ocrx_word' id='word_1_589' title='bbox 2124 4587 2230 4641; x_wconf 91' lang='lat' dir='ltr'><strong>bus</strong></span> <span class='ocrx_word' id='word_1_590' title='bbox 2249 4586 2403 4641; x_wconf 89' lang='lat' dir='ltr'><strong>chari</strong></span> <span class='ocrx_word' id='word_1_591' title='bbox 2435 4586 2681 4651; x_wconf 86' lang='lat' dir='ltr'><strong>fuerunt,</strong></span> <span class='ocrx_word' id='word_1_592' title='bbox 2708 4592 2771 4641; x_wconf 92' lang='lat' dir='ltr'><strong>ut</strong></span> <span class='ocrx_word' id='word_1_593' title='bbox 2790 4586 2957 4642; x_wconf 91' lang='lat' dir='ltr'><strong>rebus</strong></span> <span class='ocrx_word' id='word_1_594' title='bbox 2986 4588 3123 4658; x_wconf 91' lang='lat' dir='ltr'><strong>ipsis</strong></span> <span class='ocrx_word' id='word_1_595' title='bbox 3155 4589 3382 4655; x_wconf 89' lang='lat' dir='ltr'><strong>claruit,</strong></span> <span class='ocrx_word' id='word_1_596' title='bbox 3404 4581 3697 4642; x_wconf 87' lang='lat' dir='ltr'><strong>mandando</strong></span> 
     </span>
    </p>
   </div>
   <div class='ocr_carea' id='block_1_88' title="bbox 2125 4675 3701 4749">
    <p class='ocr_par' dir='ltr' id='par_1_88' title="bbox 2125 4675 3701 4749">
     <span class='ocr_line' id='line_1_88' title="bbox 2125 4675 3701 4749; baseline -0.002 -19"><span class='ocrx_word' id='word_1_597' title='bbox 2125 4676 2349 4741; x_wconf 87' lang='lat' dir='ltr'><strong>litteris,</strong></span> <span class='ocrx_word' id='word_1_598' title='bbox 2400 4681 2528 4747; x_wconf 87' lang='lat' dir='ltr'><strong>post</strong></span> <span class='ocrx_word' id='word_1_599' title='bbox 2569 4692 2628 4730; x_wconf 90' lang='lat' dir='ltr'><strong>se</strong></span> <span class='ocrx_word' id='word_1_600' title='bbox 2672 4676 2921 4731; x_wconf 89' lang='lat' dir='ltr'><strong>venturis</strong></span> <span class='ocrx_word' id='word_1_601' title='bbox 2951 4693 3145 4732; x_wconf 87' lang='lat' dir='ltr'><strong>eorum</strong></span> <span class='ocrx_word' id='word_1_602' title='bbox 3184 4679 3340 4749; x_wconf 88' lang='lat' dir='ltr'><strong>piam</strong></span> <span class='ocrx_word' id='word_1_603' title='bbox 3375 4675 3701 4748; x_wconf 80' lang='lat' dir='ltr'><strong>reliquerunt</strong></span> 
     </span>
    </p>
   </div>
   <div class='ocr_carea' id='block_1_89' title="bbox 452 4761 3703 4841">
    <p class='ocr_par' dir='ltr' id='par_1_89' title="bbox 452 4761 3703 4841">
     <span class='ocr_line' id='line_1_89' title="bbox 452 4761 3703 4841; baseline -0.003 -17"><span class='ocrx_word' id='word_1_604' title='bbox 452 4785 610 4824; x_wconf 82' lang='lat' dir='ltr'><strong>mare</strong></span> <span class='ocrx_word' id='word_1_605' title='bbox 638 4768 966 4823; x_wconf 87' lang='lat' dir='ltr'><strong>voluerunt:</strong></span> <span class='ocrx_word' id='word_1_606' title='bbox 1002 4785 1113 4822; x_wconf 92' lang='lat' dir='ltr'><strong>non</strong></span> <span class='ocrx_word' id='word_1_607' title='bbox 1143 4768 1212 4822; x_wconf 91' lang='lat' dir='ltr'><strong>ad</strong></span> <span class='ocrx_word' id='word_1_608' title='bbox 1233 4770 1572 4840; x_wconf 89' lang='lat' dir='ltr'><strong>captandum</strong></span> <span class='ocrx_word' id='word_1_609' title='bbox 1602 4771 1750 4841; x_wconf 88' lang='lat' dir='ltr'><strong>vulgi</strong></span> <span class='ocrx_word' id='word_1_610' title='bbox 1776 4772 2040 4837; x_wconf 85' lang='lat' dir='ltr'><strong>favorem,</strong></span> <span class='ocrx_word' id='word_1_611' title='bbox 2062 4774 2110 4831; x_wconf 89' lang='lat' dir='ltr'><strong>D</strong></span> <span class='ocrx_word' id='word_1_612' title='bbox 2129 4765 2480 4831; x_wconf 89' lang='lat' dir='ltr'><strong>memoriam,</strong></span> <span class='ocrx_word' id='word_1_613' title='bbox 2523 4765 2627 4819; x_wconf 90' lang='lat' dir='ltr'><strong>hoc</strong></span> <span class='ocrx_word' id='word_1_614' title='bbox 2673 4770 2759 4819; x_wconf 91' lang='lat' dir='ltr'><strong>est</strong></span> <span class='ocrx_word' id='word_1_615' title='bbox 2805 4765 2956 4820; x_wconf 90' lang='lat' dir='ltr'><strong>beati</strong></span> <span class='ocrx_word' id='word_1_616' title='bbox 2988 4766 3173 4821; x_wconf 88' lang='lat' dir='ltr'><strong>Patris</strong></span> <span class='ocrx_word' id='word_1_617' title='bbox 3204 4768 3487 4832; x_wconf 90' lang='lat' dir='ltr'><strong>Herluini,</strong></span> <span class='ocrx_word' id='word_1_618' title='bbox 3519 4761 3703 4819; x_wconf 72' lang='lat' dir='ltr'><strong>nobilis</strong></span> 
     </span>
    </p>
   </div>
   <div class='ocr_carea' id='block_1_90' title="bbox 455 4858 2050 4928">
    <p class='ocr_par' dir='ltr' id='par_1_90' title="bbox 455 4858 2050 4928">
     <span class='ocr_line' id='line_1_90' title="bbox 455 4858 2050 4928; baseline -0.001 -15"><span class='ocrx_word' id='word_1_619' title='bbox 455 4859 553 4913; x_wconf 91' lang='lat' dir='ltr'><strong>sed</strong></span> <span class='ocrx_word' id='word_1_620' title='bbox 602 4863 668 4912; x_wconf 92' lang='lat' dir='ltr'><strong>ut</strong></span> <span class='ocrx_word' id='word_1_621' title='bbox 702 4863 1066 4928; x_wconf 87' lang='lat' dir='ltr'><strong>agnoscentes</strong></span> <span class='ocrx_word' id='word_1_622' title='bbox 1112 4858 1407 4927; x_wconf 86' lang='lat' dir='ltr'><strong>religiosas</strong></span> <span class='ocrx_word' id='word_1_623' title='bbox 1457 4876 1648 4915; x_wconf 89' lang='lat' dir='ltr'><strong>eorum</strong></span> <span class='ocrx_word' id='word_1_624' title='bbox 1681 4860 2050 4915; x_wconf 82' lang='lat' dir='ltr'><strong>conversatio-</strong></span> 
     </span>
    </p>
   </div>
   <div class='ocr_carea' id='block_1_91' title="bbox 458 4946 2049 5017">
    <p class='ocr_par' dir='ltr' id='par_1_91' title="bbox 458 4946 2049 5017">
     <span class='ocr_line' id='line_1_91' title="bbox 458 4946 2049 5017; baseline 0.001 -15"><span class='ocrx_word' id='word_1_625' title='bbox 458 4963 580 5012; x_wconf 87' lang='lat' dir='ltr'><strong>nes,</strong></span> <span class='ocrx_word' id='word_1_626' title='bbox 612 4948 683 5001; x_wconf 90' lang='lat' dir='ltr'><strong>ad</strong></span> <span class='ocrx_word' id='word_1_627' title='bbox 725 4946 961 5017; x_wconf 86' lang='lat' dir='ltr'><strong>gloriam</strong></span> <span class='ocrx_word' id='word_1_628' title='bbox 1022 4947 1122 5002; x_wconf 90' lang='lat' dir='ltr'><strong>Dei</strong></span> <span class='ocrx_word' id='word_1_629' title='bbox 1168 4946 1428 5003; x_wconf 90' lang='lat' dir='ltr'><strong>laudibus</strong></span> <span class='ocrx_word' id='word_1_630' title='bbox 1477 4949 1817 5014; x_wconf 91' lang='lat' dir='ltr'><strong>attollerent,</strong></span> <span class='ocrx_word' id='word_1_631' title='bbox 1847 4956 1904 5003; x_wconf 92' lang='lat' dir='ltr'><strong>et</strong></span> <span class='ocrx_word' id='word_1_632' title='bbox 1944 4949 2049 5003; x_wconf 90' lang='lat' dir='ltr'><strong>sibi</strong></span> 
     </span>
    </p>
   </div>
   <div class='ocr_carea' id='block_1_92' title="bbox 456 5036 2049 5109">
    <p class='ocr_par' dir='ltr' id='par_1_92' title="bbox 456 5036 2049 5109">
     <span class='ocr_line' id='line_1_92' title="bbox 456 5036 2049 5109; baseline -0.001 -16"><span class='ocrx_word' id='word_1_633' title='bbox 456 5038 743 5109; x_wconf 84' lang='lat' dir='ltr'><strong>exemplar</strong></span> <span class='ocrx_word' id='word_1_634' title='bbox 770 5036 1118 5108; x_wconf 88' lang='lat' dir='ltr'><strong>propositum</strong></span> <span class='ocrx_word' id='word_1_635' title='bbox 1147 5036 1288 5091; x_wconf 90' lang='lat' dir='ltr'><strong>bene</strong></span> <span class='ocrx_word' id='word_1_636' title='bbox 1316 5037 1553 5105; x_wconf 83' lang='lat' dir='ltr'><strong>vivendi,</strong></span> <span class='ocrx_word' id='word_1_637' title='bbox 1598 5038 1813 5092; x_wconf 86' lang='lat' dir='ltr'><strong>actibus</strong></span> <span class='ocrx_word' id='word_1_638' title='bbox 1859 5055 2049 5109; x_wconf 89' lang='lat' dir='ltr'><strong>prose-</strong></span> 
     </span>
    </p>
   </div>
   <div class='ocr_carea' id='block_1_93' title="bbox 458 5131 2054 5201">
    <p class='ocr_par' dir='ltr' id='par_1_93' title="bbox 458 5131 2054 5201">
     <span class='ocr_line' id='line_1_93' title="bbox 458 5131 2054 5201; baseline -0.001 -17"><span class='ocrx_word' id='word_1_639' title='bbox 458 5132 783 5201; x_wconf 88' lang='lat' dir='ltr'><strong>querentur,</strong></span> <span class='ocrx_word' id='word_1_640' title='bbox 832 5131 897 5181; x_wconf 91' lang='lat' dir='ltr'><strong>ut</strong></span> <span class='ocrx_word' id='word_1_641' title='bbox 946 5131 1213 5181; x_wconf 65' lang='lat' dir='ltr'><strong>aeternam</strong></span> <span class='ocrx_word' id='word_1_642' title='bbox 1271 5133 1728 5198; x_wconf 88' lang='lat' dir='ltr'><strong>promererentur</strong></span> <span class='ocrx_word' id='word_1_643' title='bbox 1798 5144 2054 5182; x_wconf 89' lang='lat' dir='ltr'><strong>remune-</strong></span> 
     </span>
    </p>
   </div>
   <div class='ocr_carea' id='block_1_94' title="bbox 459 5216 2044 5288">
    <p class='ocr_par' dir='ltr' id='par_1_94' title="bbox 459 5216 2044 5288">
     <span class='ocr_line' id='line_1_94' title="bbox 459 5216 2044 5288; baseline -0.003 -14"><span class='ocrx_word' id='word_1_644' title='bbox 459 5218 754 5275; x_wconf 88' lang='lat' dir='ltr'><strong>rationem.</strong></span> <span class='ocrx_word' id='word_1_645' title='bbox 795 5216 956 5272; x_wconf 89' lang='lat' dir='ltr'><strong>Unde</strong></span> <span class='ocrx_word' id='word_1_646' title='bbox 993 5216 1225 5287; x_wconf 87' lang='lat' dir='ltr'><strong>quidam</strong></span> <span class='ocrx_word' id='word_1_647' title='bbox 1255 5218 1479 5288; x_wconf 88' lang='lat' dir='ltr'><strong>sapiens</strong></span> <span class='ocrx_word' id='word_1_648' title='bbox 1525 5217 1784 5271; x_wconf 87' lang='lat' dir='ltr'><strong>hortatur</strong></span> <span class='ocrx_word' id='word_1_649' title='bbox 1811 5216 1999 5270; x_wconf 86' lang='lat' dir='ltr'><strong>dicens</strong></span> <span class='ocrx_word' id='word_1_650' title='bbox 2034 5236 2044 5270; x_wconf 91' lang='lat'><strong>:</strong></span> 
     </span>
    </p>
   </div>
   <div class='ocr_carea' id='block_1_95' title="bbox 459 5308 2053 5374">
    <p class='ocr_par' dir='ltr' id='par_1_95' title="bbox 459 5308 2053 5374">
     <span class='ocr_line' id='line_1_95' title="bbox 459 5308 2053 5374; baseline -0.003 -12"><span class='ocrx_word' id='word_1_651' title='bbox 459 5310 764 5363; x_wconf 76' lang='lat' dir='ltr'><strong>Laudemus</strong></span> <span class='ocrx_word' id='word_1_652' title='bbox 803 5309 949 5359; x_wconf 77' lang='lat' dir='ltr'><strong>viros</strong></span> <span class='ocrx_word' id='word_1_653' title='bbox 973 5308 1251 5373; x_wconf 73' lang='lat' dir='ltr'><strong>religiosos</strong></span> <span class='ocrx_word' id='word_1_654' title='bbox 1272 5310 1320 5359; x_wconf 84' lang='lat' dir='ltr'><strong>et</strong></span> <span class='ocrx_word' id='word_1_655' title='bbox 1347 5310 1606 5374; x_wconf 82' lang='lat' dir='ltr'><strong>parentes</strong></span> <span class='ocrx_word' id='word_1_656' title='bbox 1632 5311 1842 5359; x_wconf 75' lang='lat' dir='ltr'><strong>nostros</strong></span> <span class='ocrx_word' id='word_1_657' title='bbox 1874 5309 1935 5359; x_wconf 71' lang='lat' dir='ltr'><strong>in.</strong></span> <span class='ocrx_word' id='word_1_658' title='bbox 1968 5322 2053 5373; x_wconf 78' lang='lat' dir='ltr'><strong>ge-</strong></span> 
     </span>
    </p>
   </div>
   <div class='ocr_carea' id='block_1_96' title="bbox 460 5396 2051 5465">
    <p class='ocr_par' dir='ltr' id='par_1_96' title="bbox 460 5396 2051 5465">
     <span class='ocr_line' id='line_1_96' title="bbox 460 5396 2051 5465; baseline -0.002 -13"><span class='ocrx_word' id='word_1_659' title='bbox 460 5402 750 5453; x_wconf 76' lang='lat' dir='ltr'><strong>neratione</strong></span> <span class='ocrx_word' id='word_1_660' title='bbox 790 5412 893 5450; x_wconf 84' lang='lat' dir='ltr'><strong>sua</strong></span> <span class='ocrx_word' id='word_1_661' title='bbox 929 5396 1099 5461; x_wconf 74' lang='lat' dir='ltr'><strong>(Eccli</strong></span> <span class='ocrx_word' id='word_1_662' title='bbox 1148 5410 1296 5455; x_wconf 74' lang='lat' dir='ltr'><strong>XLIV.</strong></span> <span class='ocrx_word' id='word_1_663' title='bbox 1356 5396 1427 5463; x_wconf 84' lang='lat' dir='ltr'><strong>l);</strong></span> <span class='ocrx_word' id='word_1_664' title='bbox 1478 5401 1647 5465; x_wconf 91' lang='lat' dir='ltr'><strong>atque</strong></span> <span class='ocrx_word' id='word_1_665' title='bbox 1688 5396 1986 5465; x_wconf 86' lang='lat' dir='ltr'><strong>Apostolus</strong></span> <span class='ocrx_word' id='word_1_666' title='bbox 2041 5415 2051 5449; x_wconf 94' lang='lat'><strong>:</strong></span> 
     </span>
    </p>
   </div>
   <div class='ocr_carea' id='block_1_97' title="bbox 2132 4854 3700 4927">
    <p class='ocr_par' dir='ltr' id='par_1_97' title="bbox 2132 4854 3700 4927">
     <span class='ocr_line' id='line_1_97' title="bbox 2132 4854 3700 4927; baseline -0.001 -19"><span class='ocrx_word' id='word_1_667' title='bbox 2132 4870 2354 4926; x_wconf 89' lang='lat' dir='ltr'><strong>quoque</strong></span> <span class='ocrx_word' id='word_1_668' title='bbox 2407 4854 2676 4916; x_wconf 89' lang='lat' dir='ltr'><strong>Wilelmi,</strong></span> <span class='ocrx_word' id='word_1_669' title='bbox 2729 4860 2899 4925; x_wconf 92' lang='lat' dir='ltr'><strong>atque</strong></span> <span class='ocrx_word' id='word_1_670' title='bbox 2966 4855 3370 4927; x_wconf 88' lang='lat' dir='ltr'><strong>sapientissimi</strong></span> <span class='ocrx_word' id='word_1_671' title='bbox 3426 4854 3645 4911; x_wconf 90' lang='lat' dir='ltr'><strong>Bosonis</strong></span> <span class='ocrx_word' id='word_1_672' title='bbox 3689 4868 3700 4915; x_wconf 87' lang='lat'><strong>;</strong></span> 
     </span>
    </p>
   </div>
   <div class='ocr_carea' id='block_1_98' title="bbox 2132 4942 3705 5016">
    <p class='ocr_par' dir='ltr' id='par_1_98' title="bbox 2132 4942 3705 5016">
     <span class='ocr_line' id='line_1_98' title="bbox 2132 4942 3705 5016; baseline -0.004 -17"><span class='ocrx_word' id='word_1_673' title='bbox 2132 4944 2310 4999; x_wconf 88' lang='lat' dir='ltr'><strong>sancti</strong></span> <span class='ocrx_word' id='word_1_674' title='bbox 2339 4960 2467 4997; x_wconf 90' lang='lat' dir='ltr'><strong>vero</strong></span> <span class='ocrx_word' id='word_1_675' title='bbox 2488 4942 2958 4997; x_wconf 85' lang='lat' dir='ltr'><strong>AnselimiVitam</strong></span> <span class='ocrx_word' id='word_1_676' title='bbox 2983 4946 3100 5016; x_wconf 93' lang='lat' dir='ltr'><strong>(qui</strong></span> <span class='ocrx_word' id='word_1_677' title='bbox 3132 4946 3412 5001; x_wconf 88' lang='lat' dir='ltr'><strong>secundus</strong></span> <span class='ocrx_word' id='word_1_678' title='bbox 3440 4944 3606 4999; x_wconf 89' lang='lat' dir='ltr'><strong>abbas</strong></span> <span class='ocrx_word' id='word_1_679' title='bbox 3628 4955 3705 4994; x_wconf 79' lang='lat' dir='ltr'><strong>ex-</strong></span> 
     </span>
    </p>
   </div>
   <div class='ocr_carea' id='block_1_99' title="bbox 2134 5028 3707 5104">
    <p class='ocr_par' dir='ltr' id='par_1_99' title="bbox 2134 5028 3707 5104">
     <span class='ocr_line' id='line_1_99' title="bbox 2134 5028 3707 5104; baseline -0.003 -16"><span class='ocrx_word' id='word_1_680' title='bbox 2134 5034 2280 5088; x_wconf 91' lang='lat' dir='ltr'><strong>stitit</strong></span> <span class='ocrx_word' id='word_1_681' title='bbox 2309 5032 2485 5104; x_wconf 89' lang='lat' dir='ltr'><strong>ipsius</strong></span> <span class='ocrx_word' id='word_1_682' title='bbox 2529 5032 2657 5100; x_wconf 89' lang='lat' dir='ltr'><strong>loci)</strong></span> <span class='ocrx_word' id='word_1_683' title='bbox 2710 5032 2939 5102; x_wconf 87' lang='lat' dir='ltr'><strong>quidam</strong></span> <span class='ocrx_word' id='word_1_684' title='bbox 2970 5034 3364 5090; x_wconf 86' lang='lat' dir='ltr'><strong>Canturiensis</strong></span> <span class='ocrx_word' id='word_1_685' title='bbox 3403 5035 3593 5101; x_wconf 85' lang='lat' dir='ltr'><strong>edidit,</strong></span> <span class='ocrx_word' id='word_1_686' title='bbox 3624 5028 3707 5102; x_wconf 88' lang='lat' dir='ltr'><strong>qui</strong></span> 
     </span>
    </p>
   </div>
   <div class='ocr_carea' id='block_1_100' title="bbox 2137 5121 3709 5197">
    <p class='ocr_par' dir='ltr' id='par_1_100' title="bbox 2137 5121 3709 5197">
     <span class='ocr_line' id='line_1_100' title="bbox 2137 5121 3709 5197; baseline -0.003 -20"><span class='ocrx_word' id='word_1_687' title='bbox 2137 5123 2187 5177; x_wconf 91' lang='lat' dir='ltr'><strong>ei</strong></span> <span class='ocrx_word' id='word_1_688' title='bbox 2217 5121 2471 5187; x_wconf 81' lang='lat' dir='ltr'><strong>adhaesit,</strong></span> <span class='ocrx_word' id='word_1_689' title='bbox 2497 5126 2555 5175; x_wconf 91' lang='lat' dir='ltr'><strong>et</strong></span> <span class='ocrx_word' id='word_1_690' title='bbox 2582 5137 2761 5192; x_wconf 90' lang='lat' dir='ltr'><strong>usque</strong></span> <span class='ocrx_word' id='word_1_691' title='bbox 2788 5121 2857 5175; x_wconf 90' lang='lat' dir='ltr'><strong>ad</strong></span> <span class='ocrx_word' id='word_1_692' title='bbox 2883 5128 3121 5178; x_wconf 85' lang='lat' dir='ltr'><strong>mortem</strong></span> <span class='ocrx_word' id='word_1_693' title='bbox 3156 5128 3213 5179; x_wconf 84' lang='lat' dir='ltr'><strong>in</strong></span> <span class='ocrx_word' id='word_1_694' title='bbox 3241 5125 3709 5197; x_wconf 88' lang='lat' dir='ltr'><strong>archiepiscopatu</strong></span> 
     </span>
    </p>
   </div>
   <div class='ocr_carea' id='block_1_101' title="bbox 2134 5211 3713 5282">
    <p class='ocr_par' dir='ltr' id='par_1_101' title="bbox 2134 5211 3713 5282">
     <span class='ocr_line' id='line_1_101' title="bbox 2134 5211 3713 5282; baseline -0.003 -16"><span class='ocrx_word' id='word_1_695' title='bbox 2134 5211 2448 5278; x_wconf 85' lang='lat' dir='ltr'><strong>deservivit,</strong></span> <span class='ocrx_word' id='word_1_696' title='bbox 2484 5227 2611 5282; x_wconf 89' lang='lat' dir='ltr'><strong>quo,</strong></span> <span class='ocrx_word' id='word_1_697' title='bbox 2671 5211 2786 5265; x_wconf 90' lang='lat' dir='ltr'><strong>Deo</strong></span> <span class='ocrx_word' id='word_1_698' title='bbox 2838 5212 3077 5277; x_wconf 88' lang='lat' dir='ltr'><strong>volente,</strong></span> <span class='ocrx_word' id='word_1_699' title='bbox 3109 5216 3417 5269; x_wconf 88' lang='lat' dir='ltr'><strong>translatus</strong></span> <span class='ocrx_word' id='word_1_700' title='bbox 3472 5212 3618 5277; x_wconf 86' lang='lat' dir='ltr'><strong>fuit;</strong></span> <span class='ocrx_word' id='word_1_701' title='bbox 3663 5214 3713 5263; x_wconf 91' lang='lat' dir='ltr'><strong>et</strong></span> 
     </span>
    </p>
   </div>
   <div class='ocr_carea' id='block_1_102' title="bbox 2135 5299 3710 5376">
    <p class='ocr_par' dir='ltr' id='par_1_102' title="bbox 2135 5299 3710 5376">
     <span class='ocr_line' id='line_1_102' title="bbox 2135 5299 3710 5376; baseline -0.001 -22"><span class='ocrx_word' id='word_1_702' title='bbox 2135 5301 2405 5372; x_wconf 87' lang='lat' dir='ltr'><strong>quidquid</strong></span> <span class='ocrx_word' id='word_1_703' title='bbox 2437 5300 2505 5353; x_wconf 93' lang='lat' dir='ltr'><strong>de</strong></span> <span class='ocrx_word' id='word_1_704' title='bbox 2536 5316 2601 5353; x_wconf 91' lang='lat' dir='ltr'><strong>eo</strong></span> <span class='ocrx_word' id='word_1_705' title='bbox 2629 5299 2817 5353; x_wconf 88' lang='lat' dir='ltr'><strong>videre</strong></span> <span class='ocrx_word' id='word_1_706' title='bbox 2845 5301 2930 5354; x_wconf 82' lang='lat' dir='ltr'><strong>vel</strong></span> <span class='ocrx_word' id='word_1_707' title='bbox 2982 5302 3177 5357; x_wconf 88' lang='lat' dir='ltr'><strong>audire</strong></span> <span class='ocrx_word' id='word_1_708' title='bbox 3224 5304 3427 5376; x_wconf 88' lang='lat' dir='ltr'><strong>potuit,</strong></span> <span class='ocrx_word' id='word_1_709' title='bbox 3459 5302 3710 5373; x_wconf 86' lang='lat' dir='ltr'><strong>scriptum</strong></span> 
     </span>
    </p>
   </div>
   <div class='ocr_carea' id='block_1_103' title="bbox 2138 5391 2386 5462">
    <p class='ocr_par' dir='ltr' id='par_1_103' title="bbox 2138 5391 2386 5462">
     <span class='ocr_line' id='line_1_103' title="bbox 2138 5391 2386 5462; baseline -0.012 -16"><span class='ocrx_word' id='word_1_710' title='bbox 2138 5391 2386 5462; x_wconf 89' lang='lat' dir='ltr'><strong>reliquit.</strong></span> 
     </span>
    </p>
   </div>
   <div class='ocr_carea' id='block_1_104' title="bbox 525 5535 2379 5611">
    <p class='ocr_par' dir='ltr' id='par_1_104' title="bbox 525 5535 2379 5611">
     <span class='ocr_line' id='line_1_104' title="bbox 525 5535 2379 5611; baseline -0.004 -20"><span class='ocrx_word' id='word_1_711' title='bbox 525 5537 640 5611; x_wconf 80' lang='lat'><strong>(76)</strong></span> <span class='ocrx_word' id='word_1_712' title='bbox 678 5539 921 5610; x_wconf 89' lang='lat' dir='ltr'><strong>Hujusce</strong></span> <span class='ocrx_word' id='word_1_713' title='bbox 959 5537 1302 5610; x_wconf 69' lang='lat' dir='ltr'><strong>praefationis</strong></span> <span class='ocrx_word' id='word_1_714' title='bbox 1344 5542 1537 5592; x_wconf 84' lang='lat' dir='ltr'><strong>auctor</strong></span> <span class='ocrx_word' id='word_1_715' title='bbox 1581 5539 1664 5603; x_wconf 91' lang='lat' dir='ltr'><strong>(ut</strong></span> <span class='ocrx_word' id='word_1_716' title='bbox 1700 5540 1852 5609; x_wconf 76' lang='lat' dir='ltr'><strong>puto)</strong></span> <span class='ocrx_word' id='word_1_717' title='bbox 1889 5540 2041 5594; x_wconf 80' lang='lat' dir='ltr'><strong>Mille</strong></span> <span class='ocrx_word' id='word_1_718' title='bbox 2075 5535 2379 5605; x_wconf 68' lang='lat' dir='ltr'><strong>Crispinus.</strong></span> 
     </span>
    </p>
   </div>
  </div>
