3902 6166
193 298 276 356 697

1005 301 1184 358 VITA
1225 304 1281 360 S.
1323 299 1674 360 HERLUINI
1711 293 2015 357 ABBATIS
2054 289 2450 349 BECCENSIS
2485 288 2712 347 PRIMI.

3344 282 3450 342 698

731 659 1138 788 VITA
1239 656 1872 789 SANCTI
1980 651 2868 784 HERLUINI

592 865 806 926 PRIMI
896 868 1276 928 PASTORIS
1361 868 1461 927 ET
1547 864 2052 928 FUNDATORIS
2142 860 2557 922 BECCENSIS
2645 855 3020 918 COENOBII.

910 1000 1162 1058 Auctore
1194 997 1462 1060 Ge'lberto
1494 997 1774 1076 Crispino
1803 997 2014 1057 abbate
2055 993 2685 1059 Westmonasteriensz’.

255 1232 516 1296 Quoniam
551 1234 609 1288 in
643 1251 701 1288 re
731 1235 965 1290 militari
1004 1254 1126 1308 quae
1166 1238 1292 1308 quis
1331 1244 1646 1293 memoratu
1679 1237 2160 1303 di-Aanimosus,
2195 1253 2361 1308 quem
2406 1234 2762 1290 scribendum
2793 1232 3128 1303 accepimus,
3159 1230 3255 1284 ubi
3293 1244 3445 1283 com-

191 1337 286 1390 gna
319 1321 468 1392 legit,
500 1323 707 1394 scripto
739 1325 983 1381 eduntur
1021 1328 1092 1381 ad
1131 1327 1478 1397 posteritatis
1515 1329 1770 1383 exhorta-

191 1411 376 1464 tionem
397 1416 453 1464 et
472 1412 736 1466 laudibus
763 1415 1120 1480 attolluntur,
1141 1422 1308 1487 prout
1330 1417 1618 1488 ingenium
1640 1419 1768 1472 scri-

189 1499 344 1568 ptoris
373 1505 427 1554 et
454 1500 716 1556 facundia
745 1509 993 1574 prestat.
1034 1505 1258 1560 silentio
1279 1507 1630 1578 supersederi
1657 1524 1767 1562 non

190 1587 354 1652 debet,
373 1589 442 1642 ad
468 1590 675 1645 divinae
697 1592 921 1647 virtutis
938 1594 1176 1664 gloriam
1199 1601 1256 1648 et
1275 1613 1491 1666 magnae
1513 1597 1569 1650 in
1595 1597 1769 1650 Deum

191 1677 303 1730 ﬁdei
333 1678 587 1743 formam,
625 1697 748 1750 quae
779 1681 840 1735 in
871 1683 1137 1737 satellitio
1183 1684 1392 1738 Christi
1429 1691 1623 1738 nostra
1652 1703 1768 1738 me-

192 1766 349 1819 moria
383 1769 646 1837 przeclare
687 1770 800 1841 egit
858 1771 1030 1826 abbas
1094 1773 1425 1827 venerabilis
1465 1774 1770 1830 Herluinus

192 1855 477 1922 Beccensis,
513 1859 674 1927 cujus
705 1859 928 1914 virtutis
962 1862 1062 1914 hoc
1092 1862 1161 1914 ad
1203 1863 1501 1931 quemdam
1540 1863 1768 1918 titulum

193 1944 562 2013 perscribatur,
591 1947 722 2017 quia
745 1949 1016 2002 mundum
1042 1951 1454 2019 jucundissime
1477 1950 1602 2012 sibi,
1623 1959 1680 2005 et
1699 1953 1768 2005 ad

193 2038 355 2086 votum
392 2034 755 2098 arridentem,
792 2053 857 2089 ea
888 2043 1052 2090 aetate
1083 2037 1306 2107 penitus
1346 2041 1621 2096 recusavit
1659 2057 1770 2111 qua

194 2121 552 2176 vehementius
603 2124 699 2176 alii
730 2141 788 2177 se
831 2125 1096 2195 ingerunt
1136 2128 1434 2192 recusanti,
1476 2135 1532 2181 et
1571 2128 1626 2181 in
1659 2144 1770 2198 qua

195 2210 351 2278 patria
391 2217 522 2264 tunc
572 2211 910 2267 incolumem
960 2215 1133 2269 armis
1189 2216 1427 2270 militem
1465 2216 1766 2287 abrogatis,

193 2299 495 2353 monachum
521 2302 644 2355 fieri
674 2309 995 2373 portentum
1027 2304 1356 2360 habebatur.

251 2389 291 2440 Α
306 2388 464 2443 Danis
487 2392 585 2460 qui
606 2392 1078 2447 Northmanniam
1106 2394 1274 2464 primi
1298 2394 1590 2448 obtinuere
1611 2400 1770 2465 pater

192 2476 292 2545 ejus
314 2479 581 2548 originem
604 2480 796 2548 duxit;
834 2487 1016 2536 mater
1035 2483 1348 2552 proximam
1374 2483 1577 2537 ducum
1607 2484 1771 2537 Flan-

1854 1334 2074 1400 pertum
2099 1326 2313 1390 habuit,
2341 1325 2486 1378 illico
2511 1323 2848 1394 injuriarum
2877 1321 3103 1385 oblitus,
3133 1319 3331 1389 viginti
3359 1334 3446 1370 se-

1856 1435 1981 1471 cum
2022 1417 2263 1470 delectos
2299 1414 2506 1468 milites
2533 1429 2826 1466 assumens
2847 1411 3030 1482 pergit
3055 1409 3126 1463 ad
3155 1408 3304 1463 diem
3329 1423 3448 1462 cer-

1853 1505 2100 1568 taminis,
2165 1504 2395 1558 minime
2451 1518 2579 1556 cum
2636 1501 2894 1563 Domino,
2951 1515 3142 1553 verum
3198 1512 3449 1551 seorsum

1851 1594 2044 1663 procul
2079 1593 2147 1646 ab
2172 1592 2397 1662 agmine
2439 1590 2570 1654 illo;
2606 1589 2812 1642 etenim
2845 1605 2959 1642 suae
2989 1603 3331 1657 suorumque
3359 1602 3449 1638 sa-

1852 1681 1986 1735 lutis
2016 1681 2234 1751 objecta
2266 1679 2395 1733 fidei
2415 1694 2548 1742 suae,
2584 1676 2939 1748 sponsionem
2978 1674 3282 1740 asserebat,
3306 1691 3451 1727 mor-

1853 1770 1924 1824 tis
1968 1769 2216 1840 periculo
2256 1765 2572 1838 appetebat,
2608 1765 2816 1818 nullius
2843 1763 3208 1819 emolumenti
3248 1762 3316 1815 ab
3354 1760 3449 1815 illo

1853 1859 2025 1911 vicem
2075 1855 2391 1926 exquirens.
2435 1855 2655 1909 Dictum
2706 1853 2842 1908 satis
2887 1858 2991 1916 est,
3045 1859 3101 1906 et
3137 1851 3228 1905 hic
3268 1850 3450 1905 lucide

1851 1945 2075 2017 agnosci
2102 1950 2286 2015 potest
2318 1943 2441 2014 quis
2488 1943 2685 2010 fuerit;
2731 1959 2844 1996 non
2874 1943 3187 1996 desertores
3227 1955 3450 2010 pugnae,

1852 2052 1990 2106 quos
2029 2036 2084 2088 in
2127 2035 2362 2087 aliorum
2398 2031 2695 2103 perniciem
2727 2038 2909 2085 metus
2948 2029 3202 2094 absolvit,
3233 2028 3279 2082 si
3312 2043 3452 2098 quos

1851 2123 1906 2176 in
1936 2123 2293 2176 dominorum
2319 2138 2511 2174 necem
2542 2126 2599 2175 et
2623 2121 2817 2190 patriae
2847 2118 3141 2182 excidium,
3175 2116 3452 2187 cupiditas

1852 2211 2085 2275 inducit,
2109 2213 2214 2265 hoc
2241 2210 2494 2280 exemplo
2528 2209 2888 2278 alloquimur,
2921 2224 3023 2261 nec
3045 2213 3162 2260 tam
3193 2204 3454 2260 militaris

1851 2300 2042 2370 gloriae
2080 2299 2311 2354 obtentu
2342 2314 2508 2369 quam
2536 2297 2821 2351 servandae
2851 2312 3018 2350 causa
3048 2294 3177 2349 fidei
3217 2294 3452 2366 proferi-

1853 2407 1998 2445 mus.
2034 2391 2156 2444 Dux
2187 2406 2286 2460 per
2320 2387 2522 2442 excelsi
2549 2388 2758 2442 montis
2785 2388 2932 2441 latus
2961 2402 3165 2457 agmen
3195 2401 3324 2439 cum
3353 2384 3455 2438 de-

1851 2479 2098 2544 duceret,
2142 2478 2294 2532 videt
2331 2495 2364 2531 a
2402 2482 2560 2546 tergo
2606 2475 2802 2546 viginti
2843 2480 3090 2528 armatos
3135 2473 3355 2528 eminus
3392 2473 3452 2526 in

191 2565 307 2620 driaz
348 2569 884 2638 consanguinitatem
937 2570 1143 2640 attigit.
1191 2575 1474 2642 Ansgotus
1503 2572 1616 2637 ille,
1659 2559 2020 2638 istaBplano
2052 2567 2337 2636 subsequi,
2373 2582 2436 2620 ac
2480 2565 2683 2619 hostile
2730 2564 2943 2634 aliquid
2973 2579 3169 2618 verens
3211 2563 3456 2634 imperat

191 2654 374 2726 Heloys
400 2674 605 2711 nomen
651 2659 909 2714 habebat.
943 2659 1292 2715 Gislebertus
1323 2661 1642 2715 Brionensis
1675 2679 1767 2716 co-

191 2759 294 2796 mes
336 2745 496 2816 primi
545 2746 808 2801 Richardi
850 2749 1246 2804 Nothmanniae
1294 2750 1450 2804 ducis
1491 2767 1666 2821 nepos
1706 2769 1771 2805 ex

191 2828 293 2882 ﬁlio
327 2833 544 2887 consule
585 2834 908 2901 Godefrido,
946 2836 1106 2890 illum
1153 2838 1462 2892 enutritum
1501 2855 1673 2909 penes
1712 2856 1770 2892 se

190 2916 320 2972 inter
345 2937 531 2976 omnes
574 2923 740 2978 curiae
795 2941 910 2978 suae
946 2925 1214 2995 primates
1256 2927 1454 2982 habuit
1500 2928 1770 2998 acceptis-

192 3007 346 3063 sime:
372 3010 574 3065 habilis
615 3012 706 3066 hic
734 3013 804 3067 ad
837 3030 995 3068 arma
1025 3015 1330 3086 plurimum
1362 3021 1500 3084 erat,
1534 3033 1635 3071 nec
1664 3017 1772 3071 mi-

193 3099 301 3150 ηοιί
322 3115 384 3152 ea
410 3101 772 3157 animositate
787 3103 1066 3174 gestabat.
1093 3105 1304 3159 Omnes
1321 3106 1572 3160 omnium
1599 3107 1772 3161 totius

190 3185 588 3244 Northmanniae
617 3193 896 3261 majorum
922 3192 1148 3249 familiae
1178 3193 1236 3248 in
1259 3195 1451 3249 electis
1481 3195 1639 3250 illum
1668 3196 1772 3250 lia-

191 3274 388 3343 bebant,
428 3278 487 3334 in
548 3280 722 3334 armis
771 3281 1036 3352 omnique
1092 3283 1175 3336 rei
1236 3284 1496 3338 militaris
1551 3302 1676 3351 usu,
1719 3291 1776 3339 et

189 3365 321 3419 cultu
349 3369 597 3438 corporis
619 3369 706 3422 sui
739 3369 1090 3424 attollebant.
1111 3371 1195 3425 Ab
1218 3372 1532 3427 inhonestis
1559 3379 1772 3428 averte-

193 3451 271 3506 bat
304 3455 573 3523 animum,
615 3457 864 3512 honestis
921 3475 1046 3528 quae
1104 3460 1272 3514 curiae
1323 3462 1513 3532 magni
1560 3462 1776 3516 faciunt

192 3540 524 3613 impendebat
571 3562 736 3600 omne
780 3546 1053 3613 studium,
1089 3548 1240 3602 domi
1271 3565 1335 3602 ac
1375 3550 1587 3604 militiae
1617 3567 1772 3605 com-

193 3630 481 3686 militonum
511 3649 744 3686 suorum
779 3635 1279 3704 priestantissimus
1299 3642 1451 3703 erat;
1484 3638 1684 3708 quibus
1705 3639 1773 3692 de

194 3717 331 3774 rebus
375 3737 490 3776 non
535 3722 720 3776 solum
754 3722 1100 3793 singularem
1131 3725 1344 3780 domini
1390 3727 1476 3781 sui
1524 3727 1776 3783 obtinue-

1852 2656 2140 2710 confestim
2175 2655 2270 2726 qui
2302 2659 2492 2709 essent
2533 2654 2736 2708 scitum
2780 2653 2883 2707 ire.
2907 2653 3213 2718 Accedunt,
3239 2668 3369 2706 suos
3398 2657 3456 2706 et

1852 2762 2080 2799 causam
2109 2751 2440 2816 agnoscunt,
2475 2743 2790 2814 approbant
2829 2742 3135 2813 plurimum
3160 2739 3454 2810 magnani-

1854 2835 2130 2900 mitatem,
2172 2851 2236 2887 ac
2279 2833 2404 2888 duci
2437 2832 2784 2887 renuntiant.
2817 2831 3142 2885 Admiratus
3172 2845 3272 2900 pro
3301 2828 3453 2897 inju-

1856 2924 1954 2977 riis
1985 2924 2128 2978 tanti
2165 2922 2270 2977 sibi
2309 2921 2522 2976 servitii
2554 2921 2730 2976 vicem
2768 2919 3008 2985 restitui,
3041 2919 3188 2972 illico
3217 2916 3458 2972 remittit

1855 3029 2159 3078 accessum,
2214 3028 2341 3066 cum
2395 3009 2655 3081 ampliori
2711 3009 2893 3080 gratia
2946 3008 3184 3062 reddens
3243 3006 3452 3073 omnia,

1856 3119 1978 3173 quae
2017 3119 2120 3156 sua
2167 3100 2414 3155 fuerunt.
2456 3100 2672 3154 Bellum
2726 3098 2873 3170 quod
2911 3096 3159 3152 instabat
3201 3095 3458 3152 crastina;

1854 3191 1993 3245 lucis
2022 3190 2126 3245 sub
2176 3195 2390 3254 exortu,
2433 3188 2617 3243 nuntii
2668 3187 2919 3259 prmdicti
2970 3185 3264 3256 provinciae
3301 3185 3458 3240 ducis

1855 3279 2106 3345 Roberti,
2133 3284 2302 3334 noctu
2325 3284 2456 3332 ante
2483 3277 2786 3343 venientes,
2811 3275 3115 3340 dirimunt;
3142 3275 3238 3345 jus
3265 3274 3455 3342 fidem-

1857 3385 1964 3441 que
1993 3385 2209 3423 sacram
2235 3367 2498 3422 obtestati
2527 3372 2592 3420 ut
2633 3366 2702 3420 ab
2740 3364 2913 3419 armis
2944 3364 3254 3428 discedant,
3288 3369 3345 3418 et
3365 3364 3458 3434 ju-

1855 3458 2064 3512 dicium
2093 3458 2245 3522 belli,
2278 3456 2448 3511 curiae
2478 3472 2591 3510 suae
2630 3457 2954 3526 exspectent
2980 3452 3313 3508 definitioni.
3346 3452 3460 3506 Ita-

1855 3564 1963 3618 que
1984 3563 2112 3617 pars
2127 3552 2386 3616 utraque,
2409 3562 2474 3598 ac
2491 3549 2692 3598 neutra
2721 3542 2975 3616 superior
2996 3543 3176 3596 altera
3208 3541 3465 3596 discessit

1856 3637 1925 3690 ab
1987 3651 2272 3696 armorum
2329 3634 2638 3699 excisione,
2699 3632 2886 3687 divina
2946 3631 3052 3686 sibi
3110 3630 3464 3702 providentia

1856 3725 2073 3794 lignum
2106 3723 2246 3777 illud
2277 3723 2346 3776 ad
2377 3737 2543 3776 omne
2569 3738 2709 3792 opus
2733 3721 2942 3775 bonum
2985 3720 3124 3774 utile
3169 3735 3463 3780 conserva-

193 3815 265 3900 rat
289 3811 550 3900 favorem,
575 3827 763 3864 verum
793 3819 848 3866 et
878 3814 1028 3884 apud
1051 3814 1356 3869 Robertum
1385 3817 1561 3870 totius
1578 3817 1774 3889 patriae
1793 3839 1840 3900 Ο
1861 3813 1973 3866 bat.
2022 3812 2258 3867 Nolebat
2303 3828 2558 3866 summus
2599 3809 2812 3865 Artifex
2865 3810 3132 3864 violentia
3180 3808 3464 3868 saecularis

195 3899 297 3963 33
324 3899 542 3963 ducem,
577 3904 635 3953 et
666 3900 814 3971 apud
847 3906 1166 3956 exterarum
1198 3903 1452 3959 dominos
1482 3906 1776 3975 regionum

192 3994 461 4055 pepererat
501 3988 607 4042 sibi
638 4005 844 4044 nomen
878 3991 1205 4060 plurimum,
1250 4010 1648 4064 accessumque
1692 3996 1778 4048 fa-

197 4074 469 4133 miliarem.
506 4077 651 4142 Alia,
687 4095 811 4148 quae
859 4079 930 4132 ad
960 4081 1298 4151 captandum
1327 4077 1553 4136 nomen
1580 4084 1640 4137 in
1672 4100 1776 4137 sae-

193 4163 298 4217 culo
319 4165 558 4235 plurima
582 4167 730 4229 fecit,
762 4169 1092 4222 omittamus
1118 4188 1132 4236 ;
1168 4171 1271 4224 hoc
1293 4171 1362 4224 ad
1387 4172 1776 4228 fortitudinem

195 4249 328 4306 illius
353 4255 524 4309 animi
555 4273 620 4310 ac
646 4257 778 4310 ﬁdei
809 4259 1184 4312 constantiam
1215 4264 1272 4313 et
1300 4260 1359 4314 in
1393 4263 1565 4315 armis
1598 4263 1778 4316 conﬁ—

197 4337 417 4398 dentiam
462 4363 578 4400 non
627 4347 914 4402 sileamus.
967 4348 1202 4418 Indigne
1241 4366 1440 4420 passus
1477 4351 1778 4423 aliquando

191 4426 374 4484 factam
407 4434 513 4488 sibi
553 4451 586 4487 a
619 4435 859 4490 Domino
892 4436 1157 4507 injuriam
1189 4437 1492 4494 famulatus
1523 4440 1610 4494 sui
1635 4458 1779 4496 com-

190 4519 397 4574 modum
465 4523 516 4576 ei
577 4523 978 4590 subtrahendo,
1035 4527 1275 4580 contulit
1326 4545 1404 4592 se,
1454 4545 1520 4582 eo
1577 4529 1774 4597 inviso,

186 4604 336 4678 longe
361 4611 651 4666 aliorsum.
685 4614 761 4667 Eo
801 4615 993 4686 itaque
1021 4615 1125 4670 sub
1153 4621 1406 4688 tempore
1444 4634 1630 4674 comes
1657 4621 1775 4692 ipse

186 4696 518 4755 Gislebertus
538 4703 915 4772 quorumdam
939 4705 1459 4774 potentissimorum
1477 4709 1777 4765 Northma—

183 4786 280 4841 nize
321 4788 609 4844 lacessitus
660 4791 903 4861 injuriis,
956 4793 1194 4849 multam
1247 4796 1491 4850 militum
1543 4815 1774 4854 manum

183 4879 463 4944 contraxit,
521 4881 762 4950 injurias
820 4898 948 4936 suas
1005 4884 1172 4938 elfere
1231 4885 1420 4940 volens
1459 4887 1641 4942 ultum
1680 4889 1770 4955 iri,

182 4962 336 5020 homo
360 4968 561 5023 ferocis
592 4970 785 5035 animi,
817 4973 1006 5044 magni
1046 4979 1390 5043 potentatus,
1419 4977 1775 5049 nominisque

181 5059 416 5126 supremi
462 5059 679 5126 avidus,
723 5065 917 5131 utpote
965 5062 1169 5118 ducum
1211 5069 1500 5120 tantorum
1545 5068 1774 5139 propin-

181 5157 332 5212 quus,
363 5148 435 5201 ad
474 5149 741 5220 potentiae
787 5167 902 5204 suae
931 5157 1274 5207 ostentatum
1303 5171 1404 5226 per
1441 5156 1670 5211 nuntios
1695 5157 1776 5212 eis

1859 3919 2011 3957 aurae
2026 3903 2148 3972 jam
2174 3902 2298 3971 plus
2320 3901 2458 3955 illud
2489 3899 2847 3971 distorqueri,
2873 3904 2972 3954 aut
2995 3897 3358 3956 infructuosis
3387 3897 3465 3953 af-

1861 3990 2254 4046 fectationibus
2285 3989 2685 4044 exhumectari.

1932 4079 2070 4134 Vitae
2100 4080 2269 4149 hujus
2293 4078 2699 4149 jocundissimo
2727 4082 2879 4133 statu
2903 4093 3080 4133 annos
3109 4078 3204 4132 ille
3223 4079 3345 4148 jam
3375 4094 3464 4133 ex-

1861 4174 2104 4223 cesserat
2134 4168 2368 4239 triginta
2397 4173 2633 4238 septem,
2671 4184 2799 4222 cum
2829 4167 3057 4222 tandem
3087 4167 3275 4222 divino
3307 4171 3465 4224 metu

1861 4257 2122 4312 succendi
2185 4273 2377 4311 amore
2434 4273 2592 4310 mens
2643 4256 2792 4310 illius
2848 4256 3014 4327 coepit
3063 4262 3119 4310 et
3162 4254 3233 4309 ab
3271 4271 3466 4312 amore

1863 4350 2057 4404 mundi
2094 4355 2395 4421 tepescere,
2437 4349 2756 4420 sensimque
2792 4347 2850 4403 in
2886 4348 3006 4404 dies
3032 4348 3350 4419 frigescere,
3392 4349 3464 4408 ab

1860 4439 2224 4494 exterioribus
2281 4439 2506 4493 oculum
2561 4439 2744 4492 cordis
2780 4442 3108 4495 convertens
3153 4437 3226 4492 ad
3274 4454 3335 4493 se
3370 4438 3460 4510 ip-

1859 4546 2013 4596 sum;
2050 4528 2166 4582 ibat
2193 4528 2539 4600 frequentius
2568 4527 2638 4582 ad
2670 4527 2983 4592 ecclesiam,
3017 4526 3216 4582 orabat
3243 4527 3461 4595 devote,

1859 4636 1924 4672 ac
1946 4635 2090 4689 saepe
2121 4617 2523 4689 prorumpebat
2563 4618 2621 4671 in
2651 4617 2948 4688 lacrymas,
2978 4617 3195 4674 ludicra
3226 4634 3289 4672 re
3308 4618 3466 4690 omni

1857 4708 2091 4773 omissa;
2112 4709 2233 4778 jam
2256 4707 2443 4761 minus
2474 4707 2739 4778 frequens
2761 4711 2884 4761 erat
2915 4706 2971 4760 in
3007 4706 3184 4770 curia,
3205 4707 3338 4778 quia
3359 4707 3466 4762 hoc

1856 4797 1973 4850 solo
2016 4796 2384 4863 retinebatur,
2429 4796 2576 4868 quod
2615 4796 2828 4866 przedia
2870 4812 2970 4850 sua
3008 4796 3124 4851 Deo
3153 4797 3463 4854 secumlu-

1858 4885 2000 4940 crari
2044 4876 2377 4957 satagebat;
2431 4885 2578 4956 quod
2618 4890 2676 4939 et
2727 4885 2971 4941 obtinuit
3008 4891 3360 4957 extorquetis
3399 4903 3468 4944 ea

1857 4974 1964 5030 sibi
2003 4992 2034 5029 a
2075 4975 2302 5030 domino
2340 4991 2442 5029 suo
2477 4975 2658 5029 multa
2701 4975 2975 5030 instantia
3020 4975 3254 5032 servitii.
3307 4975 3465 5048 Saepe

1857 5064 1959 5120 sub
2007 5064 2155 5119 diem
2187 5064 2551 5135 pemoctabat
2581 5081 2748 5120 orans
2795 5064 2854 5118 in
2901 5065 3167 5131 ecclesiis,
3199 5070 3257 5120 et
3298 5082 3466 5122 mane

1861 5154 2075 5225 primus
2099 5154 2160 5208 in
2188 5154 2347 5208 curia
2379 5170 2568 5208 coram
2590 5154 2802 5221 aderat,
2827 5153 2898 5208 ad
2929 5170 3180 5209 mensam
3216 5153 3460 5219 Domini,

183 5245 283 5286 non
314 5207 492 5306 prope
532 5237 683 5291 diem
729 5236 879 5303 belli,
920 5241 1017 5294 sed
1059 5258 1159 5311 per
1185 5207 1374 5312 plurles
1405 5250 1536 5299 ante
1566 5244 1686 5298 dies
1719 5207 1993 5314 iquuia
2036 5207 2184 5298 inter
2490 5207 2895 5314 parcimoniam
2926 5207 3183 5298 exercere
3221 5207 3459 5308 volebat,

179 5334 230 5374 se
275 5322 574 5391 facturum,
627 5332 684 5380 et
733 5328 955 5398 quando
1003 5331 1334 5386 transmisit.
1381 5333 1467 5386 Ita
1518 5334 1774 5388 condicto
1859 5335 2160 5404 multisque
2186 5333 2580 5388 adinveniebat
2605 5333 3020 5404 impedimentis
3046 5331 3267 5388 absens.
3305 5332 3464 5403 Sapo

178 5411 422 5483 tempore
452 5415 662 5470 bellum
694 5416 959 5487 utrinque
1007 5432 1331 5490 apparatur,
1367 5423 1515 5492 quod
1546 5423 1773 5494 exsequi
1857 5427 2037 5476 totum
2062 5423 2296 5493 jejuniis
2325 5421 2674 5495 transigebat
2703 5421 2870 5485 diem,
2901 5420 2960 5474 in
2984 5419 3176 5486 armis,
3204 5419 3264 5478 in
3305 5421 3461 5478 cultu

178 5515 281 5556 non
313 5510 500 5574 posset
537 5505 660 5560 sine
685 5506 865 5560 multa
893 5507 1140 5578 partium
1163 5514 1533 5581 utrarumque
1558 5517 1766 5583 strage,
1854 5512 2122 5583 corporis,
2166 5529 2279 5568 non
2321 5513 2470 5570 idem
2519 5512 2768 5567 studium
2800 5510 2949 5580 quod
2978 5509 3153 5580 prius,
3191 5509 3329 5566 satis
3369 5511 3458 5568 in-

175 5603 270 5643 nec
296 5593 535 5664 amplius
562 5595 760 5651 evitari
784 5597 935 5652 salva
957 5613 1152 5653 eorum
1183 5599 1476 5670 dignitate.
1503 5602 1662 5667 Quod
1687 5601 1770 5656 vir
1851 5601 2072 5658 dicabat
2105 5603 2526 5658 altercationem
2557 5600 2731 5657 animi
2763 5599 2930 5666 illius,
2958 5615 3127 5670 quam
3158 5600 3340 5660 adhuc
3370 5618 3454 5658 se-
