3864 6176
472 284 580 345 699
1421 303 1517 356 AD
1557 304 1795 359 OPERA
1833 307 1897 361 Β.
1937 308 2350 365 LANFRANCI
2394 310 2776 365 .XPPENDIX.
3591 313 3677 369 700

447 414 535 470 ria
582 418 1028 476 dissimulatione
1055 423 1288 477 celabat.
1332 426 1659 497 Augebatur
1683 447 1860 495 mens,
1903 437 1960 487 et
1987 434 2335 495 inAduntur
2377 435 2613 489 crimina
2658 452 2780 507 quae
2818 435 3037 500 humili,
3069 443 3126 492 et
3169 437 3457 494 sufﬁcienti
3491 440 3679 496 ratione

449 505 613 575 plura
637 509 1037 577 cogitationum
1059 511 1462 569 deliberatione
1481 517 1930 584 distrahebatur;
1953 523 2054 577 mi-
2133 531 2333 579 cuncta
2370 505 3042 595 purgando‘removebat.
3090 527 3185 596 qui
3222 526 3278 580 in
3317 543 3379 580 eo
3416 528 3572 597 judici
3605 545 3679 583 re-

451 593 586 648 litize
616 612 680 648 ac
710 604 922 652 caetera;
952 601 1234 656 saecularis
1262 604 1342 657 rei
1375 621 1536 660 usum
1567 609 1884 680 relinquere
1904 628 2052 666 sum-
2131 593 2442 684 spondebat
2478 593 2721 685 Spiritus
2752 615 2872 678 Dei,
2902 614 3087 668 tacitis
3138 615 3281 669 unde
3321 615 3482 686 judex
3521 618 3677 687 potius

454 697 544 736 ma
586 690 708 738 erat
757 688 883 752 voti,
921 689 1128 744 Verum
1178 708 1286 762 quo
1337 709 1397 746 se
1445 697 1740 762 conferret,
1783 701 1929 770 quod
1980 701 2052 754 vi-
2133 708 2254 756 erat
2309 703 2562 766 infestus,
2615 703 2725 756 alia
2771 703 3027 774 quaedam
3083 703 3326 757 admissa
3369 704 3674 772 intendebat,

451 771 610 825 vendi
632 790 810 842 genus
829 787 1160 832 assumeret.
1179 781 1491 850 ignorabat.
1511 785 1690 841 Rarus
1710 788 1766 842 in
1791 790 2051 846 Nortma—
2131 791 2312 845 sciens
2338 791 2444 845 iste
2474 792 2604 862 quid
2642 792 2843 848 lateret
2870 793 2928 846 in
2959 792 3130 847 fundo
3166 811 3178 845 :
3217 813 3238 843 ι
3272 809 3390 864 quae
3416 810 3528 847 mea
3553 802 3679 859 sunt,

451 859 546 912 nia
570 866 704 916 tunc
743 866 879 918 recti
914 868 1157 922 tramitis
1188 869 1370 932 index,
1409 879 1508 927 aut
1534 876 1755 945 pervius
1794 885 1932 944 erat,
1967 898 2051 934 sa-
2130 879 2332 950 inquit,
2378 880 2506 934 hinc
2552 887 2779 951 accepta
2827 880 3089 934 universa
3134 881 3524 948 distrahantur,
3572 883 3681 938 dum

450 949 703 1005 cerdotes
745 969 810 1006 ac
860 957 1066 1009 summi
1113 959 1404 1028 pontiﬁces
1450 962 1610 1017 liberi
1650 968 1952 1038 conjugati,
1995 975 2052 1024 et
2131 949 2491 1039 pauperibus,
2535 970 2630 1039 qui
2677 975 2915 1023 vestram
2958 971 3110 1023 nullo
3155 970 3388 1024 crimine
3433 971 3560 1024 iram
3592 988 3684 1026 me-

445 1052 606 1092 arma
628 1048 935 1109 portantes,
971 1051 1035 1099 ut
1065 1046 1189 1101 laici
1228 1057 1407 1109 erant,
1439 1059 1686 1107 veterum
1722 1056 1835 1110 ritu
1863 1058 2048 1112 Dano-
2130 1063 2386 1123 ruerunt,
2433 1073 2534 1111 sua
2593 1057 2980 1112 restituantur.
3029 1078 3050 1106 ι
3107 1059 3290 1112 Motus
3336 1058 3405 1111 ad
3451 1059 3682 1129 pietatem

448 1142 576 1180 rum
609 1129 873 1197 universi,
918 1134 1102 1189 adhuc
1152 1136 1424 1206 vivebant,
1472 1142 1588 1207 sed,
1628 1144 1772 1200 sicut
1817 1150 2048 1214 spiritus
2131 1145 2413 1214 dominus,
2444 1162 2610 1217 quem
2643 1146 2939 1200 mundanae
2969 1146 3315 1201 celsitudinis
3343 1147 3508 1201 fastus
3535 1148 3683 1218 pluri-

450 1217 551 1269 ubz’
587 1223 703 1272 vult
749 1223 926 1289 spirat
957 1226 1136 1288 (Joan.
1168 1241 1252 1292 III,
1287 1228 1360 1297 8),
1397 1230 1476 1283 ita
1513 1249 1681 1302 quem
1711 1236 1924 1305 aspirat
1950 1253 2051 1292 un-
2133 1252 2287 1290 mum
2321 1235 2626 1300 obtinebat,
2659 1235 2899 1289 adducto
2931 1236 2985 1289 in
3030 1241 3248 1306 partem
3293 1236 3406 1290 viro
3446 1217 3684 1307 perquisi-

450 1305 560 1357 ctio
591 1310 708 1374 cjus
753 1309 897 1363 docet
935 1313 997 1364 de
1039 1317 1294 1369 omnibus
1345 1321 1394 1386 (Ι
1427 1321 1586 1373 Joan.
1630 1336 1687 1386 n,
1734 1323 1846 1394 27).
1877 1326 2051 1381 Abre-
2133 1324 2210 1378 vit
2229 1324 2404 1378 animi
2425 1329 2644 1378 tantam
2668 1305 3267 1390 commutatioinem,et
3286 1305 3681 1379 ﬁnem‘con—silii:

449 1395 719 1450 nuntians
734 1414 866 1468 ergo
891 1400 1123 1468 militiae,
1149 1404 1240 1458 vili
1262 1411 1587 1476 tegumenta
1608 1411 1856 1474 indutus,
1877 1415 2049 1470 barba
2132 1413 2235 1467 Cui
2262 1413 2452 1484 paucis
2485 1413 2579 1466 ille
2609 1411 2795 1467 verbis
2823 1430 2948 1467 cum
2995 1414 3188 1468 multis
3218 1414 3470 1485 lacrymis
3498 1431 3688 1486 respon-

449 1486 507 1535 et
556 1484 708 1538 crine
761 1486 1035 1554 intonsus,
1089 1492 1238 1546 inter
1292 1496 1503 1550 aulicos
1543 1516 1609 1552 ea
1664 1502 1890 1571 quidem
1929 1505 2044 1572 diu,
2131 1500 2214 1553 dit
2248 1518 2258 1552 :
2296 1520 2323 1550 τι
2375 1501 2652 1554 Simulum
2690 1501 2952 1567 amando,
2985 1508 3042 1556 et
3076 1501 3178 1557 tibi
3222 1502 3577 1573 obsequendo,
3615 1503 3686 1557 ni-

451 1587 560 1640 qua
582 1573 842 1640 diximus,
869 1577 1180 1636 intentione
1200 1585 1427 1640 servivit
1447 1588 1696 1643 exiturus
1719 1591 1788 1644 ab
1807 1593 2048 1665 [Egypto
2132 1590 2309 1644 mium
2341 1591 2539 1656 Deum,
2575 1607 2639 1646 ac
2665 1608 2754 1645 me
2786 1592 2970 1662 ipsum
3001 1591 3274 1646 hactenus
3302 1591 3508 1661 neglexi
3537 1611 3547 1645 :
3587 1609 3685 1663 qua:

444 1675 609 1715 verus
660 1662 754 1717 ille
808 1666 1091 1736 Hebraeus,
1145 1688 1211 1724 ea
1260 1674 1518 1730 videlicet
1565 1662 1898 1735 transiliens
1917 1662 2090 1753 quasi
2130 1679 2379 1750 corporis
2410 1685 2573 1733 erant
2597 1681 2772 1734 cultui
2801 1680 3028 1734 omnino
3064 1681 3336 1747 intentus,
3366 1681 3561 1735 nullam
3587 1681 3685 1735 ani-

442 1751 758 1814 transeunt,
805 1771 870 1808 ac
917 1757 1068 1812 omni
1107 1763 1401 1817 conamine
1444 1783 1502 1820 se
1546 1770 1850 1824 extendens
1889 1751 2235 1826 in‘eaBmae
2275 1784 2413 1821 meae
2449 1767 2820 1823 eruditionem
2872 1769 3097 1840 accepi;
3150 1776 3485 1841 quapropter
3527 1786 3687 1841 precor

443 1854 566 1908 quae
597 1846 825 1896 externa
877 1846 1142 1912 existunt,
1183 1850 1253 1903 ab
1286 1851 1366 1906 eis
1409 1855 1504 1925 qui
1533 1858 1901 1914 remanebant
1928 1878 2049 1915 mu-
2130 1856 2178 1910 si
2222 1856 2354 1927 quid
2391 1873 2640 1927 unquam
2688 1856 2829 1911 bene
2860 1857 3039 1913 merui
3068 1876 3102 1912 a
3127 1865 3204 1925 te,
3239 1859 3402 1913 liceat
3429 1857 3539 1914 vita:
3566 1859 3685 1930 quod

437 1931 660 1983 malum
689 1931 746 1984 in
773 1951 913 2003 Opus
957 1937 1056 1991 Dei
1084 1948 1374 2010 asportare
1414 1945 1722 2000 conabatur
1751 1949 1885 2019 quid
1919 1968 2046 2020 pre-
2130 1950 2387 2015 superest
2430 1945 2487 1998 in
2537 1946 2877 2000 monasterio
2927 1947 3187 2018 transigi.
3244 1948 3404 2002 Salvo
3447 1947 3578 2002 circa
3615 1963 3686 2000 me

440 2015 649 2071 tiosum
680 2026 920 2089 poterat,
943 2025 1062 2093 jam
1103 2027 1314 2084 domini
1361 2032 1447 2085 sui
1495 2034 1654 2088 laetus
1694 2015 1944 2091 assidens
1977 2040 2044 2092 ad
2129 2051 2321 2087 amore
2350 2039 2469 2096 tuo.
2501 2039 2559 2088 et
2589 2035 2659 2088 da
2689 2051 2907 2089 mecum
2934 2036 3048 2090 D80
3079 2015 3203 2107 quae
3227 2037 3414 2091 habUl-
3451 2057 3475 2088 ν
3506 2036 3686 2092 Habita

443 2120 719 2170 mensam,
751 2108 899 2163 inter
929 2115 1288 2172 multimodas
1314 2122 1526 2190 epulas,
1562 2109 1622 2176 et
1643 2134 2040 2195 comessantes,
2128 2121 2223 2175 diu
2246 2122 2636 2177 deliberationi
2667 2123 2794 2178 ﬁnis
2825 2124 2930 2178 iste
2961 2125 3249 2186 consedit;
3285 2125 3445 2180 corde
3464 2125 3518 2180 in
3543 2126 3688 2196 lacry-

444 2209 589 2264 pane
629 2198 901 2266 asperiori
956 2203 1282 2259 vescebatur
1329 2214 1386 2261 et
1423 2225 1600 2280 aqua;
1644 2213 1933 2268 ridebatur
1976 2218 2048 2272 ab
2130 2210 2236 2264 mis
2264 2212 2540 2266 concitato
2570 2212 2850 2266 sustinere
2880 2213 3076 2284 nequit
3103 2214 3200 2269 ille
3239 2215 3469 2269 ulterius
3495 2215 3689 2286 loquen-

444 2281 738 2352 universis,
781 2291 1040 2346 amentiae
1081 2293 1350 2365 quidquid
1389 2298 1592 2367 agebat
1629 2304 2002 2373 reputabatur
2030 2326 2042 2373 ;
2129 2302 2264 2359 tem.
2299 2299 2507 2371 abripit
2553 2317 2611 2354 se
2650 2301 2708 2354 in
2737 2281 3036 2356 cameralll-
3069 2303 3260 2358 Pietas
3290 2304 3526 2358 humana
3560 2281 3611 2358 ln
3636 2319 3688 2356 θο

445 2371 634 2436 minis,
662 2376 972 2444 promissis,
1000 2379 1243 2450 injuriis,
1284 2385 1481 2440 ofﬁciis
1520 2371 1782 2446 dominus
1823 2399 1879 2446 et
1917 2371 2044 2448 uni?
2129 2388 2307 2441 mllltu
2337 2393 2459 2443 erat
2488 2389 2634 2444 eirea
2662 2390 2821 2445 illum
2855 2391 3090 2446 milite!n
3118 2409 3305 2459 suum,
3355 2394 3521 2447 mlllta
3546 2397 3595 2446 θι
3620 2391 3687 2446 illi

443 2460 588 2514 versi
623 2464 893 2519 satellites
933 2468 1009 2520 nil
1057 2475 1318 2540 poterant
1357 2491 1390 2526 a
1432 2479 1714 2547 proposito
1779 2499 1880 2536 suo
1920 2500 2046 2537 eum
2131 2476 2278 2530 Circa
2315 2478 2638 2532 Dominum-
2670 2481 2750 2533 AC
2777 2480 2865 2534 Vix
2893 2479 2962 2534 ab
2997 2497 3062 2535 e0
3094 2482 3420 2538 mlSSlonem
3441 2481 3689 2553 τθίιιιίτθτθ

442 2555 694 2605 avertere
725 2561 1018 2624 conantes;
1056 2559 1383 2616 mittebatur
1411 2563 1578 2619 homo
1609 2568 1740 2620 olim
1771 2571 2048 2626 universis
2131 2565 2366 2628 valebat.
2427 2568 2524 2622 Sed
2581 2569 2920 2638 praevalebat
2966 2570 3126 2624 fortis
3181 2577 3245 2625 ut
3297 2588 3442 2625 mOI‘S
3500 2568 3688 2624 ἀίιθοίίο

441 2641 858 2709 acceptissimus
905 2663 1049 2717 saepe
1089 2665 1324 2705 numero
1352 2653 1422 2706 ad
1469 2655 1677 2718 curias,
1707 2659 1906 2713 sedens
1945 2662 2050 2716 asi-
2137 2653 2312 2720 (06ml-
2365 2670 2477 2721 νιῐῐν
2515 2656 2589 2720 δὶα
2633 2658 2884 2711 Tandem
2921 2659 3246 2728 gratissimo
3293 2659 3475 2714 Cllenll
3518 2658 3691 2729 θκρεῐίο

439 2741 594 2794 num,
639 2746 846 2786 maeror
875 2751 938 2788 ac
967 2735 1113 2790 risus
1143 2738 1375 2795 diversis
1409 2759 1517 2812 quo
1547 2745 1896 2814 adveniebat,
1933 2767 2050 2804 ser-
2132 2749 2247 2796 tam
2278 2745 2550 2810 concedit,
2585 2749 2702 2799 tam
2753 2747 2840 2800 δῑιί
2883 2765 3050 2818 quam
3096 2765 3329 2802 500mm
3369 2747 3597 2801 omnium
3622 2745 3689 2798 {3'

440 2814 700 2872 vitiorum
727 2822 950 2891 quidem
975 2827 1349 2895 gratiositate,
1375 2833 1507 2900 quia
1533 2835 1821 2891 metuebat
1844 2841 2046 2894 sreculo
2133 2833 2418 2892 Cllltatem~
2453 2851 2618 2904 quem
2651 2843 2884 2890 eatenus
2898 2814 2976 2890 wUt
3006 2837 3145 2891 bene
3179 2837 3563 2908 Obsequentem
3601 2833 3689 2889 Sibi

439 2903 670 2973 irretiri,
694 2925 796 2964 nec
826 2913 1078 2983 equitare
1098 2917 1218 2985 jam
1249 2919 1470 2973 volebat
1496 2922 1767 2978 asinando
1796 2928 2045 2982 serviens
2127 2929 2432 2983 amaverat.
2451 2924 2568 2992 jam
2600 2925 2766 2995 coepit
2795 2941 2985 2980 amare
3017 2934 3080 2980 ut
3107 2926 3420 2992 dominum,
3455 2943 3515 2980 ac
3539 2924 3690 2978 libens

437 2993 686 3063 domino,
727 2999 848 3055 sine
903 3005 1064 3074 cujus
1122 3007 1398 3076 permissu
1451 3010 1738 3067 discedere
1797 3017 2038 3072 nolebat.
2127 3009 2541 3082 obsequebatur
2577 3012 2656 3066 illi
2695 3015 2884 3084 Plures
2923 3015 3061 3080 dies,
3105 3017 3285 3070 111111ῐο
3336 3032 3458 3072 Cum
3508 3015 3689 3068 Ῐιοηοτθ

439 3081 509 3136 Et
535 3085 666 3155 quia
693 3105 793 3157 pro
825 3091 936 3144 Deo
965 3092 1214 3163 abjectus
1245 3114 1365 3151 esse
1406 3115 1761 3171 nequaquam
1793 3105 2037 3171 erubuit,
2058 3100 2098 3160 Ε
2123 3081 2416 3154 detentum
2448 3101 2594 3172 apud
2622 3119 2682 3155 se
2696 3081 2901 3156 idebita
2928 3104 3357 3159 honoriﬁcentia
3385 3103 3604 3168 remisit,
3623 3102 3689 3156 di-

440 3186 543 3226 nec
581 3175 729 3230 Deus
759 3177 916 3232 illum
954 3182 1306 3251 erubescenS,
1359 3204 1529 3258 super
1565 3196 1774 3244 terram
1819 3209 2039 3264 quoque
2123 3187 2264 3241 tioni
2311 3188 2479 3253 illius,
2533 3206 2595 3243 ac
2641 3191 2865 3245 servitio
2904 3193 3133 3246 tradens
3182 3193 3450 3264 quidquid
3499 3190 3687 3264 paterni

437 3263 839 3333 amplissimam
871 3268 951 3322 illi
982 3272 1232 3326 restituit
1262 3275 1456 3329 vicem.
1953 3263 1965 3264 ί
2117 3276 2264 3346 juris
2312 3276 2589 3331 habebant
2635 3279 2836 3334 fratres
2891 3281 2998 3342 sui,
3056 3281 3152 3352 qui
3201 3263 3406 3335 eadem
3452 3263 3689 3350 dignitate

510 3351 709 3406 Comes
735 3354 1083 3412 Gislebertus
1109 3360 1177 3413 de
1207 3363 1498 3431 cujusdam
1532 3368 1914 3436 compatriotae
1953 3371 2040 3425 sui
2121 3365 2470 3437 genitipares
2487 3367 2817 3422 exstiterant
2831 3368 2955 3432 sibi,
2973 3351 3691 3441 quiadignior,etveranobi-

437 3437 644 3493 damno
673 3458 868 3511 agens,
916 3446 1063 3514 quod
1111 3447 1169 3501 in
1216 3449 1368 3503 illius
1409 3453 1671 3522 vergebat
1714 3458 2036 3526 perniciem,
2123 3453 3446 3528 litategenerosiorgermanisefficiebatur,jure
3465 3456 3688 3511 abeisilli

438 3526 507 3580 ad
537 3528 847 3600 Prinelpem
898 3533 1251 3590 Nothmauim
1305 3537 1638 3608 Robertum,
1688 3546 1844 3614 cujus
1877 3548 2039 3619 quid-
2122 3542 2341 3612 subjici,
2366 3560 2465 3597 nec
2496 3544 2788 3615 indignum
2819 3553 2921 3600 aut
2949 3546 3284 3617 injuriosum
3311 3546 3680 3602 aestimabatur.

438 3615 572 3686 quid
614 3633 784 3688 super
829 3620 934 3674 hoc
963 3623 1236 3693 agebatur
1263 3626 1554 3696 intererat,
1607 3633 1870 3702 praedicto
1897 3615 2040 3690 'viro
2193 3631 2457 3686 Protinus
2479 3633 2536 3686 in
2557 3633 2686 3687 villa
2703 3649 2826 3705 quae
2847 3615 3052 3689 dicitur
3072 3636 3688 3703 Burnevilla,exstruen-

435 3703 541 3757 hac
569 3705 637 3760 de
666 3723 726 3761 re
757 3707 1025 3780 imposuit
1053 3713 1480 3785 allegationem;
1514 3726 1574 3773 at
1605 3721 1686 3774 vir
1714 3722 1864 3792 pacis
1894 3724 2038 3779 ferre
2121 3719 2255 3773 dum
2299 3721 2526 3776 servitio
2558 3723 2659 3777 Dei
2690 3739 2829 3794 opus
2859 3725 3098 3795 arripuit
3135 3742 3252 3780 non
3292 3741 3532 3796 parvum,
3563 3718 3688 3775 δι’θῆ

435 3792 707 3848 damnosa
763 3797 928 3852 alicui
977 3801 1425 3860 machinamenta
1465 3809 1688 3878 penitus
1739 3817 2034 3868 recusavit.
2121 3819 2440 3882 peractum;
2491 3815 2606 3885 ipse
2658 3833 2769 3870 non
2819 3817 2999 3871 solum
3045 3819 3204 3890 Operi
3249 3818 3580 3890 praesidebat,
3608 3813 3686 3867 sed

428 3881 650 3936 Perstat
671 3884 934 3942 dominus
955 3889 1012 3944 in
1036 3894 1316 3947 sententia
1337 3895 1570 3950 hortans
1592 3905 1648 3952 et
1664 3901 2032 3969 comminans,
2119 3918 2260 3971 opus
2311 3901 2491 3972 ipsum
2525 3903 2820 3968 efficiebat,
2854 3911 3065 3960 terram
3106 3906 3346 3972 fodiens,
3389 3907 3578 3960 fossam
3620 3901 3687 3955 ef-

434 3975 498 4024 ut
526 3970 693 4027 homo
723 3974 828 4028 sibi
861 3975 1094 4033 intimus
1124 3981 1351 4036 verbum
1386 3986 1604 4040 consilii
1635 3988 1723 4041 sui
1753 3990 1823 4042 ad
1853 3990 2032 4044 domi-
2117 3970 2581 4058 ferens—lapides.
2616 3988 2894 4054 sabulum,
2933 3992 3256 4062 calcemque
3292 3991 3532 4046 humeris
3563 4003 3687 4042 com-

430 4075 569 4114 num
604 4078 766 4117 suum
811 4066 1162 4135 perferendo,
1207 4071 1433 4127 referat.
1461 4074 1662 4145 Agitur
1699 4082 1763 4130 ut
1792 4079 1911 4148 jam
1942 4097 2034 4134 os-
2115 4080 2366 4146 portans.
2420 4093 2484 4130 ac
2523 4095 2587 4131 ea
2631 4077 2686 4132 in
2733 4079 3006 4149 parietem
3056 4080 3300 4151 ipsemet
3342 4093 3682 4150 componens;

429 4149 626 4205 tendat
671 4153 830 4208 miles
879 4156 948 4208 ad
999 4163 1189 4212 utrum
1236 4160 1372 4215 libet
1420 4164 1656 4234 positus,
1691 4167 1780 4221 cui
1826 4168 2033 4222 servire
2116 4163 2317 4235 quibus
2365 4165 2460 4219 alii
2507 4166 2660 4221 horis
2699 4167 2992 4234 haberant,
3035 4149 3154 4239 ipse
3203 4149 3532 4240 congerebat
3577 4180 3680 4236 qua!

429 4253 692 4309 superno,
738 4258 809 4296 an
860 4249 1084 4300 terreno
1133 4248 1362 4304 domino
1412 4253 1586 4306 malit.
1641 4255 1749 4308 Sed
1797 4273 1920 4310 mox
1971 4265 2035 4312 ut
2116 4253 2186 4306 ad
2212 4270 2351 4324 opus
2369 4255 2754 4325 exigebantur,
2779 4258 3079 4312 excludens
3103 4258 3282 4313 otium
3303 4258 3372 4312 ab
3391 4256 3534 4312 omni
3553 4260 3685 4326 parte

427 4329 658 4398 superni
707 4347 877 4386 causa
930 4335 1149 4390 Domini
1209 4340 1412 4409 exegit,
1454 4340 1602 4395 illico
1652 4343 1759 4397 iste
1817 4345 2029 4411 funem,
2115 4343 2245 4396 diei.
2281 4345 2502 4407 Quanto
2546 4345 2789 4399 vanitate
2820 4347 3038 4400 tumida
3063 4345 3199 4401 olim
3227 4347 3527 4411 delicatior,
3554 4347 3685 4398 tanto

428 4431 539 4485 quo
592 4418 696 4471 sub
732 4422 940 4475 terreni
990 4425 1216 4478 servitio
1255 4427 1468 4482 domini
1515 4430 1881 4497 retinebatur,
1925 4435 2025 4488 ab-
2048 4418 2096 4476 D
2116 4447 2246 4486 vera
2275 4433 2594 4488 humilitate
2615 4450 2764 4488 nunc
2784 4434 2854 4488 ad
2877 4451 3102 4490 omnem
3123 4435 3338 4490 laboris
3363 4432 3683 4490 tolerantiam

426 4504 598 4575 rupit.
644 4506 913 4564 Abdicata
937 4512 1165 4566 omnino
1194 4515 1473 4585 legatione
1504 4519 1740 4574 discedit
1775 4539 1808 4576 a
1845 4524 2020 4578 curia.
2105 4527 2334 4592 propter
2360 4523 2537 4577 Deum
2564 4523 2880 4593 patientior.
2909 4524 3107 4578 Cibum
3127 4531 3336 4596 praeter
3362 4523 3556 4596 quibus
3584 4533 3681 4575 non

429 4591 575 4655 Quin
607 4600 796 4650 tamen
828 4598 937 4653 iret
964 4616 1149 4655 comes
1179 4603 1526 4660 Gislebertus
1565 4609 1888 4665 nullomodo
1917 4613 2025 4667 dis-
2106 4591 2235 4664 licet
2263 4610 2480 4678 diebus,
2527 4591 2700 4666 semel
2744 4613 3074 4683 accipiebat,
3125 4591 3230 4669 nec
3268 4591 3609 4686 exquisitum,
3640 4613 3687 4662 et

427 4682 663 4737 credens
692 4692 819 4755 post
847 4691 966 4753 34
1008 4705 1212 4760 paucos
1244 4693 1362 4747 dies
1404 4696 1615 4751 curiam
1659 4698 1776 4765 ivit,
1819 4701 2024 4756 rescire
2110 4715 2277 4770 parce
2306 4700 2462 4758 satis.
2495 4701 2711 4772 expleto
2743 4718 2869 4755 cum
2897 4702 2987 4756 die
3016 4719 3184 4774 opere
3214 4720 3335 4758 suo.
3369 4703 3435 4758 Et
3461 4701 3584 4772 quia
3607 4698 3682 4752 in-

427 4770 618 4826 volens
661 4773 797 4844 quid
841 4776 953 4830 dux
997 4781 1390 4850 responderet;
1443 4801 1632 4840 verum
1670 4793 1733 4842 ut
1774 4791 2031 4860 cognovit
2110 4789 2297 4843 terdiu
2345 4770 2630 4860 nequibat,
2682 4790 2979 4845 ediscendo
3028 4770 3296 4863 psalterio
3326 4770 3537 4846 noctem
3565 4802 3684 4860 pene

430 4859 500 4913 ad
529 4877 656 4916 eum
703 4879 813 4919 non
834 4865 1006 4922 fuisse
1038 4870 1336 4939 perlatum,
1374 4873 1636 4929 elferatus
1667 4876 1723 4930 in
1757 4859 1914 4932 illum
1940 4879 2029 4933 cui
2113 4881 2287 4931 totam
2319 4859 2697 4949 impendebat.
2725 4880 2824 4934 His
2850 4859 3130 4936 exercitiis
3152 4883 3331 4937 multa
3354 4877 3681 4952 jucunditate

429 4947 794 5020 imposuerat,
825 4957 1056 5011 mandat
1084 4958 1282 5014 abduci
1316 4962 1586 5033 quidquid
1634 4965 1916 5021 habebant
1943 4969 2036 5027 ille
2119 4947 2480 5022 exercebatur
2503 4985 2676 5023 novus
2712 4969 2820 5023 tiro
2849 4969 3078 5024 Christi.

431 5045 487 5094 et
516 5041 626 5097 sui.
663 5043 941 5100 Continuo
971 5046 1329 5118 abripiuntur
1351 5051 1540 5106 omnia
1561 5070 1682 5119 sua,
1710 5072 1810 5108 nec
1831 5065 1991 5110 curat
2019 5076 2031 5124 ;
2189 5056 2377 5110 Prima
2404 5058 2719 5112 litterarum
2746 5058 3025 5113 elementa
3047 5059 3259 5124 didicit,
3297 5077 3420 5116 cum
3445 5061 3557 5130 jam
3585 5053 3683 5110 exi-

423 5136 716 5188 vastantur
745 5151 966 5207 quoque
991 5154 1266 5209 pauperes
1290 5141 1396 5207 sui,
1424 5143 1568 5196 unde
1600 5160 1709 5198 non
1739 5162 1909 5216 parva
1930 5149 2037 5202 sol-
2119 5150 2294 5199 steret
2322 5162 2596 5201 annorum
2627 5165 2800 5219 prope
2847 5147 3240 5219 quadraginta,
3275 5156 3331 5203 et
3377 5149 3557 5203 divina
3592 5142 3688 5214 opi-

427 5220 678 5276 licitatur
714 5241 879 5292 cura;
913 5243 1223 5297 pauperum
1258 5246 1390 5300 ergo
1433 5233 1801 5288 transmissus
1832 5243 2032 5306 questu
2115 5235 2331 5288 tulante
2376 5237 2562 5306 gratia
2609 5253 2675 5290 eo
2728 5253 2904 5306 usque
2940 5239 3228 5307 processit,
3273 5244 3335 5293 ut
3374 5237 3533 5292 etiam
3571 5231 3687 5304 ipsis

431 5315 489 5364 et
510 5310 792 5384 lacrymis,
829 5321 953 5385 post
985 5333 1154 5387 parva
1187 5318 1404 5373 dierum
1443 5321 1734 5376 intervalla
1766 5325 1932 5378 rediit
1962 5326 2031 5378 ad
2115 5324 2367 5396 apprime
2398 5325 2634 5381 eruditis
2675 5326 3064 5396 grammatim,
3093 5327 3150 5381 in
3185 5325 3520 5399 eirponendis
3539 5339 3597 5377 ac
3623 5321 3690 5374 in-

431 5399 741 5464 dominum,
767 5405 1091 5477 nullamque
1119 5408 1207 5462 sui
1237 5425 1428 5463 curam
1457 5427 1660 5481 gerens
1691 5413 1806 5483 egit
1825 5415 2033 5485 suppli-

433 5486 576 5544 citer
604 5505 829 5546 causam
872 5491 1255 5563 innoxiorum;
1298 5499 1602 5554 accersitur
1634 5502 1922 5572 negotium
1952 5514 2034 5557 to-

436 5574 546 5629 tius
583 5577 772 5646 curiae,
815 5582 1083 5637 acerrime
1123 5584 1179 5638 in
1226 5601 1450 5641 causam
1493 5588 1804 5644 deducitur.
1840 5591 2032 5646 Inten-

2114 5414 2431 5485 telligendis
2461 5414 2775 5470 divinarum
2808 5417 3222 5490 Scripturarum
3250 5414 3554 5477 sententiis,
3587 5425 3687 5465 me-

2116 5502 2223 5558 rito
2253 5503 2557 5558 haberetur
2593 5505 2969 5573 admirabilis;
3014 5507 3181 5579 quod,
3207 5511 3272 5561 ut
3318 5505 3488 5561 solius
3514 5500 3687 5557 divina:

2114 5593 2301 5662 gratia
2320 5592 2631 5648 elﬁcientiae
2660 5599 2848 5650 actum
2878 5595 3156 5662 credatur,
3178 5593 3465 5651 nocturnis
3490 5595 3683 5647 tantum
