3864 6176
164 301 250 361 ῖοι
976 302 1146 358 VITA
1189 304 1244 357 S.
1289 303 1641 360 HERLUINI
1682 304 1986 360 ABBATIS
2031 303 2424 358 BECCENSIS
2461 301 2686 357 PRIMI.
3332 300 3436 356 70‘2

161 429 308 484 horis
336 427 472 481 huic
514 425 700 480 studio
732 426 980 490 vacabat,
1017 428 1149 497 quia
1194 435 1422 501 propter
1462 431 1756 485 lectionem
1775 433 1823 492 Α
1841 429 2186 500 perfringere
2210 427 2638 491 conabatur,sed
2662 427 2785 497 [al.,
2807 441 2958 481 nunc
2982 426 3292 496 ]conamen
3315 427 3436 496 ejus

165 533 450 588 nunquam
501 516 686 568 diurni
725 516 911 588 operis
965 517 1270 573 intermisit
1324 521 1755 575 exsecutionem.
1845 536 2009 573 omne
2029 517 2424 579 frustrabatur,
2456 518 2602 570 hunc
2631 516 2791 569 malis
2830 531 3126 587 pravorum
3168 515 3436 586 exemplis

166 609 280 662 Non
313 608 498 660 solum
538 606 595 658 in
637 606 870 675 cythara
900 607 1150 660 conﬁteri
1185 609 1439 674 Domino,
1474 627 1666 664 verum
1707 617 1764 664 et
1845 609 2120 662 suffodere
2152 607 2396 660 molitur.
2430 607 2637 659 Verum
2656 615 2717 659 ut
2739 605 2792 658 in
2825 604 3072 659 Canticis
3087 604 3436 658 canticorum

170 697 218 750 in
248 694 518 766 psalterio
551 694 741 747 decem
777 694 1109 748 chordarum
1143 699 1304 751 (Pi-al.
1339 713 1503 757 xxxu,
1534 697 1593 767 ‘2)
1615 699 1760 769 psal-
1844 698 2115 768 legimus:
2144 699 2580 763 (/m'uscujusquc
2597 698 2860 747 viris/isis
2883 711 3045 762 super
3064 696 3249 760 femur
3268 710 3435 746 suum

171 787 272 839 lere
313 783 614 853 gestiebat,
673 799 921 852 congrua
978 791 1292 854 temporum
1346 786 1758 854 distributione,
1839 792 2064 856 propter
2094 789 2314 838 timores
2347 790 2642 838 nocturnos
2675 785 2854 848 (Cant.
2886 797 2967 845 In,
2999 780 3074 844 8),
3105 799 3202 836 seu
3232 782 3438 836 diurna

171 890 308 928 nunc
336 878 593 926 attentus
621 871 779 926 bonae
819 873 1043 937 actioni,
1081 890 1228 927 nunc
1257 875 1509 930 intentus
1537 877 1761 931 lectioni

169 968 329 1033 aQue
363 961 606 1015 orationi
618 1004 630 1016 .

235 1053 391 1106 Nova
423 1067 616 1104 rursus
635 1050 922 1104 molimina
934 1057 1127 1105 contra
1147 1069 1276 1106 eum
1300 1054 1479 1108 hostis
1498 1055 1764 1125 antiquus

172 1142 396 1204 invenit,
426 1140 575 1210 quod
619 1156 904 1194 summum
936 1140 992 1194 in
1016 1141 1265 1196 humana
1293 1143 1404 1196 vita
1427 1143 1521 1198 ille
1554 1144 1766 1214 excogi-

174 1237 399 1290 taverat,
434 1230 849 1283 monasterialis
894 1230 1149 1284 videlicet
1199 1231 1411 1285 ordinis
1450 1234 1761 1302 fastigium,

176 1336 303 1389 pene
331 1319 605 1372 dissuasit
641 1318 727 1370 his
777 1318 1176 1372 occasionibus.
1223 1319 1550 1374 C(Bnobium
1585 1319 1763 1391 quod-

175 1409 289 1460 dam
323 1407 468 1460 adiit
496 1408 678 1476 gratia
722 1407 1041 1476 inquirendi
1081 1409 1149 1460 de
1180 1409 1290 1461 vita
1322 1411 1722 1464 monachorum
1748 1430 1759 1477 ;

175 1497 360 1550 habita
419 1497 712 1559 oratione,
766 1497 998 1550 accessit
1047 1497 1197 1550 omni
1246 1515 1369 1551 cum
1430 1500 1762 1564 reverentia,

175 1587 340 1639 multo
382 1601 513 1638 cum
555 1585 752 1638 timore
783 1587 854 1638 ad
884 1587 1090 1639 ostium
1115 1587 1363 1652 claustri,
1397 1590 1549 1642 velut
1575 1590 1644 1642 ad
1674 1607 1763 1642 os-

174 1676 302 1728 tium
336 1675 606 1744 paradisi,
656 1673 1206 1729 desiderantissimus
1259 1676 1399 1729 scire
1443 1677 1537 1747 qui
1569 1695 1763 1730 mona-

1845 876 2260 946 Oppugnatione
2281 891 2378 928 seu
2401 879 2676 926 nocturna
2692 871 3184 933 subdole,rationis
3204 872 3438 941 alicujus

1846 965 2205 1035 suggestione
2264 963 2506 1023 accedat,
2551 962 2763 1015 invenit
2809 978 2935 1014 eum
2987 961 3349 1015 excubantem
3380 961 3437 1014 in

1846 1054 2300 1125 propugnaculis,
2324 1052 2471 1122 gerit
2490 1052 2547 1104 in
2569 1067 2736 1104 manu
2749 1051 3020 1120 gladium,
3037 1050 3128 1120 qui
3154 1051 3439 1103 universas

1847 1144 2023 1198 hostis
2052 1159 2349 1213 compages
2380 1158 2444 1194 ac
2474 1141 2748 1193 medullas
2767 1139 3108 1209 exsequitur,
3139 1139 3440 1208 dignocens

1846 1251 1911 1288 ac
1942 1233 2319 1287 exterminans
2365 1247 2599 1300 quaeque
2649 1229 2717 1282 ab
2752 1229 2846 1282 illo
2876 1229 3242 1298 cogitationes
3271 1235 3439 1297 atque

1847 1321 2187 1375 intentiones
2209 1324 2589 1389 suggeruntur
2615 1336 2626 1384 ;
2660 1317 2729 1369 ad
2759 1315 3113 1386 excipiendos
3141 1315 3303 1378 ictus,
3327 1316 3442 1367 lon-

1845 1409 2212 1480 ganimitatis,
2239 1414 2294 1461 et
2316 1408 2598 1478 patientiae
2619 1405 2748 1459 forti
2776 1406 2969 1475 clypeo
2989 1405 3240 1458 munitur
3263 1422 3274 1462 :
3301 1404 3444 1473 posi-

1847 1506 1938 1554 tus
1971 1499 2116 1552 infra
2156 1498 2356 1551 divinae
2395 1495 2660 1549 custodiae
2708 1511 2930 1548 murum
2963 1493 3033 1546 ad
3071 1493 3260 1546 omnia
3291 1493 3442 1546 illius

1849 1588 2199 1654 molimina,a
2217 1585 2398 1655 vigilis
2421 1585 2506 1638 sui
2528 1583 2960 1638 commonitione
2986 1581 3442 1651 sollicitatur,qui

1849 1694 1960 1731 non
1973 1677 2494 1743 dormitabitmeque
2509 1676 2742 1726 dormiet
2754 1689 2822 1740 qu
2833 1672 3418 1734 icustoditlsrae/(Psal
3427 1714 3438 1725 .

176 1764 390 1816 chorum
433 1763 680 1823 habitus,
729 1764 822 1833 qui
867 1781 1066 1822 mores,
1128 1782 1249 1834 qua
1295 1765 1351 1818 in
1400 1767 1643 1820 claustro
1675 1784 1763 1820 se-
1783 1792 1824 1844 Β
1846 1782 1966 1832 cxx,
2013 1767 2087 1833 4).
2128 1765 2308 1835 Igitur
2323 1780 2430 1817 non
2453 1760 2756 1833 exploratis
2777 1761 2842 1814 ad
2867 1765 3056 1814 votum
3078 1776 3200 1830 quae
3221 1757 3443 1811 volebat

175 1852 326 1906 dendi
350 1853 426 1906 sit
441 1853 664 1921 religio.
690 1853 861 1911 Vidit,
883 1854 1046 1923 longe
1071 1854 1139 1906 ab
1159 1872 1224 1907 ea
1248 1872 1414 1924 quam
1437 1856 1760 1910 ccenobialis

175 1942 298 1994 ordo
341 1942 612 2011 exposcit,
667 1941 942 2010 gravitate
998 1960 1214 1996 morum
1275 1961 1468 1997 omnes
1527 1945 1756 2010 haberi;

176 2030 418 2084 turbatus
442 2037 528 2083 est
560 2031 678 2099 jam
721 2048 787 2083 ac
815 2031 1042 2085 omnino
1080 2032 1327 2086 incertus
1361 2035 1505 2103 quod
1549 2034 1764 2087 vivendi

176 2135 338 2188 genus
381 2119 752 2189 approbaret.
794 2120 876 2173 Ad
927 2121 1041 2174 haec
1090 2122 1182 2191 qui
1223 2123 1548 2176 monasterii
1578 2128 1764 2176 custos

178 2215 303 2272 erat,
325 2215 386 2262 ut
415 2209 579 2262 illum
611 2208 688 2261 sic
736 2209 1010 2262 introrsus
1055 2211 1408 2264 accedentem
1459 2212 1762 2282 conspexit,

177 2297 342 2350 furem
391 2297 714 2367 suspicatus
745 2298 1016 2360 immisso,
1051 2306 1261 2368 quanta
1300 2301 1348 2352 vi
1381 2301 1584 2370 potuit,
1625 2301 1764 2354 collo

177 2386 313 2440 illius
341 2403 555 2456 pugno,
586 2403 688 2456 per
710 2388 940 2457 capillos
969 2388 1102 2440 foris
1137 2405 1311 2459 usque
1334 2389 1404 2442 ad
1435 2389 1640 2442 ostium
1672 2405 1764 2442 ex-

176 2477 343 2529 trusit.
380 2478 458 2529 At
486 2477 572 2528 vir
596 2476 1042 2545 patientissimus
1091 2494 1187 2546 pro
1227 2478 1382 2532 illata
1421 2478 1530 2531 sibi
1559 2479 1768 2547 injuria

176 2565 379 2618 nullum
437 2566 711 2618 monacho
765 2565 938 2618 laicus
981 2566 1210 2620 verbum
1267 2567 1628 2638 impatientia;
1680 2584 1768 2620 re-

181 2654 412 2724 spondit.
462 2653 692 2707 Talibus
719 2655 944 2725 quidem
984 2656 1247 2708 accedere
1301 2657 1604 2726 plurimum
1637 2657 1771 2709 exti-

181 2743 333 2806 muit,
368 2744 466 2796 sed
499 2745 716 2813 palmes
739 2755 1078 2814 propagatus
1105 2744 1173 2797 ab
1206 2761 1288 2809 ea,
1319 2762 1440 2815 quae
1471 2746 1614 2798 Vitis
1644 2762 1773 2799 vera

183 2833 376 2894 existit,
418 2833 574 2886 nullo
624 2833 1025 2887 adversitatum
1075 2839 1212 2888 aestu
1268 2851 1520 2888 arescere
1569 2840 1770 2904 potest,

183 2921 285 2973 alte
313 2922 602 2975 radicatus
627 2922 685 2974 in
717 2921 868 2974 illius
901 2923 1172 2977 charitate
1203 2940 1325 2993 quae
1355 2927 1545 2976 omnia
1583 2926 1772 2989 xii/fert

178 3011 222 3078 (Ι
245 3011 361 3063 Cor.
394 3023 512 3074 xm,
549 3010 624 3080 7).

1843 1853 2384 1910 castrorumDomini
2395 1852 2557 1914 ,redit
2568 1853 2894 1904 firmaturus
2908 1866 3069 1902 suum
3086 1847 3232 1918 quod
3247 1853 3442 1900 contra

1845 1945 2166 2016 spirituales
2185 1943 2438 1996 incursus
2458 1939 2772 1994 extruebat:
2791 1938 2993 1992 avulsit
3012 1937 3158 1990 illico
3180 1941 3442 2006 paternas

1845 2036 2060 2092 domos.
2083 2032 2230 2085 unde
2251 2047 2538 2085 servorum
2563 2029 2660 2082 Dei
2683 2028 3003 2082 habitacula
3021 2025 3348 2080 construxit.

1920 2124 2149 2177 Sacrata
2181 2137 2307 2174 vero
2330 2137 2498 2191 quam
2520 2117 2834 2172 construxit
2849 2116 3082 2170 ecclesia
3102 2114 3170 2168 ab
3185 2114 3444 2184 episcopo

1847 2211 2088 2273 Lexovii,
2119 2211 2344 2264 nomine
2369 2208 2640 2262 Herberto
2659 2223 2876 2260 comam
2899 2205 3239 2266 totundit,ac
3269 2219 3444 2256 saecu-

1849 2301 2022 2354 larem
2058 2300 2311 2354 habitum
2339 2299 2624 2368 deponens
2654 2295 2723 2349 ab
2754 2295 2947 2348 eodem
2984 2293 3243 2364 pontifice
3271 2309 3444 2345 sacrae

1849 2390 2101 2443 habitum
2142 2388 2428 2458 religionis
2477 2387 2708 2456 accepit,
2763 2385 2925 2437 miles
2971 2382 3177 2437 Christi
3225 2398 3326 2452 per
3363 2386 3448 2434 tot

1852 2479 2100 2550 pericula
2126 2477 2284 2531 fortis
2317 2482 2447 2530 ante
2480 2481 2741 2545 expertus
2767 2493 2779 2541 ;
2812 2473 3064 2542 ejusdem
3079 2471 3290 2525 ordinis
3319 2487 3447 2524 cum

1852 2585 1916 2622 eo
1931 2569 2130 2637 jugum
2161 2566 2456 2619 subierunt
2482 2564 2592 2616 duo
2623 2563 2730 2615 sui.
2765 2561 3125 2614 Postmodum
3158 2577 3192 2612 a
3215 2560 3447 2631 praefato

1854 2657 2089 2728 praesule
2105 2655 2362 2709 sacerdos
2383 2650 3026 2721 consecratus,pluribus
3046 2650 3271 2703 ducatui
3295 2649 3447 2702 illius

1851 2748 1967 2816 jam
1993 2745 2219 2798 adscitis
2247 2742 2512 2796 fratribus
2555 2740 2726 2794 abbas
2776 2739 3102 2810 praeficitur;
3146 2744 3268 2791 tuto
3317 2737 3444 2790 imi—

1858 2836 2060 2888 tandus
2085 2834 2210 2887 aliis
2242 2832 2602 2902 praeponitur,
2646 2830 2739 2900 qui
2771 2845 2870 2899 per
2899 2845 3075 2882 annos
3099 2833 3213 2880 tres
3242 2827 3448 2896 impro-

1856 2924 2073 2996 perium
2115 2924 2242 2976 vitae
2282 2919 2588 2991 spiritualis
2637 2917 3045 2988 patientissime
3093 2917 3222 2969 tulit
3259 2931 3445 2968 coram

1856 3012 2212 3068 saecularibus
2236 3011 2512 3064 alienatus
2536 3007 2885 3080 spectaculis,
2909 3005 3111 3076 quibus
3139 3005 3450 3059 innutritus

250 3097 362 3150 Hoc
391 3097 461 3150 de
491 3097 592 3150 illo
621 3098 867 3152 referens
897 3099 1281 3154 aediﬁcationis
1305 3101 1588 3167 solatium,
1619 3101 1770 3154 aliud
1791 3105 1832 3161 C
1856 3103 2107 3174 quotidie
2137 3102 2275 3155 alios
2296 3099 2812 3165 videbatoblectari;
2837 3098 3080 3167 rigorem
3099 3096 3450 3150 abstinentiae

183 3202 244 3238 ea
266 3187 332 3239 de
356 3203 414 3239 re
442 3186 700 3256 proximo
731 3188 904 3241 natali
936 3189 1224 3243 Dominico
1255 3190 1394 3243 adiit
1424 3191 1651 3261 majoris
1682 3207 1776 3242 no-

184 3274 343 3327 minis
371 3274 707 3335 coenobium.
743 3276 940 3330 festiva
971 3279 1325 3347 processione
1345 3296 1469 3332 cum
1492 3281 1695 3332 fratres
1717 3279 1772 3331 in

185 3362 266 3415 die
292 3364 668 3417 solemnitatis
700 3365 962 3430 exissent,
1017 3367 1153 3419 vidit
1205 3367 1485 3420 indecenti
1533 3368 1771 3421 benevo-

186 3451 349 3505 lentia
374 3453 683 3506 monachos
713 3455 919 3524 passim
951 3455 1200 3510 arridere
1242 3457 1414 3522 laicis,
1457 3458 1774 3526 aggaudere

187 3540 241 3593 in
269 3541 647 3610 paratioribus
679 3545 1027 3598 ornamentis
1052 3546 1397 3599 ostendendo
1428 3563 1496 3599 ea
1523 3546 1666 3608 aliis,
1703 3545 1773 3599 ad

188 3628 466 3684 introitum
519 3632 867 3686 contentioso
898 3634 1144 3686 tumultu
1179 3634 1487 3704 anticipare
1535 3634 1769 3687 aditum.

188 3719 262 3770 Ad
289 3720 401 3772 haec
433 3719 790 3773 insistentem
829 3721 932 3774 sibi
987 3723 1220 3776 nimium
1274 3724 1502 3777 fratrem
1545 3723 1770 3792 quidam

189 3808 483 3862 monachus
518 3810 853 3863 monachum
905 3827 1091 3880 pugno
1135 3829 1523 3882 repercussum
1549 3812 1769 3874 avertit,

187 3914 245 3948 ac
279 3898 583 3969 impulsum
631 3898 844 3969 supinis
892 3901 1155 3955 dentibus
1184 3901 1409 3955 demisit
1437 3902 1508 3955 ad
1549 3903 1731 3955 solum
1759 3921 1770 3967 ;

186 3986 356 4039 adhuc
392 3987 568 4050 enim,
603 3993 665 4040 ut
721 3988 931 4042 dictum
981 3996 1083 4052 est,
1143 4007 1335 4043 omnes
1375 3990 1626 4043 omnium
1679 4007 1777 4060 per

185 4073 610 4141 Northmaniam
645 4093 826 4130 mores
857 4077 1078 4131 barbari
1108 4085 1287 4132 erant.
1326 4080 1441 4132 Hac
1471 4095 1657 4132 rerum
1690 4082 1776 4132 in-

187 4163 411 4218 solentia
460 4182 532 4218 ne
578 4165 784 4220 bonum
840 4168 1135 4221 damnaret
1187 4169 1512 4239 incmptum,
1559 4174 1776 4222 tantam

193 4259 403 4306 actuum
461 4255 768 4319 levitatem,
812 4262 1026 4310 tantam
1081 4257 1499 4328 improbitatem
1560 4275 1777 4312 morum

190 4347 447 4395 contuens
494 4343 552 4396 in
608 4343 719 4396 illis
762 4344 830 4397 ad
871 4362 1109 4416 quorum
1157 4353 1280 4410 δεῖ,
1320 4363 1576 4400 normam
1607 4348 1776 4401 vitam

1859 3210 1968 3247 non
1992 3193 2247 3245 relaxans
2265 3191 2412 3244 inter
2439 3188 2895 3242 afﬂuentissimas
2922 3187 3274 3240 dominorum
3300 3203 3452 3238 men-

1857 3298 1968 3345 sas,
1994 3279 2144 3332 omni
2163 3279 2404 3348 denique
2426 3276 2721 3347 abjectioni
2746 3292 2948 3346 corpus
2967 3291 3131 3329 suum
3154 3273 3451 3344 subjiciens

1859 3371 1915 3423 in
1943 3369 2116 3423 curia.
2151 3369 2300 3431 Quos
2331 3383 2462 3436 ergo
2504 3366 2776 3435 regendos
2803 3370 3092 3434 acceperat
3118 3362 3447 3430 arctissime,

1858 3459 1944 3512 vel
1991 3475 2145 3511 more
2189 3457 2420 3510 Patrum
2462 3456 2681 3526 piorum
2713 3453 2838 3527 [al.,
2883 3453 3156 3524 priorum]
3200 3452 3452 3523 regebat.

1856 3548 2105 3612 Videres,
2114 3552 2335 3618 peracto
2367 3545 2420 3598 in
2444 3545 2677 3598 ecclesia
2699 3544 2900 3608 officio,
2921 3543 3179 3596 abbatem
3210 3542 3352 3596 collo
3373 3558 3456 3594 se-

1855 3643 2122 3701 mentem,
2151 3653 2318 3690 manu
2347 3641 2590 3689 rastrum
2622 3635 2704 3688 vel
2734 3634 3014 3688 sarculum
3039 3631 3453 3702 gestantem,ad

1856 3727 2256 3796 agriculturam
2290 3725 2485 3796 praeire
2514 3724 2814 3777 monachos
2853 3739 3066 3789 omnes,
3121 3722 3268 3775 ruris
3297 3720 3453 3791 operi

1857 3815 1960 3870 sub
1989 3815 2098 3868 diei
2129 3815 2430 3868 terminum
2473 3813 2752 3876 insistere,
2786 3812 3038 3866 sentibus
3067 3817 3124 3864 et
3151 3811 3328 3882 spinis
3359 3809 3454 3863 alii

1858 3921 2057 3974 agrum
2089 3903 2490 3967 emundabant,
2525 3903 2618 3955 alii
2674 3905 2866 3955 timum
2908 3901 3150 3971 scapulis
3202 3915 3456 3970 compor-

1859 3999 2044 4047 tantes
2075 3991 2499 4063 spargebant,hi
2523 3991 2858 4048 sarriebant,
2878 3990 2958 4043 illi
2979 3988 3252 4052 ferebant,
3289 4003 3454 4042 nemo

1860 4099 2060 4153 panem
2095 4080 2417 4136 assumebat
2442 4081 2499 4133 in
2530 4079 2741 4143 otio,ad
2771 4080 2965 4133 horam
2999 4077 3198 4147 agendi
3217 4077 3385 4130 ofﬁcii
3400 4076 3457 4130 in

1861 4171 2095 4224 ecclesia
2115 4186 2308 4223 omnes
2336 4170 2405 4223 ad
2443 4184 2898 4238 unamquamque
2925 4167 3118 4219 horam
3157 4165 3454 4219 convenie-

1859 4260 2015 4313 bant.
2050 4260 2240 4313 Victus
2270 4257 2628 4329 quotidianus
2655 4257 2816 4328 panis
2848 4256 3157 4326 siligineus,
3184 4259 3240 4308 et
3271 4253 3454 4308 herbae

1861 4366 1986 4404 cum
2018 4351 2133 4402 sale
2167 4354 2224 4402 et
2248 4364 2395 4416 aqua
2420 4366 2430 4413 ;
2462 4363 2610 4418 aqua
2625 4363 2738 4400 non
2760 4346 2866 4399 nisi
2885 4345 3158 4406 lutulena,
3181 4343 3312 4414 quia
3332 4343 3456 4397 fons

187 4444 337 4482 suam
367 4431 651 4500 corrigere
683 4432 928 4496 nolebat,
973 4435 1072 4488 Dei
1123 4451 1322 4489 manus
1366 4436 1548 4490 effecit
1576 4435 1778 4491 subve-
1801 4423 1844 4479 υ
1864 4454 2139 4508 nusquam
2174 4443 2374 4507 praeter
2415 4435 2482 4488 ad
2533 4435 2644 4489 duo
2675 4435 2937 4488 milliaria
2966 4432 3296 4487 habebatur.
3339 4433 3457 4488 Cm-

185 4517 339 4571 niens
360 4519 593 4573 labanti.
619 4522 885 4590 Sequenti
915 4528 1092 4588 nocte,
1127 4524 1343 4594 expleto
1373 4525 1779 4580 matutinorum
1864 4528 2022 4590 leste,
2053 4525 2298 4592 aiebant,
2333 4525 2664 4580 beneﬁcium
2696 4541 2820 4578 cum
2851 4523 3011 4596 panis
3042 4523 3260 4589 melior,
3294 4529 3351 4578 et
3370 4540 3457 4579 ca-

183 4606 381 4668 ofiicio,
416 4609 515 4662 diu
544 4616 676 4663 ante
723 4611 902 4664 lucem
943 4611 1070 4664 aliis
1116 4613 1335 4666 emissis
1365 4620 1628 4668 oraturus
1657 4615 1776 4686 ipse
1858 4633 2006 4680 seus,
2041 4616 2123 4669 vel
2169 4615 2380 4685 aliquid
2423 4613 2576 4668 aliud
2607 4612 2852 4668 edulium
2885 4613 3254 4684 undecunque
3283 4612 3460 4667 habe-

182 4698 455 4750 remansit
511 4699 820 4753 occultatus
867 4700 922 4753 in
984 4702 1225 4772 quodam
1266 4705 1470 4772 angulo
1509 4705 1771 4770 oratorii;

185 4801 306 4838 mox
335 4787 569 4856 quidam
612 4789 917 4843 monachus
948 4807 1011 4844 eo
1041 4807 1151 4844 non
1180 4791 1296 4845 viso
1324 4809 1497 4863 prope
1528 4794 1779 4848 constitit

183 4873 250 4926 ad
279 4875 681 4946 orandum,qui
711 4894 859 4931 nunc
889 4884 1006 4932 toto
1027 4896 1259 4950 corpore
1288 4889 1780 4951 prostratus,nunc

182 4969 402 5017 tantum
437 4965 674 5033 genibus
704 4967 878 5030 ﬂexis,
907 4985 1032 5022 cum
1076 4970 1342 5039 lacrymis
1389 4987 1556 5026 orans
1602 4989 1780 5042 usque

183 5053 253 5105 ad
281 5069 448 5107 mane
479 5055 691 5108 clarum
726 5056 990 5126 perstitit.
1017 5058 1148 5127 Ejus
1174 5059 1347 5128 igitur
1378 5061 1630 5130 exemplo
1657 5078 1779 5113 om-

183 5141 316 5196 nino
348 5142 761 5214 redintegratus
787 5152 890 5199 est.

253 5231 572 5286 Referimus
633 5234 924 5294 miracula,
961 5237 1057 5289 sed
1097 5237 1195 5298 eis,
1249 5237 1396 5290 unde
1443 5238 1640 5308 vulgus
1674 5241 1784 5293 fert

182 5321 546 5386 sententiam,
578 5323 819 5376 multum
866 5325 1149 5394 pauciora,
1193 5342 1513 5396 quanquam
1541 5343 1652 5381 non
1682 5328 1780 5380 de-

183 5407 411 5463 fuerunt
448 5418 506 5464 et
535 5411 676 5482 ipsa.
709 5412 854 5476 Quid
883 5414 1032 5467 enim
1061 5415 1380 5483 gloriosius,
1427 5417 1576 5486 quod
1608 5416 1784 5470 victus

184 5497 255 5550 ab
285 5515 352 5552 eo
373 5499 579 5570 ubique
608 5501 803 5563 hostis,
835 5501 949 5556 Deo
968 5503 1238 5569 vincente,
1258 5505 1576 5560 succubuit?
1595 5505 1784 5561 Robur

184 5589 859 5656 constantizeillius,duris
878 5592 1150 5646 hactenus
1162 5593 1564 5649 adversitatum
1579 5594 1780 5649 ictibus

1859 4707 2046 4761 batur.
2101 4705 2428 4774 Exemplum
2479 4703 2752 4773 magistri,
2812 4710 2868 4757 et
2931 4709 3181 4766 conatus,
3233 4719 3458 4758 omnem

1862 4794 2254 4850 murmurandi
2304 4792 2630 4847 excludebat
2669 4792 2904 4846 aditum.
2954 4792 3140 4846 Abbas
3183 4793 3336 4864 prior
3387 4793 3458 4847 ad

1862 4902 2020 4956 opus,
2075 4883 2144 4936 ab
2193 4899 2360 4953 opere
2402 4881 2724 4935 discedebat
2751 4882 3002 4943 ultimus,
3052 4889 3312 4954 operator
3341 4882 3460 4953 ipse

1862 4973 2180 5028 continuus.
2217 4971 2395 5025 Simili
2425 4987 2484 5024 se
2522 4970 2660 5024 inibi
2707 4976 2937 5042 propter
2979 4971 3156 5025 Deum
3205 4971 3460 5025 servituti

1866 5061 2064 5116 nobilis
2096 5066 2276 5114 mater
2307 5061 2427 5130 ejus
2457 5060 2686 5125 addixit,
2712 5066 2768 5114 et
2787 5061 3062 5115 concessis
3087 5061 3196 5114 Deo
3213 5060 3452 5131 praediis,

1865 5169 1987 5222 quae
2019 5149 2500 5214 habebat,ancillaa
2515 5149 2854 5219 fungebatur
2869 5149 3067 5214 officio,
3091 5148 3459 5202 servientium

1866 5241 1980 5294 Deo
2011 5255 2224 5310 pannos
2254 5237 2508 5304 abluens,
2541 5244 2599 5292 et
2618 5239 2885 5309 quidquid
2927 5236 3326 5308 injungebatur
3363 5252 3458 5288 ex-

1865 5329 2029 5382 tremi
2050 5328 2232 5398 operis
2253 5328 2669 5382 accuratissime
2698 5345 2886 5397 agens.

1939 5417 2023 5470 Ad
2059 5433 2198 5487 opus
2224 5433 2509 5472 servorum
2529 5417 2624 5470 Dei
2651 5417 2891 5486 quadam
2914 5415 3002 5468 die
3020 5429 3146 5467 cum
3177 5429 3458 5468 annonam

1866 5511 2124 5568 torreret,
2153 5508 2340 5561 nescio
2369 5524 2479 5578 quo
2515 5523 2647 5561 casu
2685 5506 2884 5559 domus
2915 5503 3163 5574 undique
3193 5520 3460 5560 succensa

1865 5595 2234 5650 est.Cucurrit
2251 5596 2472 5665 quidam
2494 5594 2755 5663 ejulando
2771 5593 3037 5648 nuntians
3055 5592 3242 5650 abbati
3265 5595 3458 5650 domos
