3902 6166
467 308 568 368 703
1356 357 1364 370 ,
1416 307 1512 364 AD
1552 309 1791 365 OPERA
1828 311 1890 365 B.
1933 309 2212 364 LANFRA
2225 308 2347 364 N01
2384 305 2774 364 APPENDIX.
3594 309 3683 366 704

464 433 803 500 combustas,
835 438 892 489 et
922 436 1159 488 matrem
1184 433 1309 502 ejus
1347 431 1485 487 inibi
1519 451 1641 490 esse
1669 435 2018 491 combustam
2041 453 2054 503 ;
2074 434 2293 496 Adium
2323 437 2503 490 morte
2532 431 2714 488 subita
2737 435 3049 503 praventus
3063 433 3347 489 nominem
3367 435 3687 501 exivit.Quod

467 529 528 578 at
548 523 642 578 ille
672 524 801 578 licet
823 522 1086 594 lacrymis
1108 523 1353 577 suffusus
1385 523 1456 577 ad
1487 525 1663 580 Deum
1689 541 1890 580 manus
1916 525 2060 580 leva-
2141 524 2314 580 abbas
2325 524 2442 596 ipse
2455 523 2650 579 eadem
2672 523 2812 578 hora
2827 522 3054 592 agnovit
3067 523 3312 577 animam
3329 523 3476 580 illius
3496 531 3686 596 raptam

2140 630 2175 668 a
2198 612 2563 678 dmmonibus,
2581 611 2816 666 audiens
2835 611 3138 666 miserabili
3153 612 3376 683 planctu
3398 614 3687 683 ejulantem,

2141 709 2200 757 et
2229 703 2308 757 ita
2335 719 2435 774 per
2462 702 2693 771 longum
2723 701 2994 772 temporis
3027 706 3085 755 et
3111 701 3216 755 loci
3246 701 3584 757 intervallum
3608 703 3690 758 ab-

2142 793 2288 854 duci,
2305 791 2482 848 mittit
2497 791 2600 846 sub
2619 790 3020 845 acceleratione
3034 790 3166 861 quid
3179 790 3249 844 de
3263 791 3358 845 illo
3371 798 3614 862 ageretur
3626 793 3692 847 in-

2143 881 2412 954 quisitum
2428 881 2518 947 iri;
2535 881 2755 951 legatus
2771 879 2903 934 illuc
2925 880 3218 950 pervolans
3237 881 3482 951 pulsatas
3499 882 3627 936 fores
3636 881 3693 936 ir-

2140 971 2696 1042 rumpit,irrumpens
2707 969 2775 1023 ad
2791 969 2972 1023 cubile
2989 969 3325 1040 pervenit,in
3336 969 3496 1024 cubili
3506 971 3610 1039 jam
3620 987 3694 1040 ge-

2140 1060 2317 1115 lidum
2346 1076 2411 1114 ac
2432 1059 2696 1114 membris
2718 1057 2979 1112 omnibus
2998 1058 3244 1128 rigidum
3267 1059 3338 1114 ad
3370 1059 3511 1114 latus
3528 1060 3693 1114 nesciae

2142 1149 2458 1206 uxorissua:
2475 1148 2706 1202 invenit.
2725 1148 2907 1218 Hujus
2937 1147 3196 1203 miraculi
3224 1164 3400 1202 unum
3419 1165 3449 1202 e
3466 1147 3693 1203 fratribus

2141 1245 2347 1294 testem
2369 1238 2586 1303 habuit,
2616 1237 2712 1308 qui
2740 1253 2867 1291 cum
2889 1253 2953 1290 eo
2977 1237 3202 1292 eosdem
3235 1237 3473 1308 ejulatus
3495 1237 3690 1291 audivit.

2214 1329 2467 1394 Quadam
2489 1328 2580 1382 die
2602 1327 2750 1381 circa
2780 1326 3124 1396 vespertinas
3151 1327 3323 1382 horas
3351 1343 3474 1381 cum
3502 1325 3617 1381 foris
3639 1326 3695 1381 ad

2143 1437 2284 1492 opus
2321 1418 2612 1482 resideret,
2658 1415 2798 1470 vidit
2841 1417 3150 1471 daemonem
3199 1416 3305 1472 sub
3334 1402 3519 1471 habitu
3541 1414 3695 1471 clerici

2142 1527 2314 1583 prope
2340 1509 2520 1562 locum
2565 1506 2832 1572 transire,
2867 1511 2924 1560 et
2951 1522 3076 1560 eam
3106 1506 3422 1560 dormitorii
3453 1505 3694 1560 officinam

2143 1600 2198 1654 in
2233 1614 2343 1669 qua
2373 1598 2605 1651 fratrem
2652 1595 2723 1649 ad
2770 1595 3084 1650 necessaria
3126 1611 3381 1650 secessus
3401 1600 3499 1659 est,
3528 1593 3694 1658 adire;

467 1679 583 1732 rivo
602 1679 714 1734 illic
737 1683 987 1736 mananti
1013 1683 1214 1737 Beccus
1236 1685 1648 1756 appellatur,ad
1679 1685 2002 1738 milliarium
2029 1701 2106 1756 an
2146 1703 2339 1742 revera
2369 1683 2684 1755 suspicatus
2718 1683 3003 1747 clericum,
3039 1687 3097 1736 et
3139 1683 3292 1754 quod
3330 1682 3399 1736 ad
3428 1681 3694 1736 oratorium

465 1778 646 1823 castro
685 1771 830 1840 quod
864 1776 1089 1826 vocatur
1117 1754 1448 1828 Brionnium
1473 1775 1633 1828 valle.
1669 1775 1764 1828 Est
1793 1773 1882 1827 hic
1906 1754 2123 1828 locusB
2142 1777 2225 1831 ire
2249 1754 2529 1834 voluisset,
2543 1772 2674 1828 fecit
2705 1789 2739 1826 a
2764 1771 3144 1842 compluribus
3173 1771 3466 1826 inclamari
3493 1769 3698 1841 quaibat

466 612 583 666 vit:
626 633 646 660 ι
682 610 904 666 Gratias
936 610 1057 676 tibi,
1093 612 1258 676 Deus,
1288 612 1567 682 inquiens,
1604 613 1750 683 quod
1792 613 1852 667 in
1877 613 2058 668 officio

466 699 826 754 servientium
867 700 967 754 tibi
1006 706 1242 754 matrem
1279 717 1461 754 meam
1502 701 1650 770 ignis
1677 701 2002 772 assumpsit.
2031 721 2054 753 ι

464 789 648 844 Fortis
677 789 734 844 in
751 806 942 843 amore
973 789 1074 843 Dei
1096 790 1411 844 constantia
1431 806 1553 862 quae
1572 796 1657 845 tot
1688 790 1896 844 diaboli
1921 791 2062 845 arie-

464 876 615 932 tibus
646 878 890 950 impulsa
917 877 1108 933 labare
1129 894 1241 933 non
1261 881 1512 950 poterat!
1543 881 1776 934 malleos
1810 896 1876 934 ac
1901 881 2060 952 ignes

465 966 726 1022 inimicus
752 967 1090 1039 suggerebat
1111 968 1594 1040 nesciens,quibus
1615 969 1697 1023 vir
1720 970 1938 1040 patiens
1960 971 2061 1024 mi-

463 1056 616 1111 nime
640 1056 1000 1113 fundebatur.
1043 1057 1139 1111 sed
1172 1062 1445 1128 purgatus
1486 1057 1556 1111 ad
1584 1073 1847 1112 coronam
1866 1057 2058 1128 gloriae

463 1144 832 1201 formabatur.
855 1146 1012 1202 Nihil
1027 1151 1218 1200 tamen
1249 1147 1385 1200 mali
1409 1145 1469 1200 in
1496 1147 1596 1201 illa
1622 1147 2058 1218 conﬂagratione

463 1235 731 1306 przedicta
758 1236 985 1290 domina
1006 1252 1171 1306 passa
1192 1235 1320 1290 fuit.

537 1324 679 1378 Dein
709 1330 836 1394 post
872 1325 1225 1396 aliquantum
1256 1325 1524 1396 temporis
1569 1341 1668 1398 per
1709 1325 1891 1380 visum
1923 1325 2061 1379 divi-

467 1413 619 1467 nitus
640 1415 1012 1469 commonitus
1026 1421 1202 1478 est,ut
1231 1415 1463 1468 dimissa
1483 1415 1785 1470 solitudine
1804 1432 2059 1486 campes-

468 1501 560 1567 tri,
587 1519 707 1574 qua:
724 1504 1063 1574 competenti
1085 1503 1506 1574 opportunitate
1541 1505 1766 1558 omnino
1810 1503 2056 1570 carebat,

469 1605 597 1644 cum
626 1592 695 1644 ad
717 1591 901 1645 locum
915 1592 999 1646 sui
1013 1592 1158 1662 juris
1172 1594 1522 1648 mansionem
1544 1596 1876 1650 transferret
1903 1595 1997 1666 qui
2027 1611 2063 1650 a

467 1856 524 1911 in
557 1857 678 1928 ipso
694 1859 858 1923 saltu,
889 1859 1525 1926 Brionnensivalleima,
1553 1862 1835 1918 montibus
1853 1863 2062 1918 saltuo-

469 1945 546 2002 sis
573 1946 702 2002 hinc
721 1948 852 2002 inde
883 1949 1120 2014 occlusa,
1157 1951 1310 2006 omni
1349 1952 1771 2023 opportunitate
1813 1953 2061 2006 humano

466 2035 595 2090 usui
623 2039 949 2092 commodus
978 2045 1206 2110 propter
1224 2040 1580 2108 densitatem,
1614 2059 1680 2096 ac
1707 2042 1811 2096 rivi
1840 2059 2060 2096 recrea-

465 2127 676 2179 tionem
698 2126 972 2192 ;ferarum
991 2127 1126 2183 illuc
1152 2130 1394 2184 multum
1425 2137 1546 2184 erat
1574 2148 1857 2197 accursus,
1889 2131 2062 2186 trium

467 2217 689 2268 tantum
712 2215 1163 2271 molendinorum
1187 2223 1296 2272 tres
1313 2217 1512 2272 domus
1538 2219 1653 2272 illic
1672 2225 1853 2281 erant,
1887 2225 1945 2274 et
1981 2236 2066 2275 so-

469 2302 588 2357 lum
611 2302 914 2358 habitabile
933 2305 1333 2376 permodicum.
1350 2307 1495 2372 Quid
1514 2324 1645 2378 ergo
1663 2308 1917 2363 faceret?
1940 2326 2061 2364 mo-

468 2392 828 2458 lendinorum
853 2395 911 2449 in
929 2411 1040 2450 uno
1060 2412 1189 2467 pars
1212 2395 1317 2451 sibi
1348 2397 1520 2461 nulla,
1550 2398 1788 2452 aliorum
1821 2399 2063 2453 duorum

468 2497 572 2534 sua
600 2499 728 2552 pars
760 2489 883 2538 erat
909 2485 1097 2550 tertia,
1131 2502 1231 2539 nec
1256 2491 1447 2540 tamen
1477 2487 1578 2540 soli
1617 2486 1855 2542 liberum
1888 2504 2064 2558 quan-

466 2576 589 2625 tum
619 2580 934 2643 opportuna
956 2575 1225 2629 domuum
1264 2576 1541 2647 capacitas
1571 2576 2064 2647 exigebat.Comes

468 2659 789 2716 Gilebertus
828 2663 909 2717 nil
943 2679 1181 2734 usquam
1212 2681 1276 2718 eo
1305 2665 1453 2720 saltu
1483 2665 1782 2736 pretiosius
1811 2665 2064 2736 posside-

2142 1881 2255 1921 non
2297 1879 2419 1918 esse
2457 1866 2603 1916 viam
2649 1860 2912 1927 oratorii;
2954 1876 3314 1930 nequaquam
3355 1859 3698 1914 exaudientem

2145 1951 2500 2024 prosequitur
2529 1951 2733 2005 missus
2765 1949 2860 2020 qui
2890 1953 3194 2014 revocaret,
3231 1947 3332 2002 sed
3371 1946 3538 2018 elapsi
3576 1945 3702 2001 nulla

2145 2058 2376 2114 prorsus
2409 2039 2644 2110 vestigia
2685 2037 2923 2096 invenit.
2963 2036 3252 2092 Intellexit
3274 2035 3498 2091 tandem
3524 2034 3700 2089 inimici

2147 2131 2514 2204 praestigium,
2547 2144 2610 2182 ac
2639 2127 2720 2182 rei
2751 2132 3010 2180 eventum
3032 2125 3394 2196 exspectavit.
3417 2123 3580 2178 Nocte
3605 2139 3703 2194 pro-

2147 2222 2295 2276 xima
2351 2219 2582 2291 quidam
2630 2216 2955 2280 monachus,
3002 2214 3072 2269 de
3117 2213 3460 2269 monasterio
3498 2212 3702 2282 fugiens,

2144 2327 2246 2384 per
2265 2309 2461 2364 eadem
2516 2308 2638 2361 loca
2693 2321 2952 2375 egressus
3006 2303 3286 2369 discessit,
3317 2308 3382 2358 ut
3422 2319 3452 2356 e
3500 2299 3697 2370 vestigio

2145 2400 2477 2456 subsecutus
2506 2394 2938 2468 prodidit.Quod
2965 2409 3131 2448 mane
3161 2393 3259 2448 ille
3289 2409 3419 2446 cum
3447 2389 3706 2461 comperis-

2144 2494 2232 2545 set
2259 2487 2416 2552 dixit,
2451 2485 2544 2540 cui
2577 2482 2858 2538 militabat
2875 2487 2933 2537 et
2955 2483 3052 2554 qui
3081 2499 3215 2537 eum
3243 2481 3513 2537 abducere
3539 2477 3708 2549 sategit

2146 2595 2180 2633 a
2222 2575 2555 2648 vespertinis
2605 2573 2757 2628 horis
2811 2571 3243 2644 praestolabatur
3299 2570 3376 2625 ibi
3426 2567 3708 2624 immundus

2147 2666 2526 2732 immundum,
2555 2663 2816 2717 dominus
2846 2661 3144 2716 satellitem
3173 2676 3280 2732 per
3308 2657 3585 2714 immunda
3603 2658 3708 2726 jure

472 2749 568 2804 bat
593 2751 738 2815 Quid
757 2752 946 2823 plura?
975 2769 1072 2824 spe
1093 2753 1152 2807 in
1181 2755 1296 2808 Deo
1317 2755 1732 2825 firmata,coepit
1755 2755 2067 2826 operari,ac
2148 2756 2510 2811 abducturus.
2542 2752 2726 2806 Variis
2740 2767 2879 2820 ergo
2915 2749 3303 2805 simultatibus
3334 2765 3457 2819 quae
3492 2763 3621 2817 saepe
3636 2746 3708 2799 in-

470 2838 619 2896 Deus
673 2841 1090 2896 evidentissima
1137 2841 1443 2914 cooperari,
1490 2859 1621 2896 nam
1671 2850 1976 2909 consortes,
2009 2849 2067 2898 et
2097 2897 2100 2900 ,
2148 2851 2367 2900 trorsus
2395 2841 2723 2898 oriebantur
2746 2839 2915 2910 ccepit
2933 2841 3127 2894 dolere
3151 2839 3401 2894 multum
3420 2842 3473 2890 et
3491 2833 3704 2898 anxiari;

470 2929 803 2984 contermini
834 2947 974 3000 quas
996 2931 1074 2985 ibi
1093 2930 1373 2986 habebant
1389 2938 1705 3002 partes,seu
1726 2933 2060 2999 venditione,
2150 2936 2221 2989 ad
2248 2951 2315 2988 ea
2341 2931 2490 2987 enim
2534 2929 2920 3001 componenda
2949 2929 3045 3000 qui
3073 2928 3131 2982 in
3160 2928 3410 2982 claustro
3429 2924 3712 2998 praesideret

471 3033 570 3076 seu
596 3019 847 3090 gratuita
868 3020 1401 3084 donatione,omnes
1428 3021 1532 3076 sibi
1569 3038 1699 3077 suas
1738 3022 1962 3087 dedere,
2005 3039 2068 3076 ac
2088 3075 2125 3090 η
2149 3023 2383 3078 minime
2421 3027 2563 3082 erat,
2588 3027 2913 3090 sumptuum
2940 3017 3426 3088 congerendorum
3450 3012 3711 3069 necessitas

470 3105 624 3164 brevi
654 3106 758 3162 sub
775 3113 1026 3180 tempore
1055 3109 1256 3164 silvam
1285 3110 1686 3182 Brionnii,quaa
1697 3111 1906 3167 circum
1924 3116 2062 3178 erat,
2084 3075 2126 3135 Ο
2153 3113 2311 3168 illum
2335 3107 2798 3166 extraimmorari
2815 3106 3212 3177 compellebat:
3239 3106 3345 3160 hac
3373 3105 3440 3159 de
3459 3119 3517 3158 re
3536 3101 3710 3156 multo-

476 3201 652 3251 totam
682 3196 945 3252 obtinuit.
2148 3203 2256 3257 ties
2287 3201 2587 3256 Dominum
2611 3214 2736 3252 cum
2753 3198 2872 3268 jam
2891 3200 3192 3260 exorasset,
3227 3194 3417 3249 divina
3445 3192 3545 3248 sibi
3572 3190 3711 3244 mise-

542 3285 900 3349 Consecrata,
935 3289 1126 3358 paucis
1143 3295 1427 3344 exstructa
1449 3291 1634 3358 annis,
1657 3308 1769 3345 non
1791 3307 1961 3362 parva
1985 3309 2069 3346 ec-
2151 3291 2295 3346 ratio
2319 3287 2760 3345 accommodavit
2787 3283 3375 3348 auxilium,sufficiens
3403 3281 3471 3338 ad
3489 3279 3713 3337 universa

473 3373 660 3440 clesia,
719 3375 995 3431 columnis
1034 3394 1100 3431 ex
1136 3378 1336 3449 ligneis
1384 3380 1690 3434 claustrum
1733 3381 2064 3446 construxit,
2155 3397 2280 3452 qua:
2309 3378 2527 3450 agenda
2553 3377 2740 3431 forent
2757 3373 3108 3444 suffragium.

473 3463 532 3518 in
552 3479 662 3532 quo
685 3463 756 3517 ad
785 3481 996 3519 morem
1027 3468 1222 3536 patriae
1251 3469 1452 3523 fratres
1475 3469 1593 3538 jam
1635 3485 1912 3540 nusquam
1939 3486 2068 3540 pro-
2226 3471 2398 3525 Ortus
2425 3467 2591 3523 Italia
2620 3465 2848 3537 quidam
2881 3463 2963 3517 vir
2991 3467 3130 3526 erat,
3167 3478 3338 3532 quem
3382 3458 3635 3516 Latinitas
3660 3455 3706 3509 in

471 3567 764 3624 gressuros
793 3554 1082 3609 considere
1110 3555 1373 3610 instituit.
1420 3558 1594 3611 Nocte
1619 3574 1745 3612 vero
1775 3557 2072 3613 subsecuta
2153 3559 2449 3629 antiquum
2475 3556 2545 3611 ab
2572 3572 2637 3610 eo
2668 3553 2930 3609 restituta
2967 3551 3217 3606 scientia
3253 3555 3463 3606 statum
3497 3553 3607 3603 tota
3633 3560 3709 3598 su-

474 3641 715 3696 orationi
743 3659 808 3697 eo
829 3643 1043 3699 intento
1069 3645 1127 3699 in
1159 3650 1340 3700 stratu
1371 3663 1491 3712 suo,
1523 3646 1778 3702 diabolus
1800 3649 1974 3702 futuri
1998 3648 2066 3702 il-
2150 3663 2430 3718 premum,
2453 3645 2641 3699 debito
2667 3659 2793 3698 cum
2821 3657 3014 3695 amore
3035 3647 3093 3694 et
3111 3640 3350 3704 honore,
3374 3635 3607 3708 agnoscit
3621 3647 3711 3687 ma-

473 3729 544 3796 lic
558 3729 832 3786 bonorum
852 3749 1083 3804 Operum
1117 3734 1447 3789 incrementi
1481 3735 1789 3806 primordia
1810 3753 2063 3803 cernens,
2149 3737 2412 3808 gistrum,
2444 3734 2671 3790 nomine
2703 3731 3066 3795 Lanfrancus,
3099 3733 3208 3783 etc.
3241 3727 3376 3798 (77).

473 3819 963 3890 impatientissime
973 3823 1120 3888 tulit,
1129 3829 1338 3878 tectum
1355 3823 1671 3878 dormitorii
1693 3824 1870 3878 multa
1881 3825 1932 3878 vi
1943 3842 2070 3879 con-
2222 3825 2408 3880 Abbas
2438 3823 2650 3900 peritus
2679 3825 2800 3876 erat
2828 3820 2887 3873 in
2907 3817 3242 3874 dirimendis
3265 3831 3552 3874 causarum
3575 3824 3712 3867 secu-

475 3910 710 3966 scendit.
731 3911 892 3965 Unde
908 3913 1065 3982 quasi
1083 3917 1212 3978 36
1225 3912 1518 3968 conamine
1539 3913 1806 3984 colligens
1819 3930 1878 3968 se
1901 3931 2070 3985 supra
2152 3915 2354 3970 larium
2372 3910 2782 3974 controversiis,
2808 3909 3055 3980 prudens
3078 3907 3133 3961 in
3164 3906 3240 3962 iis
3261 3924 3385 3979 quae
3396 3906 3463 3961 ad
3475 3900 3712 3960 exteriora

474 4015 675 4060 novam
701 4016 974 4058 novorum
1003 4001 1284 4073 parietum
1323 4002 1521 4056 insiliit
1565 4008 1976 4074 cooperturam.
2007 4020 2071 4059 ac
2153 4004 2456 4076 pertinent,
2489 4001 2546 4056 in
2595 3998 2918 4054 aediﬁcando
2944 4001 3001 4051 et
3030 3996 3385 4067 procurando
3415 4009 3529 4066 qum
3558 4003 3712 4045 neces-

477 4088 538 4145 in
567 4106 743 4148 unum
766 4090 835 4144 ad
861 4097 1072 4145 terram
1103 4091 1363 4146 universa
1385 4092 1608 4162 dejecit.
1642 4093 1848 4146 Verum
1880 4093 1928 4146 is
1959 4108 2071 4147 non
2154 4093 2303 4148 saria
2326 4092 2531 4153 forent,
2579 4105 2680 4143 nec
2711 4085 3041 4158 prudentior
3077 4101 3264 4155 neque
3297 4083 3565 4140 efficacior

475 4185 599 4234 erat
626 4196 819 4234 semen
839 4180 990 4251 quod
1022 4181 1078 4234 in
1115 4181 1352 4252 petrosis
1387 4187 1573 4235 ortum
1620 4188 1779 4236 areat
1803 4182 1935 4252 quia
1960 4198 2072 4236 non
2154 4181 2425 4252 religione
2468 4183 2692 4250 poterat
2728 4193 2880 4239 esse;
2926 4173 3226 4246 praesentia
3269 4170 3563 4244 corporalis
3600 4167 3712 4260 foritf

475 4268 645 4326 habet
673 4269 989 4334 humorem,
1021 4270 1118 4324 sed
1166 4270 1360 4341 pingui
1386 4276 1537 4326 terra
1566 4276 1856 4342 exceptum
1884 4271 2076 4325 attulit
2155 4271 2304 4326 inter
2353 4285 2516 4324 curas
2559 4265 2754 4322 mundi
2803 4281 2930 4320 cum
2976 4261 3281 4328 residebat,
3314 4261 3532 4318 animus
3553 4256 3616 4311 ad
3644 4256 3714 4308 sui

473 4359 718 4415 fructum
735 4359 795 4415 in
815 4360 1104 4431 patientia;
1127 4377 1292 4415 mane
1315 4361 1448 4432 quia
1468 4360 1728 4414 inimicus
1745 4360 1850 4414 hoc
1865 4361 2074 4414 fecerat
2089 4353 2138 4412 D
2153 4376 2366 4425 curam,
2399 4363 2456 4413 et
2484 4371 2734 4412 amorem
2755 4354 2855 4408 Dei
2872 4352 3148 4424 praecipue
3174 4343 3710 4442 intendebatmullam

475 4447 742 4503 indicavit
763 4430 1048 4511 fratribus,
1081 4455 1139 4504 et
1157 4430 1400 4519 dejectos
1422 4466 1615 4503 eorum
1653 4449 1868 4504 animos
1883 4449 2073 4504 redin-
2156 4447 2442 4503 saecularis
2471 4462 2688 4517 pompae
2718 4459 2913 4498 curam
2933 4457 3155 4512 gerens,
3175 4440 3281 4494 soli
3313 4440 3428 4494 Deo
3454 4437 3512 4491 in
3531 4430 3711 4489 actibus

477 4542 726 4607 tegrans.
773 4539 1082 4592 claustrum
1129 4555 1192 4593 ex
1242 4538 1521 4610 lapidibus
1566 4538 1875 4592 rectificare
1904 4539 2073 4609 coepit
2154 4538 2272 4592 suis
2308 4533 2614 4606 gratiﬁcari
2651 4531 2946 4602 gestiebat.
2982 4528 3367 4592 Humillimus,
3396 4539 3614 4581 summa
3640 4534 3715 4590 pa-

478 4629 622 4680 usta.
649 4626 880 4680 Vicinus
905 4625 1162 4697 degebat,
1189 4627 1416 4681 nomine
1439 4627 2071 4697 Radulfus,cognomine
2153 4625 2384 4689 tientiae,
2431 4623 2490 4677 in
2539 4619 2892 4692 exsequendo
2947 4617 3129 4674 carnis
3181 4616 3439 4704 appetitu
3492 4610 3712 4704 modesto

2154 4715 2340 4786 rigore
2362 4710 2899 4774 continentissimus,
2950 4723 3172 4778 semper
3200 4706 3274 4760 ad
3304 4703 3599 4792 orationem
3619 4703 3715 4792 prf-

2153 4821 2279 4859 mus
2309 4799 2769 4872 exsurgebat,nec
2787 4797 2976 4853 diurni
3004 4795 3209 4850 laboris
3239 4787 3714 4857 multadefatigatio

2155 4895 2312 4949 illum
2345 4892 2405 4946 in
2454 4891 2596 4944 lecto
2623 4892 2750 4960 post
2787 4886 2925 4940 alios
2954 4882 3271 4950 retinebat;
3317 4897 3426 4954 quo
3448 4881 3586 4950 jure,

2155 4980 2567 5053 tranquillitate
2586 4976 2837 5034 subditos
2875 4973 2981 5028 sibi
3003 4971 3256 5044 regebat.
3305 4972 3512 5040 Legum
3547 4967 3713 5036 patrie

2158 5070 2582 5134 scientissimus,
2614 5064 2938 5139 praesidium
2988 5062 3105 5120 suis
3149 5067 3274 5116 erat
3303 5064 3495 5115 contra
3518 5053 3712 5123 iniquos

2158 5167 2461 5223 exactores,
2495 5162 2551 5212 et
2577 5157 2626 5211 si
2655 5155 2788 5227 quid
2829 5153 2979 5207 inter
3005 5167 3102 5206 eos
3130 5146 3517 5206 controversia
3541 5153 3712 5198 nasce-

2155 5251 2339 5316 batur,
2373 5245 2693 5320 aequissimo
2718 5243 3010 5299 confestim
3040 5245 3191 5297 statu
3219 5235 3591 5311 componebat.
3613 5229 3713 5327 Un-

2156 5340 2466 5410 decunque,
2495 5336 2578 5390 vel
2619 5333 3041 5405 quibuscunque
3071 5329 3405 5402 loquebatur
3423 5336 3596 5380 sermo
3614 5329 3713 5387 ejus

2157 5409 2492 5502 dignitatem
2523 5426 2583 5480 in
2600 5441 2658 5480 se
2691 5422 2992 5478 maximam
3017 5435 3218 5492 gerens
3248 5409 3712 5473 obaudiebatumll

2160 5521 2354 5576 doctor
2410 5517 2502 5572 ille
2545 5513 2824 5569 maximus
2853 5512 2911 5568 in
2938 5511 3182 5567 claustro
3227 5520 3448 5564 omnem
3510 5509 3708 5571 operam

479 4713 776 4781 Pincellus,
807 4716 973 4770 homo
1003 4716 1189 4770 saeculi
1236 4717 1540 4786 plurimum
1571 4716 1828 4770 addictus
1866 4733 2070 4771 concu-

478 4802 784 4874 piscentiis,
815 4803 910 4875 qui
931 4803 1000 4858 ab
1032 4804 1153 4876 ipso
1177 4805 1377 4860 abbate
1405 4822 1534 4860 cum
1564 4822 1710 4876 saepe
1741 4822 1978 4860 numero
1999 4806 2069 4859 ad

479 4889 621 4950 bene
642 4891 934 4948 vivendum
951 4901 1294 4960 moneretur,
1331 4894 1721 4966 spernabatur,
1757 4894 1975 4949 ridebat
2004 4893 2074 4948 ir-

477 4980 752 5050 ridendo;
783 4998 913 5038 cum
945 4983 1016 5037 ab
1053 4985 1226 5039 armis
1255 4985 1506 5040 defessus
1541 5001 1604 5038 ac
1642 4983 1839 5038 mundi
1879 4985 2073 5055 volup-

480 5076 597 5127 tate
635 5071 874 5127 satiatus
915 5079 1080 5139 esset,
1114 5074 1452 5130 monachum
1477 5091 1538 5128 se
1562 5074 1817 5128 futurum
1852 5089 2077 5144 respon-

478 5161 665 5218 debat.
699 5162 956 5227 Quadam
983 5179 1118 5234 ergo
1153 5164 1244 5220 die
1287 5162 1579 5219 Dominica
1606 5178 1707 5234 pro
1738 5161 2074 5233 quibusdam

477 5252 910 5316 altercationum
962 5253 1372 5318 controversiis,
1429 5251 1756 5324 praedictum
1814 5250 2073 5307 abbatem

478 5343 636 5408 adiit,
673 5360 840 5414 penes
870 5359 1038 5414 quem
1082 5343 1405 5396 demoratus
1448 5342 1506 5396 in
1553 5357 1842 5412 vesperum
1869 5361 1884 5406 ;
1913 5347 2074 5397 nocte

474 5435 595 5505 jam
618 5433 916 5504 ingruente
945 5449 1101 5487 more
1140 5431 1304 5487 solito
1337 5431 1679 5498 admonitus,
1726 5436 1976 5500 rogatus,
2021 5438 2079 5487 et

479 5523 720 5579 irridens
743 5523 973 5578 domum
1000 5520 1185 5584 rediit,
1217 5526 1274 5576 et
1300 5521 1448 5576 circa
1477 5520 1729 5590 ejusdem
1762 5521 1939 5576 noctis
1960 5537 2073 5576 me-

554 5614 661 5681 (77)
688 5611 926 5685 Reliqua
952 5616 1172 5668 exstant
1201 5611 1258 5666 in
1285 5610 1415 5666 Vita
1443 5609 1716 5680 ejusdem.
