3902 6166
169 270 262 321 7ηῆ

956 268 1119 321 VITA
1161 270 1215 320 S.
1262 266 1614 322 HERLUINI
1656 265 1960 320 ABBA’I‘IS
2002 264 2391 319 BECCENSIS
2437 266 2654 322 PRIMI.

3339 271 3441 329 706

170 391 527 464 impendebat
569 391 763 462 quieti,
806 397 862 446 et
899 392 1122 447 silentio
1170 394 1351 448 cordis
1411 395 1497 448 sui
1543 393 1825 452 novaliaA
1849 409 2038 446 verum
2066 390 2407 446 intrantibus
2437 391 2536 454 eis,
2569 391 2708 446 vidit
2765 393 3022 449 eumdem
3063 396 3181 465 jam
3219 398 3276 453 in
3314 401 3440 455 navi

170 479 310 534 verbi
341 479 490 533 sacri
532 479 804 544 excolens,
848 481 1073 535 assidua
1125 482 1362 536 lectione
1410 482 1651 552 irrigans
1697 498 1760 536 ea

171 568 307 623 dulci
339 583 515 639 quam
547 585 692 639 saepe
737 568 1025 624 obtinebat
1070 571 1444 643 lacrymarum
1490 587 1761 642 compun-

169 657 363 710 ctione.
399 654 496 709 Sic
522 671 624 725 per
662 661 779 710 tres
829 672 1006 710 annos
1044 658 1180 711 vixit
1226 658 1510 712 solitarius
1546 659 1604 712 in
1652 657 1762 712 fre-

171 743 390 814 quentia
438 743 758 809 hominum,
800 745 1056 815 gaudens
1095 747 1243 816 quod
1290 745 1366 800 ibi
1410 747 1765 801 nesciebatur

171 837 362 904 praeter
381 833 757 903 paucissimos
801 833 1003 905 quibus
1053 834 1354 905 aliquando
1408 835 1758 906 loquebatur,

171 921 420 978 omnibus
455 923 704 979 innotus.
737 923 952 977 Rumor
979 929 1044 978 ut
1071 923 1174 977 hoc
1205 925 1412 977 factum
1439 923 1764 994 prodidit,et

173 1009 320 1077 longe
349 1011 586 1082 lateque
611 1011 863 1083 protulit,
902 1017 960 1066 et
986 1012 1136 1066 fama
1163 1013 1267 1066 viri
1315 1013 1760 1083 praeclarissima,

171 1095 389 1152 Beccum
416 1106 482 1152 et
509 1099 768 1153 abbatem
800 1100 1129 1155 Herluinum
1154 1099 1305 1155 brevi
1323 1118 1423 1172 per
1443 1100 1632 1154 orbem
1654 1106 1765 1155 ter-

171 1201 348 1241 rarum
379 1189 606 1242 extulit.
638 1191 956 1244 Accurrunt
977 1189 1182 1256 clerici,
1217 1190 1421 1244 ducum
1453 1189 1554 1244 filii
1585 1190 1760 1244 nomi-

172 1276 463 1343 natissimi,
497 1277 815 1332 scholarum
847 1278 1166 1333 Latinitatis
1197 1279 1474 1349 magistri,
1516 1278 1642 1333 laici
1663 1295 1764 1350 po-

171 1369 338 1418 tentes
354 1366 481 1419 alta
509 1366 820 1433 nobilitate,
852 1367 955 1421 viri
1001 1368 1162 1422 multi
1213 1385 1315 1439 pro
1361 1367 1537 1439 ipsius
1571 1383 1763 1423 amore

169 1453 357 1507 multas
378 1455 574 1509 eidem
590 1455 835 1512 ecclesia
859 1463 1041 1511 terras
1061 1456 1600 1512 contulere.Ditatur
1614 1456 1762 1510 illico

170 1541 450 1598 Beccensis
464 1544 618 1599 locus
637 1546 1003 1611 ornamentis,
1023 1545 1485 1617 possessionibus,
1508 1545 1762 1616 personis

172 1631 444 1688 nobilibus
469 1640 528 1688 et
555 1634 828 1698 honestis,
856 1634 1095 1690 interius
1117 1635 1312 1706 religio
1333 1640 1501 1706 atque
1520 1634 1760 1689 eruditio

1845 481 1964 534 loco
1995 480 2265 534 eminenti
2296 480 2632 536 consedisse.
2674 482 2998 552 Suspicatus
3040 485 3212 554 igitur
3251 488 3442 559 magni

1845 569 2080 638 alicujus
2113 569 2298 623 meriti
2327 569 2485 624 illum
2509 569 2869 640 existere,qui
2897 588 3111 642 pauper
3127 574 3368 630 habebat
3382 593 3442 632 se

1844 663 1959 710 tam
1999 657 2296 726 imperiose
2319 657 2571 710 assidens
2597 674 2769 728 prope
2799 659 2947 713 circa
2973 660 3130 714 illum
3170 665 3442 720 attentius

1847 745 2127 799 manebat.
2159 746 2328 800 Navis
2357 762 2484 800 cum
2510 745 2566 798 in
2598 747 2773 800 altum
2808 764 2961 801 mare
2996 756 3185 804 evecta
3222 752 3437 822 fuisset,

1845 835 2029 888 territi
2051 840 2182 888 sunt
2210 840 2395 889 nautze
2425 834 2758 904 quibusdam
2782 838 3049 892 monstris
3079 857 3201 910 quae
3229 841 3286 896 in
3323 843 3442 898 salo

1845 923 2127 977 videbant.
2164 924 2276 977 Hac
2305 923 2744 977 tumultuatione
2774 929 3260 996 prospectantibus
3294 931 3438 999 aliis,

1845 1011 1940 1065 ille
1953 1011 2110 1081 gravi
2130 1011 2371 1082 quadam
2391 1010 2665 1080 dignitate
2680 1011 2995 1079 subridens,
3019 1022 3228 1071 metum
3249 1035 3444 1073 eorum

1846 1100 2309 1172 reprehendebat.
2342 1101 2497 1154 Tunc
2536 1100 2738 1170 primo,
2788 1106 2852 1155 ut
2885 1101 3130 1170 aiebant,
3181 1107 3331 1161 visus
3375 1107 3444 1162 ab

1847 1190 1948 1256 eis,
1974 1188 2322 1260 exigentibus
2347 1188 2638 1243 confestim
2697 1189 2884 1243 nautis
2929 1192 3054 1260 quis
3107 1194 3268 1261 foret,
3319 1197 3445 1267 quis

1846 1277 2174 1340 induxisset,
2205 1280 2291 1333 vel
2321 1295 2432 1348 quo
2464 1279 2642 1350 pretio
2671 1295 2869 1334 navem
2901 1281 3140 1348 locaret;
3171 1300 3236 1337 eo
3259 1291 3445 1340 aucto-

1845 1367 2011 1422 ritate
2038 1369 2217 1422 multa
2236 1386 2294 1422 se
2321 1366 2579 1432 habente,
2617 1373 2675 1422 et
2694 1368 2772 1421 nil
2802 1369 3028 1423 omnino
3050 1371 3441 1442 respondente,

1844 1456 1985 1511 dixit
1995 1456 2172 1512 frater
2184 1457 2279 1528 qui
2293 1459 2411 1528 jam
2425 1457 2519 1511 diu
2538 1473 2666 1511 eum
2679 1457 2923 1512 viderat:
2945 1476 2968 1508 ‹‹
2978 1459 3053 1512 Ex
3067 1476 3175 1530 quo
3188 1460 3443 1516 litaniam

1843 1544 2104 1611 diximus,
2139 1545 2196 1599 in
2223 1551 2388 1616 portu
2418 1544 2706 1599 nobiscum
2739 1551 2948 1611 manet,
2970 1553 3026 1600 et
3056 1553 3118 1601 ut
3133 1549 3298 1603 credo
3318 1551 3444 1620 plus

1843 1650 1908 1688 eo
1928 1634 2232 1704 navigium,
2263 1650 2428 1704 quam
2463 1635 2580 1704 ipse
2620 1634 2746 1688 navi
2784 1634 3014 1705 indiget.
3070 1655 3094 1687 »
3142 1637 3447 1708 Cmperunt

171 1721 390 1776 multum
422 1739 762 1788 accrescere,
793 1724 1037 1778 exterius
1065 1741 1255 1779 rerum
1286 1725 1538 1778 omnium
1565 1739 1750 1778 neces.
1774 1704 1820 1764 B
1843 1739 1977 1793 ergo
2006 1723 2220 1788 mirari,
2252 1728 2307 1776 et
2338 1723 2594 1776 mirando
2620 1723 2778 1776 illum
2810 1739 3003 1777 omnes
3027 1725 3301 1780 contueri.
3339 1725 3441 1779 .Vi-

169 1810 434 1865 sariarum
460 1811 907 1866 subministratio
920 1813 1087 1884 capit
1105 1813 1176 1867 ad
1193 1813 1418 1884 plenum
1433 1812 1719 1866 abundare
1741 1830 1754 1879 ;

171 1898 502 1970 adimpletur
529 1901 668 1955 visio
697 1918 820 1972 quas
848 1901 906 1955 in
931 1902 1128 1956 eodem
1159 1901 1499 1956 monasterio
1527 1901 1646 1955 visa
1674 1907 1760 1956 est

169 2002 356 2058 paucos
387 1995 527 2043 ante
551 1990 670 2044 dies
698 2006 868 2060 quam
896 1991 981 2044 vir
1033 1990 1126 2044 ille
1172 1996 1364 2045 tantus
1395 1992 1466 2044 ad
1505 1991 1758 2045 ordinem

170 2077 522 2132 cenobialem
553 2079 816 2133 venisset.
849 2079 996 2134 Fons
1028 2079 1318 2134 videbatur
1347 2088 1502 2134 ortus
1531 2079 1587 2132 in
1617 2079 1758 2133 valle

169 2168 489 2221 monasterii
516 2169 679 2238 cujus
708 2184 855 2238 aqua
887 2168 957 2222 ad
1008 2169 1283 2223 montium
1333 2168 1628 2223 cacumina
1657 2185 1756 2223 ex-

169 2271 426 2321 crescens,
461 2257 594 2311 hinc
621 2257 752 2311 inde
781 2257 975 2323 effusa,
999 2274 1100 2328 per
1127 2257 1528 2328 campestrium
1552 2257 1758 2310 diffun-

167 2343 391 2400 debatur
418 2345 872 2417 amplitudinem.
902 2345 1086 2400 Abbas
1107 2347 1232 2400 fons
1261 2345 1456 2400 eratin
1487 2345 1755 2412 convalle,

167 2433 363 2489 scilicet
412 2435 753 2489 humilitatis
811 2440 1055 2500 exortus,
1114 2451 1273 2505 aqua:
1324 2434 1672 2489 exundantes
1703 2439 1760 2488 et

165 2521 282 2578 hinc
307 2525 442 2579 inde
466 2524 738 2579 latissime
769 2525 1063 2579 efﬂuentes
1086 2523 1366 2590 monachi,
1402 2524 1497 2594 qui
1547 2523 1617 2577 ab
1661 2523 1760 2576 illo

166 2611 564 2668 incrementum
595 2621 931 2686 acceperunt
951 2614 1238 2685 religionis
1264 2614 1481 2678 divinae,
1502 2613 1759 2666 videlicet

164 2701 491 2756 eruditionis
517 2703 891 2774 disciplinam,
932 2718 1044 2774 qua
1081 2702 1244 2756 multi
1280 2701 1350 2756 ab
1389 2701 1584 2756 eodem
1637 2701 1756 2754 loco

165 2790 316 2860 longe
341 2792 569 2862 lateque
601 2798 795 2863 postea
822 2797 954 2846 sunt
983 2792 1263 2846 meliorati

227 2879 383 2934 Hanc
421 2881 706 2935 fructuum
739 2882 853 2936 Deo
881 2881 1341 2936 suavissimorum
1371 2879 1748 2950 ﬂagrantiam,

162 2968 310 3037 cujus
339 2986 407 3022 ex
436 2969 609 3024 odore
636 2970 836 3024 domus
869 2970 964 3025 Dei
1013 2987 1112 3042 per
1143 2968 1336 3023 orbem
1371 2969 1604 3040 impleta
1647 2975 1751 3035 est,

165 3071 262 3125 qua
291 3064 349 3111 et
405 3059 527 3130 ipse
565 3058 737 3114 abbas
783 3059 984 3113 absens
1036 3058 1439 3129 jocundissime
1479 3064 1752 3126 senserat,

163 3152 345 3214 postea
366 3163 613 3218 prasens
625 3153 834 3218 quanto
847 3145 1569 3217 vicinius,tantojocundius
1583 3147 1760 3202 sensit

165 3237 435 3305 profectus
455 3236 529 3290 ad
552 3252 683 3290 eum
709 3237 769 3290 in
789 3236 1068 3306 Angliam.
1085 3236 1206 3300 Quo
1230 3236 1288 3290 in
1319 3236 1520 3290 itinere
1540 3236 1759 3290 eviden-

165 3323 302 3380 tibus
331 3325 733 3380 miraculorum
759 3325 934 3396 signis
965 3326 1142 3380 multa
1190 3325 1337 3380 circa
1382 3325 1538 3380 illum
1573 3325 1759 3396 gratia

167 3413 342 3469 divina
370 3415 654 3481 innotuit;
678 3431 806 3468 cum
829 3414 976 3468 enim
998 3415 1286 3468 Boloniam
1302 3414 1760 3478 venisset,volens

168 3505 342 3573 egredi
371 3504 442 3558 ad
476 3509 703 3575 portum
734 3503 829 3574 qui
859 3503 984 3574 plus
1013 3520 1105 3558 sex
1137 3503 1310 3558 leucis
1356 3503 1427 3557 ab
1471 3502 1610 3558 urbe
1646 3520 1759 3558 non

169 3591 344 3658 distat,
374 3592 622 3647 tentavit
644 3593 740 3663 qui
767 3609 892 3646 cum
915 3609 980 3646 eo
997 3592 1112 3646 ibat
1131 3592 1759 3646 comitatus.Comitissa

170 3696 374 3752 quoque
407 3681 633 3736 comitis
662 3681 944 3736 Eustachii
967 3686 1086 3748 33
1138 3682 1340 3752 conjux
1378 3680 1588 3734 femina
1643 3682 1757 3736 Deo

167 3771 407 3825 amabilis
440 3769 780 3842 persuadere
811 3771 1114 3841 plurimum
1145 3770 1352 3840 sategit
1405 3775 1469 3824 ut
1497 3770 1573 3832 ,in
1620 3769 1758 3826 urbe

169 3867 492 3925 remaneret,
528 3859 791 3931 quoniam
817 3859 873 3914 in
905 3867 1069 3930 portu
1110 3859 1266 3914 navis
1314 3859 1469 3913 nulla
1517 3865 1656 3924 erat,
1701 3865 1760 3914 et

1840 1812 2002 1866 derat
2029 1811 2200 1866 abbas
2228 1811 2525 1882 quemdam
2556 1812 2646 1866 cui
2675 1811 2834 1865 valde
2863 1813 3164 1867 conformis
3203 1819 3343 1880 erat,
3387 1819 3443 1868 et

1841 1901 2096 1972 quaesivit
2124 1901 2458 1954 nominatim
2492 1917 2564 1954 an
2588 1901 2636 1955 is
2657 1906 2823 1954 esset.
2855 1901 2954 1956 Ille
2971 1901 3262 1972 paululum
3281 1904 3439 1958 vultu

1841 1991 2168 2057 exhilarato,
2200 1989 2304 2043 hoc
2334 1990 2515 2043 solum
2546 1989 2868 2060 respondit:
2911 2010 2932 2040 ι
2961 1991 3085 2044 Νοη
3113 2007 3296 2046 sum.)
3322 1990 3439 2047 Hoc

1840 2095 2015 2133 unum
2047 2079 2103 2133 in
2135 2085 2255 2133 tota
2283 2095 2350 2133 ea
2365 2077 2723 2148 navigatione
2747 2079 2982 2148 protulit
3019 2080 3269 2136 verbum.
3298 2082 3440 2136 Navi

1840 2168 2120 2239 prosperri
2130 2184 2221 2221 mo
2241 2185 2407 2222 cursu
2421 2167 2570 2238 apud
2586 2167 2933 2221 Doffrensem
2944 2174 3170 2238 portum
3183 2171 3438 2240 appulsa,

1840 2273 1940 2328 per
1957 2257 2256 2311 comitatus
2271 2256 2562 2310 hominum
2585 2256 2680 2326 qui
2697 2256 2754 2309 in
2769 2256 3001 2310 navibus
3018 2263 3180 2311 erant
3200 2259 3442 2315 multum

1841 2346 2163 2416 requisitas,
2193 2345 2287 2399 ille
2317 2361 2502 2399 comes
2533 2343 2740 2414 navigii
2766 2361 3044 2414 nusquam
3067 2346 3320 2416 reperiri,
3357 2346 3442 2402 vel

1841 2435 1937 2506 qui
1958 2452 2087 2489 eum
2119 2435 2317 2488 exiisse
2337 2434 2584 2498 vidisset,
2605 2433 2955 2504 potuit.Dein
2978 2435 3229 2488 omnium
3251 2452 3441 2491 rerum

1839 2539 1968 2577 cum
2013 2522 2398 2577 incolumitate
2456 2521 2652 2592 quinto
2708 2521 2800 2575 die
2847 2521 2918 2575 ad
2963 2522 3441 2596 archiepiscopum

1841 2611 2013 2666 abbas
2040 2611 2311 2683 pervenit.

1911 2701 2045 2764 Quae
2073 2715 2208 2754 tunc
2241 2700 2390 2753 inter
2417 2716 2512 2754 eos
2541 2698 2905 2752 submittendi
2936 2715 3059 2754 sese
3097 2702 3167 2755 ad
3205 2701 3441 2757 invicem

1841 2789 1929 2860 pia
1983 2788 2310 2842 contentio?
2363 2804 2616 2841 summus
2667 2787 2902 2842 antistes
2951 2795 3008 2841 et
3055 2789 3112 2842 in
3175 2788 3442 2846 Ecclesiis

1838 2877 2236 2933 transmarinis
2259 2876 2402 2930 vices
2422 2876 2756 2948 apostolicas
2777 2893 2980 2947 gerens
2993 2877 3361 2933 submittebat
3382 2896 3441 2935 se

1842 2983 1943 3020 suo
1973 2966 2255 3038 quondam
2283 2965 2490 3029 abbati,
2525 2971 2586 3019 ut
2610 2965 2754 3020 alius
2784 2964 2962 3036 quivis
2995 2966 3300 3021 monachus
3330 2973 3437 3022 etc.

1842 3055 2114 3109 Praedicto
2158 3053 2346 3109 abbati
2401 3070 2596 3108 rursus
2650 3053 2895 3108 mirabili
2942 3071 3129 3110 rerum
3182 3072 3442 3112 successu

1841 3144 1913 3199 ad
1943 3151 2130 3198 votum
2168 3144 2358 3198 omnia
2387 3150 2692 3208 cesserunt,
2735 3161 2862 3198 mox
2908 3150 2974 3198 ut
3020 3144 3204 3199 redire
3251 3145 3441 3216 dispo-

1840 3235 1989 3302 suit;
2023 3251 2153 3288 nam
2183 3233 2273 3288 die
2303 3249 2413 3304 qua
2442 3233 2618 3288 voluit
2643 3234 2792 3288 circa
2819 3239 3032 3288 sextam
3079 3233 3191 3288 diei
3243 3234 3442 3290 horam

1840 3323 2195 3378 venientibus
2215 3340 2352 3394 quos
2381 3323 2452 3376 ad
2482 3338 2636 3376 mare
2664 3322 3115 3394 archiepiscopus
3155 3325 3442 3395 praemise-

1843 3419 1950 3479 rat,
1983 3425 2048 3466 ac
2086 3411 2538 3466 renuntiantibus
2569 3417 2793 3465 ventum
2839 3411 3066 3466 omnino
3095 3413 3442 3468 contrarium

1843 3518 1982 3566 esse,
2018 3506 2075 3555 et
2103 3502 2334 3572 pelagus
2363 3500 2647 3566 infestum,
2681 3506 2905 3553 assueta
2931 3501 2989 3554 in
3014 3501 3126 3555 Deo
3155 3501 3250 3555 ille
3277 3502 3444 3557 confi-

1842 3589 2036 3644 dentia
2071 3589 2329 3644 discessit
2373 3590 2444 3643 ad
2482 3606 2636 3643 mare
2682 3588 3098 3644 obluctantibus
3142 3591 3439 3659 universis,

1840 3684 1898 3733 et
1926 3685 2090 3733 nocte
2121 3681 2240 3751 jam
2299 3679 2594 3750 ingruente
2647 3695 2774 3750 quo,
2834 3680 3012 3734 multa
3061 3686 3220 3751 parte
3263 3681 3444 3738 noctis

1839 3774 2048 3834 exacta,
2085 3768 2432 3839 perveniens.
2476 3773 2702 3822 ventum
2749 3785 2916 3839 quem
2961 3768 3200 3836 volebat,
3249 3775 3306 3824 et
3347 3771 3443 3842 qui

1838 3855 2187 3911 commodior
2205 3862 2327 3910 erat
2356 3857 2426 3910 ad
2451 3857 2906 3911 transferendum
2939 3857 3030 3927 [f.,
3062 3857 3440 3913 transfretan-

167 3955 350 4003 veutus
380 3950 479 4020 qui
509 3949 579 4002 de
639 3949 1033 4003 transmarinis
1082 3966 1175 4003 eos
1221 3949 1456 4003 referret
1493 3948 1616 4019 jam
1652 3966 1753 4021 per
1831 3945 1995 4019 dum]
2027 3947 2166 4000 hora
2193 3946 2388 4000 eadem
2419 3953 2620 4017 praesto
2644 3946 2860 4000 habuit.
2892 3944 3128 4000 Interim
3173 3963 3439 4002 somnum

168 4039 530 4109 quadraginta
558 4038 676 4091 fere
702 4037 821 4091 dies
848 4038 1034 4092 nullus
1057 4037 1285 4091 omnino
1318 4037 1641 4103 exstiterat;
1695 4043 1754 4092 at
1831 4035 2056 4107 capiens
2083 4035 2218 4089 dum
2265 4052 2432 4090 naves
2475 4036 2547 4090 ad
2609 4052 2764 4090 mare
2807 4035 3194 4107 impelluntur,
3252 4037 3436 4107 primo

168 4125 255 4179 ille
271 4128 581 4182 certissima
609 4126 668 4180 in
694 4126 806 4180 Deo
827 4143 924 4198 spe
954 4126 1070 4180 ait:
1102 4147 1123 4176 ι
1159 4126 1374 4182 Ibimus
1415 4127 1486 4181 ad
1533 4126 1752 4182 navalia
1835 4125 1974 4180 lucis
2012 4125 2115 4180 sub
2161 4132 2362 4180 exortu
2393 4141 2591 4179 navem
2630 4125 2935 4195 ingressus,
2968 4132 3084 4180 tam
3117 4126 3236 4196 ipse
3267 4142 3439 4196 quam

169 4229 325 4270 naves
361 4217 483 4270 sine
499 4232 660 4270 mora
679 4215 1168 4270 habiturizfratres
1189 4216 1285 4287 qui
1302 4216 1453 4272 domi
1475 4233 1755 4271 remanse-
1837 4231 2030 4270 omnes
2059 4214 2145 4269 sui
2176 4214 2469 4269 confestim
2514 4213 2815 4268 transvecti
2870 4219 3003 4267 sunt
3059 4214 3440 4286 prosperrima

169 4310 303 4357 runt
329 4306 530 4360 oraturi
560 4322 664 4377 pro
695 4305 852 4360 nobis
889 4305 1011 4360 sine
1053 4306 1410 4360 cunctatione
1457 4305 1616 4361 nobis
1657 4323 1752 4360 eas
1769 4342 1818 4402 D
1835 4306 1988 4360 omni
2018 4304 2223 4375 navigii
2251 4310 2470 4358 eventu.
2496 4304 2621 4358 Non
2637 4302 3042 4374 ampliﬁcamus
3060 4319 3176 4356 rem
3194 4309 3435 4374 gestam,

169 4398 362 4462 praesto
387 4394 693 4450 habebunt.
731 4413 754 4446 ι
779 4394 949 4457 Dixit,
983 4400 1040 4449 et
1057 4395 1251 4449 statim
1276 4400 1475 4450 ventus
1522 4411 1753 4450 conver-
1772 4390 1814 4402 ”
1835 4394 1933 4448 sed
1963 4393 2199 4465 simplici
2229 4393 2553 4447 narratione
2581 4390 2887 4446 scribentes
2917 4390 3286 4462 relinquimus
3311 4409 3438 4448 eam

169 4479 314 4535 titur.
347 4483 464 4538 Itur
489 4483 596 4538 sub
622 4483 774 4538 omni
804 4484 1207 4539 acceleratione
1251 4485 1324 4539 ad
1371 4490 1596 4556 portum
1643 4499 1754 4556 quo
1837 4483 1962 4538 aliis
1988 4481 2470 4548 considerandam,
2499 4481 2783 4552 dignaque
2813 4480 3248 4552 amplificatione
3269 4479 3440 4538 attol-

167 4575 293 4625 tunc
328 4572 480 4643 prius
526 4572 804 4627 sexdecim
852 4589 1023 4628 naves
1079 4573 1297 4645 appulit
1341 4579 1539 4628 ventus
1585 4589 1755 4644 quam

167 4661 554 4729 pervenissent.
586 4661 779 4717 Noctis
807 4667 930 4716 erat
950 4667 1085 4717 tunc
1135 4661 1526 4734 primordium,
1587 4663 1746 4734 cujus

1837 4571 2231 4715 legiaglrboris
2259 4657 2410 4714 illius
2429 4673 2648 4730 magna;
2674 4657 2956 4714 radicibus
3005 4677 3128 4732 quae
3183 4661 3242 4716 in
3272 4660 3437 4718 horto

167 4755 286 4804 ante
307 4751 555 4806 medium
584 4767 781 4807 rursus
801 4751 1087 4823 aspirante
1109 4757 1274 4806 vento
1305 4751 1749 4824 quitransferret
1829 4766 1931 4805 suo
1991 4753 2405 4815 remanserunt,
2454 4755 2520 4804 ut
2559 4765 2662 4820 per
2699 4764 2961 4804 somnum
2991 4749 3254 4818 'viderat,
3302 4750 3444 4806 vidit

168 4837 304 4894 circa
325 4857 543 4896 aurora:
571 4846 826 4896 exortum
851 4858 1065 4913 puppes
1083 4857 1278 4896 omnes
1314 4841 1373 4896 in
1414 4842 1617 4897 ﬂuctus
1658 4857 1748 4896 re-

167 4928 474 4986 trahuntur.
505 4931 800 5002 Ingressus
829 4930 1014 4985 navim
1043 4931 1169 4986 aliis
1198 4931 1270 4984 ad
1325 4931 1438 4985 alia
1470 4946 1594 5001 quae
1631 4937 1750 4986 tam

168 5019 515 5074 tumultuosae
560 5021 642 5074 rei
687 5019 1027 5074 conveniunt
1083 5020 1336 5086 intentis,
1387 5019 1559 5074 abbas
1625 5036 1753 5075 cum

173 5109 442 5164 monachis
471 5110 625 5164 haud
677 5110 869 5181 procul
921 5109 1170 5164 litaniam
1213 5109 1452 5165 dicebat.
1505 5109 1754 5181 Repente

168 5194 314 5266 juxta
331 5199 836 5271 quidammescitur
859 5199 1026 5265 unde,
1049 5198 1226 5254 astitit
1247 5199 1416 5254 homo
1442 5199 1753 5270 grandaevus

174 5287 352 5355 aetatis,
406 5296 462 5344 et
517 5287 943 5344 modestissimae
1004 5288 1356 5354 alacritatis;
1423 5287 1600 5342 frater
1656 5288 1753 5358 qui

172 5372 403 5432 litaniam
433 5378 752 5450 proferebat
782 5377 941 5432 illum
971 5377 1108 5432 vidit
1134 5383 1191 5432 et
1214 5377 1284 5431 ab
1322 5377 1600 5432 universis
1649 5394 1753 5448 pu-

171 5463 309 5520 tabat
335 5468 594 5539 conspici,
627 5468 912 5523 aestimans
941 5484 1248 5540 pauperem
1266 5483 1388 5523 esse
1409 5467 1504 5540 qui
1525 5472 1756 5539 praesto-

171 5551 382 5624 laretur,
399 5563 465 5614 ut
491 5558 666 5616 ﬁnitis
696 5557 911 5616 litaniis
937 5557 1472 5632 postularetaliquid
1491 5556 1598 5613 sibi
1608 5557 1750 5614 dari:

1829 4844 2026 4913 postea
2045 4838 2434 4910 praedicaudus
2460 4838 2543 4894 vir
2561 4838 2903 4911 pullulantes
2943 4839 3217 4911 quasdam
3247 4839 3438 4912 virgu-

1835 4929 1918 4984 las
1941 4929 1998 4983 in
2023 4927 2251 4983 arbores
2282 4943 2513 5000 magnas
2558 4929 2886 4995 excrevisse,
2930 4929 3139 4984 multos
3187 4929 3444 4985 videlicet

1836 5018 1907 5074 ad
1939 5034 2147 5091 magna
2166 5016 2438 5072 bonorum
2477 5033 2712 5089 operum
2756 5019 3102 5074 incrementa
3150 5035 3253 5090 per
3290 5019 3440 5074 illius

1836 5107 2251 5163 institutionem
2315 5107 2650 5176 accessisse;
2696 5105 2848 5162 illius
2901 5109 3108 5164 etenim
3169 5107 3439 5163 sementis

1834 5197 2027 5253 existit
2054 5196 2327 5270 quidquid
2357 5213 2606 5269 unquam
2639 5197 2769 5252 boni
2804 5199 3015 5253 fructus
3069 5197 3126 5251 in
3177 5193 3438 5251 Beccensi

1836 5286 2106 5352 coenobio,
2148 5287 2232 5340 vel
2266 5285 2335 5340 ab
2365 5303 2430 5340 eo
2456 5286 2750 5341 exstiterit.
2783 5286 2966 5340 Arbor
3007 5283 3283 5340 fructibus
3335 5298 3437 5354 op-

1837 5377 1977 5432 tima
1999 5376 2105 5430 fuit
2121 5375 2452 5430 venerabilis
2475 5376 2773 5430 Anselmus
2791 5374 3044 5428 Ecclesiae
3064 5372 3438 5444 Augustensis

1837 5466 2088 5530 clericus,
2125 5465 2219 5536 qui
2250 5465 2410 5520 illum
2447 5465 2734 5520 doctorem
2760 5462 3062 5516 maximum
3094 5461 3436 5519 adordinem

1837 5556 2242 5614 monachorum
2260 5555 2609 5623 subsecutus,
2630 5553 2702 5610 ad
2717 5552 3025 5626 prioratum
3046 5567 3268 5625 quoque
3288 5553 3436 5626 ejus-
