3864 6176
425 229 524 282 707

1339 225 1432 277 ΑΙ)
1475 223 1709 277 OPERA
1753 223 1810 274 B.
1859 221 2266 277 LANFRANCI
2312 224 2701 280 APPENDIX.

3599 224 3708 278 708

427 354 554 408 dem
587 349 823 406 casnobii
853 349 1141 404 Beccensis
1190 355 1317 420 post
1363 364 1489 402 eum
1543 347 1792 414 accessit;
1826 354 1882 401 et
1922 347 2256 406 de-Acirca
2283 350 2582 403 monachos
2608 365 2736 403 suos
2761 351 3029 414 intentus,
3079 347 3333 402 districta
3391 363 3487 401 eos
3534 346 3707 400 disci-

427 443 618 498 functo
644 442 818 496 beatae
845 440 1127 494 memoriae
1153 437 1472 510 supradicto
1525 438 1791 491 Herluino
1836 437 2025 490 abbati

426 531 712 595 successit,
744 547 808 583 ac
827 530 1051 582 demum
1085 535 1210 599 post
1261 528 1446 598 ipsum
1493 528 1888 588 Lanfrancum,
1933 543 2025 579 ar-

427 621 813 691 chiepisc0pus
861 617 1282 672 Cantuariensis
1351 616 1582 680 exstitit,
1653 616 1735 668 vir
1799 615 2025 685 ingenio

428 707 795 773 admirabilis,
825 706 1089 760 facundia
1112 722 1224 759 non
1254 705 1476 775 impari,
1508 711 1583 764 et,
1628 705 1771 774 quod
1810 706 1877 757 ad
1919 705 2026 756 hu-

431 813 658 852 manum
689 802 906 866 spectat
935 795 1232 864 judicium,
1259 811 1477 848 morum
1500 794 1749 847 omnium
1767 793 2024 862 insignis.

430 887 586 951 Quod
615 887 684 940 de
711 885 1074 956 approbanda
1090 890 1317 938 actuum
1339 885 1388 952 ej
1398 901 1461 936 us
1481 884 1772 937 honestate
1788 882 2027 936 dicimus

427 977 681 1029 vicinitas
701 975 959 1029 universa
980 980 1241 1035 testatur,
1268 974 1430 1042 longe
1448 973 1671 1043 lateque
1690 972 2029 1026 Northman-

430 1065 525 1118 nia
537 1069 921 1125 attestatur,et
932 1062 1113 1116 Gallia
1125 1061 1464 1132 amplissime
1480 1066 1843 1114 contestatur.
1857 1057 2030 1112 Arbor

428 1158 712 1212 fructuum
754 1157 1108 1227 jucunditate
1157 1156 1462 1226 plurimum
1521 1153 1878 1224 acceptabilis
1921 1152 2028 1205 fuit

433 1247 691 1302 Ecclesiae
725 1245 1121 1300 Cormeliensis
1151 1243 1322 1297 abbas
1377 1243 1712 1308 Willelmus,
1776 1242 2028 1313 apprime

433 1338 680 1390 nutritus
712 1336 794 1388 vel
823 1334 1095 1388 eruditus.
1143 1332 1324 1387 Arbor
1372 1333 1488 1386 alta
1539 1338 1708 1402 atque
1743 1332 2030 1385 fructuosa

433 1425 644 1479 exstitit
673 1423 950 1478 Henricus
980 1422 1400 1476 Cantuariensis
1460 1421 1711 1474 Ecclesiae
1764 1421 2027 1485 decanus,

434 1514 529 1584 qui
555 1513 914 1584 postmodum
941 1511 1114 1564 abbas
1149 1511 1256 1564 fuit
1285 1511 1353 1564 de
1384 1510 1554 1574 Bello,
1585 1510 1668 1562 vir
1703 1509 2033 1563 ecclesiasti-

2109 439 2259 508 plina
2283 438 2534 507 regebat,
2565 444 2622 491 et
2659 437 3116 491 affectuosissime
3137 453 3328 489 amore
3347 435 3706 505 diligebat.Si

2109 544 2275 596 quem
2306 527 2454 581 inter
2485 528 2686 581 fratres
2715 544 2964 596 segnem,
3010 526 3056 580 si
3090 542 3256 596 quem
3285 526 3368 578 sui
3399 524 3616 578 ordinis
3643 541 3710 577 ac

2109 615 2280 669 studii
2312 616 2627 669 litterarum
2656 616 3053 684 negligentem,
3085 615 3132 666 si
3162 630 3327 683 quem
3378 613 3436 665 in
3467 612 3711 666 ecclesia

2108 705 2522 758 somnolentum
2545 703 3015 774 deprehendebat,
3036 703 3184 756 hunc
3204 702 3432 756 omnino
3463 702 3714 754 invisum

2111 793 2383 860 habebat;
2426 809 2664 864 semper,
2695 792 2980 862 inquibat:
3018 812 3038 843 ι
3069 793 3246 845 Homo
3267 791 3611 856 litterarum,
3656 797 3716 844 et

2111 883 2502 936 mandatorum
2538 882 2636 935 Dei
2667 884 2904 940 nescius.
2949 882 3080 952 quid
3121 882 3391 955 praestat?
3451 901 3472 931 ι
3529 881 3715 944 Quem

2110 970 2502 1025 considerabat
2529 971 2961 1040 vigilantiorem,
2995 970 3497 1032 studiosiorem,ad
3530 969 3716 1023 virtu-

2111 1064 2233 1112 tum
2265 1060 2526 1113 exercitia
2557 1060 2986 1130 promptiorem;
3010 1060 3178 1128 hujus
3199 1075 3310 1112 non
3363 1058 3559 1121 abbas,
3615 1059 3716 1111 sed

2112 1165 2302 1202 servus
2332 1148 2618 1215 exstabat;
2653 1149 2946 1218 plerosque
2980 1149 3104 1220 plus
3133 1149 3203 1202 ad
3227 1149 3476 1202 studium
3507 1148 3709 1201 incita-

2111 1237 2206 1291 bat
2247 1237 2397 1291 illius
2439 1238 2593 1290 favor
2608 1255 2771 1308 quem
2791 1237 3036 1291 scientiae
3061 1237 3235 1308 ipsius
3259 1253 3419 1291 amor
3441 1256 3453 1302 ;
3479 1237 3717 1290 sedulus

2111 1326 2258 1380 enim
2281 1327 2642 1397 perquirebat
2671 1327 2795 1398 quis
2824 1327 3076 1380 omnium
3107 1342 3301 1380 eorum
3348 1327 3444 1396 qui
3491 1326 3720 1379 erudie-

2111 1415 2321 1469 bantur
2367 1416 2730 1470 accuratioris
2775 1416 2983 1486 ingenii
3023 1424 3188 1480 esset,
3239 1416 3365 1486 quis
3411 1415 3718 1469 tenacioris

2113 1507 2397 1559 memoriae
2427 1507 2708 1570 existeret,
2739 1506 2862 1575 quis
2895 1505 3276 1559 vehementius
3304 1505 3560 1570 instaret,
3615 1521 3717 1558 cu-

432 1603 511 1657 cis
541 1602 799 1656 omnibus
829 1601 1136 1671 disciplinis
1161 1600 1371 1670 optime
1410 1600 1739 1653 instructus.
1788 1599 2090 1671 Arbores“
2108 1597 2203 1665 jus
2232 1595 2418 1648 studio
2456 1595 2700 1662 valeret;
2757 1593 2997 1663 denique
3044 1611 3109 1647 ex
3161 1593 3418 1647 omnibus
3471 1595 3604 1663 quis
3644 1594 3718 1647 ad

432 1691 705 1745 bonorum
763 1659 995 1761 operum
1045 1659 1332 1742 fertilitate
1386 1690 1625 1742 multum
1680 1689 1924 1757 gravidae
1971 1659 2363 1754 inBsingulas
2392 1684 2626 1737 virtutes
2656 1659 2710 1737 et
2736 1659 2984 1736 amorem
3034 1683 3133 1736 Dei
3190 1683 3314 1752 plus
3365 1659 3714 1748 intenderet,

431 1780 598 1834 domo
649 1779 872 1833 Domini
931 1779 1268 1832 exstiterunt
1313 1778 1642 1831 venerabilis
1701 1778 1981 1830 Hernotus
2012 1817 2025 1842 ,

433 1869 689 1923 Ecclesia:
720 1868 994 1922 Roffensis
1055 1867 1368 1938 episcopus,
1419 1873 1476 1920 et
1519 1867 1612 1936 qui
1669 1866 1719 1920 ei
1770 1866 1841 1919 ad
1880 1866 2026 1919 idem

432 1958 676 2012 ofﬁcium
731 1957 936 2010 ibidem
995 1957 1280 2020 successit,
1331 1956 1414 2008 vir
1471 1972 1689 2009 morum
1729 1956 2028 2009 sanctitate

433 2047 736 2100 admodum
761 2045 1118 2105 reverendus,
1149 2045 1517 2114 Gondulphus
1555 2044 1863 2114 episcopus.
1914 2045 2029 2098 Hos

431 2135 687 2188 Ecclesiae
715 2151 832 2188 sua:
863 2134 1006 2187 ﬁlios
1035 2134 1173 2186 vidit
1199 2134 1530 2203 grandaevus
1562 2135 1729 2186 Pater
1757 2133 1881 2186 aliis
1921 2133 2028 2188 Ec-

431 2222 614 2277 clesiis
645 2227 832 2293 patres
857 2222 1209 2276 constitutos.
1245 2221 1320 2274 Hi
1350 2228 1483 2275 sunt
1507 2222 1606 2275 ﬁlii
1634 2223 1703 2275 de
1729 2221 1931 2292 quibus
1971 2222 2030 2275 in

435 2310 651 2380 psalmo
684 2313 908 2376 (cxxvu,
942 2308 994 2374 3)
1031 2309 1267 2362 dicitur:
1317 2311 1446 2362 Filii
1492 2313 1577 2361 tm?
1621 2312 1764 2362 sicut
1813 2313 2030 2362 novella

435 2400 736 2458 olivarum,
763 2397 858 2467 qui
884 2396 955 2449 ab
971 2395 1326 2450 inferioribus
1343 2397 1626 2450 extenuati
1648 2398 1717 2449 ad
1739 2397 2030 2466 superiora

430 2486 698 2552 roborati,
734 2486 1023 2540 charitatis
1053 2485 1152 2539 Dei
1181 2485 1344 2556 adipe
1365 2491 1422 2539 et
1442 2486 1780 2556 pinguedine
1811 2486 2028 2556 repleti,

433 2575 671 2628 aliorum
685 2575 904 2628 animas
919 2573 1098 2626 verbis
1111 2590 1174 2626 ac
1189 2573 1348 2627 bonis
1362 2575 1628 2644 exemplis
1640 2575 1936 2628 reﬁciendo
1949 2591 2035 2628 ro-

436 2664 639 2718 borant
659 2663 971 2718 roborando
994 2663 1706 2730 sustentant,sustentando
1727 2663 1795 2716 ad
1812 2680 2034 2717 summa

431 2753 702 2808 virtutum
715 2753 1061 2806 incrementa
1078 2753 1580 2806 educunt.Multam
1603 2769 1824 2822 quoque
1837 2753 2035 2806 educa-

431 2848 588 2896 verat
618 2841 865 2896 sobolem
895 2859 993 2911 spe
1015 2842 1326 2895 certissima
1357 2842 1704 2911 posteritatis
1729 2842 2035 2912 spirituali-

430 2937 518 2985 ter
543 2931 601 2985 in
631 2930 1009 3000 Domino,jam
1026 2933 1263 3001 juvenes
1285 2937 1528 2996 centum,
1549 2930 2024 2984 nobilissimorum

2111 1789 2213 1827 nec
2237 1773 2421 1826 minus
2451 1789 2617 1842 quam
2648 1772 2707 1825 in
2735 1789 2794 1825 se
2811 1771 3054 1836 amabat,
3078 1776 3134 1824 et
3153 1771 3402 1824 enutrire
3417 1770 3718 1841 satagebat

2112 1860 2344 1930 quiquid
2371 1860 2679 1913 amandum
2712 1861 2934 1914 videbat
2974 1860 3031 1914 in
3071 1860 3342 1930 singulis!
3398 1861 3717 1914 Litteratus

2111 1949 2313 2019 aliquis
2335 1950 2522 2003 volens
2548 1950 2666 2002 ﬁeri
2701 1951 3026 2011 monachus,
3059 1949 3281 2020 quando
3307 1949 3376 2002 ad
3413 1949 3576 2002 illum
3619 1967 3718 2003 ve-

2111 2038 2318 2103 niebat,
2353 2055 2463 2108 qua
2489 2039 2859 2092 exsultatione
2897 2037 3322 2108 suscipiebatur,
3365 2054 3489 2108 qua
3530 2055 3722 2092 susce-

2113 2133 2208 2198 pto
2257 2127 2593 2197 benignitas,
2645 2135 2701 2180 et
2748 2127 3034 2180 veneratio
3081 2127 3464 2180 exhibebatur.
3521 2127 3723 2181 Laicos

2113 2232 2224 2286 qua
2253 2215 2526 2270 instantia
2550 2222 2609 2268 ut
2624 2216 2690 2268 ad
2724 2216 3047 2269 discendum
3070 2216 3315 2286 psalmos
3331 2215 3721 2276 intenderent,

2111 2306 2340 2375 agebat!
2407 2306 2621 2370 Quibus
2687 2306 2884 2371 modis,
2966 2311 3030 2359 ut
3101 2307 3248 2375 quod
3319 2305 3729 2358 inchoaverant

2115 2398 2356 2450 amando
2382 2402 2657 2461 tenerent,
2691 2395 2963 2449 instabat!
2993 2395 3266 2450 Omnibus
3296 2396 3484 2449 omnia
3505 2413 3568 2449 se
3595 2411 3731 2448 con-

2114 2484 2381 2550 formans,
2405 2501 2601 2539 omnes
2625 2491 2690 2539 ut
2740 2485 2904 2548 ﬁlios,
2961 2489 3019 2538 et
3063 2484 3145 2537 illi
3197 2490 3263 2538 ut
3319 2491 3536 2554 patrem
3588 2500 3729 2537 eum

2116 2574 2402 2630 amabant.

2186 2665 2363 2732 Nova,
2397 2664 2638 2718 necdum
2687 2670 2905 2718 sacrata
2949 2668 3072 2717 erat
3124 2664 3373 2727 ecclesia,
3416 2679 3592 2733 quam
3652 2661 3727 2715 ab

2118 2753 2237 2823 ipso
2281 2754 2440 2822 cujus
2483 2771 2608 2806 eam
2647 2753 2942 2807 consilium
2989 2752 3270 2806 inchoavit
3329 2757 3386 2804 et
3441 2750 3728 2804 auxilium

2113 2841 2240 2914 [al.,
2269 2842 2501 2895 consilio
2522 2850 2579 2895 et
2599 2840 2831 2914 auxilio]
2877 2841 3303 2901 consummavit,
3355 2840 3730 2910 exspectabat

2116 2931 2429 2985 consecrari
2455 2956 2465 2992 ς
2491 2931 2769 2984 instanter
2798 2931 2900 2984 hoc
2941 2947 2973 2984 a
3028 2931 3141 2984 Deo
3178 2947 3500 3001 exposcens,
3553 2931 3726 2999 cujus

431 3020 637 3074 etenim
663 3027 833 3090 atque
882 3020 1244 3090 optimorum,
1301 3026 1418 3073 tam
1469 3019 1795 3074 clericorum
1856 3019 2370 3090 quam“petitioni
2401 3021 2496 3090 qui
2540 3021 2612 3074 ad
2665 3026 2866 3073 caetera
2913 3019 3020 3072 sibi
3076 3019 3349 3089 benignus
3394 3020 3722 3084 exstiterat,

428 3109 724 3179 laicorum,
747 3126 812 3163 ex
862 3109 1052 3162 multis
1095 3108 1346 3179 partibus
1392 3109 1543 3162 orbis
1592 3109 1705 3162 illic
1750 3109 2028 3164 adunatus
2111 3116 2366 3180 optatum
2399 3110 2547 3162 Deus
2594 3110 2867 3162 concessit
2921 3109 3179 3161 effectum
3231 3108 3547 3178 adimplens
3621 3125 3730 3178 per

428 3215 717 3263 numerus,
746 3199 816 3252 ad
842 3199 1222 3251 centenariam
1255 3198 2030 3268 pertingebatsummam.Vi—
2111 3199 2300 3252 omnia
2329 3214 2498 3268 super
2542 3199 2646 3251 hac
2684 3214 2744 3250 re
2788 3198 2937 3251 illius
2974 3199 3237 3250 affectum
3279 3215 3289 3248 :
3331 3198 3511 3251 multo
3560 3198 3726 3251 enim

431 3288 513 3342 dit
542 3288 684 3341 ﬁlios
714 3287 976 3349 ﬁliorum,
1034 3304 1099 3340 ex
1150 3293 1343 3340 sancto
1387 3287 1642 3340 videlicet
1693 3288 2027 3341 Cadomensi
2109 3288 2368 3357 ampliori
2397 3304 2563 3357 quam
2607 3303 2945 3358 praesumere
2999 3292 3236 3357 poterat,
3285 3286 3730 3340 honorificentia

430 3376 680 3430 coenobio
712 3376 916 3429 fratres
945 3376 1012 3428 ad
1042 3382 1165 3441 38
1194 3376 1342 3429 idem
1388 3392 1528 3445 Opus
1582 3383 1917 3446 assumptos,
1969 3377 2026 3430 in
2108 3381 2430 3429 consecrata
2460 3381 2564 3440 est,
2598 3382 2708 3430 eta
2738 3392 2847 3446 quo
2887 3376 3202 3446 exoptabat.
3259 3377 3401 3429 Nam
3441 3392 3545 3445 pro
3596 3377 3728 3446 qui-

431 3463 696 3518 extremis
714 3463 1035 3517 nationibus
1065 3465 1271 3517 multos
1291 3464 1522 3533 gignere
1563 3464 1620 3516 in
1664 3465 1918 3518 Domino.

501 3550 794 3620 Corporea
823 3567 952 3604 eum
975 3551 1117 3604 vires
1142 3552 1262 3620 jam
1291 3550 1644 3617 deserebant,
1667 3567 1806 3621 quas
1825 3568 1926 3622 per
1945 3557 2033 3606 tot

431 3654 607 3692 annos
652 3638 860 3693 laboris
905 3640 1282 3704 vehementia,
1337 3639 1675 3709 vigiliarum,
1729 3647 1786 3694 et
1833 3641 2031 3695 inediae

430 3728 776 3783 continuatio
831 3729 1136 3798 plurimum
1193 3729 1511 3794 attriverat,
1581 3730 1732 3783 visus
1789 3730 2030 3784 maxime

430 3816 843 3872 destituebatur
871 3818 1072 3884 ofﬁcio,
1105 3823 1160 3872 et
1188 3818 1258 3872 ab
1288 3819 1440 3872 horis
1471 3819 1800 3888 vespertinis
1819 3819 2030 3890 indige-

429 3905 528 3958 bat
546 3906 859 3961 ducamine.
911 3907 1285 3971 Quamobrem
1332 3925 1443 3962 non
1466 3908 1521 3961 in
1544 3908 1871 3962 dormitorio
1902 3925 2028 3962 cum

428 3995 718 4060 fratribus,
753 4013 934 4066 neque
963 3996 1034 4050 ad
1054 3997 1406 4067 psallendum
1429 3997 1598 4050 choro
1621 3997 1890 4051 interesse
1907 3999 2026 4067 jam

428 4084 665 4148 valebat,
691 4086 787 4138 sed
819 4094 1008 4140 tamen
1035 4087 1104 4140 ad
1135 4086 1460 4140 nocturnale
1512 4085 1754 4140 officium
1815 4087 2028 4157 primus

429 4174 715 4244 surgebat,
741 4192 842 4229 nec
867 4176 982 4230 ulla
1009 4176 1198 4230 diurni
1231 4175 1436 4229 laboris
1459 4175 1787 4244 defatigatio
1807 4175 1862 4228 in
1887 4175 2028 4230 lecto

2112 3464 2347 3518 busdam
2376 3465 2614 3534 negotiis
2629 3471 2744 3519 tam
2767 3464 3123 3518 saecularibus
3135 3481 3300 3535 quam
3321 3463 3726 3519 ecclesiasticis

2112 3570 2259 3623 saepe
2287 3570 2459 3624 supra
2502 3559 2850 3607 memoratus
2903 3554 3156 3624 gentium
3202 3553 3725 3608 transmarinarum

2112 3642 2452 3712 apostolicus
2507 3643 2577 3696 ad
2607 3643 2822 3696 curiam
2872 3642 3024 3696 venit
3071 3642 3505 3696 eminentissimi
3564 3645 3726 3714 regis

2110 3732 2420 3801 Anglorum
2447 3731 2715 3785 Willelmi
2745 3732 2802 3785 in
2851 3747 2951 3785 sua
2996 3737 3152 3786 terra
3186 3732 3722 3786 Northmannorum

2111 3826 2245 3874 tunc
2274 3821 2695 3884 commorantis,
2730 3826 2835 3874 etc.

2184 3908 2313 3962 Dies
2340 3925 2532 3980 ergoa
2577 3909 2770 3964 multis
2823 3926 2922 3980 per
2972 3910 3179 3963 multos
3235 3926 3411 3963 annos
3463 3909 3721 3965 multum

2111 4005 2403 4069 ex0ptatus
2431 3999 2596 4068 longe
2626 4000 2848 4069 lateque
2877 3999 3216 4061 insinuatur,
3265 4017 3328 4053 ex
3385 3999 3722 4069 longinquis

2110 4089 2432 4158 regionibus
2444 4089 2547 4141 viri
2557 4089 3409 4152 consulares,ecclesiasticorum
3422 4089 3565 4158 grad
3575 4107 3720 4144 uum

2112 4194 2344 4231 summa:
2366 4194 2632 4248 persnnze.
2668 4178 2957 4231 hominum
2985 4195 3166 4248 genus
3194 4177 3476 4231 inﬁnitum
3507 4179 3722 4232 adven-

427 4262 588 4318 illum
618 4270 745 4336 post
765 4263 904 4319 alios
928 4265 1225 4320 retinebat.
1247 4265 1366 4320 Cibi
1391 4282 1455 4319 ac
1487 4272 1649 4336 potus
1661 4265 2024 4335 parcimonia,
2045 4294 2092 4352 D
2109 4273 2304 4320 turum
2329 4267 2758 4337 praenuntiatur,
2800 4267 3167 4320 libentissime
3193 4268 3480 4337 accipitur;
3511 4284 3721 4338 conge-

429 4370 554 4424 quae
575 4353 633 4407 in
655 4355 970 4424 juventute,
1003 4355 1198 4410 eadem
1237 4354 1564 4410 servabatur
1601 4355 1659 4408 in
1715 4360 2022 4419 senectute,

430 4448 633 4511 praeter
662 4444 812 4513 quod
841 4443 910 4497 ab
962 4444 1114 4497 omni
1160 4445 1400 4498 fratrum
1445 4448 1718 4497 conventu
1775 4448 2021 4508 coactus,

2109 4362 2315 4410 runtur
2335 4357 2564 4410 maximi
2595 4363 2857 4427 sumptus
2886 4357 2956 4409 ad
2986 4357 3400 4428 suscipiendum
3426 4373 3598 4410 omne
3618 4375 3718 4427 ge-

2109 4461 2214 4498 nus
2258 4445 2570 4501 hominum.
2607 4445 2710 4499 Ubi
2756 4445 3115 4516 adimpletur,
3167 4450 3419 4514 pluviam
3450 4448 3716 4500 volunta-

429 4531 670 4600 exceptis
695 4533 961 4600 legalium
984 4532 1329 4602 jejuniorum
1352 4531 1565 4597 diebus,
1591 4532 1676 4586 bis
1700 4532 2027 4586 comedebat
2108 4536 2257 4587 riam
2277 4537 2575 4602 segregabit
2596 4536 2735 4588 Deus
2760 4535 3072 4589 haereditati
3091 4551 3202 4589 sua:
3217 4537 3386 4607 (Psal.
3415 4533 3709 4600 van,10).

428 4617 486 4670 in
515 4618 622 4672 die.
651 4620 810 4683 Quod
853 4621 1076 4690 quidem
1119 4621 1302 4692 ipsum
1331 4638 1445 4676 non
1490 4627 1604 4676 tam
1673 4621 2021 4675 refocillandi
2107 4623 2259 4676 Nihil
2297 4623 2366 4678 ab
2407 4624 2595 4694 aliquo
2633 4630 2908 4689 exactum,
2951 4624 3089 4677 nihil
3129 4624 3456 4694 expetitum,
3489 4640 3551 4678 se
3581 4623 3714 4694 ipso

424 4705 559 4760 lassi
583 4709 832 4780 corporis
861 4726 997 4764 cura
1014 4717 1384 4777 concesserat,
1418 4727 1584 4782 quam
1612 4716 1676 4764 ut
1698 4727 1881 4766 escam
1926 4728 2023 4765 su-
2104 4711 2402 4774 sufficiens,
2437 4713 2584 4784 quod
2606 4719 2870 4783 ceperat,
2905 4713 3154 4782 perfecit.
3183 4713 3330 4766 Deus
3352 4713 3446 4782 qui
3470 4713 3541 4766 dc
3563 4719 3716 4767 ster-

425 4810 585 4849 mens
605 4797 685 4850 eis
717 4797 1084 4865 sumentibus,
1135 4798 1336 4868 quibus
1387 4799 1458 4852 ad
1505 4817 1645 4870 opus
1691 4799 2026 4870 praesidebat
2105 4817 2232 4855 core
2268 4801 2450 4872 erigit,
2517 4818 2581 4854 ac
2608 4802 2667 4854 in
2694 4801 2918 4854 sublimi
2967 4818 3272 4872 pauperem
3319 4818 3525 4872 ponere
3568 4819 3715 4857 con~

420 4882 681 4940 insistere
712 4893 917 4956 posset.
952 4886 1104 4958 operi
1125 4905 1303 4958 usque
1327 4889 1394 4942 ad
1421 4905 1728 4959 vesperam,
1784 4905 1848 4943 ac
1896 4905 2024 4959 per-
2105 4891 2287 4944 suevit
2317 4895 2478 4958 (Psal.
2511 4905 2642 4952 cxn,
2679 4888 2728 4958 7)
2791 4890 2908 4943 solo
2953 4907 3066 4946 suae
3114 4907 3312 4944 manus
3362 4891 3709 4961 gestamine,

423 4991 567 5045 saepe
593 4976 761 5029 etiam
795 4993 971 5046 usque
1004 4977 1058 5030 in
1087 4984 1305 5032 noctem
1350 4978 1662 5032 insistebat.
1704 4979 1894 5032 Otium
1926 4985 2025 5032 aut
2105 4980 2264 5047 cujus
2311 4978 2366 5031 in
2404 4977 2886 5032 consummatione
2934 4979 3101 5049 hujus
3143 4979 3328 5048 operis
3373 4979 3459 5032 sui
3499 4995 3715 5034 manus

422 5064 676 5136 voluptas
702 5066 918 5119 nullum
950 5067 1005 5120 in
1039 5083 1104 5120 eo
1139 5067 1243 5120 sibi
1278 5068 1459 5122 locum
1503 5069 1703 5121 sortita
1750 5074 1834 5121 est
1895 5068 2020 5122 Non
2104 5067 2242 5121 adeo
2275 5069 2429 5138 larga
2479 5068 2710 5130 exstitit,
2750 5068 2894 5137 quod
2933 5085 3022 5120 res
3056 5068 3540 5138 sumptuosissime
3577 5080 3716 5122 acta

420 5160 554 5209 aetas
583 5172 711 5209 eum
742 5172 1018 5210 annorum
1040 5173 1338 5210 numerum
1363 5159 1479 5226 jam
1503 5158 1792 5221 excedens,
1811 5157 1881 5211 de
1911 5175 2020 5228 quo
2103 5157 2380 5211 universis
2403 5157 2473 5210 ad
2501 5164 2692 5210 votum
2726 5163 2783 5209 et
2815 5156 3208 5209 sufﬁcientiam
3237 5157 3362 5222 fuit,
3387 5172 3489 5209 nec
3525 5156 3711 5210 ullam

419 5245 625 5300 dicitur
653 5247 712 5300 in
742 5247 988 5316 psalmo:
1024 5253 1073 5299 et
1103 5250 1347 5314 amplius
1370 5263 1560 5300 eorum
1599 5248 1755 5300 labor
1787 5253 1835 5300 ct
1864 5249 2020 5301 dolor
2100 5249 2155 5302 in
2175 5258 2458 5318 posterum
2479 5247 3158 5317 contraxitindigentiam,
3180 5249 3249 5301 ad
3263 5255 3482 5301 tantum
3500 5247 3712 5302 solem-

423 5337 590 5402 (Psul.
620 5351 835 5399 Lxxxlx,
869 5333 970 5404 10).
1005 5337 1130 5388 Non
1159 5335 1460 5389 vehemens
1490 5352 1601 5406 qua
1619 5337 1856 5390 multum
1875 5354 2018 5407 saepe
2102 5337 2294 5391 nitatis
2324 5343 2497 5391 tanta:
2523 5337 2812 5405 gaudium.
2849 5335 3114 5407 Languor
3135 5337 3230 5406 qui
3257 5353 3358 5407 per
3406 5343 3532 5389 octo
3569 5343 3710 5390 ante

417 5423 478 5478 in
503 5425 739 5479 internis
763 5425 1077 5496 angebatur
1094 5424 1411 5492 inﬁrmitas,
1437 5425 1594 5478 illum
1619 5425 1688 5478 ab
1705 5425 2017 5480 actionibus
2101 5425 2217 5479 dies
2242 5425 2768 5479 vehementissimus
2802 5432 3064 5480 tenuerat
3104 5426 3301 5479 mortis
3349 5425 3708 5480 imminentis

419 5515 747 5572 necessariis
776 5513 1072 5570 retinebat.
1105 5514 1346 5570 Paterno
1399 5515 1602 5570 affectu
1651 5515 1804 5570 omni
1849 5515 2015 5571 modo
2098 5523 2251 5570 metu
2280 5516 2466 5587 ipsum
2486 5515 2813 5572 monasterii
2830 5521 3051 5587 patrem
3080 5515 3276 5570 adesse
3306 5514 3704 5571 minitabatur.
