3902 6166
250 222 361 278 709

1045 222 1206 274 ’VI'I‘A
1256 227 1309 275 S.
1361 221 1705 275 HERLUIN]
1751 217 2052 271 ABBA'I‘IS
2099 216 2483 269 BECCENSIS
2529 217 2750 273 PRIMI.

3439 229 3542 284 710

248 348 428 402 Porro
458 363 529 402 ne
555 346 701 419 quod
734 346 988 399 maeroris
1022 344 1274 406 nubilum
1323 345 1434 399 diei
1483 346 1630 400 illius
1678 346 1857 398 lucem
1878 345 1924 401 A
1945 340 2298 412 accipiebant
2325 340 2572 396 dicerent
2601 343 2827 398 modum
2847 347 3146 404 excessisse
3179 367 3190 416 ;
3234 366 3415 424 neque
3443 369 3535 408 so-

243 437 583 502 offenderet,
607 436 723 489 Deo
749 433 1074 499 miserante,
1108 435 1177 488 ad
1207 434 1354 488 diem
1386 435 1709 506 plenissime
1734 451 1860 487 con-

241 525 447 579 valuit.

312 613 506 682 Igitur
529 609 746 665 decimo
759 610 1042 664 Kalendas
1063 611 1410 673 Novembris,
1431 628 1578 665 anno
1591 611 1659 665 ab
1677 612 1859 666 Incar-

237 701 480 755 natione
496 700 717 754 Domini
732 699 1026 752 millesimo
1042 701 1456 771 septuagesimo
1469 700 1857 771 septimo,san-

237 796 340 844 ciae
378 789 537 843 omni
570 788 830 842 Ecclesiae
875 789 1214 842 reverendus
1252 790 1506 859 gentium
1529 789 1856 844 transmari-

237 896 448 933 narum
481 894 736 932 summus
786 877 1032 948 pontifex
1063 877 1407 932 Lanfrancus
1446 879 1690 943 advenit,
1721 894 1854 932 con-

235 968 518 1022 secrando
569 973 1064 1021 consummaturus
1112 968 1403 1021 ecclesiam
1458 984 1625 1038 quam
1679 966 1853 1037 inspi-

205 1061 404 1110 -rante
427 1057 542 1110 Deo
572 1056 857 1110 inchoavit
889 1079 902 1118 ;
944 1061 1002 1109 et
1038 1056 1097 1109 in
1148 1057 1306 1126 cujus
1336 1056 1686 1110 exstruendis
1736 1056 1855 1109 fun-

235 1146 526 1200 damentis
553 1144 795 1216 lapidem
843 1145 1149 1198 secundum
1191 1145 1309 1216 ipse
1340 1161 1511 1198 manu
1540 1161 1644 1198 sua
1680 1145 1854 1215 impo-

236 1235 368 1289 suit.
414 1236 814 1289 Convenerunt
870 1234 1116 1288 universi
1157 1233 1544 1288 Northmaniaa
1583 1233 1846 1304 episcopi,

237 1323 494 1392 abbates,
539 1331 596 1378 et
651 1323 746 1378 alii
795 1323 1001 1395 quique
1066 1323 1314 1392 religiosi
1369 1323 1512 1389 \iri;
1568 1323 1853 1376 affuerunt

230 1429 496 1484 proceres
525 1413 702 1483 regni.
762 1413 877 1466 Rex
915 1412 1040 1465 aliis
1074 1412 1336 1465 detentus
1367 1411 1607 1481 negotiis
1656 1412 1851 1466 adesse

230 1517 340 1556 non
367 1502 578 1572 potuit.
611 1501 828 1572 Regina
873 1500 1159 1554 Matbildis
1214 1499 1394 1553 libens
1439 1500 1709 1563 affuisset,
1744 1499 1851 1554 nisi

233 1591 403 1660 regiis
433 1590 669 1644 detenta
700 1588 1159 1660 occupationibus
1191 1589 1426 1654 fuisset;
1460 1589 1622 1643 affuit
1658 1594 1848 1642 tamen

1940 431 2055 483 lum
2091 447 2156 482 ea
2186 430 2292 495 die,
2346 431 2439 483 sed
2484 432 2672 485 multis
2706 451 2806 504 per
2853 435 3064 506 aliquot
3092 444 3221 492 ante
3253 441 3370 494 dies
3403 442 3539 496 dum

1941 517 2356 588 operiebantur,
2410 518 2491 572 ita
2537 521 2802 574 servitum
2853 530 2954 578 est.
2989 525 3338 582 Venerabilis
3366 529 3538 584 abbas

1941 607 2231 678 requirens
2261 607 2607 672 aministris,
2655 611 2749 680 qui
2797 611 2953 666 ibant
2990 630 3054 667 ac
3099 616 3376 684 redibant,
3437 636 3540 674 nec

1941 702 2223 748 momento
2246 713 2356 748 uno
2383 696 2502 749 loco
2529 703 2677 750 stare
2707 705 2983 768 poterant,
3018 704 3150 773 quid
3177 713 3428 775 agerent,
3450 708 3538 762 di-

1938 789 2145 850 cerent,
2192 801 2263 837 an
2305 791 2561 855 sumptus
2591 786 2773 840 adhuc
2801 788 3121 858 deﬁcerent,
3182 811 3307 848 cum
3348 796 3533 866 potius

1938 872 2224 926 abundare
2237 873 2500 927 audiebat
2511 874 2580 927 ab
2598 875 2694 940 eis,
2719 878 2936 946 quoties
2957 879 3052 934 illa
3072 881 3160 934 die
3181 883 3322 938 dixit
3354 901 3366 942 :
3389 887 3534 952 Quid

1941 963 2247 1014 retribuam
2283 962 2509 1014 Domino
2553 978 2653 1030 pro
2682 966 2936 1018 omnibus
2957 984 3075 1034 qua:
3105 973 3365 1025 retribuit
3395 975 3540 1029 mihi

1936 1050 2102 1116 (Psal.
2140 1063 2263 1113 va,
2305 1048 2384 1119 l2)
2417 1069 2428 1116 ;
2471 1056 2528 1103 et
2569 1050 2801 1104 dicendo
2849 1053 2954 1107 ista
3001 1057 3147 1110 solas
3187 1060 3535 1117 retribuebat

1937 1138 2174 1192 Domino
2197 1139 2474 1208 lacrymas
2503 1146 2737 1209 agentes
2767 1127 2980 1210 gratias
3011 1161 3110 1214 pro
3142 1150 3415 1203 concessis
3434 1151 3539 1205 sibi

1934 1233 2020 1281 tot
2046 1227 2364 1293 beneficiis;
2396 1245 2460 1282 ac
2493 1229 2710 1291 merito,
2742 1231 2891 1300 quia,
2926 1234 3148 1288 exclusa
3173 1239 3324 1291 omni
3354 1256 3532 1310 penn-

1934 1315 2036 1380 ria,
2071 1317 2222 1369 omni
2282 1333 2315 1369 a
2357 1317 2470 1370 Deo
2501 1317 2927 1374 subministrata
2964 1324 3352 1380 serviebantur
3381 1328 3538 1382 suffi-

1934 1403 2141 1456 cientia

2003 1492 2191 1545 Tertio
2212 1492 2320 1557 die,
2349 1493 2564 1547 saeculis
2589 1497 3011 1582 memorandus.
3019 1500 3138 1568 jam
3178 1517 3326 1571 saepe
3355 1501 3538 1558 dictus

1935 1581 2366 1635 Cantuariorum
2387 1583 2855 1654 archiepiscopus,
2883 1581 3011 1648 θεας,
3037 1587 3106 1641 ab
3123 1589 3396 1644 universis
3425 1592 3542 1646 fra-

233 1655 332 1750 ρεῖ-
351 1680 759 1734 condecentem
789 1655 1171 1733 béneﬁcemiae
1199 1695 1314 1732 sum
1343 1678 1718 1748 largitionem,
1739 1655 1912 1732 No-3
1933 1669 2112 1723 tribus
2142 1670 2309 1723 eundi
2345 1671 2666 1725 missionem
2693 1675 2960 1744 poposcit.
2986 1677 3121 1740 Quis
3139 1682 3543 1736 tantumtantae

235 1769 337 1822 luit
375 1769 502 1823 Rex
532 1785 811 1840 supernus
837 1768 993 1838 operi
1033 1767 1232 1837 gratiae
1287 1785 1400 1822 suae
1447 1783 1637 1837 regem
1675 1773 1848 1820 terre-

234 1873 369 1911 num
399 1875 731 1929 supremam
766 1874 995 1911 manum
1035 1857 1343 1928 imponere,
1391 1855 1495 1910 sibi
1543 1862 1723 1910 totum
1755 1873 1845 1910 re-

235 1963 471 2000 servans
520 1947 706 2018 operis
766 1947 1137 2000 consummati
1181 1945 1474 2016 gaudium,
1526 1945 1672 2015 quod
1703 1945 1850 1999 infra

235 2035 518 2090 sexdecim
549 2052 726 2090 annos
765 2037 898 2090 solis
929 2051 1235 2106 pauperum
1271 2034 1526 2105 expensis
1553 2035 1852 2104 complevit

237 2125 673 2190 monasterium,
700 2141 828 2179 cum
850 2123 1110 2178 omnibus
1130 2123 1371 2177 ofﬁcinis
1402 2140 1542 2194 opus
1557 2123 1852 2194 pulchrum

238 2220 292 2267 et
311 2213 650 2270 maximum.
679 2214 975 2268 Alluerunt
1005 2219 1062 2266 et
1090 2213 1248 2282 regni
1274 2212 1521 2266 Franciae
1552 2212 1853 2277 clarissimi

238 2301 522 2366 consules,
547 2307 605 2355 et
624 2319 687 2355 ex
709 2301 835 2355 aliis
873 2303 1030 2370 regni
1065 2300 1316 2370 ejusdem
1341 2299 1673 2371 primatibus
1699 2317 1853 2353 com-

235 2390 446 2460 plures,
503 2391 708 2453 clerici,
743 2389 1000 2444 monachi
1031 2407 1095 2444 ex
1125 2389 1400 2444 universis
1465 2388 1852 2458 adjacentibus

235 2479 564 2550 provinciis,
595 2479 865 2534 conﬂuxit
906 2479 1265 2533 innumerum
1313 2495 1494 2548 genus
1534 2477 1846 2531 hominum.

235 2569 443 2638 Agitur
475 2568 753 2622 dedicatio
770 2567 1060 2622 laetissima
1079 2567 1455 2627 solemnitate,
1486 2570 1543 2620 et
1560 2566 1850 2620 solemnis-

235 2657 652 2711 simaomnium
665 2657 1257 2718 alacritate,alacritati
1279 2657 1570 2710 hominum
1604 2673 1702 2710 aer
1729 2655 1848 2726 ipse

235 2745 586 2815 purissimus
650 2745 880 2815 diesque
918 2744 1295 2799 lucidissimus
1344 2743 1670 2810 arridebat;
1736 2762 1850 2815 prae

233 2835 494 2888 tumultu
514 2833 980 2888 circumeuntium
1005 2833 1336 2904 populorum
1360 2833 1446 2886 vix
1475 2833 1851 2887 exaudiuntur

238 2922 396 2976 chori
454 2923 798 2977 canentium.
834 2921 899 2975 In
930 2928 1089 2976 tanta
1116 2922 1509 2992 compilatione
1538 2923 1726 2976 nullus
1765 2923 1853 2976 lae-

1930 1759 2078 1812 inter
2095 1777 2189 1812 eos
2209 1759 2572 1829 benignitatis
2595 1761 2774 1816 virum
2799 1765 3149 1820 recedentem
3172 1767 3328 1823 siccis
3359 1770 3537 1824 oculis

1931 1848 2179 1918 aspicere
2231 1849 2449 1919 potuit?
2501 1851 2708 1904 Omnes
2755 1863 3062 1923 eruperunt
3115 1855 3170 1908 in
3237 1857 3532 1928 lacrymas,

1934 1938 2147 2008 parvuli
2176 1955 2286 1991 non
2321 1938 2579 1992 valebant
2598 1942 2903 2000 consolari;
2949 1945 3202 2014 consulto
3234 1948 3540 2003 maturavit

1934 2043 2233 2090 recessum,
2278 2034 2554 2097 quatenus
2601 2046 2632 2082 a
2672 2031 2806 2083 ﬂetu
2832 2048 2890 2084 se
2916 2033 3269 2087 continerent
3298 2036 3384 2088 vel
3415 2041 3542 2106 post

1935 2117 2056 2185 ejus
2077 2116 2374 2170 dicessum.
2418 2116 2603 2170 Abbas
2629 2119 2950 2184 Herluinus,
2983 2137 3108 2174 cum
3140 2139 3312 2192 supra
3341 2140 3538 2180 onmes

1937 2205 2204 2258 mortales
2233 2222 2448 2271 amans,
2490 2213 2545 2260 et
2567 2207 2637 2260 ab
2667 2224 2732 2260 eo
2752 2214 2992 2269 amatus,
3029 2210 3408 2266 discedentem
3441 2230 3541 2284 per

1937 2294 2048 2347 duo
2068 2294 2330 2348 milliaria
2370 2302 2692 2365 prosecutus
2719 2302 2804 2350 est
2835 2299 3098 2363 amicum,
3122 2301 3192 2354 ad
3223 2317 3355 2356 suos
3384 2301 3540 2358 visus

1935 2399 2226 2453 nunquam
2251 2383 2307 2437 in
2329 2385 2428 2438 hac
2446 2384 2558 2438 vita
2579 2385 2816 2438 ulterius
2833 2387 3166 2443 rediturum.
3201 2391 3337 2454 Quae
3356 2391 3539 2447 cordis

1933 2473 2272 2534 amaritudo,
2330 2473 2425 2544 qui
2456 2475 2620 2528 ﬂetus
2652 2475 2904 2546 quamvis
2932 2479 3441 2549 comprimerentur
3477 2483 3535 2537 in

1932 2563 2052 2633 ipso
2095 2563 2294 2616 ultimo
2332 2564 2470 2627 vale,
2528 2570 2584 2618 et
2613 2564 2812 2618 ultimo
2847 2565 2917 2618 ab
2964 2566 3201 2621 invicem
3247 2569 3534 2624 discessu!

1932 2652 2235 2722 Postquam
2271 2669 2525 2706 reversus
2567 2659 2673 2719 est,
2704 2654 2904 2707 sedens
2922 2655 2979 2707 in
2999 2672 3224 2709 camera
3240 2658 3393 2712 solus
3408 2675 3537 2713 cum

1932 2740 2170 2810 solo,qui
2194 2740 2299 2794 sibi
2319 2758 2381 2794 ex
2403 2741 2661 2796 omnibus
2683 2748 2806 2796 erat
2819 2742 3313 2810 familiarissimus,
3346 2747 3538 2801 conci-

1933 2830 2064 2883 tatis
2090 2829 2420 2900 permittens
2453 2830 2715 2900 lacrymis
2742 2830 3007 2898 habenas,
3068 2833 3138 2886 ad
3183 2835 3384 2888 celum
3415 2851 3537 2890 ma-

1934 2936 2039 2972 nus
2067 2919 2268 2972 levavit
2321 2936 2331 2970 :
2386 2923 2443 2971 et
2496 2919 2582 2972 his
2613 2919 2794 2973 verbis
2832 2920 2913 2973 ait
2948 2939 2959 2974 :
3008 2941 3030 2971 ι
3064 2923 3229 2976 Nunc
3277 2925 3535 2989 dimittis,

232 3010 411 3066 sionis
455 3013 700 3081 alicujus
745 3012 1059 3066 molestiam
1088 3012 1264 3065 sensit
1297 3031 1307 3078 ;
1352 3012 1506 3066 nulla
1526 3012 1583 3066 in
1615 3011 1906 3082 agendisC
1928 3024 2148 3062 servum
2180 3012 2361 3071 tuum,
2395 3009 2640 3072 Domine,
2669 3010 2728 3060 in
2748 3025 2904 3078 pace,
2934 3013 3067 3077 quia
3088 3013 3350 3067 viderunt
3395 3016 3544 3068 oculi

234 3101 490 3156 turbatio
526 3100 765 3156 obvenit.
808 3101 1042 3155 Peracta
1086 3101 1458 3172 processione,
1507 3101 1593 3154 vix
1625 3101 1851 3171 pontifi-

232 3190 394 3245 cibus
423 3190 645 3244 intrare
682 3189 812 3244 licet
843 3190 961 3244 sine
1001 3190 1305 3243 collisione.
1347 3189 1570 3259 Irrupit
1613 3205 1852 3260 sequens

232 3280 484 3351 populus
516 3279 724 3333 avulsis
755 3284 883 3344 39
910 3279 1170 3332 omnibus
1203 3279 1413 3348 januis,
1449 3279 1724 3332 universis
1760 3283 1848 3332 ta-

233 3384 364 3421 men
400 3367 613 3431 illaesis,
673 3372 947 3438 quantum
995 3366 1238 3420 ecclesia;
1295 3365 1618 3436 spatiositas
1667 3366 1851 3436 potuit

233 3457 576 3527 astringere.
600 3455 1028 3510 Distribuuntur
1049 3455 1250 3508 altaria
1271 3455 1648 3509 consecranda
1671 3454 1849 3525 ponti-

231 3544 456 3608 ﬁcibus,
490 3544 675 3614 ipsum
708 3544 1012 3615 principale
1052 3544 1389 3598 sacrandum
1432 3544 1848 3614 archiepiscopo

232 3633 537 3686 remansit.
557 3632 646 3686 Fit
665 3649 763 3702 per
780 3639 958 3686 totam
983 3632 1272 3686 ecclesiam
1290 3649 1513 3686 summa
1530 3631 1843 3699 celebritas,

233 3729 288 3775 et
317 3721 380 3775 in
414 3721 638 3792 agenda
663 3720 985 3775 celebritate
1007 3720 1100 3792 pia
1119 3721 1376 3793 quaedam
1401 3721 1843 3775 contentiositas.

232 3809 337 3864 Vix
371 3809 744 3881 semetipsum
792 3809 1028 3880 quisque
1076 3810 1428 3863 cantantium
1462 3808 1688 3863 exaudit
1734 3827 1848 3880 prae

234 3899 608 3954 multitudine
649 3897 1097 3955 vociferantium.
1138 3898 1301 3953 Multi
1351 3898 1679 3968 jubilantes,
1714 3899 1848 3968 quid

232 3988 541 4043 dicebatur
582 3987 896 4042 nescientes
955 3988 1077 4057 [at.,
1118 3987 1486 4056 nesciebant],
1517 3993 1614 4042 aut
1646 3989 1850 4058 quibus

233 4078 626 4142 concinerent,
667 4075 901 4130 minime
922 4075 1310 4131 attendebant.
1359 4076 1567 4130 Graves
1596 4077 1848 4146 ejusdem

234 4167 574 4221 monasterii
606 4182 873 4236 personae,
907 4182 1029 4237 quae
1083 4174 1311 4236 propter
1337 4164 1567 4219 nimiam
1609 4166 1849 4220 aliorum

241 4255 674 4310 multitudinem
703 4271 891 4326 pauca:
921 4255 1175 4321 aderant,
1217 4255 1352 4308 solis
1381 4253 1644 4326 lacrymis
1668 4262 1725 4308 et
1750 4255 1848 4309 de-

1934 3099 2043 3150 met
2063 3097 2216 3163 (Luc.
2258 3110 2316 3156 ιι,
2351 3093 2467 3163 99).
2505 3096 2664 3159 Quod
2713 3103 2776 3152 ut
2806 3098 3049 3153 viderem
3084 3105 3388 3170 antequam
3420 3117 3539 3155 mo-

1933 3201 2089 3238 rerer
2113 3201 2470 3255 summopere
2499 3185 2782 3255 optabam,
2807 3193 2863 3240 et
2881 3187 3265 3242 indesinenter
3287 3206 3316 3243 a
3339 3195 3397 3244 te
3421 3206 3544 3244 ora-

1934 3273 2060 3328 bam
2087 3293 2099 3340 ;
2132 3274 2452 3344 adimplesti
2476 3291 2598 3344 qua:
2618 3275 2764 3328 volui
2787 3294 2799 3341 ;
2833 3292 2981 3331 nunc
3009 3295 3202 3332 servus
3223 3283 3354 3332 tuus
3379 3279 3540 3334 laetus

1931 3362 2000 3416 ad
2028 3369 2083 3417 te
2113 3361 2234 3426 ibit,
2271 3379 2604 3433 quacunque
2619 3363 2758 3416 hora
2781 3364 2882 3417 tibi
2907 3365 3199 3435 placuerit.
3241 3386 3261 3417 ι
3294 3366 3384 3421 Sic
3412 3385 3538 3422 ver-

1928 3451 1999 3504 ba
2019 3452 2368 3522 compressit,
2388 3451 2485 3505 sed
2512 3451 2887 3522 lacrymarum
2905 3454 3256 3508 affluentiam
3277 3455 3538 3510 cohibere

1930 3556 2042 3594 non
2073 3540 2274 3610 potuit,
2307 3540 2482 3595 donec
2512 3541 2685 3595 frater
2739 3541 2832 3612 qui
2890 3559 3016 3596 cum
3073 3561 3138 3597 eo
3177 3545 3534 3615 loquebatur,

1932 3629 2143 3683 diutius
2170 3646 2422 3699 nequens
2468 3631 2767 3696 sustinere,
2822 3631 3047 3685 aliunde
3097 3649 3414 3688 sermonem
3449 3634 3540 3689 in-

1930 3717 2105 3771 duxit.
2130 3718 2208 3770 Ex
2238 3725 2372 3772 tunc
2402 3721 2556 3772 omni
2584 3718 2966 3773 membrorum
2989 3720 3171 3775 ofﬁcio
3197 3721 3427 3776 destitui
3448 3739 3544 3794 pe-

1932 3805 2084 3860 nitus
2113 3807 2298 3877 ccepit,
2332 3813 2389 3861 et
2417 3808 2580 3878 longe
2601 3805 2871 3862 ante‘diei
2902 3808 3077 3880 ipsius
3108 3811 3357 3864 animam
3385 3828 3540 3866 revo-

1931 3893 2200 3949 lationem
2258 3896 2405 3967 quod
2464 3903 2723 3951 oraverat
2766 3898 2858 3967 υἱ,
2890 3899 3314 3965 revolutionem,
3349 3901 3538 3956 anima

1931 3984 2074 4054 quod
2118 3987 2395 4054 oraverat]
2427 3985 2685 4042 obtinuit.
2740 3987 2903 4052 Nam,
2947 3989 3194 4058 proxime
3240 3990 3538 4044 subsecuto

1933 4089 2121 4127 mense
2145 4076 2416 4144 Augusto,
2445 4074 2659 4128 decimo
2683 4074 2846 4128 tertio
2871 4075 3153 4130 Kalendas
3187 4078 3534 4148 Septembris

1933 4161 2023 4214 die
2045 4163 2349 4226 Dominico,
2384 4180 2448 4217 ex
2481 4170 2598 4217 toto
2651 4165 2792 4217 lecto
2836 4164 3130 4228 decubuit;
3162 4165 3338 4220 sensit
3373 4166 3542 4222 certis

1930 4251 2149 4306 indiciis
2180 4254 2347 4307 Pater
2373 4253 2652 4323 longaevus
2685 4253 2804 4322 jam
2849 4253 3043 4307 adesse
3089 4259 3347 4308 mortem.
3381 4253 3541 4320 Quod

247 4344 475 4400 vatione
498 4345 682 4400 cordis
709 4346 1122 4400 solemnitatem
1154 4345 1469 4416 explebant.
1513 4340 1919 4400 PersonabatD
1941 4340 2033 4395 ubi
2071 4341 2469 4395 amantissimae
2491 4339 2910 4412 congregationi
2933 4341 3198 4409 innotuit,
3221 4360 3370 4399 mors
3394 4362 3540 4416 quie-

237 4433 299 4488 in
330 4434 464 4488 aliis
481 4451 585 4488 vox
607 4434 811 4489 laetitiae
836 4441 895 4489 et
907 4433 1344 4505 jocundationis,
1379 4434 1432 4488 in
1456 4434 1567 4488 illis
1598 4435 1854 4489 modula-

233 4523 417 4578 batur
433 4523 673 4578 Domino
709 4541 837 4578 cum
866 4523 1131 4595 lacrymis
1178 4524 1297 4578 sola
1329 4523 1434 4578 sibi
1482 4524 1587 4578 soli
1620 4529 1740 4578 tota
1767 4524 1855 4578 in-

230 4618 400 4667 tenta
432 4612 653 4666 aﬂ‘ectio
696 4612 920 4666 mentis.
961 4612 1104 4676 Quid
1144 4612 1340 4684 plura?
1380 4612 1600 4667 Finitur
1656 4613 1857 4683 majori

231 4718 416 4774 quam
445 4705 629 4772 ccepta
665 4701 850 4756 fuerat
873 4701 1225 4769 jocunditate
1254 4701 1579 4756 solemnitas
1603 4719 1616 4768 ;
1640 4705 1756 4756 itur
1784 4702 1854 4756 ad

231 4789 941 4856 refectionem,Paschales
959 4790 1098 4844 nulli
1118 4790 1421 4845 defuerunt
1432 4808 1460 4844 e
1467 4791 1626 4862 pulte,
1641 4808 1676 4846 a
1693 4807 1856 4846 mane

228 4897 428 4954 usque
457 4879 531 4932 ad
561 4878 894 4950 profundam
923 4885 1144 4933 noctem
1174 4880 1600 4935 succedentibus
1619 4880 1856 4936 fratrum

228 4970 455 5025 turmis
487 4968 585 5039 qui
613 4968 682 5022 ad
713 4968 918 5023 festum
947 4974 1234 5030 venerant,
1263 4975 1536 5039 quantum
1577 4969 1857 5024 refectorii

229 5060 456 5116 tabulae
510 5059 797 5112 continere
856 5059 1134 5122 valebant,
1193 5059 1468 5113 universis
1525 5065 1642 5113 tam
1709 5061 1858 5115 notis

230 5167 418 5222 quam
452 5146 677 5218 ignotis,
713 5163 817 5201 nec
845 5147 1026 5201 solum
1047 5147 1102 5200 in
1135 5147 1393 5202 domibus
1422 5147 1850 5220 circumpositis,

229 5255 444 5295 verum
475 5237 533 5291 in
557 5237 701 5291 villis
733 5235 901 5290 etiam
934 5237 1163 5291 remotis
1199 5257 1210 5301 ;
1255 5255 1376 5308 quae
1405 5239 1473 5292 ad
1507 5255 1641 5293 usus
1663 5256 1856 5293 neces-

230 5330 432 5384 sarios
489 5324 796 5398 petierunt,
847 5331 1111 5396 sponsata
1170 5327 1302 5392 Deo,
1353 5328 1472 5398 regi
1512 5328 1753 5382 Ecclesia
1788 5328 1857 5381 li-

231 5419 382 5474 bens
416 5415 763 5471 ministravit
799 5413 1093 5469 afﬂuentia
1124 5415 1356 5486 nuptiali
1398 5416 1702 5487 majoribus
1742 5417 1860 5487 qui-

227 5505 466 5586 busque
515 5506 596 5562 sic
627 5505 697 5561 ad
739 5504 1008 5580 placitum
1056 5509 1112 5560 et
1167 5504 1639 5562 sufficientissime
1667 5511 1732 5562 ut
1760 5506 1856 5579 qui

1937 4430 2064 4484 dam
2105 4432 2392 4485 universos
2443 4430 2720 4502 pervasit;
2753 4448 2948 4502 angor,
2986 4437 3042 4486 et
3074 4449 3283 4504 angore
3311 4435 3542 4506 quidam

1939 4526 2136 4591 stupor
2189 4520 2408 4575 animos
2442 4526 2771 4575 cunctorum
2823 4521 3056 4575 obsedit.
3120 4522 3291 4578 Cibus
3331 4526 3542 4598 percipi

1940 4627 2051 4664 non
2082 4616 2321 4682 poterat,
2378 4627 2610 4664 somnus
2648 4610 2880 4665 recessit
2907 4610 2977 4665 ab
3005 4612 3199 4667 oculis.
3231 4613 3421 4670 Tertio
3451 4615 3543 4670 die

1938 4699 2145 4754 absolvi
2177 4717 2255 4765 se,
2289 4705 2346 4754 et
2374 4706 2578 4754 caetera
2628 4717 2750 4772 quae
2802 4701 3171 4757 morientibus
3208 4703 3542 4760 exhibentur

1939 4789 2139 4852 ofﬁcia,
2175 4788 2281 4843 sibi
2312 4789 2557 4843 exhiberi
2588 4790 2824 4860 rogavit.

2011 4879 2228 4932 Adsunt
2270 4878 2370 4932 ﬁlii
2427 4879 2547 4932 vale
2593 4879 2796 4934 facturi
2835 4879 3225 4935 amantissimo
3254 4882 3430 4949 Patri,
3472 4899 3538 4938 eo

1939 4968 2119 5039 primo
2150 4967 2403 5022 orbandi.
2438 4969 2724 5039 Lacrymis
2743 4985 2806 5022 ac
2825 4968 3164 5038 singultibus
3185 4971 3447 5040 psalmos,
3483 4977 3540 5026 et

1939 5064 2167 5112 caeteras
2181 5058 2464 5112 orationes
2482 5057 3044 5129 interrumpentibus,
3061 5059 3287 5114 tandem
3306 5067 3535 5114 ventum

1938 5148 2005 5201 ad
2037 5148 2311 5218 agendam
2343 5148 2765 5202 confessionem.
2813 5149 3082 5202 Conﬁteri
3125 5149 3310 5219 C(Bpit,
3346 5164 3538 5202 verum

1939 5238 2351 5292 remanentium
2382 5238 2590 5308 pietate
2620 5237 2862 5291 filiorum
2896 5244 3212 5308 superatus,
3249 5244 3306 5291 et
3331 5237 3451 5307 ipse
3478 5237 3538 5292 in

1939 5328 2217 5397 lacrymas
2257 5328 2465 5381 effusus
2483 5327 2668 5380 dicere
2691 5326 2828 5380 nihil
2850 5327 3047 5396 potuit.
3074 5325 3176 5378 Vix
3197 5331 3387 5380 tamen
3415 5326 3538 5380 elu-

1939 5421 2121 5470 ctatus
2151 5416 2209 5469 in
2235 5434 2421 5471 vocem
2451 5417 2687 5471 absolvit
2716 5417 2875 5478 ﬁlios,
2910 5415 3160 5483 dansque
3191 5412 3536 5470 benedictio-

1939 5521 2067 5561 nem
2126 5507 2184 5558 et
2232 5523 2427 5583 pacem
2485 5505 2761 5572 omnibus,
2835 5510 2951 5558 tam
3000 5507 3304 5578 pmsentes
3367 5519 3537 5578 quam
