3902 6166
471 231 564 288 711

1423 226 1517 280 ΑΙ)
1559 226 1796 281 OPERA
1836 229 1898 283 B.
1944 226 2358 282 LANFRANCI
2398 228 2781 285 APPENDIX.

3591 239 3672 296 71'2

468 357 727 415 absentes
757 354 1058 412 immortali
1087 370 1182 408 eos
1213 351 1364 407 Patri
1409 368 1602 406 omnes
1629 352 2057 417 commendavit,
2083 358 2131 415 Α
2155 354 2414 423 usquead
2433 371 2741 426 vesperam,
2777 373 2841 409 ac
2872 371 3016 428 saepe
3045 358 3199 428 quasi
3223 357 3433 416 aliunde
3466 379 3678 421 reversus

468 467 532 504 ac
570 448 934 508 discedentes,
987 444 1120 515 quia
1171 443 1296 514 plus
1352 457 1463 495 non
1503 447 1741 512 poterat,
1773 447 1836 495 ut
1875 459 1974 512 pro
2004 457 2063 495 se

468 543 695 593 orarent
719 534 1042 607 postulavit.
1076 532 1328 594 Dolores,
1358 531 1636 601 lacrymaz,
1668 531 1950 584 orationes
1963 531 2063 584 fie-

467 628 622 690 bant,
654 625 918 696 quoniam
949 624 1036 676 vix
1069 620 1138 675 ab
1179 620 1259 673 eis
1295 620 1544 690 psalmus
1581 620 1895 673 continuari
1925 620 2066 674 vale-

463 715 561 770 bat
584 734 596 782 ;
618 715 752 769 dum
778 714 1016 784 quisque
1037 711 1095 764 in
1113 711 1354 764 alterum
1378 708 1728 779 respiciebat,
1761 709 1921 778 quasi
1946 709 2062 778 jam

465 809 720 859 cerneret
747 803 980 856 fratrem
1001 802 1168 855 Patre
1190 797 1468 862 orbatum,
1505 797 1837 868 erumpebat
1877 797 1932 850 in
1979 799 2061 850 la-

2145 440 2365 495 dicebat
2388 441 2573 496 abbati
2603 443 2841 511 Rogerio
2859 445 2954 514 qui
2981 446 3260 516 proximus
3275 448 3503 505 astabat:
3529 472 3546 500 ι
3563 452 3680 516 Quid

2145 530 2357 584 faciunt
2387 531 2599 585 domini
2623 535 2817 596 nostri,
2843 550 2942 587 cur
2972 537 3292 589 morantur?
3321 537 3442 608 quid
3469 557 3572 595 esse
3599 559 3681 612 pu-

2147 619 2278 673 tatis
2321 637 2420 673 cur
2452 637 2562 674 non
2594 621 2908 676 accedunt?
2937 643 2958 674 ι
3005 622 3104 678 Ille
3155 641 3458 696 quanquam
3493 645 3603 683 eum
3629 632 3682 685 de

2147 708 2270 761 aliis
2323 709 2576 763 crederet
2602 710 2754 781 loqui
2795 712 3064 782 personis,
3096 715 3453 784 respondebat
3479 733 3536 769 ac
3561 719 3598 771 si
3623 719 3684 772 lo-

2145 803 2414 866 queretur
2451 799 2519 852 de
2552 799 2819 854 fratribus
2841 802 3186 855 monasterii.
3218 822 3242 852 «
3273 803 3432 869 Quid,
3464 804 3680 876 inquiens

465 910 708 966 crymas.
730 894 930 947 Coram
962 890 1057 944 illo
1088 889 1351 960 plangere
1373 903 1727 957 nequaquam
1759 885 2058 951 audebant,
2139 884 2386 954 jubetis?
2435 893 2568 940 sunt
2593 887 2647 941 in
2679 888 2942 954 claustro,
2977 895 3140 944 orant
3170 907 3266 962 pro
3299 892 3460 956 vobis,
3489 894 3685 949 aderunt

466 983 599 1055 quia
619 999 718 1053 spe
743 981 891 1035 bona
922 978 1273 1033 laetabundus
1301 994 1412 1030 non
1437 977 1830 1047 lacrymantes,
1863 975 1959 1029 sed
1977 976 2064 1029 lae-
2147 989 2273 1027 mox
2298 981 2361 1028 ut
2393 975 2638 1030 voletis.»
2658 975 2920 1042 Tacebat,
2939 984 2994 1032 et
3006 995 3235 1050 parvum
3257 981 3684 1050 postintervallum

464 1075 651 1127 tantes
681 1087 776 1126 eos
805 1085 998 1123 omnes
1016 1066 1204 1120 videre
1228 1064 1449 1119 volebat
1483 1083 1493 1130 ;
1535 1064 1583 1117 si
1612 1065 1772 1134 cujus
1798 1063 1856 1117 in
1879 1065 2061 1134 lacry-
2147 1062 2341 1116 eadem
2372 1065 2705 1128 commotius
2727 1066 2985 1121 iterabat.
3020 1068 3335 1122 Laborabat
3360 1070 3448 1124 ille
3472 1071 3683 1126 addicere

465 1178 587 1216 mas
615 1157 878 1215 concitati
897 1156 1205 1227 singultum
1235 1152 1530 1218 sentiebat,
1577 1153 1869 1206 confestim
1897 1152 2064 1206 solita
2146 1167 2384 1221 quorum
2413 1169 2629 1208 moram
2679 1155 3034 1225 causabatur,
3069 1160 3126 1210 et
3155 1173 3427 1212 accessum
3448 1161 3682 1230 praestola-

467 1249 742 1321 gravitate
772 1244 1174 1318 compescebat.
1222 1243 1504 1297 Profunda
1545 1243 1662 1311 jam
1692 1241 1870 1294 noctis
1899 1246 2059 1312 parte
2141 1239 2338 1308 batur;
2368 1259 2560 1297 verum
2591 1243 2730 1298 nihil
2760 1244 2830 1297 ab
2857 1261 2921 1298 eo
2949 1245 3072 1315 plus
3099 1245 3376 1300 audiebat.
3402 1247 3684 1320 Vespertina

465 1342 748 1393 transacta
769 1353 892 1407 quia
923 1334 980 1388 in
1021 1331 1324 1388 Sabbatum
1356 1329 1730 1394 illucescebat,
1774 1331 1934 1399 cujus
1988 1329 2058 1383 ad
2141 1344 2174 1380 a
2201 1329 2468 1383 fratribus
2499 1338 2725 1401 peracta
2753 1333 2966 1402 synaxi,
2988 1349 3116 1386 cum
3148 1333 3258 1387 diei
3289 1334 3685 1391 acdiurnioﬂicii

464 1443 757 1498 vesperum
789 1423 962 1489 obiit;
989 1419 1484 1476 revereudissimus
1500 1418 1579 1471 vir
1598 1419 1848 1488 ejusdem
1880 1418 2060 1472 Eccle-
2141 1417 2404 1482 ﬁne,vitae
2418 1418 2676 1474 humanae
2698 1421 2944 1475 stadium
2974 1421 3118 1476 felici
3147 1439 3312 1476 cursu
3330 1422 3528 1493 peregit
3551 1430 3680 1476 nocte

465 1515 560 1569 sia;
587 1515 739 1586 prior
760 1512 1059 1566 Anselmus
1079 1509 1147 1562 de
1187 1508 1437 1579 proximo
1475 1507 1627 1562 illius
1658 1509 1768 1562 ﬁne
1794 1525 1906 1561 non
1941 1515 2060 1561 tam
2135 1505 2252 1574 jam
2282 1507 2553 1576 proxima,
2587 1526 2708 1578 qua;
2764 1510 2820 1563 in
2865 1510 3220 1565 Dominicum
3253 1511 3579 1565 illucescebat
3607 1512 3684 1566 Se-

464 1608 752 1674 suspectus
768 1617 933 1671 quam
965 1604 1167 1658 certus,
1201 1597 1487 1651 collocavit
1527 1614 1586 1650 se
1615 1597 1962 1666 longiuscule
1991 1597 2060 1651 ab
2080 1638 2121 1674 D
2145 1595 2318 1664 ptimo
2351 1597 2630 1651 Kalendas
2656 1599 3020 1668 Septembris.
3077 1601 3307 1654 Irruunt
3334 1601 3572 1665 universi,
3609 1617 3686 1654 nec

465 1709 550 1757 eo,
575 1696 632 1745 et
661 1690 911 1744 clanculo
939 1688 1135 1742 nolens
1180 1692 1244 1742 ut
1266 1687 1360 1740 ille
1391 1693 1736 1758 agnosceret,
1771 1687 1903 1758 quia
1947 1704 2062 1740 mo-
2083 1684 2256 1753 "jam
2286 1686 2467 1738 solum
2498 1687 2775 1747 monachi,
2818 1704 3009 1742 verum
3063 1705 3127 1742 ex
3176 1690 3386 1742 familia
3413 1690 3684 1754 servientes,

462 1781 604 1834 leste
633 1778 847 1832 ferebat
876 1777 1119 1847 aliquem
1168 1776 1313 1830 circa
1351 1793 1435 1832 se.
1475 1776 1683 1830 Verum
1715 1781 1774 1829 ut
1802 1793 1927 1829 mox
1953 1775 2062 1846 pri-
2146 1779 2202 1826 et
2222 1776 2317 1842 qui
2341 1791 2405 1827 ex
2433 1774 2575 1828 villis
2603 1776 3004 1840 conﬂuxerant,
3033 1777 3182 1832 fores
3215 1784 3270 1831 et
3297 1779 3522 1832 claustra
3544 1779 3686 1832 effrin-

465 1885 620 1923 mum
651 1868 721 1922 ad
752 1866 1060 1920 matutinas
1093 1865 1278 1919 sonuit
1309 1865 1552 1935 signum,
1611 1864 1757 1918 illico
1800 1864 2065 1918 excitavit
2144 1878 2276 1931 gere
2302 1863 2506 1924 conati,
2538 1881 2676 1934 quos
2706 1863 2877 1918 abbas
2904 1866 3178 1935 Rogerius
3209 1868 3302 1937 qui
3335 1874 3512 1921 sancto
3532 1867 3628 1919 viro
3646 1867 3686 1920 in

463 1959 732 2013 domnum
759 1955 1018 2009 abbatem
1066 1955 1367 2025 Rogerum,
1425 1954 1521 2025 qui
1563 1969 1720 2008 secus
1751 1960 1918 2024 caput
1947 1954 2065 2022 ejus

463 2045 847 2110 accumbebat,
864 2050 922 2098 et
934 2043 1014 2097 ait
1038 2062 1048 2096 :
1069 2043 1317 2096 Emcitare
1330 2046 1595 2111 priorem,
1631 2048 1691 2096 ut
1721 2043 1870 2096 dicat
1893 2044 2068 2095 nobis-

462 2153 587 2190 cum
619 2137 945 2188 matutinas.
968 2132 1278 2186 Plurimum
1315 2130 1550 2184 miratus
1569 2135 1653 2184 est
1673 2131 1763 2184 ille
1789 2130 2067 2200 quomodo

463 2224 518 2278 id
545 2223 880 2295 agnovisset.
915 2221 1046 2292 quia
1068 2237 1166 2275 nec
1178 2237 1365 2274 coram
1379 2237 1443 2273 eo
1468 2225 1711 2283 venerat,
1748 2235 1847 2272 nec
1859 2218 2064 2289 aliquis

463 2313 514 2367 ei
542 2313 777 2376 dixerat,
813 2317 869 2365 et
896 2315 1023 2382 post
1042 2309 1397 2363 accubuerat.
1453 2309 1683 2362 Summo
1725 2325 1855 2362 vero
1902 2324 2064 2361 mane

465 2419 658 2457 omnes
687 2401 797 2454 diei
828 2400 996 2453 horas
1044 2415 1232 2452 coram
1277 2413 1335 2451 se
1388 2397 1497 2450 dici
1523 2397 1757 2467 rogavit.
1812 2397 2065 2467 Denique

459 2492 578 2561 jam
608 2491 963 2559 ingruentem
997 2487 1195 2541 mortis
1219 2488 1417 2540 horam
1446 2486 1715 2547 sentiens,
1747 2487 2060 2540 communi-

464 2579 581 2633 cari
613 2596 671 2632 se
711 2576 1100 2648 expostulavit,
1154 2581 1210 2630 et
1251 2575 1495 2630 animam
1529 2574 1633 2628 sibi
1657 2576 2056 2630 commendari.

464 2666 752 2721 Festinato
779 2665 878 2718 ivit
907 2664 1078 2718 abbas
1098 2664 1369 2734 Rogerus,
1405 2663 1502 2718 sed
1531 2663 1745 2716 nullam
1776 2663 1832 2716 in
1865 2665 2064 2718 eucha-

466 2755 624 2810 ristia
646 2755 857 2809 invenit
876 2753 1140 2818 hostiam,
1157 2751 1387 2806 ‘turbati
1411 2761 1543 2806 sunt
1570 2751 1772 2805 fratres
1802 2751 2064 2816 universi,

2149 1950 2346 2004 ultima
2365 1952 2695 2021 aegritudine
2719 1952 3257 2024 obsequentissimus
3278 1956 3472 2023 fuerat,
3495 1956 3692 2026 pruden-

2148 2039 2191 2093 ti
2229 2040 2632 2094 confortatione
2681 2042 2986 2096 adhortans
3032 2043 3293 2108 detinuit,
3326 2045 3489 2097 donec
3531 2060 3690 2114 corpus

2151 2128 2540 2182 decentissime
2568 2130 2908 2196 funeratum,
2928 2132 3163 2185 solemni
3194 2133 3526 2204 processione
3553 2133 3600 2186 in
3628 2148 3692 2185 ec-

2148 2217 2373 2271 clesiam
2404 2224 2488 2272 est
2505 2220 2805 2290 perlatum.
2840 2221 2903 2274 In
2932 2223 3219 2276 communi
3251 2223 3425 2292 posito
3451 2224 3556 2291 jam
3590 2221 3691 2275 licet

2148 2305 2406 2360 omnibus
2437 2323 2794 2361 communem
2841 2309 3140 2363 lamentari
3172 2311 3571 2377 desolationem,
3595 2327 3690 2382 quae

2147 2393 2332 2448 vivum
2382 2413 2603 2466 semper
2625 2397 3048 2468 assequebatur,
3108 2399 3166 2453 in
3210 2401 3400 2454 funere
3431 2416 3622 2471 quoque
3645 2397 3693 2451 il-

2144 2482 2260 2536 lum
2290 2484 2470 2553 gloria
2495 2485 2797 2540 comitatur
2823 2487 2892 2540 ad
2912 2488 3342 2557 persolvendum
3362 2489 3598 2543 ultimum
3616 2485 3692 2541 ob-

2147 2572 2406 2642 sequium
2433 2573 2594 2628 fratri
2645 2573 2739 2646 [f.,
2764 2574 2944 2648 Patri]
2994 2576 3090 2646 qui
3120 2577 3270 2648 apud
3301 2595 3484 2632 omnes
3507 2575 3694 2630 maximi

2150 2662 2361 2716 amoris
2417 2667 2586 2733 atque
2643 2666 2964 2720 reverentiae
3007 2665 3076 2718 ob
3121 2666 3383 2720 eximiam
3420 2665 3696 2736 religionem

2151 2750 2275 2804 fuit.
2328 2751 2529 2804 Animo
2560 2751 2754 2805 libenti
2785 2760 3167 2808 convenerunt
3215 2755 3436 2826 plurimi
3487 2752 3695 2814 abbates,

463 2862 614 2900 mors
636 2845 902 2909 instabat,
938 2849 995 2897 et
1032 2843 1278 2896 salutare
1325 2840 1600 2896 Dominici
1631 2840 1878 2910 corporis
1921 2839 2068 2909 quod
2151 2840 2454 2910 multaeque
2489 2857 2740 2911 personae
2764 2842 3128 2898 venerabiles.
3187 2844 3437 2907 Advenit,
3477 2849 3528 2896 et
3552 2846 3699 2895 totum

460 2935 553 2989 ille
585 2935 864 3006 acciperet
914 2931 1001 3002 78)
1025 2949 1135 2986 non
1163 2936 1301 2985 erat.
1337 2931 1540 2984 Verum
1568 2929 1714 2983 circa
1734 2928 2064 2982 morientem
2088 2960 2131 3019 Ο
2151 2929 2467 2998 exsequiale
2513 2929 2756 2983 officium
2809 2930 3172 2985 celeberrime
3235 2933 3348 3004 egit
3400 2929 3702 2986 Ebroiccnsis

462 3024 696 3079 minime
724 3022 920 3089 defuit,
954 3039 1076 3093 qua)
1103 3021 1245 3074 circa
1276 3019 1550 3073 viventem
1574 3017 1955 3072 miserationis
1976 3017 2066 3070 di-
2099 3017 2129 3019 ⁷
2150 3017 2466 3087 episcopus,
2533 3019 2778 3072 honestae
2835 3019 2978 3085 vitae,
3040 3038 3368 3094 magnaeque
3429 3021 3699 3075 litterarum

459 3115 599 3168 vinas
626 3113 812 3184 gratia
841 3128 1064 3182 semper
1093 3107 1221 3176 40
1242 3113 1442 3180 praesto
1473 3108 1595 3161 fuit.
1630 3108 1794 3161 Forte
1821 3112 1954 3160 tunc
1982 3123 2066 3160 sa-
2146 3105 2390 3160 scientia:
2416 3146 2429 3172 ,
2511 3106 2592 3160 vir
2665 3109 3014 3164 venerandus
3087 3111 3430 3166 Gislebertus
3453 3152 3464 3164 .
3533 3112 3698 3164 Actum

457 3205 652 3258 cerdos
670 3202 897 3274 quidam
927 3217 1024 3270 pro
1055 3216 1120 3253 eo
1147 3198 1372 3252 missam
1411 3197 1699 3250 celebrans
1728 3196 2064 3250 sumendum
2146 3200 2232 3247 est
2287 3195 2344 3248 in
2381 3195 2647 3265 capitulo
2694 3198 2774 3250 illi
2828 3207 3258 3254 monumentum
3318 3201 3569 3254 bonorum
3624 3214 3696 3250 ac-

457 3294 642 3347 adhuc
699 3291 758 3344 in
812 3289 1070 3343 manibus
1125 3285 1352 3340 tenebat
1401 3302 1602 3356 corpus
1651 3285 2002 3338 Dominicum
2045 3303 2057 3350 ;

459 3383 582 3452 ejus
610 3381 802 3450 itaque
822 3377 1139 3442 oblationis,
1163 3393 1285 3446 qua:
1314 3392 1414 3446 pro
1445 3373 1890 3429 commendando
1911 3373 2061 3427 illius

461 3469 612 3524 exitu
642 3467 830 3522 oblata
861 3467 975 3520 Deo
1009 3467 1210 3528 fuerat,
1235 3463 1536 3535 praedictus
1549 3463 1721 3516 abbas
1743 3462 2058 3534 portionem

458 3573 631 3612 unam
662 3554 920 3626 suscepit,
948 3558 1005 3608 et
1032 3554 1083 3607 ei
1113 3553 1184 3606 ad
1215 3551 1478 3606 viaticum
1508 3551 1660 3605 tulit.
1693 3549 2061 3605 Commenda-

457 3645 572 3700 turi
605 3645 834 3709 exitum,
868 3643 1014 3697 illico
1066 3641 1269 3696 fratres
1309 3658 1502 3695 omnes
1555 3645 1871 3694 accurrunt.
1914 3640 2060 3702 Quo-

458 3751 586 3789 rum
605 3733 1064 3804 lacrymationem
1102 3748 1203 3786 nec
1248 3736 1383 3785 tunc
1423 3730 1700 3784 sustinere
1729 3729 2053 3800 praevalens,

457 3828 687 3896 peracta
742 3840 806 3876 ex
842 3839 996 3876 more
1027 3820 1346 3875 Christiano
1390 3817 1916 3880 communicatione,
1947 3834 2056 3889 quo

460 3912 632 3967 valuit
676 3918 817 3966 nutu
864 3911 1141 3981 verboque
1175 3907 1415 3974 monuit,
1448 3913 1512 3962 ut
1538 3907 1595 3961 in
1625 3907 1931 3962 claustrum
1963 3924 2058 3961 re-

2143 3287 2324 3346 tuum,
2369 3290 2642 3339 aeternum
2684 3286 2811 3340 filiis
2851 3296 3299 3355 monumentum,
3351 3291 3471 3359 jure
3515 3303 3611 3358 quo
3642 3286 3695 3339 de

2143 3371 2529 3442 spiritualibus
2603 3374 2842 3429 locuturi
2901 3377 3101 3430 studiis
3163 3379 3512 3440 conveniunt,
3573 3376 3695 3428 illius

2143 3468 2518 3532 praesentatur
2567 3465 2855 3530 memoria,
2894 3466 2987 3536 qui
3040 3483 3104 3520 ex
3133 3472 3379 3538 tyranno
3424 3466 3696 3536 religiosus,

2142 3565 2205 3602 ex
2234 3551 2473 3604 multum
2504 3553 2756 3606 saeculari
2789 3555 3016 3608 omnino
3045 3557 3504 3626 supernaturalis,
3536 3554 3624 3609 loci
3649 3553 3698 3605 il-

2141 3639 2248 3692 lius
2268 3644 2436 3710 atque
2457 3641 2668 3695 ordinis
2699 3642 2915 3712 primus
2939 3645 3153 3698 exstitit
3183 3646 3450 3700 fundator
3468 3651 3519 3698 et
3537 3643 3693 3699 abbas.

2142 3728 2382 3782 Maximo
2435 3730 2598 3784 Patre
2669 3733 3054 3787 amantissimo
3112 3735 3436 3789 orbatorum
3491 3735 3694 3788 ﬁliorum

2141 3823 2371 3887 questus
2404 3819 2614 3874 referre
2647 3823 3004 3892 supersedeo,
3039 3839 3108 3876 ne
3139 3825 3392 3878 dolorem
3421 3822 3609 3895 legenti
3634 3822 3698 3874 in-

2141 3907 2333 3973 feram,
2367 3924 2477 3962 neu
2508 3908 2771 3963 lectorem
2804 3911 3094 3966 inferendo
3113 3930 3370 3968 moveam
3390 3915 3444 3968 in
3464 3914 3695 3983 lacryma-

455 4002 644 4066 deant,
669 4007 828 4056 tanto
861 3999 1164 4054 instantius
1224 3998 1275 4050 ei
1321 3996 1712 4051 subvenientes
1745 4003 1954 4066 quanto
1983 3996 2054 4049 ad
2137 3996 2365 4050 tionem.
2423 3998 2524 4051 Illo
2577 3998 2797 4053 decenti
2850 4001 3280 4057 honoriﬁcentia
3312 4001 3699 4067 tumulato,lar-

455 4091 666 4146 exitum
699 4089 1076 4161 propinquare
1105 4084 1388 4138 videbant.
1411 4084 1534 4138 Jam
1566 4085 1684 4138 sola
1711 4084 1890 4138 exitus
1914 4085 2055 4138 hora
2133 4085 2380 4154 gissimis
2429 4087 2686 4158 expensis
2717 4096 3044 4144 recreantur
3088 4087 3414 4163 pauperesf
3447 4093 3532 4164 qui
3566 4097 3693 4145 extra

453 4179 897 4253 exspectabatur,
955 4193 1018 4230 ac
1059 4192 1289 4247 precum
1347 4179 1403 4228 et
1458 4175 1832 4246 lacrymarum
1881 4173 2054 4228 armis
2137 4174 2479 4229 vicinitatem
2533 4178 2945 4250 confluxerunt.
3002 4179 3292 4236 Eternam
3343 4182 3535 4237 animae
3574 4179 3695 4233 illius

452 4268 852 4325 communitur.
888 4265 1119 4330 Quoties
1155 4281 1391 4319 camerae
1436 4263 1493 4318 in
1541 4280 1650 4334 qua
1689 4261 2058 4318 decumbebat
2080 4264 2544 4338 Drecreationem
2574 4272 2826 4336 praestet,
2860 4267 2906 4321 si
2937 4268 3074 4322 votis
3115 4286 3258 4341 Opus
3291 4279 3390 4337 est,
3437 4273 3589 4332 Deus,
3621 4266 3696 4338 qui

451 4359 660 4413 ostium
704 4355 1082 4427 aperiebatur,
1142 4371 1340 4408 verens
1399 4353 1634 4424 quisque
1682 4369 1752 4406 ne
1791 4354 1909 4422 jam
1951 4351 2052 4406 mi-
2133 4352 2267 4407 vivit
2321 4361 2379 4407 et
2436 4361 2637 4424 regnat
2696 4373 2796 4427 per
2867 4357 3056 4411 omnia
3115 4362 3318 4415 saecula
3380 4360 3690 4414 saeculorum.

451 4462 643 4517 grasse
696 4445 1078 4510 nuntiaretur,
1112 4443 1385 4497 attonitus
1435 4441 1775 4513 prosiliebat,
1816 4448 1874 4496 et
1902 4442 2050 4512 quod
2132 4442 2332 4497 Amen.

454 4533 750 4589 verebatur
795 4533 991 4589 audire
1043 4531 1417 4602 exspectabat.
1455 4532 1753 4603 Transegit
1792 4531 1940 4586 diem
1973 4531 2052 4585 sic

922 4655 1160 4724 Explicit
1195 4652 1311 4709 Vita
1339 4657 1516 4709 sancti
1545 4655 1810 4710 Herluini
1840 4657 2023 4724 primi
2042 4655 2253 4710 abbatis
2287 4673 2353 4712 ac
2378 4658 2698 4727 fundatoris
2728 4660 2995 4738 Beccensii
3012 4665 3260 4724 canobis.

1906 4851 2301 4902 EPITAPEIUM.

517 4975 632 5030 Hac
659 4971 866 5040 tegitur
888 4971 1047 5039 petra
1075 4967 1348 5035 fundator
1363 4968 1584 5035 primus
1606 4971 1655 5020 et
1670 4966 1833 5020 abbas

590 5063 768 5132 Hujus
799 5059 1044 5123 canobii,
1070 5057 1371 5111 monachus
1390 5072 1451 5109 ea
1484 5059 1642 5110 laico.

526 5155 624 5209 Ter
640 5157 758 5221 post
793 5151 1055 5210 undenos,
1086 5163 1152 5200 ac
1181 5152 1307 5213 tres,
1335 5151 1385 5200 et
1408 5151 1648 5214 quatuor
1674 5159 1850 5198 annos

591 5243 916 5298 Grammata
947 5240 1232 5300 nescierat,
1261 5241 1482 5303 postque
1502 5237 1715 5302 peritus
1740 5233 1868 5290 obit.

520 5333 770 5401 Quatuor
798 5329 1071 5390 undecies,
1105 5326 1369 5390 transegit
1397 5324 1707 5377 coenobialis

587 5421 795 5484 Annos,
819 5419 925 5470 rite
948 5431 1071 5469 suos
1098 5413 1450 5466 dimidiando
1478 5412 1611 5466 dics.

2198 4971 2336 5026 Cum
2366 4970 2586 5025 Phabus
2615 4988 2816 5026 novum.
2858 4976 2956 5027 sub
3005 4979 3224 5043 virgine
3252 4979 3484 5046 protulit
3516 4981 3694 5037 ortum,

2270 5059 2700 5128 Commigrando
2721 5063 2865 5116 diem.
2895 5066 3116 5130 clausit,
3141 5070 3190 5118 et
3215 5066 3606 5121 hebdomadam.

2198 5147 2504 5204 Herluinus
2534 5155 2673 5213 erat,
2707 5154 2757 5203 si
2783 5154 2906 5219 quis
2926 5154 2990 5206 de
3017 5156 3242 5209 nomine
3260 5161 3485 5224 querat,

2272 5238 2376 5291 Cui
2395 5255 2522 5292 cum
2543 5242 2749 5294 sanctis
2777 5241 2862 5294 det
2884 5243 3157 5311 quidquid
3175 5245 3250 5297 eis
3280 5246 3421 5299 Deus
3450 5249 3538 5299 est.

2620 5346 2799 5390 ALIUD
2833 5346 3228 5394 EPITAPHIUI‘.

2194 5418 2356 5476 Hunc
2381 5429 2624 5492 spectans
2648 5430 2948 5492 tumulum,
2974 5431 3136 5484 titulo
3157 5445 3406 5498 cognosce
3425 5430 3692 5497 sepultum,

518 5541 628 5618 (78)
659 5541 911 5600 Pixidem
941 5556 1042 5597 seu
1064 5537 1340 5595 cibarium
1371 5544 1530 5594 vocat
1548 5537 1962 5609 eucharistiam,
1995 5541 2100 5598 hoc
2129 5547 2216 5598 est
2232 5561 2328 5600 vas
2347 5545 2405 5601 in
2426 5563 2536 5618 quo
2555 5549 2878 5605 reconditur
2901 5567 3103 5622 corpus
3136 5551 3378 5608 Domini.
