3902 6166
196 319 294 380 ἳ13

258 447 355 503 Est
376 454 469 505 via
492 457 720 513 virtutis
748 477 899 518 nosse
921 471 1046 536 quis
1077 474 1187 540 ipse
1203 477 1344 543 fuit.
1414 467 1421 475 ’
1610 538 1613 539 ,

190 535 329 592 Cum
358 550 555 608 quater
579 548 669 603 hic
689 552 851 609 denos
877 561 979 611 aevi
1004 564 1231 617 venisset
1258 568 1333 620 ad
1359 585 1555 640 annos,

256 629 389 694 Quae
408 633 644 699 fuerant
670 646 800 696 secti
823 651 1027 714 sprevit
1044 666 1232 707 amore
1259 657 1372 710 Dei.

188 714 411 772 Mutuus
438 738 566 791 ergo
596 729 732 783 vices
759 733 824 786 de
853 739 1058 792 mundi
1086 745 1282 802 milite.
1313 749 1473 801 miles

250 807 340 860 Fit
369 808 594 881 Christi,
621 819 800 874 subito
824 830 1057 881 monac/1
1068 846 1130 883 us
1154 848 1223 886 ex
1246 836 1406 891 laico.

184 893 328 949 Hinc
353 900 466 953 sibi
484 918 636 959 more
646 914 879 976 patrum
907 919 1122 972 socians
1144 924 1370 989 collegia
1393 927 1668 999 fratrum,

251 986 405 1042 Cura
427 1006 539 1058 qua
567 995 767 1064 decuit,
794 1006 941 1056 rexit
961 1021 1063 1071 eos,
1085 1012 1251 1065 aluit.

188 1072 329 1140 Quas
356 1086 705 1154 quantasque
735 1091 880 1145 rides
910 1094 1000 1148 hic
1020 1102 1245 1165 primus
1271 1106 1519 1161 condidit
1548 1111 1700 1177 mdes,

1013 343 1180 401 VITA
1218 346 1583 412 WlLLELMI
1619 358 1927 421 ABBATIS
1963 366 2354 429 BECCENSIS
2381 370 2644 436 TERTII.

3359 399 3465 461 7M

1796 493 1849 552 Α
1937 494 2063 548 Non
2089 500 2204 551 tam
2232 499 2466 567 divitiis,
2496 521 2666 573 quam
2695 511 2825 577 ﬁdei
2850 517 3086 573 meritis.

1868 581 2014 682 Quas
2036 600 2181 653 puer
2204 587 2359 644 haud
2383 594 2580 649 didicit
2601 602 2909 669 scripturas
2931 613 3116 675 postea
3138 613 3317 682 scivit,

1936 672 2134 728 Doctus
2162 682 2223 730 ut
2244 680 2528 737 indoctum
2550 687 2645 740 vix
2662 672 2980 759 sequeretur
3006 713 3155 753 eum.

1868 759 2144 818 Flentibus
2164 765 2314 821 hunc
2341 773 2495 826 nobis
2517 778 2649 829 tulit
2678 781 3032 841 inclementta
3055 788 3279 860 inortis,

1934 850 2160 907 Sextilis
2181 858 2380 923 quina,
2414 861 2597 931 bisque
2621 867 2709 921 die
2727 870 2959 929 decima.

1860 938 2129 995 Hertuine
2150 944 2335 1016 Pater,
2356 950 2436 1003 sic
2461 955 2655 1010 cwlica
2683 961 2903 1014 scandis
2922 971 3170 1023 ovanter.

1932 1028 2159 1086 Credere
2190 1049 2429 1106 namque
2449 1045 2561 1095 tuis
2590 1044 2689 1099 hoc
2715 1046 2840 1103 licet
2877 1067 2941 1105 ea:
2967 1058 3203 1111 meritis.

184 1231 3447 1329 ἦ

190 1338 602 1407 ΡΗᾸΞΡΑΤΙΟ
650 1350 722 1409 ΙΝ
767 1351 998 1417 VITAS
1057 1359 1565 1428 BECCENSIUM
1626 1371 2011 1437 ABBATUM

1122 1439 1416 1504 MILONE
1459 1448 1823 1515 CRISPINO
1867 1439 2531 1529 amassis—lusca}.

2541 1390 2642 1451 ET
2682 1392 3030 1475 BOSONIS,
3091 1404 3457 1470 AUCTOHE

1607 1590 2015 1608 ᾖ

255 1668 311 1730 4
331 1670 370 1731 |
412 1667 647 1769 Quoties
676 1687 1008 1745 magnorum
1034 1679 1182 1736 facta
1204 1682 1668 1746 virorumlitteris
1698 1696 1846 1757 as—B
1865 1697 2065 1768 quibus
2094 1702 2397 1774 loquimur,

188 1750 407 1849 signata
434 1757 763 1829 recitantur,
806 1765 878 1819 ad
918 1767 1019 1822 Dei
1064 1770 1287 1827 laudem
1331 1776 1402 1831 de
1437 1780 1597 1849 cujus
1634 1782 1782 1838 dono

188 1841 450 1910 existunt,
477 1856 694 1906 mentes
717 1854 1065 1912 audientium
1095 1861 1164 1915 ad
1206 1862 1346 1918 bene
1375 1841 1654 1937 agendum
1693 1872 1782 1928 in-

188 1930 521 2032 formantur,
554 1939 804 1996 ﬁdelium
825 1961 955 2014 spes
984 1948 1237 2019 erigitur,
1265 1958 1321 2007 et
1350 1930 1544 2028 iiquui
1574 1959 1632 2014 in
1666 1962 1784 2032 qui-

189 2017 420 2079 busdam
446 2042 855 2102 nonnunquam
886 2039 1205 2107 torpescere
1231 2043 1374 2097 solet
1397 2044 1582 2101 fervor
1609 2049 1783 2106 divini

190 2113 426 2175 amoris;
465 2120 871 2185 reaccenditur,
890 2124 1022 2179 dum
1039 2127 1229 2184 vident
1257 2131 1397 2189 alios
1427 2134 1621 2191 fecisse
1636 2140 1784 2208 quod

186 2199 287 2270 ipsi
314 2203 504 2260 facere
534 2215 851 2266 monentur.
885 2214 1239 2289 Quapmpter
1266 2237 1366 2276 nos
1388 2225 1677 2295 cupientes
1715 2228 1784 2283 de

189 2296 378 2346 nostro
401 2294 604 2351 offerre
646 2298 706 2353 in
755 2301 1114 2361 tabernaculo
1169 2309 1266 2363 Dei
1313 2294 1523 2383 aliquid
1562 2315 1631 2369 de
1671 2318 1784 2372 vita

188 2555 312 2612 licet
372 2548 587 2618 inculto
632 2548 911 2636 sermone,
979 2573 1051 2628 ad
1107 2576 1367 2632 notitiam
1430 2588 1782 2652 posterorum

186 2648 430 2705 scribere
453 2656 792 2712 curavimus.
847 2661 1091 2718 Fuerunt
1120 2682 1363 2737 namque
1391 2686 1492 2724 suo
1532 2677 1785 2744 tempore

190 2739 382 2809 magni
432 2743 696 2813 nominis,
751 2749 846 2819 qui
885 2758 1049 2808 erant
1088 2752 1229 2809 bene
1270 2757 1538 2829 religiosi,
1592 2762 1785 2818 multis

188 2825 283 2881 Dei
312 2829 482 2886 donis
510 2836 713 2902 ornati,
740 2838 943 2910 quibus
969 2844 1039 2897 ad
1069 2844 1237 2899 vitam
1271 2825 1539 2919 pergendi
1568 2857 1785 2908 rectum

187 2918 475 2976 tramitem
514 2924 753 2981 subditis
793 2932 1203 2989 monstrabant.
1262 2918 1407 2992 Sunt
1462 2944 1656 2994 autem
1714 2942 1784 2998 de

2431 1707 2751 1769 Willelmus
2778 1721 3117 1777 reverendus
3135 1720 3307 1778 abbas
3328 1722 3461 1780 Bec-

1864 1786 1915 1840 ci
1943 1792 2165 1857 tertius,
2214 1799 2290 1857 et,
2322 1796 2419 1866 qui
2448 1796 2499 1851 ei
2542 1803 2810 1857 successit
2836 1804 2895 1858 in
2920 1808 3173 1879 regimen
3204 1812 3454 1881 ejusdem

1865 1876 2121 1945 ccenobii,
2148 1881 2310 1947 Boso,
2331 1885 2554 1956 sapiens
2573 1888 2657 1942 vir
2684 1895 2739 1944 et
2759 1890 2968 1959 bonus;
2993 1913 3123 1951 nam
3150 1898 3219 1952 de
3240 1899 3459 1955 duobus

1866 1964 2065 2034 primis
2091 1968 2185 2038 qui
2208 1969 2344 2025 istos
2372 1972 2430 2027 in
2461 1975 2656 2031 eodem
2706 1979 2825 2034 loco
2864 1993 3290 2053 praecesserunt,
3327 1988 3461 2043 bea-

1866 2052 2082 2109 tissimo
2127 2058 2338 2114 scilicet
2393 2062 2664 2120 Herluino
2712 2069 2894 2139 primo
2945 2072 3235 2129 Beccensis
3281 2093 3464 2131 coeno-

1866 2140 1944 2196 bii
1973 2144 2269 2202 fundatore
2321 2156 2378 2204 et
2424 2160 2665 2222 pastore,
2704 2162 2761 2211 et
2789 2160 3140 2218 sanctissimo
3193 2166 3462 2222 Anselmo

1867 2232 2114 2301 ejusdem
2165 2236 2271 2291 loci
2317 2241 2563 2296 secundo
2606 2243 2826 2310 abbate,
2873 2255 3095 2305 exstant
3147 2253 3298 2324 apud
3357 2271 3461 2311 nos

1866 2322 2135 2389 praeclara
2164 2331 2221 2379 et
2252 2344 2457 2399 magna
2486 2333 2668 2387 veraci
2698 2336 2844 2407 stylo
2896 2337 3116 2409 digesta
3142 2322 3454 2401 volumina.

1865 2408 1945 2463 De
1989 2411 2206 2467 duobus
2264 2432 2397 2487 ergo
2425 2422 2724 2490 praedictis,
2767 2408 3052 2494 Willelmo
3101 2430 3357 2486 videlicet
3407 2438 3465 2488 et

1765 2536 1779 2562 ,
1870 2498 2100 2566 Bosone,
2150 2503 2223 2557 ad
2280 2505 2549 2562 honorem
2583 2510 2678 2564 Dci
2702 2518 2757 2566 et
2788 2514 3089 2571 utilitatem
3133 2519 3461 2589 legentium,

1867 2589 2015 2658 quod
2071 2590 2344 2649 Dominus
2388 2596 2606 2651 dederit
2645 2600 2828 2655 dicere
2871 2604 3148 2670 volumus,
3188 2614 3466 2679 quatenus

1868 2679 2126 2734 noverint
2168 2688 2297 2752 post
2343 2701 2445 2740 nos
2495 2689 2715 2743 venturi
2764 2691 2875 2761 qui,
2915 2693 2998 2747 vel
3038 2695 3187 2750 unde
3232 2697 3461 2765 fuerint,

1868 2769 2147 2836 quomodo
2175 2771 2430 2841 vixerint,
2482 2792 2582 2830 seu
2633 2779 2878 2848 qualiter
2914 2790 3248 2852 praesentem
3292 2786 3464 2841 vitam

1868 2856 2309 2915 terminaverint.

407 3111 625 3200 VITA
711 3118 1295 3212 VENERABILIS
1374 3128 1816 3218 WILLELMI
1893 3136 2368 3225 BECCENSIS
2444 3143 2733 3230 TERl‘ll
2813 3148 3221 3242 ABBATIS.

252 3290 612 3351 Venerabilis
658 3296 830 3356 abbas
860 3302 1018 3358 Becci
1047 3305 1387 3372 Willelmus,
1436 3308 1611 3364 nobili
1638 3311 1842 3373 Nor-C
1870 3317 1928 3367 et
1973 3313 2169 3370 habitu
2206 3317 2377 3371 talem
2407 3335 2467 3373 se
2494 3319 2807 3388 exhibebat,
2859 3329 2925 3379 ut
2961 3326 3083 3396 jam
3121 3332 3258 3384 tunc
3302 3332 3465 3401 quasi

185 3381 555 3440 thmanorum
608 3388 868 3462 prosapia
904 3391 1176 3464 originem
1218 3398 1468 3463 trahens,
1511 3398 1569 3453 in
1610 3401 1784 3455 veteri

187 3480 369 3527 castro
399 3491 574 3546 super
597 3477 807 3533 Rislam
839 3482 987 3551 quod
1012 3483 1220 3539 dicitur
1248 3486 1591 3555 Monsfortis,
1620 3489 1784 3545 claris

187 3562 520 3631 parentibus
543 3571 628 3620 est
654 3574 900 3624 exortus.
935 3572 1105 3627 Pater
1132 3575 1253 3645 ejus
1280 3577 1785 3644 Turstinus,matcr

189 3651 471 3708 Albereda
510 3654 817 3726 dicebatur,
855 3659 1080 3731 Rogerii
1105 3663 1175 3717 de
1213 3664 1562 3720 Bellomonte
1605 3668 1784 3738 patris

188 3743 417 3798 Roberti
444 3745 665 3800 comitis
691 3763 759 3803 ex
785 3764 977 3804 sorore
1005 3751 1204 3821 neptis.
1221 3752 1327 3816 Qui
1355 3770 1497 3825 puer
1528 3755 1663 3809 dum
1683 3756 1783 3810 ad-

188 3830 293 3887 huc
318 3836 542 3905 jaceret
572 3835 628 3889 in
656 3836 835 3903 cunis,
874 3840 1032 3909 gravi
1077 3842 1336 3896 molestia
1367 3848 1567 3909 tactus,
1603 3844 1782 3899 visum

181 3940 325 3992 pene
344 3925 559 3979 amisit.
591 3926 782 3981 Tertia
808 3934 1012 3992 mater,
1035 3947 1133 4000 pro
1154 3930 1269 3984 ﬁlio
1288 3931 1501 4002 lugens,
1537 3935 1786 3989 cucurrit

182 4012 250 4066 ad
279 4015 590 4085 quamdam
634 4017 923 4071 ecclesiam
957 4018 1144 4073 Sancti
1177 4020 1443 4075 Germani
1473 4021 1531 4076 iu
1585 4024 1782 4078 eodem

178 4107 362 4155 castro
414 4102 605 4169 sitam,
646 4104 851 4160 obtulit
884 4106 1042 4161 illum
1088 4125 1259 4180 super
1303 4110 1481 4164 altare
1527 4111 1775 4181 ejusdem

176 4193 426 4249 ecclesiae
470 4211 676 4250 vovens
712 4197 849 4264 Deo,
891 4204 948 4255 et
1001 4200 1333 4256 beatissima;
1376 4201 1475 4256 Dei
1504 4202 1775 4257 Genitrici

174 4281 370 4338 Mariae
400 4290 704 4357 sanctoque
734 4287 1038 4357 Germano,
1072 4289 1220 4361 quod
1246 4289 1294 4343 si
1333 4307 1471 4362 puer
1502 4291 1656 4345 illam
1685 4291 1774 4346 in-

170 4372 632 4428 commoditatem
678 4376 966 4431 oculorum
1007 4394 1202 4432 eorum
1255 4378 1459 4432 auxilio
1490 4380 1767 4445 evaderet,

166 4458 334 4516 illum
361 4462 469 4516 Dei
492 4463 720 4518 servitio
750 4465 1012 4533 nutriret,
1053 4466 1370 4539 litterisque
1402 4467 1770 4523 imbuendum

164 4554 440 4619 traderet;
465 4552 745 4627 simulque
761 4554 939 4610 Deum
960 4557 1176 4627 rogavit
1196 4562 1276 4618 ut.
1292 4557 1339 4611 si
1356 4557 1518 4611 aliter
1533 4575 1771 4629 puerum

1867 3404 2173 3459 monachus
2203 3405 2274 3460 ab
2303 3407 2561 3464 omnibus
2588 3409 2908 3467 haberetur.
2931 3414 3215 3480 Quantum
3239 3418 3311 3473 ad
3338 3419 3466 3476 vitae

1868 3508 2199 3564 morumque
2226 3496 2517 3566 spectabat
2561 3498 3034 3570 informationem,
3077 3505 3125 3559 si
3159 3509 3386 3578 quando
3432 3526 3469 3564 a

1865 3582 2116 3652 cognatis
2138 3584 2225 3638 vel
2251 3584 2448 3640 amicis
2493 3587 2564 3641 ad
2594 3588 2813 3644 scholas
2849 3591 3062 3663 aliquid
3085 3596 3335 3666 pecuniae
3358 3597 3467 3653 sibi

1868 3670 2205 3739 mitteretur,
2261 3674 2421 3744 quasi
2470 3692 2591 3730 rem
2642 3679 2851 3734 malam
2904 3681 3113 3739 vitabat
3146 3685 3459 3759 suscipere;

1866 3759 2011 3814 sicut
2038 3761 2402 3834 condiscipuli
2432 3765 2554 3835 ejus
2583 3767 2735 3822 soliti
2766 3776 2930 3824 erant
2956 3773 3184 3839 referre,
3216 3774 3298 3830 ita.
3328 3794 3463 3831 ava-

1867 3848 2053 3903 ritiam
2082 3851 2464 3921 perhorrebat.
2492 3854 2745 3927 Cumque
2769 3858 3028 3928 quintum
3050 3868 3107 3916 et
3135 3863 3461 3921 vicesimum

1865 3945 2060 4008 ageret
2107 3940 2288 3995 aetatis
2340 3959 2571 4010 annum,
2631 3945 2957 4003 desiderans
3006 3967 3194 4007 vocem
3233 3954 3461 4010 Domini

1863 4025 2097 4097 implere
2129 4029 2366 4084 dicentis
2400 4049 2411 4083 :
2442 4033 2549 4099 Qui
2578 4049 2689 4087 non
2724 4040 3015 4092 renuntiat
3045 4044 3301 4096 omnibus
3341 4059 3460 4111 quae

1857 4117 2089 4183 possidet
2140 4134 2252 4172 non
2288 4125 2455 4186 potest
2484 4138 2636 4175 meus
2669 4140 2774 4178 esse
2803 4126 3107 4195 discipulus
3149 4131 3297 4195 (Luc.
3343 4145 3453 4197 xxv,

1858 4204 1946 4272 l3)
1962 4223 1977 4268 ;
2007 4209 2064 4259 et
2092 4224 2103 4259 :
2129 4207 2193 4261 Si
2216 4211 2341 4276 quis
2380 4211 2500 4263 vult
2523 4215 2643 4278 post
2677 4228 2761 4265 me
2780 4216 2984 4281 venire,
3009 4217 3233 4285 abneget
3260 4225 3458 4273 semel-

1856 4295 2058 4361 ipsum,
2110 4298 2161 4348 et
2227 4296 2384 4349 tollat
2433 4312 2650 4351 crucem
2697 4315 2876 4365 suam,
2927 4307 2977 4355 et
3034 4310 3304 4372 sequatur
3368 4323 3455 4363 me

1852 4381 2057 4437 Matth.
2101 4395 2212 4448 xvn,
2268 4380 2369 4445 14),
2426 4384 2757 4440 renuntians
2799 4389 3008 4444 mundo
3055 4392 3218 4446 Becci
3260 4410 3451 4451 mona-

1853 4470 1991 4524 chus
2019 4471 2203 4526 factus
2228 4476 2314 4526 est
2334 4473 2438 4527 sub
2461 4474 2813 4530 sanctissimo
2834 4477 3034 4535 abbate
3060 4482 3450 4556 Anselmo,qui

1851 4564 1987 4613 tunc
2035 4560 2307 4630 temporis
2335 4561 2394 4615 in
2426 4563 2686 4619 Beccensi
2719 4566 2970 4623 coenobio
2999 4568 3219 4625 abbatis
3258 4574 3442 4629 officio

161 4660 367 4701 sanare
399 4644 595 4713 nollet,
627 4645 684 4699 in
710 4662 789 4712 se,
821 4646 878 4700 id
899 4652 1003 4713 est,
1024 4647 1083 4701 in
1113 4646 1764 4727 matreminﬁrmitatem
1786 4652 1825 4709 [3
1849 4649 2091 4719 gloriose
2110 4649 2467 4719 fungebatur.
2504 4652 2796 4723 Ingressus
2825 4659 3225 4714 monasterium
3259 4661 3449 4718 inten-

159 4734 315 4790 illam
338 4740 719 4790 converteret.
751 4737 895 4801 Quid
928 4736 1135 4809 plura?
1179 4737 1380 4792 annuit
1419 4736 1676 4809 petitioni
1709 4741 1767 4791 et

160 4830 284 4880 voto
313 4824 480 4880 bona:
508 4825 708 4880 matris
728 4826 915 4897 gratia
944 4826 1247 4881 Salvatoris
1275 4827 1451 4881 nostri
1474 4827 1764 4898 pietasque

156 4917 277 4986 ejus
306 4915 688 4970 sanctissima:
717 4915 1035 4981 Genitricis,
1066 4932 1167 4970 nec
1205 4932 1318 4970 non
1361 4921 1418 4970 et
1454 4915 1762 4971 beatissimi

154 5005 498 5060 confessoris
546 5004 834 5072 Germani,
867 5010 925 5059 et
963 5004 1147 5060 infans
1187 5004 1420 5076 integrze
1468 5006 1761 5060 restitutus

152 5100 235 5150 est
256 5093 563 5166 sospitati;
600 5099 841 5149 matrem
868 5110 995 5148 vero
1024 5094 1322 5149 inﬁrmitas
1352 5094 1638 5166 corripuit,
1657 5111 1759 5148 nec

149 5185 335 5239 multo
367 5189 500 5255 post
529 5183 819 5241 exstinxit.
867 5178 1056 5238 Crevit
1079 5201 1238 5255 puer,
1275 5188 1332 5237 et
1360 5201 1487 5238 cum
1522 5184 1593 5238 ad
1623 5201 1756 5238 con-

148 5290 360 5344 gruam
394 5279 620 5328 aetatem
669 5272 1018 5346 pervenisset
1046 5272 1289 5328 traditus
1319 5278 1406 5327 est
1438 5274 1755 5328 litterarum

147 5364 357 5420 studiis
388 5363 749 5427 imbuendus.
775 5364 957 5435 Coepit
986 5363 1176 5434 itaque
1204 5363 1364 5418 bonae
1389 5362 1592 5417 indolis
1614 5380 1756 5431 esse,

145 5470 346 5510 amore
374 5454 481 5508 Dei
510 5455 745 5516 fervere,
777 5452 1029 5507 honestis
1062 5452 1376 5518 intendere,
1408 5459 1466 5507 et
1502 5452 1573 5508 ab
1602 5453 1759 5518 inho-

141 5544 325 5609 nestis
355 5545 616 5608 animum
642 5559 923 5606 revocare.

207 5634 348 5691 1am
395 5633 595 5690 mundi
617 5633 810 5689 luxum
830 5632 1150 5705 spernebat,
1176 5631 1293 5703 jam
1324 5648 1603 5703 sermone,
1630 5637 1760 5688 actu

402 5732 665 5797 ΡΑτιιοι..
713 5733 829 5795 CL.

1845 4738 2064 4793 tissime
2092 4738 2344 4809 religioni
2369 4741 2690 4797 monasticae
2720 4759 2947 4814 Operam
2992 4747 3180 4816 dabat,
3214 4750 3444 4807 lectioni

1847 4832 1905 4881 et
1956 4827 2181 4881 silentio
2213 4826 2473 4882 assiduus
2501 4829 2671 4884 vitam
2702 4848 2863 4886 suam
2893 4834 3127 4891 honeste
3159 4840 3443 4896 custodire

1845 4916 2147 4971 admodum
2182 4917 2463 4971 studebat.
2494 4916 2584 4975 Ita
2613 4919 2728 4974 Deo
2768 4922 2987 4992 placere
3014 4926 3246 4998 cupiens
3266 4928 3445 4984 homii-

1846 5006 2010 5061 nibus
2034 5007 2256 5073 charus,
2298 5007 2357 5061 in
2387 5009 2587 5063 castris
2626 5009 2856 5067 Domini
2893 5012 2994 5067 Dei
3025 5015 3270 5071 Sabaoth
3318 5021 3441 5090 ejus

1840 5096 2003 5166 signa
2029 5111 2292 5166 sequens,
2325 5096 2643 5167 quindecim
2675 5115 2776 5169 per
2804 5117 2981 5156 annos
3005 5105 3220 5159 strenui
3244 5105 3438 5160 militis

1840 5185 2025 5239 ofﬁcio
2053 5184 2295 5251 iunctus,
2346 5185 2515 5256 hujus
2546 5187 2759 5243 militiae
2806 5188 2967 5244 beato
2998 5192 3265 5246 Anselmo
3292 5193 3436 5248 duce

1841 5274 2100 5328 militavit
2127 5279 2243 5328 tam
2263 5280 2491 5330 strenue
2521 5280 2585 5330 ut
2611 5293 2804 5332 omnes
2849 5295 2978 5344 eum
3024 5279 3346 5349 diligerent,
3378 5286 3437 5337 et

1843 5364 2030 5418 nullus
2081 5364 2151 5419 de
2204 5380 2270 5419 eo
2313 5372 2767 5436 conquereretur.
2804 5367 2977 5420 Fama
3012 5367 3279 5422 bonitatis
3308 5370 3433 5440 ejus

1840 5454 2274 5526 circumquaque
2302 5453 2510 5511 bonum
2535 5453 2743 5508 Christi
2771 5455 2997 5509 odorem
3022 5454 3091 5508 de
3108 5471 3174 5509 eo
3194 5456 3430 5515 ferebat.

1842 5542 2025 5614 Igitur
2044 5543 2211 5598 beato
2242 5542 2442 5599 abbate
2464 5544 2729 5597 Anselmo
2756 5542 2815 5597 in
2847 5542 3107 5613 Angliam
3130 5546 3427 5617 translato,

1844 5637 1902 5686 et
1937 5632 2354 5704 archiepiscopo
2382 5632 2547 5697 facto,
2592 5632 2755 5702 cujus
2798 5630 3083 5702 fastigium
3107 5638 3235 5702 4Q
3262 5635 3431 5708 virgae

3111 5732 3189 5798 23
