3864 6176
447 375 552 438 7ι5
1343 369 1476 426 ἈΒ
1515 367 1756 423 OPERA
1793 367 1858 422 B.
1899 365 2324 422 LANFRANCI
2361 354 2750 422 APPENDIX.
3609 359 3722 419 715

444 501 744 576 praedictus
773 497 1112 560 Willelmus,
1143 498 1312 550 antea
1349 511 1474 550 cum
1499 498 1798 548 veneratus
1826 490 2111 552 fuisset,A
2135 491 2424 553 haberent,
2473 491 2570 545 sed
2617 489 2864 544 amicum
2902 493 2959 543 et
2999 486 3221 542 ﬁdelem
3260 487 3649 542 consiliarium
3682 487 3734 542 si

445 598 640 662 postea
651 587 934 657 suscipere
954 584 1333 642 moruit.Nam
1345 590 1596 652 tempore
1617 578 2037 650 regisWillelmi
2125 581 2344 637 vellent.
2377 581 2490 635 Has
2513 581 2730 634 litteras
2755 578 2949 633 attulit
2965 577 3194 648 quidam
3216 577 3510 631 Bcccensis
3537 593 3735 630 mona-

447 679 549 732 ﬁlii
573 675 842 731 Willelmi
871 675 968 746 qui
998 673 1257 744 Angliam
1289 671 1529 740 subegit,
1549 669 1836 724 Beccensis
1863 667 2038 722 abbas
2123 671 2278 732 chus,
2341 671 2568 724 nomine
2617 669 2908 729 Girardus,
2943 667 3040 738 qui
3088 665 3316 720 veniens
3371 665 3604 720 Beccum
3663 667 3737 721 ad

445 767 747 839 Anselmus
772 767 884 820 Deo
913 764 1116 817 Charus
1145 769 1204 816 et
1232 759 1553 816 hominibus
1589 765 1868 828 acceptus.
1911 756 2038 827 qui-
2123 759 2487 813 festivitatem
2521 760 2740 814 Sanctae
2787 757 2977 812 Mariae
3011 755 3071 809 in
3121 755 3304 808 medio
3333 755 3596 825 Augusti,
3644 755 3740 810 die

446 855 686 910 busdam
718 852 1068 924 exigentibus
1096 850 1301 915 causis,
1341 855 1402 903 et
1439 848 1679 904 maxime
1713 845 1950 900 consilio
1987 850 2047 898 et
2129 848 2448 902 festivitatis
2477 847 2534 900 in
2583 847 2829 918 capitulo
2870 847 3082 900 salutes
3105 853 3162 899 et
3193 843 3363 898 verba
3390 845 3579 898 Patris
3609 847 3740 900 An-

449 943 769 1000 obedientia
785 941 1019 1013 capituli
1043 940 1152 1005 sui,
1173 945 1400 994 coactus
1419 938 1478 992 in
1499 937 1756 1006 Angliam
1773 934 2045 988 transfre-

445 1033 616 1088 tavit:
652 1049 783 1086 nam
819 1030 953 1102 quia
969 1029 1232 1084 defuncto
1256 1025 1556 1081 venerabili
1577 1023 1888 1080 Ixanfranco
1903 1022 2047 1074 Can-

445 1122 636 1177 tuaria
674 1121 836 1174 sedes
876 1117 1130 1180 vacabat,
1173 1117 1271 1169 diu
1308 1131 1564 1185 gressum
1604 1113 1674 1166 ab
1713 1111 1914 1181 Anglia
1957 1126 2046 1163 re-

444 1216 746 1284 presserat,
778 1225 848 1261 ne
880 1207 1166 1260 videretur
1193 1203 1733 1274 archiepiscopatum
1759 1207 2042 1270 appetere,

448 1299 615 1371 quem
643 1295 893 1351 oblatum
922 1300 1040 1349 toto
1067 1294 1271 1348 mentis
1301 1292 1500 1346 adnisu
1525 1299 1756 1344 conatus
1778 1295 1864 1342 est
1882 1285 2048 1341 decli-

447 1367 606 1454 nare,
658 1385 934 1457 siquidem
984 1383 1148 1438 multi
1192 1380 1530 1436 laudabilem
1575 1379 1882 1432 bonitatem
1921 1367 2081 1445 ejus'

447 1482 865 1546 cognoscentes,
937 1472 1068 1544 quia
1115 1471 1195 1525 sic
1251 1469 1528 1532 volebant,
1593 1483 1722 1522 eum
1788 1467 2046 1519 futurum

447 1563 828 1638 praedicabant
881 1559 1379 1631 archiepiscopum.
1429 1559 1661 1620 Tamen,
1725 1563 1790 1608 ut
1836 1553 2048 1607 dictum

447 1658 553 1721 est,
583 1653 760 1706 victus
789 1651 1092 1704 amicorum
1157 1647 1436 1720 precibus,
1478 1663 1633 1700 mare
1672 1643 1950 1700 transivit,
1993 1645 2051 1694 et

449 1751 576 1798 'cum
599 1739 676 1794 ibi
709 1735 922 1794 moram
964 1736 1190 1802 faceret,
1216 1735 1452 1806 contigit
1479 1750 1666 1804 regem
1708 1730 1891 1804 ipsum
1923 1744 2050 1800 gra-

2127 936 2289 991 selmi
2328 935 2524 990 retulit.
2574 940 2632 988 et
2677 934 2970 1004 praedictas
3018 933 3236 987 litteras
3281 932 3546 1000 reddidit,
3607 952 3740 1006 qua:

2129 1025 2319 1080 statim
2349 1025 2406 1079 in
2429 1025 2622 1078 eodem
2645 1024 2890 1095 capitulo
2919 1023 3078 1077 lecta:
3095 1030 3230 1077 sunt
3254 1040 3270 1076 :
3299 1023 3597 1076 audientes
3627 1023 3742 1079 fra-

2131 1123 2244 1169 tres
2261 1116 2433 1168 talem
2467 1113 2554 1167 sui
2585 1112 2990 1172 dimissionem.
3042 1119 3099 1166 et
3127 1114 3273 1166 tanti
3302 1119 3485 1166 actam
3515 1112 3742 1168 dulcis-

2131 1204 2259 1257 simi
2290 1203 2471 1258 Patris
2511 1203 2893 1264 amissioncm,
2921 1201 3017 1272 qui
3049 1218 3145 1256 eos
3175 1202 3329 1256 velut
3349 1202 3538 1258 nutrix
3583 1203 3740 1257 filios

2131 1311 2262 1346 suos
2288 1293 2504 1358 gremio
2533 1291 2846 1346 dilez-tionis
2863 1290 3214 1358 confovebat,
3246 1291 3400 1346 ultra
3430 1309 3603 1364 quam
3625 1292 3741 1346 dici

2129 1389 2315 1453 potest
2340 1381 2657 1434 conturbati
2687 1386 2852 1448 sunt;
2877 1397 3072 1434 omnes
3089 1381 3296 1451 quippe
3313 1397 3506 1434 amore
3535 1397 3742 1435 aman-

2128 1470 2333 1525 tissimi
2366 1471 2567 1536 Patris,
2603 1484 2714 1540 quo
2745 1470 2904 1540 quasi
2925 1469 3288 1532 orbabantur,
3316 1487 3522 1540 magno
3545 1471 3741 1524 cordis

2132 1560 2322 1612 dolore
2353 1559 2626 1622 concussi,
2658 1559 2715 1610 in
2759 1559 3037 1629 lacrymas
3075 1558 3328 1612 conversi
3355 1565 3520 1624 sunt;
3555 1559 3743 1613 frater

2132 1649 2226 1719 qui
2279 1649 2572 1720 epistolam
2623 1647 2862 1717 legebat,
2899 1647 3149 1718 singultu
3187 1665 3374 1704 vocem
3429 1647 3744 1703 interrum-

2133 1743 2317 1808 pente,
2343 1737 2429 1790 vix
2463 1736 2676 1808 aliquid
2711 1736 2898 1790 dicere
2930 1742 3167 1806 poterat.
3199 1737 3447 1791 Tandem
3472 1737 3742 1808 perlecta:

443 1829 589 1884 viter
629 1829 927 1882 infirmati.
975 1828 1078 1882 llic
1120 1843 1218 1881 rex
1273 1833 1400 1897 post
1453 1829 1689 1878 mortem
1749 1815 2044 1874 Lanfranci
2065 1819 2107 1877 Β
2129 1831 2262 1880 sunt
2289 1826 2507 1890 [mer-,3,
2555 1826 2835 1896 simulque
2861 1825 3011 1879 dicta
3039 1831 3098 1880 et
3117 1831 3245 1880 acta
3270 1832 3404 1880 sunt
3429 1827 3544 1880 alia
3569 1827 3742 1898 plum

445 1919 992 1989 archiepiscopatum
1033 1917 1091 1970 in
1131 1932 1301 1969 manu
1350 1929 1452 1968 sua
1484 1929 1582 1984 per
1609 1911 1828 1980 aliquot
1865 1923 2043 1961 annos

443 2008 778 2070 retinuerat,
812 2009 869 2060 et
890 2005 1080 2059 multis
1099 2003 1518 2076 gravaminibus
1548 1999 1859 2054 attriverat.
1903 1995 2044 2050 Cum

2127 1913 2197 1969 ad
2229 1915 2482 1968 eamdem
2506 1933 2624 1968 rem
2659 1915 3018 1985 pertinentia.

2197 2004 2331 2058 Post
2358 2003 2475 2057 hzec
2507 2003 2926 2058 celebraverunt
2955 2004 3220 2058 decenter
3257 2009 3313 2058 et
3359 2003 3558 2060 festive
3588 2005 3744 2060 tanti

445 2099 637 2166 itaque
659 2094 920 2166 przedicta
939 2093 1269 2163 aegritudine
1293 2091 1596 2151 laboraret,
1619 2094 1676 2142 et
1693 2085 1960 2158 pencjam
1975 2083 2044 2136 de
2129 2093 2237 2146 diei
2288 2093 2698 2146 solemmtatem
2759 2099 2885 2163 post
2934 2093 3164 2146 missam
3223 2093 3514 2148 Baldricus
3583 2094 3746 2166 prior

447 2190 563 2244 "ita
586 2189 912 2258 desperaret
947 2181 1270 2236 admonitus
1294 2187 1380 2233 est
1398 2179 1466 2233 ab
1489 2177 1764 2248 θρίδοορίδ
1777 2182 1833 2228 et
1847 2171 2047 2244 PrinCi‘
2128 2187 2308 2236 totum
2366 2182 2577 2235 vocavit
2630 2189 2964 2236 conventum
2996 2182 3054 2236 in
3084 2182 3416 2253 capitulum,
3472 2183 3744 2256 dixitque

443 2276 609 2350 Pibus
635 2277 770 2341 δαίθ’
803 2277 868 2327 “t
899 2288 998 2342 ΡΓο
1019 2271 1201 2324 salum
1229 2285 1332 2323 sua
1352 2269 1594 2339 aliquem
1628 2266 1806 2319 "imm
1837 2261 2045 2350 bonum
2129 2270 2428 2324 Girardum
2462 2271 2643 2324 adhuc
2671 2271 2876 2324 habere
2898 2271 3108 2341 aliquid
3147 2271 3446 2326 dicendum
3475 2288 3543 2326 ex
3569 2279 3744 2343 parte

445 2349 744 2438 quaereret,
759 2367 815 2416 et
845 2355 1304 2415 Oantuariensem
1335 2351 1818 2426 arrhiepiscopum
1846 2349 2047 2404 consti-
2136 2358 2317 2412 Pan-is
2347 2359 2615 2420 Anselmi.
2667 2360 2816 2432 quod
2856 2359 3134 2414 debebam
3182 2361 3396 2416 audire_
3432 2361 3740 2426 cina-dus,

437 2449 647 2520 ﬂleret,
681 2449 970 2522 respondit
1003 2465 1052 2501 τα
1086 2447 1263 2512 Quem
1284 2445 1310 2498 ’ἶ
1333 2477 1395 2486 -
1424 2444 1718 2505 Abhinc").
1753 2438 2034 2511 ίηῳιίυηιν
2121 2450 2314 2518 jussus
2351 2449 2524 2520 loqui,
2572 2444 2706 2502 dixit
2752 2450 2970 2504 litteras
3002 2450 3070 2504 de
3105 2450 3376 2504 electione
3421 2450 3656 2505 abbatis
3683 2469 3747 2506 se

439 2537 1167 2600 BecciAnselmum.»Quod
1183 2535 1408 2588 verbum
1435 2532 1644 2604 placuit
1675 2531 1816 2600 regi,
1836 2535 1891 2582 et
1915 2543 2041 2580 mox

2199 2537 2347 2602 bere,
2377 2555 2504 2591 nam
2529 2545 2585 2592 et
2606 2539 2865 2592 baculum
2899 2540 3236 2610 pastoralem
3260 2541 3330 2594 de
3351 2540 3556 2610 Anglia
3579 2549 3746 2596 retu-

431 2631 770 2704 jubetillum
789 2625 1163 2682 accersiri.lta
1179 2624 1326 2694 regis
1347 2628 1404 2677 et
1417 2621 1727 2693 principum
1745 2617 2032 2678 electione,
2123 2627 2284 2682 lerat.
2319 2627 2414 2680 sed
2440 2627 2596 2698 prius
2629 2628 2793 2681 vellet
2821 2628 3018 2682 audire
3065 2629 3109 2682 si
3143 2646 3338 2683 omnes
3365 2629 3432 2683 de
3461 2629 3742 2699 eligendo

439 2717 575 2776 clel‘i
605 2733 669 2774 ac
697 2717 888 2791 ροριιιί
917 2713 1338 2772 θεοιίυῐωὶῖοηοι
1382 2711 1689 2764 secundum
1721 2707 1822 2762 Dei
1853 2705 2038 2775 diSPO'
2121 2715 2320 2770 abbate
2349 2717 2592 2770 consiliis
2621 2718 2871 2771 Anselmi
2922 2717 3360 2788 acquiescerent,
3392 2723 3448 2772 et
3469 2717 3556 2771 sic
3577 2719 3745 2773 litte-

439 2811 702 2864 sit‘ionem
733 2806 944 2878 primas
962 2803 1136 2858 totius
1167 2799 1488 2862 Britanniae,
1523 2798 1652 2852 licet
1677 2797 1918 2850 multum
1947 2809 2037 2846 re-
2121 2823 2212 2858 ms
2245 2806 2584 2865 ostenderet
2615 2805 2746 2876 quia
2777 2806 2857 2859 sic
2889 2811 3228 2878 praeceptum
3267 2806 3372 2860 sibi
3402 2812 3551 2863 erat.
3569 2808 3744 2862 ,Non

441 2901 630 2956 nitens
649 2915 713 2952 ac
743 2895 1074 2959 reclamans,
1098 2891 1342 2961 eligitur.
1367 2889 1595 2944 Dicebat
1622 2887 1771 2941 enim
1805 2882 2040 2938 alterius
2122 2893 2219 2958 ita,
2253 2893 2436 2964 inquit
2466 2894 2636 2964 prior.
2692 2894 2979 2954 faciemus.
3015 2895 3112 2948 sed
3159 2895 3316 2965 prius
3363 2895 3586 2950 litteras
3644 2913 3747 2951 an-

447 2988 609 3058 regni
659 3003 718 3040 se
775 2983 1036 3038 abbatem
1075 2997 1216 3045 esse:
1257 2979 1361 3032 5‘11)
1410 2995 1544 3032 cura
1600 2973 1866 3047 episcopi,
1919 2971 2041 3024 είιιθ
2125 2983 2366 3044 diamus,
2425 2990 2481 3036 et
2529 2989 2655 3054 post
2700 2984 2996 3037 consilium
3029 2983 3316 3054 capiemus
3359 2983 3492 3053 quid
3534 3001 3742 3054 agere,

445 3078 604 3146 cuius
629 3078 904 3146 Praecepto
929 3071 1013 3124 "ei
1044 3069 1284 3123 licemi'd-
1313 3083 1409 3120 seu
1446 3071 1749 3120 εοηνυηωδ
1794 3061 1881 3116 sui
1910 3076 2044 3114 οοη-
2125 3073 2212 3124 vel
2243 3071 2578 3141 respondere
2600 3071 2924 3126 debeamus.
2959 3071 3266 3126 nGirardus
3294 3089 3405 3126 non
3437 3072 3522 3126 ita
3543 3073 3750 3143 injun-

447 3165 719 3230 cessione,
735 3179 844 3218 non
859 3167 1080 3232 poterat
1109 3158 1165 3211 in
1185 3156 1369 3211 aliena
1387 3155 1569 3226 patria
1585 3153 1826 3206 aliorum
1847 3165 2040 3203 curam
2059 3146 2102 3206 C
2127 3167 2279 3214 ctum
2311 3159 2423 3214 sibi
2449 3177 2570 3214 esse
2601 3161 2842 3226 dicebat,
2873 3167 2931 3215 et
2960 3161 3114 3232 prior
3147 3178 3258 3215 non
3287 3161 3452 3214 aliter
3470 3179 3536 3215 se
3557 3163 3749 3217 factu-

445 3254 764 3324 suscipere:
800 3250 898 3304 sed
928 3250 1033 3302 hoc
1071 3247 1166 3318 qui
1197 3245 1501 3299 audiebant
1529 3243 1682 3313 parvi
1711 3239 2038 3312 pendentes,
2127 3264 2249 3299 rum
2283 3247 2594 3302 asserebat.
2633 3247 2884 3300 Tandem
2925 3248 3198 3304 Girardus
3227 3249 3464 3312 ratione,
3507 3251 3602 3305 vel
3647 3268 3749 3305 au-

443 3341 809 3398 nihilominus
833 3338 980 3408 quod
1000 3341 1286 3406 coeperant
1301 3335 1566 3404 perﬁcere
1579 3348 1688 3384 non
1705 3330 2038 3383 omiserunt.
2126 3336 2385 3388 ctoritate
2425 3334 2654 3405 capituli
2686 3335 2868 3389 victus
2893 3338 3078 3403 cessit,
3119 3344 3177 3392 et
3211 3339 3442 3414 litteras
3470 3341 3743 3410 protulit,

441 3431 606 3496 Ωιιοᾶ
661 3443 788 3484 ϐασι
839 3427 987 3480 fama
1035 3431 1193 3478 ΐιέιηε
1225 3438 1380 3476 mare
1431 3421 1668 3473 volando
1721 3417 2045 3490 pel'tlﬂisset
2127 3423 2464 3492 atquefratri
2482 3423 2578 3494 qui
2599 3423 2738 3478 alias
2758 3424 2977 3478 litteras
2997 3427 3749 3496 legeratnomineMauricio

444 3521 796 3588 Beccumque
810 3513 1136 3585 appulisset,
1153 3509 1469 3564 conturbati
1487 3514 1544 3562 et
1571 3506 1888 3561 contristati
1913 3509 2048 3558 sunt

447 3610 752 3662 Beccenses
783 3619 892 3658 non
914 3602 1148 3661 modice,
1166 3605 1437 3668 tantaque
1459 3597 1748 3651 tribulatio
1772 3595 1902 3649 inde
1923 3599 2046 3646 orta

449 3703 536 3752 est
581 3696 734 3748 inter
761 3710 874 3758 eos,
917 3695 1188 3762 quantam
1232 3687 1420 3742 nullus
1462 3686 1517 3739 in
1579 3683 1832 3740 coenobio
1889 3680 2048 3736 Becci

447 3790 616 3839 antea
665 3783 896 3836 viderat.
953 3780 1244 3833 Commota
1285 3783 1372 3830 est
1417 3781 1534 3829 tota
1573 3773 1876 3845 provincia,
1919 3789 2049 3826 con-

435 3877 646 3926 ‘ventus
671 3869 822 3924 Becci
853 3873 1090 3939 patrem,
1116 3865 1359 3936 episcOpi
1393 3870 1450 3917 et
1485 3863 1736 3923 abbates,
1766 3871 1822 3916 et
1851 3878 2046 3916 omnes

446 3960 713 4031 religiosi,
743 3958 1022 4027 simulque
1053 3971 1333 4026 proceres,
1364 3959 1420 4007 et
1453 3951 1762 4005 mediocres
1791 3958 1960 4005 terrae
1989 3952 2048 4006 in

447 4065 746 4106 commune
768 4048 1052 4101 doctorem
1087 4043 1451 4115 praecipuum,
1478 4047 1536 4094 et
1553 4053 1835 4094 summam
1860 4049 2048 4112 patro-

437 4156 583 4195 num
605 4155 666 4192 se
687 4137 946 4191 amittere
969 4133 1236 4203 lugebant
1263 4133 1430 4185 Pater
1445 4131 1564 4201 ipse
1580 4130 1636 4182 in
1654 4129 2050 4200 Anglia,prout

447 4231 688 4299 poterat,
722 4243 783 4280 se
812 4223 1125 4280 conabatur
1142 4219 1480 4274 omnimodis
1509 4219 1818 4272 subducere
1837 4235 1871 4272 a
1892 4226 2049 4272 tanto

449 4334 638 4379 onere,
673 4317 974 4370 Becconses
1004 4319 1060 4365 et
1088 4310 1184 4364 alii
1220 4309 1379 4363 multi
1429 4307 1762 4361 laborabant
1798 4307 1958 4360 dictis
1995 4315 2054 4362 et

2128 3511 2198 3564 ad
2231 3512 2524 3580 legendum
2553 3511 2802 3567 tradidit.
2835 3507 3318 3578 Quarum'sensus
3347 3516 3403 3569 in
3435 3515 3594 3570 hunc
3629 3535 3752 3571 mo-

2128 3601 2262 3653 dum
2292 3617 2352 3653 se
2395 3601 2636 3654 habebat
2661 3599 2781 3672 (79)
2814 3625 2824 3658 :
2861 3625 2881 3652 ι
2916 3601 3213 3666 Quoniam,
3239 3605 3440 3675 inquit,
3475 3605 3581 3659 Dei
3638 3607 3750 3660 mi-

2134 3689 2458 3755 ..ericordia,
2511 3695 2569 3744 et
2625 3691 3211 3746 reverendiWillelmi
3262 3691 3752 3764 Rothomagensis

2131 3778 2532 3849 archiepiscopi
2564 3779 2814 3849 licentia,
2843 3787 3012 3852 atque
3035 3781 3256 3836 Domini
3276 3781 3507 3836 Roberti
3531 3783 3753 3838 North-

2129 3883 2463 3920 mannorum
2491 3867 2649 3922 ducis
2671 3885 2902 3922 assensu
2927 3870 3269 3941 tandemque
3299 3879 3485 3924 vestra
3514 3888 3754 3927 conces-

2129 3957 2304 4021 sione,
2337 3956 2504 4009 vestri
2551 3973 2688 4010 cura
2727 3957 3001 4012 liberatus
3028 3973 3176 4026 sum,
3215 3959 3263 4013 si
3305 3960 3450 4014 Deus
3487 3961 3754 4031 gratiam

2130 4044 2344 4098 domini
2362 4045 2537 4099 nostri
2558 4045 2715 4100 ducis
2735 4047 3250 4102 Northmannorum
3268 4047 3487 4102 dederit
3498 4049 3666 4104 vobis
3689 4058 3754 4106 ut

2130 4133 2356 4204 possitis
2386 4135 2592 4205 eligere
2621 4133 2690 4190 de
2715 4137 3144 4192 ecclesiavestra
3167 4137 3518 4199 abbatem,et
3547 4155 3752 4194 meum

2133 4223 2426 4277 consilium
2458 4224 2587 4278 inde
2625 4225 2820 4279 audire
2866 4225 3056 4292 vultis,
3107 4227 3323 4280 nullum
3356 4227 3426 4280 ad
3457 4225 3568 4281 hoc
3600 4245 3753 4300 opus

2135 4313 2314 4382 magis
2342 4312 2604 4367 idoneum
2660 4319 2796 4385 puto
2825 4331 2993 4386 quam
3039 4315 3328 4370 dominum
3358 4315 3745 4390 Willelmum,

433 4405 610 4461 'factis
657 4408 930 4475 quantum
979 4399 1254 4462 valebant,
1291 4403 1348 4452 ut
1395 4413 1524 4451 eum
1571 4403 1918 4460 revocarent,
1951 4397 2047 4450 sed
2066 4418 2115 4477 D
2135 4403 2231 4472 qui
2260 4400 2412 4472 prior
2437 4401 2540 4456 fuit
2567 4402 2716 4473 apud
2733 4402 3146 4458 Pexeium.Tibi
3174 4403 3746 4475 q‘ubque,Willelme,

449 4511 564 4548 non
592 4493 918 4548 voluerunt:
952 4489 1104 4560 quia,
1137 4493 1202 4542 ut
1233 4493 1427 4557 postea
1472 4484 1694 4548 claruit,
1726 4485 1829 4538 hoc
1857 4500 2047 4538 secun-

2197 4509 2234 4543 ιι·
2256 4497 2504 4544 sanctam
2529 4485 2906 4546 obedientiam
2933 4492 3191 4564 praecipio
3215 4499 3278 4547 ut
3313 4493 3416 4546 hoc
3444 4509 3594 4549 onus
3627 4511 3752 4550 non

451 4585 584 4638 dum
604 4580 703 4636 Dei
732 4579 1160 4650 dispositionem
1183 4575 1524 4645 agebatur.T
1527 4573 1728 4627 andem
1753 4574 2051 4628 Anselmus
2132 4579 2393 4650 refugias,
2426 4581 2523 4634 sed
2567 4581 2624 4634 in
2655 4597 2754 4652 spe
2800 4580 2992 4635 auxilii
3017 4579 3114 4636 Dei
3151 4580 3290 4636 illud
3321 4581 3629 4652 suscipias.
3679 4583 3754 4639 Et

438 4668 669 4726 ratione
692 4669 774 4723 vel
809 4667 1144 4722 auctoritate
1195 4665 1392 4728 victus,
1445 4663 1612 4716 cessit
1659 4661 1760 4716 Dei
1817 4663 2052 4733 disposi-

447 4759 610 4827 tioni.
641 4759 944 4813 Beccenscs
976 4755 1326 4808 advertentes
1357 4768 1416 4805 se
1455 4751 1513 4804 in
1543 4767 1744 4805 vanum
1768 4751 2042 4815 laborare,

451 4848 614 4903 multi
635 4849 1030 4901 concesserunt
1060 4841 1206 4913 quod
1247 4841 1404 4912 prius
1431 4839 1790 4893 atlirmabant
1818 4857 1877 4893 se
1899 4855 2048 4894 nun-

451 4953 620 5008 quam
649 4949 1028 4990 concessuros.
1048 4933 1134 4986 lta
1159 4937 1432 5001 praecepto
1454 4935 1511 4982 et
1529 4928 1757 4980 licentia
1783 4927 2048 4982 Willelmi
2073 4919 2080 4925 ’

445 5023 918 5094 'Rothomagensis
947 5018 1372 5090 archiepiscopi,
1407 5016 1632 5070 Roberti
1664 5033 1885 5087 quoque
1916 5018 2054 5071 Nor-

445 5116 813 5170 thmanoruin
841 5111 998 5166 ducis
1044 5124 1296 5174 assensu,
1349 5123 1452 5160 nec
1490 5123 1603 5160 non
1657 5115 1714 5158 et
1761 5106 2053 5160 Beccensis

449 5203 677 5276 capituli
706 5201 1062 5256 concessione
1078 5199 1411 5252 confirmata
1435 5200 1518 5248 est
1542 5195 1633 5248 illa
1663 5192 1879 5248 electio.
1922 5196 2056 5249 Post

449 5295 567 5348 haec
589 5291 742 5346 misit
756 5289 1056 5344 Anselmus
1080 5285 1252 5358 priori
1278 5283 1555 5347 Baldrico,
1578 5283 1888 5336 honorabili
1915 5283 2048 5350 viro,

449 5382 734 5452 simulque
777 5373 1077 5432 conventui
1109 5373 1272 5427 Becci
1319 5372 1555 5436 litteras,
1603 5371 1661 5423 in
1696 5371 1898 5441 quibus
1927 5372 2052 5426 illos

448 5461 863 5525 commendavit
904 5467 1038 5522 Deo.
1067 5471 1125 5518 et
1149 5467 1215 5516 ut
1251 5459 1358 5515 sibi
1397 5459 1655 5514 abbatem
1695 5460 2052 5529 providerent

449 5557 796 5621 submonuit,
853 5553 1120 5626 quoniam
1173 5553 1334 5606 illum
1389 5547 1592 5602 amodo
1621 5547 1882 5602 abbatem
1936 5565 2050 5604 non

526 5651 635 5735 {79)
663 5661 892 5720 Proetat
914 5658 1012 5716 lib.
1039 5670 1124 5728 in,
1158 5655 1334 5731 Epist.
1362 5655 1431 5712 D.
1452 5654 1669 5725 Ansel.,
1701 5655 1866 5728 epist.
1888 5657 1943 5714 8.

2129 4667 2252 4734 tibi,
2303 4669 2576 4738 Baldrice,
2600 4669 2865 4724 similiter
2893 4669 3150 4742 priecipio
3189 4677 3256 4725 ut
3281 4677 3444 4724 tuum
3483 4671 3752 4728 ofﬁcium

2129 4775 2242 4812 non
2271 4759 2515 4819 deseras,
2549 4758 2727 4813 donec
2755 4759 2954 4830 loquar
2982 4765 3167 4813 tecum
3221 4759 3412 4814 uTunc
3443 4759 3754 4818 Baldricus

2130 4847 2286 4918 prior
2309 4848 2636 4902 electionem
2662 4865 2722 4901 se
2744 4847 2986 4902 libenter
3007 4848 3290 4920 suscipere
3331 4850 3656 4920 respondit,
3694 4859 3757 4906 et

2131 4936 2316 4990 caeteri
2336 4937 2597 4990 similiter
2611 4943 3052 5003 consenserunt;
3083 4936 3274 5008 sicque
3304 4946 3623 4994 conventus
3652 4941 3756 4997 ille

2133 5023 2350 5078 solutus
2364 5025 2582 5080 est.Sed
2601 5031 2658 5078 et
2670 5025 2978 5096 principem
2996 5023 3756 5084 NorthmanniaaAnselmus

2135 5114 2454 5168 mandando
2494 5114 2710 5184 rogavit
2735 5120 2798 5168 ut
2826 5115 3104 5185 praedicta
3134 5113 3390 5169 electioni
3433 5113 3754 5174 assensum

2134 5203 2427 5275 praeberet.
2458 5210 2583 5269 .13
2599 5203 2971 5258 Transierunt
2997 5209 3190 5274 postea
3219 5203 3341 5258 dies
3370 5203 3557 5266 multi,
3599 5207 3754 5263 etde

2135 5291 2256 5362 ipsa
2285 5292 2512 5363 quidem
2533 5293 2804 5346 electione
2825 5300 2962 5346 tunc
2976 5293 3118 5347 nihil
3142 5293 3268 5364 plus
3283 5297 3470 5346 actum
3489 5297 3595 5347 est.
3609 5295 3753 5350 Ele-

2133 5389 2255 5434 ctus
2283 5387 2472 5434 autem
2503 5381 2584 5434 sic
2621 5397 2680 5434 se
2713 5380 2954 5435 habebat
2976 5381 3138 5452 quasi
3168 5381 3238 5435 de
3276 5397 3342 5436 ea
3369 5381 3511 5436 nihil
3537 5383 3748 5438 audis-

2133 5477 2238 5524 set.
2290 5471 2478 5524 Mense
2506 5470 2732 5524 Octobri
2762 5471 2988 5524 advenit
3014 5470 3241 5541 quidam
3281 5469 3472 5532 abbas,
3505 5473 3754 5528 nomine

2137 5559 2428 5630 Rogerius,
2464 5560 2753 5614 Bcccensis
2774 5559 3191 5629 monachus,vir
3208 5559 3456 5616 homith
3484 5561 3750 5618 multum
