3902 6166
232 342 349 420 717

1051 380 1223 440 VITA
1259 372 1626 448 WILLELMI
1664 370 1973 451 ABBATIS
2016 395 2413 452 BECCENSIS
2457 397 2720 454 TERTlI.

3416 380 3526 463 713

228 488 563 560 Υθίίὲίοευεν
599 490 765 566 quem
794 500 1111 574 Anselmus,
1144 514 1208 565 ut
1244 512 1447 578 aiebat,
1488 517 1692 577 litteris
1720 519 2081 593 suisAgensi
2126 510 2543 593 archiepiscopo
2581 516 2899 579 animarum
2953 543 3107 591 cura,
3155 545 3285 585 cum
3323 530 3524 610 gratia

230 576 483 610 {nganme
516 582 749 610 DAN“-..
782 590 961 610 --__-:,_.
1063 602 1073 610 .
1112 597 1123 607 ι
1232 600 1266 610 ι.
1401 604 1415 610 -
1519 606 1531 610 -
1554 607 1567 610 -

222 576 487 647 jusserat
516 576 753 641 BeCcum
782 590 989 658 venire,
1024 602 1081 649 et
1110 597 1168 652 in
1199 576 1454 672 eligendo
1482 606 1683 662 abbate
1711 576 1846 665 Bcc-

228 682 454 734 censes,
497 681 771 741 quantum
816 687 1021 748 posset,
1055 686 1273 753 juvare.
1313 692 1470 747 Tunc
1511 694 1632 766 ipse
1672 697 1847 752 abbas

229 750 539 826 Rogerius,
568 766 624 814 et
662 763 818 847 prior
853 750 1144 827 Baldricus
1174 781 1231 830 et
1259 778 1356 835 alii
1386 750 1615 852 quidam
1644 750 1846 843 fratres

227 859 361 898 cum
376 845 464 900 eis
479 846 741 905 comitem
757 850 1281 919 Northmannorum
1295 856 1848 935 adierunt,mandata

227 933 497 989 Anselmi
538 943 596 991 et
636 940 964 1001 electionem
1008 950 1239 1022 capituli
1271 956 1426 1012 Becci
1454 960 1842 1033 innotuerunt,

227 1031 510 1093 rogantes
530 1033 594 1080 ut
619 1022 768 1101 quod
795 1022 869 1086 ab
896 1035 977 1089 eis
998 1036 1301 1112 incoeptum
1332 1054 1472 1115 erat,
1492 1067 1594 1105 suo
1614 1070 1845 1111 assensu

230 1112 553 1201 compleret
577 1135 590 1183 ;
622 1110 746 1188 quae
774 1116 963 1179 Omnia
992 1126 1104 1181 dux
1126 1110 1425 1211 gratanter
1442 1110 1675 1211 accepit,
1698 1148 1755 1196 et
1783 1110 1848 1198 ut

230 1190 452 1267 electus
492 1204 598 1258 sibi
638 1218 1078 1295 praesentaretur
1112 1190 1302 1289 jvussit.
1339 1226 1414 1279 At
1447 1190 1550 1296 illi,
1575 1190 1845 1287 i'clbciter

232 1288 473 1355 domum
498 1281 726 1363 reversi,
754 1300 1071 1359 collectisin
1091 1323 1265 1363 unum
1284 1312 1845 1383 fratribus,.referunt

233 1372 373 1449 quid
402 1376 801 1465 cum‘principe
828 1389 1091 1461 egissent,
1116 1397 1317 1467 quidve
1330 1402 1400 1456 ab
1421 1420 1487 1459 eo
1516 1408 1838 1478 audissent;

230 1462 671 1561 interrogantur
713 1474 921 1547 singuli
972 1470 1043 1535 de
1087 1462 1360 1545 electione
1402 1468 1665 1562 przedicta

1402 1548 1419 1562 _
1718 1548 1843 1569 τη--

229 1548 540 1631 sentirent,
590 1560 662 1615 an
708 1564 1109 1639 concederent;
1157 1591 1352 1633 omnes
1398 1581 1513 1636 fere
1552 1601 1843 1642 assensum

228 1643 628 1725 praebuerunt.
669 1652 900 1710 Interim
948 1654 1157 1718 electus
1190 1672 1348 1721 extra
1374 1679 1708 1729 conventum
1751 1692 1846 1730 ex-

230 1720 502 1811 spectare
537 1738 729 1809 jussus
767 1736 907 1811 erat.
941 1748 1077 1804 Post
1104 1752 1219 1807 haec
1251 1763 1475 1812 vocatus
1505 1762 1674 1822 venit,
1702 1770 1758 1817 et
1788 1763 1847 1818 in

232 1840 340 1878 suo
374 1825 578 1924 oidine
605 1830 768 1899 sedit.
800 1826 955 1891 Tunc
984 1839 1139 1909 prior
1166 1843 1305 1899 dixit
1347 1846 1398 1901 ei
1430 1850 1576 1918 quod
1606 1852 1674 1905 ad
1709 1854 1849 1924 regi-

232 1929 371 1967 men
406 1906 702 2005 Beccensis
720 1906 1154 1987 Ecclesiaeillum
1179 1906 1487 2005 eligerent;
1518 1945 1575 1993 et
1594 1946 1658 1995 ut
1674 1906 1850 1999 abb‘a—

232 2000 308 2055 tis
336 1996 614 2071 officium,
656 2015 714 2064 et
740 2028 933 2081 curam
971 2017 1289 2085 animarum
1317 2040 1513 2095 eorum
1542 2029 1851 2102 susciperet

232 2106 300 2159 ex
324 2097 499 2167 parte
527 2095 626 2150 Dei
654 2103 712 2152 et
739 2095 946 2159 sanctze
975 2106 1183 2174 Mariae,
1236 2117 1407 2184 atque
1440 2118 1692 2191 omnium
1725 2137 1851 2175 san-

232 2172 489 2249 ctorum,
522 2200 624 2239 nec
669 2204 782 2243 non
831 2208 899 2246 ex
946 2202 1107 2267 parte
1158 2195 1618 2261 reverendissimi
1666 2207 1850 2265 Patris

233 2270 504 2369 {lnselmi
553 2269 836 2361 praecepit.
886 2276 963 2336 At
1007 2284 1121 2351 ille,
1164 2287 1224 2341 in
1259 2294 1468 2347 terram
1513 2301 1848 2369 prostratus,

234 2348 387 2429 dixit
422 2377 436 2412 :
474 2383 497 2409 ι
530 2348 755 2431 Precor,
796 2367 1030 2438 domini,
1074 2348 1176 2430 aut
1210 2376 1280 2433 de
1318 2379 1423 2434 hoc
1458 2348 1606 2453 (μίοά

1928 609 2199 681 principis
2218 610 2385 664 rediit
2423 627 2457 664 a
2485 612 2641 665 curia
2659 628 2785 665 cum
2814 614 2951 669 suis.
2973 615 3142 670 Venit
3171 609 3360 672 autem
3381 620 3523 674 Bec-

1928 714 2055 752 cum
2083 715 2209 753 sero
2244 704 2370 768 post
2402 700 2849 769 completorium,
2877 702 2967 756 die
3005 711 3136 758 ante
3160 705 3521 763 festivitatem

1927 787 2324 851 Dedicationis,
2354 804 2477 859 quae
2505 787 2775 842 festivitas
2802 790 3180 877 Dedicationis
3199 800 3285 848 est
3304 794 3521 857 decimo

1928 876 2210 931 Kalendas
2238 876 2589 942 Novembris,
2617 883 2674 931 et
2703 895 2768 932 eo
2795 895 2942 932 anno
2972 880 3264 937 Dominica
3291 885 3382 938 die
3402 903 3523 941 eve-

1927 965 2014 1020 nit
2045 983 2057 1017 :
2091 982 2326 1038 surgens
2365 968 2432 1019 ad
2475 965 2802 1033 matutinas,
2842 968 2993 1022 venit
3039 969 3247 1025 electus
3285 971 3344 1027 in
3385 974 3523 1030 cho-

1926 1070 2074 1119 rum,
2107 1058 2164 1109 et
2183 1055 2415 1108 stetitin
2431 1055 2552 1108 loco
2572 1055 2734 1124 juxta
2768 1056 2961 1134 sedem
2997 1057 3234 1126 abbatis,
3259 1078 3323 1115 ac
3336 1066 3523 1118 totum

1927 1142 2170 1197 officium
2200 1142 2515 1197 festivitatis
2542 1134 2882 1219 nocturnum
2930 1151 2987 1199 et
3023 1142 3285 1204 diurnum
3318 1150 3521 1217 decen-

1924 1236 2031 1297 ter,
2055 1238 2120 1287 ut
2148 1231 2339 1301 abbas,
2373 1232 2690 1309 complevit.
2722 1234 2862 1287 Acta
2889 1232 3148 1290 sunthaec
3167 1234 3313 1292 anno
3335 1239 3526 1311 Domi-

1924 1319 2061 1374 nicae
2089 1320 2498 1375 Incarnationis
2525 1316 2679 1376 1093.
2702 1321 2831 1391 Ipsa
2845 1320 2954 1388 die,
2976 1318 3295 1401 Willelmus
3315 1326 3525 1401 electus

1924 1407 2070 1462 sedit
2124 1409 2390 1481 primum,
2433 1415 2498 1463 ut
2550 1407 2740 1479 abbas,
2774 1410 2834 1467 in
2885 1411 3151 1482 capitulo,
3200 1413 3271 1468 ab
3308 1412 3403 1470 illo
3434 1416 3527 1483 die

1926 1496 2227 1567 disponens
2273 1498 2463 1551 omnia
2508 1497 2660 1552 intus
2697 1504 2754 1577 et
2791 1496 2950 1553 extra
2987 1502 3383 1558 convenienter
3412 1504 3526 1589 mos

1929 1586 2159 1640 nasterii
2200 1585 2446 1655 negotia,
2492 1587 2869 1657 gaudentibus
2911 1589 3125 1643 cunctis
3176 1592 3323 1663 quod
3354 1585 3528 1655 talem

1929 1673 2079 1728 Deus
2092 1665 2355 1730 Anselmo
2376 1691 2756 1729 successorem
2779 1683 2836 1730 et
2854 1676 2961 1730 sibi
2978 1672 3524 1767 dederatpastorem,

1928 1762 2139 1818 Tamen
2181 1770 2312 1818 ante
2357 1761 2799 1818 benedictionem
2841 1782 2944 1820 nec
2988 1767 3048 1821 in
3089 1768 3281 1823 sedem
3310 1761 3529 1853 abbatis

1929 1842 2176 1915 intravit,
2223 1869 2325 1907 nec
2370 1852 2582 1923 virgam
2632 1848 2969 1925 pastoralem
3017 1854 3279 1927 portavit,
3308 1858 3407 1913 sed
3458 1847 3529 1918 de

1933 1939 2317 1997 benedictione
2337 1942 2697 1997 acceleranda
2714 1942 2923 1997 nullam
2942 1950 3006 1998 ut
3021 1944 3315 2000 videbatur
3335 1950 3532 2023 curam

1930 2030 2203 2106 habebat;
2246 2048 2369 2102 quae
2417 2031 2730 2085 benedictio
2769 2024 2945 2101 dilata
2986 2040 3074 2088 est
3112 2051 3291 2106 usque
3319 2036 3388 2093 ad
3418 2034 3531 2100 Au-

1928 2102 2163 2190 gustuni
2195 2136 2445 2174 mensem
2477 2118 2610 2174 anni
2640 2121 2953 2191 sequentis.
2988 2121 3198 2176 Verum
3226 2124 3531 2197 Anselmus

1934 2225 2044 2262 non
2086 2208 2291 2263 oblitus
2338 2208 2487 2280 quod
2539 2209 2845 2279 inceperat,
2901 2208 3115 2280 rogavit
3182 2208 3535 2270 Willelmum

1934 2296 2444 2368 Rothomagensem
2498 2295 2977 2385 archiepisc0pum
3029 2298 3098 2353 de
3147 2296 3535 2391 benedictione

1936 2384 2154 2441 abbatis
2182 2386 2364 2451 Becci,
2398 2392 2457 2441 et
2482 2386 2589 2440 hoc
2615 2376 2798 2457 ipSum
2831 2404 2932 2458 per
2953 2384 3171 2465 litteras
3202 2384 3374 2461 priori
3404 2391 3535 2447 Bal-

231 2449 479 2503 omnino
512 2450 827 2520 absolutum
864 2457 1133 2533 dimittite
1181 2482 1289 2532 me,
1334 2475 1433 2537 aut
1469 2449 1749 2543 quomodo
1795 2473 2106 2555 idBdrico,
2158 2481 2214 2530 et
2260 2449 2560 2530 conventui
2610 2475 2936 2530 notificavit.
2978 2477 3234 2545 Intrante
3277 2476 3535 2553 Augusto

231 2534 486 2607 implere
513 2538 721 2611 possim
752 2542 964 2605 d0cete.
996 2568 1022 2602 ι
1050 2550 1214 2607 Prior
1231 2556 1301 2609 ad
1330 2534 1445 2612 haec
1463 2534 1535 2613 τ’(
1569 2560 1642 2616 Ut
1662 2534 1850 2627 dimit-

231 2626 469 2693 tamini,
483 2628 583 2691 ait.
598 2648 711 2686 non
727 2651 871 2705 opus.
896 2643 983 2692 est
1000 2638 1274 2709 laborare,
1298 2645 1396 2699 sed
1416 2648 1680 2719 suscipite
1707 2652 1849 2706 hanc

232 2730 441 2785 curam
490 2710 550 2771 in
586 2714 813 2779 nomine
852 2718 1097 2799 Domini,
1128 2737 1186 2786 et
1227 2749 1328 2787 nos
1364 2736 1520 2791 vobis
1562 2754 1628 2794 ex
1659 2741 1848 2796 animo

230 2801 575 2861 obedientes
604 2810 833 2869 erimus.
850 2834 891 2879 ν»
915 2814 1198 2903 Statim
1222 2814 1344 2893 ipsa
1371 2825 1461 2880 die
1477 2826 1651 2882 abbas
1671 2829 1849 2903 Roge-

230 2890 378 2960 rius,
414 2901 476 2948 et
504 2896 676 2967 prior,
695 2906 751 2955 et
762 2892 992 2972 quidam
1014 2898 1110 2960 alii
1129 2898 1334 2966 fratres
1350 2930 1479 2968 cum
1497 2915 1598 2984 eis,
1626 2934 1847 2973 assum-

230 2985 335 3055 pto
370 2974 559 3057 electo
589 2980 708 3053 suo,
744 2982 815 3044 ad
845 2990 1060 3049 curiam
1090 3009 1483 3070 properarunt,
1516 2974 1848 3064 et'Roberto

230 3064 733 3131 Northtnanorum
746 3070 873 3133 duci
888 3091 1387 3155 praesentaverunt,
1404 3109 1571 3163 quem
1585 3094 1848 3152 alacriter

231 3163 291 3213 et
321 3177 463 3214 cum
490 3178 700 3234 magno
728 3162 940 3224 honore
959 3170 1288 3251 suscipiens,
1319 3178 1475 3234 dedit
1493 3172 1543 3234 ei
1567 3181 1853 3239 abbatiam

228 3264 402 3302 more
460 3246 886 3320 anteéessorum
936 3254 1190 3317 suorum.
1246 3258 1498 3323 Aderant
1542 3275 1674 3326 tunc
1724 3262 1855 3328 cum

229 3335 503 3413 principe
533 3336 811 3398 Robertus
831 3362 1018 3402 comes
1038 3350 1307 3421 Mellenti,
1336 3361 1392 3409 et
1411 3356 1689 3414 Robertus
1704 3360 1855 3417 filius

229 3426 569 3493 Anchittilli
628 3425 756 3518 [ιιι.⁷
818 3433 1160 3518 Anschitilli]
1217 3444 1535 3501 consobrini
1601 3449 1854 3518 ejusdem

228 3513 526 3569 “’illelmi
556 3509 717 3591 electi
740 3516 920 3617 Becci,
946 3526 1042 3597 qui
1071 3509 1157 3582 de?
1169 3531 1291 3600 ejus
1313 3509 1664 3602 promotione
1692 3538 1853 3617 valde

230 3610 371 3657 sunt
398 3584 702 3675 gratulati.
740 3584 917 3666 'i‘unc'
941 3584 1129 3670 domes
1164 3584 1413 3697 hiellenti
1444 3626 1708 3696 praecepit
1747 3604 1855 3685 Ro-

229 3688 401 3746 berto
447 3688 571 3748 filio
625 3696 915 3767 Anchitilli
962 3709 1027 3757 ut
1065 3721 1271 3762 novum
1308 3688 1545 3767 electum
1592 3688 1755 3770 Becci
1781 3717 1851 3772 ad

227 3782 661 3857 monasterium
712 3780 1068 3859 conduceret,
1128 3798 1403 3861 mandans
1446 3803 1703 3859 omnibus
1743 3807 1854 3859 mi-

228 3856 439 3925 nistris
460 3869 585 3926 suis
610 3890 681 3929 ne
703 3876 830 3947 quis
855 3876 963 3951 ipsi
983 3881 1173 3938 abbati
1199 3887 1385 3954 Becci,
1415 3891 1501 3944 vel
1530 3892 1852 3950 hominibus

228 3959 363 4030 ejus
392 3959 673 4046 in‘aliquo
703 3958 975 4023 molestus
992 3987 1115 4027 esse
1132 3985 1523 4046 praesumeret.
1544 3981 1853 4039 Dedittunc

226 4024 435 4103 comes
460 4024 715 4107 blellenti
744 4050 1105 4119 Robertusut
1128 4024 1239 4131 res,
1265 4083 1387 4137 quae
1413 4068 1483 4122 ad
1511 4069 1715 4127 victum
1744 4074 1854 4128 fra-

227 4125 397 4192 trum
432 4134 788 4210 emebantur,
836 4144 1039 4218 quietae
1085 4151 1347 4227 deinceps
1385 4165 1575 4214 essent
1602 4160 1673 4231 ab
1700 4163 1853 4217 omni

227 4220 681 4296 consuetudine,
714 4222 837 4305 quae
864 4252 1043 4319 usque
1070 4241 1142 4301 ad
1162 4220 1300 4298 illud
1318 4250 1558 4319 tempus,
1590 4221 1659 4305 de
1686 4251 1854 4307 rebus

231 4315 314 4369 ad
366 4314 561 4373 cibum
602 4314 1006 4381 monachorum
1048 4320 1478 4404 pertinentibus,
1535 4338 1854 4418 ubicunque

228 4408 598 4477 emerentur,
657 4410 827 4478 etiam
882 4408 942 4469 in
987 4418 1229 4490 coquina
1283 4424 1444 4479 Becci
1503 4444 1538 4482 a
1583 4429 1854 4485 ministris

224 4480 507 4583 Brionnii
662 4496 892 4583 Brionii]
930 4480 1099 4562 castri
1137 4510 1481 4583 exigebatur.
1512 4516 1855 4576 Procedente

220 4572 508 4673 tempore
537 4572 1080 4675 dedit'idemvcomes
1110 4572 1378 4666 Mellenti,
1414 4620 1514 4675 per
1540 4606 1716 4661 totam
1738 4572 1856 4663 ter-

217 4689 358 4727 ram
414 4666 607 4742 suam,
652 4673 969 4753 ubicunque
1008 4701 1173 4741 suum
1212 4696 1336 4745 erat
1371 4691 1478 4747 hoc
1515 4695 1734 4766 exigere
1772 4699 1856 4753 vel

218 4760 558 4828 dimittere,
613 4756 676 4818 ut
718 4756 918 4836 omnes
961 4764 1264 4855 Dominicae
1312 4796 1403 4851 res
1452 4770 1855 4840 monachorum

1930 2579 2140 2629 mense,
2177 2563 2468 2617 Baldricus
2502 2563 2665 2635 prior
2701 2569 2758 2617 et
2787 2560 2885 2618 alii
2915 2562 3145 2635 quidam
3174 2562 3376 2623 fratres
3406 2566 3536 2626 cum

1930 2632 1996 2706 eo
2039 2658 2406 2723 perrexerunt
2466 2632 2883 2724 Rbthomagum
2940 2670 3069 2707 cum
3116 2655 3535 2732 archiepiscopo

1929 2718 2172 2794 locuturi
2187 2741 2255 2795 de
2278 2739 2661 2794 benedictione
2684 2718 2902 2795 abbatis
2922 2740 3043 2809 sui;
3074 2743 3169 2814 qui
3199 2718 3348 2799 diem
3370 2718 3536 2802 belie-

1930 2828 2191 2884 dictionis
2228 2829 2522 2884 constituit
2558 2829 2617 2883 in
2665 2829 2922 2900 proxima
2971 2828 3273 2887 festivitate
3303 2834 3359 2888 S.
3390 2832 3536 2909 Lau-

1930 2915 2117 2971 rentii.
2148 2918 2424 2972 Reversus
2467 2916 2622 2988 prior
2666 2908 3143 2997 dixit_c0nventui
3180 2920 3303 2992 quae
3344 2921 3416 2976 ab
3445 2940 3536 2987 ar-

1930 3005 2283 3078 chiepiscopo
2304 3012 2618 3078 acceperat.
2654 3005 2724 3095 Et
2746 3005 2880 3095 quia
2908 3006 3207 3095 praedictus
3235 3008 3407 3065 abbas
3427 3011 3537 3085 Ro.

1932 3095 2124 3166 gerius
2154 3090 2336 3167 nuper
2361 3095 2599 3162 obierat,
2618 3088 2897 3149 miserunt
2923 3095 2994 3150 ad
3024 3092 3374 3154 Willelmum
3394 3100 3535 3157 Cor-

1935 3174 2264 3240 meliensem
2300 3183 2563 3241 abbatem
2603 3180 2785 3240 virum
2824 3183 3069 3240 nobilem
3098 3191 3155 3240 et
3185 3186 3410 3254 bonum,
3443 3196 3536 3246 at-

1937 3290 2046 3344 que
2074 3268 2326 3344 apprime
2342 3272 2543 3328 litteris
2564 3272 2871 3339 eruditum,
2894 3279 2952 3328 et
2979 3270 3164 3347 ipsum
3194 3273 3536 3335 monachum

1937 3360 2291 3426 Beccensem,
2346 3368 2411 3416 ut
2458 3356 2673 3418 veniret
2714 3362 2785 3416 ad
2833 3361 3280 3419 benedictionem
3313 3362 3565 3423 abbatis

1937 3450 2129 3519 Becci;
2164 3451 2261 3522 qui
2287 3450 2468 3506 libens
2489 3450 2697 3523 paruit.
2730 3451 2832 3506 Die
2853 3451 3169 3507 festivitatis
3198 3452 3256 3509 S.
3279 3455 3536 3533 Lauren-

1935 3522 2021 3606 tii,
2053 3556 2181 3595 cum
2214 3539 2663 3611 archiepiscopus
2705 3545 2882 3595 staret
2915 3540 2986 3595 ad
3024 3542 3216 3635 altare
3233 3542 3530 3635 infulatus,

1934 3618 2103 3700 atque
2132 3629 2342 3684 electus
2373 3625 2534 3684 Becci
2560 3635 2708 3683 esset
2725 3629 2970 3684 vestibus
3000 3631 3172 3685 sacris
3201 3631 3452 3701 indutus,
3479 3618 3537 3690 ei

1866 3751 1910 3811 ϐ
1932 3717 2171 3772 instaret
2211 3718 2352 3772 hora
2398 3724 2461 3772 ut
2488 3717 2559 3772 ad
2588 3717 3033 3811 benedicendum
3058 3720 3531 3811 Aprresentaretur,

1935 3804 2150 3860 audivit
2206 3822 2241 3860 a
2295 3805 2668 3860 referentibus
2716 3804 2865 3877 qUod
2919 3804 3372 3887 archiepiscopus
3420 3828 3535 3867 non

1934 3888 2291 3950 benediceret
2338 3911 2490 3962 eum,
2541 3895 2649 3948 nisi
2700 3890 3104 3966 professionem
3146 3892 3391 3969 faceret;
3436 3899 3537 3975 sed

1932 3983 2223 4054 respondit
2248 4000 2308 4038 se
2329 3976 2653 4039 nullomodo
2682 3980 2984 4038 facturum.
3009 3985 3164 4039 Tunc
3187 3986 3343 4056 prior
3370 3984 3532 4043 BeCci

1935 4071 2225 4126 Baldricus
2267 4088 2394 4125 cum
2435 4064 2740 4142 aliquantis
2788 4072 3076 4125 monachis
3121 4073 3372 4130 concitus
3400 4094 3533 4147 per-

1935 4159 2079 4214 rexit
2094 4160 2163 4213 ad
2179 4160 2440 4225 comitem
2456 4158 2883 4214 Northmanniee
2903 4158 3229 4228 Robertum,
3264 4162 3534 4219 intimans

1936 4248 1988 4303 ei
2029 4249 2177 4320 quod
2224 4247 2675 4320 archiepisc0pus
2712 4246 2957 4318 exigeret
2999 4248 3070 4302 ab
3114 4249 3316 4304 abbate
3372 4252 3533 4308 Becci

1935 4337 2338 4410 professionem
2364 4354 2532 4409 quam
2565 4342 2946 4391 antecessores
2970 4338 3092 4408 ejus
3122 4355 3234 4392 non
3262 4339 3530 4397 fecerant.

1936 4422 2091 4480 Illico
2107 4424 2219 4479 dux
2238 4422 2389 4478 misit
2403 4422 2741 4479 Willelmum
2768 4422 2837 4478 de
2854 4423 3170 4490 Britolio,et
3187 4425 3428 4481 Willelm
3438 4445 3531 4483 um

1937 4490 2117 4568 ﬁlium
2140 4510 2402 4567 Richardi
2433 4513 2500 4566 de
2532 4512 2871 4579 Barduvilla,
2900 4530 3027 4568 cum
3056 4514 3285 4569 Ernulfo
3314 4518 3533 4574 cancel-

1937 4602 2077 4658 lario
2105 4620 2226 4671 suo,
2270 4603 2543 4657 mandans
2581 4608 2638 4657 et
2670 4602 2999 4674 praecipiens
3032 4600 3317 4659 Willelmo
3343 4606 3537 4661 archi-

1938 4696 2196 4765 episcopo
2222 4699 2286 4747 ut
2322 4692 2582 4747 abbatem
2617 4691 2776 4746 Becci
2811 4693 2931 4746 sine
2973 4708 3132 4745 mora
3160 4692 3536 4766 benediceret,

1936 4781 2189 4854 nihilque
2214 4781 2284 4835 ab
2317 4798 2383 4835 eo
2414 4781 2679 4851 exigeret,
2713 4779 2820 4833 nisi
2850 4780 2999 4851 quod
3029 4788 3311 4837 constaret
3335 4800 3371 4837 a
3399 4784 3540 4840 Bec-

1833 4903 1857 4914 -
1938 4871 2196 4927 censibus
2220 4869 2514 4925 abbatibus
2533 4866 2740 4925 factum
2769 4885 2890 4924 esse
2916 4872 3364 4927 antecessoribus
3395 4875 3537 4955 ejus.

1838 5002 1853 5026 ,
1936 4961 2186 5016 Audiens
2223 4961 2329 5013 hoc
2372 4952 2824 5030 archiepiscopus
2862 4963 2987 5025 44
3018 4959 3197 5014 iratus
3228 4966 3314 5015 est
3347 4954 3537 5029 valde;

212 5017 346 5083 Sive
393 5026 463 5082 in
507 5012 774 5099 claustro,
820 5032 935 5092 sive
977 5030 1134 5096 extra
1170 5042 1498 5114 claustrum,
1529 5048 1586 5103 in
1616 5051 2132 5129 negotiisDtamen
2161 5049 2393 5122 perfecit
2422 5046 2569 5133 quod
2592 5047 2877 5147 inceptum
2908 5053 3049 5115 erat,
3086 5055 3143 5152 et
3165 5049 3545 5152 abbatembe-

212 5116 580 5152 νηηηάαύιίνίἷ
626 5116 828 5152 “unum
857 5124 1037 5152 5......“
1058 5127 1121 5152 -L
1149 5123 1291 5152 -__;-g
1320 5151 1330 5152 γ
1521 5143 1530 5152 .
1602 5138 1633 5152 ..
1850 5142 1855 5147 .
2031 5140 2065 5152 ..
2111 5140 2143 5152 ..
2230 5139 2240 5149 .
2457 5137 2480 5152 ι.
2567 5137 2578 5148 .

210 5116 602 5184 monasterii,
626 5112 829 5191 quietae
857 5124 1125 5185 forentab
1143 5123 1711 5195 omniconsuetudine
1732 5142 1855 5211 quae'
1874 5112 1924 5129 υ
1940 5140 2154 5211 nedixit
2198 5139 2320 5194 sine
2348 5137 2714 5210 professione,
2745 5138 2879 5208 quia
2905 5143 3245 5209 praeceptum
3272 5155 3542 5209 principis

211 5205 481 5264 telonei.
514 5198 603 5279 vel
633 5194 927 5280 transitus,
958 5232 1057 5271 seu
1085 5218 1195 5300 alio
1225 5223 1451 5293 nomine
1474 5236 1852 5300 nuncupatur.

210 5285 349 5350 Hoc
381 5286 527 5348 fecit
553 5286 657 5367 pro
682 5292 875 5379 amore
906 5302 1026 5365 Dei,
1056 5288 1113 5361 et
1142 5290 1409 5379 Willelmi
1441 5285 1853 5373 abbatisdlecci

213 5383 477 5456 cognati
521 5380 630 5439 sui.
676 5374 848 5473 illulta
891 5392 1113 5466 quoque
1151 5399 1261 5454 alia
1298 5375 1565 5473 beneﬁcia
1592 5404 1855 5463 Beccensi

210 5468 503 5545 ccé’nobio
528 5458 769 5543 contulit
796 5478 931 5536 dum
954 5476 1105 5551 visit,
1129 5504 1300 5545 causa
1329 5493 1579 5561 ejusdem
1607 5496 1848 5552 abbatis.

293 5554 523 5655 Itaque
560 5554 740 5655 lnovus
760 5568 984 5655 electus
1010 5568 1303 5655 accepto‘a
1324 5554 1466 5649 duce
1494 5584 1757 5655 Roberto,
1791 5590 1854 5641 ut

208 5628 466 5709 dicqu
493 5628 603 5725 est.
630 5628 1062 5734 abbatiédono,
1084 5628 1854 5732 'JA'viiii-lea‘noaoaa.

1938 5229 2099 5283 illum
2127 5227 2377 5299 cogebat.
2402 5227 2606 5280 Postea
2645 5225 2816 5280 abbas
2848 5226 3067 5321 locutus
3364 5225 3544 5321 archi:

1936 5316 2215 5389 episcopo,
2257 5322 2428 5387 atque
2475 5314 2534 5369 in
2584 5310 2802 5369 tantam
2855 5312 3297 5416 gratiam'illum
3338 5315 3545 5416 praesul

1936 5398 2150 5479 accepit
2182 5412 2243 5460 ut
2266 5399 2481 5459 nullum
2503 5404 2562 5457 in
2596 5398 3011 5459 Northmannia
3038 5400 3298 5456 abbatem
3330 5402 3546 5457 Chario-

1935 5512 2077 5559 rcm,
2123 5495 2208 5548 vel
2254 5492 2685 5547 familiariorem
2718 5490 2968 5545 haberet.
2994 5491 3228 5544 Postera
3256 5490 3347 5549 die
3378 5490 3547 5547 rediit

1936 5576 2007 5640 ad
2073 5583 2500 5639 monasterium.
2569 5576 3038 5652 Archiepiscopus
3092 5580 3222 5634 vero
3270 5581 3545 5670 praecepit

1936 5650 2219 5732 Willelino
2257 5652 2627 5731 COrmelierisi
2655 5650 2847 5729 abbati
2875 5650 2950 5729 ut:
2962 5668 3134 5726 simul
3319 5674 3385 5729 e'o'
3413 5650 3547 5746 per-
