3864 6176
508 298 615 356 719

1460 293 1557 350 AD
1596 295 1837 351 OPERA
1873 293 1936 350 Β.
1979 292 2397 350 LANFRANCI
2433 290 2826 347 APPENDIX.
2870 274 2873 285 ‘

3609 296 3694 357 7'20

508 427 688 497 geret,
713 427 772 478 et
820 421 877 476 in
914 419 1105 474 sedem
1147 417 1366 474 abbatis
1401 420 1519 475 vice
1566 436 1669 475 sua
1696 420 2096 475 introduceret.
2120 419 2411 483 Avidetur
2450 423 2516 472 ut
2568 417 2666 490 qui
2713 433 2818 471 sua
2859 416 2983 471 vult
3029 415 3304 478 custodiri.
3335 434 3365 472 a
3394 421 3695 491 sequentibus

508 513 681 568 Venit
696 518 887 567 autem
898 526 1022 564 cum
1047 509 1249 579 majori
1269 526 1380 580 qua
1398 509 1583 581 potuit
1600 509 2109 576 humilitate,nudis

506 602 764 672 pedibus,
797 606 855 654 et
897 604 1193 670 susceptus
1238 605 1325 653 est
1367 615 1400 652 a
1441 598 1709 653 fratribus
1748 615 1952 669 magno
1981 615 2107 652 cum
2138 635 2143 641 -

506 691 719 745 honore
766 695 822 744 et
864 689 1094 760 gaudio,
1142 692 1209 742 et‘
1254 688 1311 741 in
1348 688 1639 742 ecclesiam
1678 686 1899 742 ductus.
1951 688 2107 742 Tunc

505 778 678 833 abbas
726 778 1142 844 Cormeliensis,
1178 783 1242 831 ut
1284 775 1391 830 sibi
1437 777 1662 847 jussum
1710 782 1849 842 erat,
1891 793 2019 830 eum
2047 776 2106 830 in

503 870 693 924 sedem
726 868 903 937 misit,
932 873 989 922 et
1008 867 1279 938 incipiens
1314 867 1378 919 Tc
1395 866 1566 920 Deum
1597 867 1914 931 laudamus,
1940 882 2102 919 oscu-

502 954 652 1013 latus
701 963 787 1013 est
827 973 1050 1012 omnem
1102 960 1455 1009 conventum.
1503 957 1587 1008 lta
1626 955 1740 1008 Deo
1773 954 2104 1026 disponente

503 1064 790 1104 successor
815 1047 995 1101 factus
1016 1049 1104 1099 est
1126 1044 1446 1098 Willelmus
1466 1043 1796 1097 venerabilis
1825 1043 2094 1109 Anselmi,

501 1145 559 1193 et
604 1136 857 1209 regimen
898 1133 1190 1190 Beccensis
1235 1132 1473 1186 coenobii
1518 1138 1644 1202 post
1673 1148 1801 1186 eum
1831 1133 2094 1203 suscepit,

501 1232 671 1297 atque
703 1241 803 1296 per
840 1224 1029 1296 plures
1058 1239 1236 1276 annos
1274 1237 1398 1275 cum
1438 1220 1651 1274 honore
1687 1220 1890 1275 tenuit.
1924 1221 2098 1291 Cujus

499 1313 847 1384 temporibus
875 1312 1023 1366 idem
1045 1313 1318 1365 Beccense
1341 1309 1651 1364 coenobium
1684 1309 1927 1363 exterius
1958 1310 2099 1363 mul-

499 1401 572 1456 tis
601 1407 658 1456 et
686 1401 904 1472 magnis
927 1400 1166 1472 praediis,
1186 1406 1243 1453 et
1268 1397 1540 1452 reditibus
1568 1397 1668 1451 Dei
1691 1397 2093 1463 misericordia,

498 1496 556 1545 et
581 1491 895 1562 principum
912 1489 1266 1559 aliorumque
1279 1487 1527 1541 fidelium
1545 1486 1842 1557 largitione
1863 1486 2097 1558 amplia-

494 1584 636 1646 tum,
670 1578 908 1633 interius
943 1577 1233 1648 religione,
1265 1575 1545 1631 nobilibus
1572 1575 1702 1629 viris
1736 1591 1801 1630 ac
1829 1576 2095 1646 sapienti-

494 1667 617 1729 bus,
657 1667 1003 1722 ornamentis
1057 1682 1283 1738 quoque
1325 1664 1601 1736 pretiosis,
1637 1670 1695 1720 et
1729 1664 1977 1719 zediﬁciis
2007 1670 2095 1719 est

2193 508 2419 562 studeat
2431 506 2510 562 eti
2519 523 2615 578 pse
2628 506 2876 578 priorum
2890 522 3120 560 suorum
3128 507 3281 577 jussa
3289 524 3486 563 servare
3509 510 3700 574 Quando

2191 603 2379 651 autem
2406 596 2752 667 aliquorsum
2772 595 3047 666 proficisci
3065 594 3301 649 habebat
3320 604 3431 667 post
3446 599 3698 653 orationem

2188 686 2248 740 in
2279 685 2513 740 ecclesia
2534 686 2759 748 factam,
2783 685 2852 739 ad
2880 685 3195 756 sepulcrum
3223 686 3262 739 Β
3312 685 3477 739 Patris
3494 686 3702 740 Herluini

2188 774 2247 829 in
2276 775 2584 846 capitulum
2608 773 2896 845 pergebat,
2929 780 2989 828 et
3010 791 3071 828 se
3098 774 3246 829 illius
3265 773 3572 829 orationibus
3589 788 3704 828 com-

2190 863 2492 918 mendabat
2515 883 2528 931 ;
2562 864 2934 935 similiterque
2962 869 3245 918 revertens
3263 860 3495 917 faciebat.

2259 953 2520 1007 Narravit
2541 952 2677 1007 mihi
2690 953 2836 1007 idem
2855 951 3026 1007 abbas
3039 952 3348 1007 Willelmus
3359 951 3491 1022 quod
3504 950 3703 1006 noctium

2187 1058 2303 1096 una
2330 1042 2592 1114 apparuit
2619 1042 2671 1096 ei
2695 1048 2922 1096 sanctus
2952 1042 3119 1096 Pater
3146 1041 3450 1104 Herluinus,
3474 1044 3525 1094 et
3543 1057 3703 1111 appre-

2180 1130 2430 1185 hendens
2461 1147 2589 1185 eum
2616 1130 2928 1185 deducebat
2955 1147 3056 1201 per
3076 1130 3319 1184 ofﬁcinas
3346 1129 3645 1192 monasterii,
3662 1135 3705 1183 et

2180 1221 2325 1274 circa
2344 1236 2599 1291 parcum,
2632 1225 2695 1274 ut
2723 1218 2831 1273 sibi
2850 1219 3161 1284 videbatur,
3195 1223 3252 1273 et
3277 1219 3333 1272 in
3362 1217 3614 1273 ecclesiam
3651 1218 3702 1271 de

2180 1310 2500 1364 Burnevilla
2525 1325 2694 1381 quam
2723 1308 2843 1380 ipse
2873 1313 3102 1363 sanctus
3132 1325 3297 1363 manu
3324 1324 3420 1362 sua
3445 1306 3701 1371 aediﬁcavit,

2179 1405 2237 1453 et
2262 1399 2342 1453 sic
2364 1399 2529 1453 rediit
2548 1399 2619 1452 ad
2642 1397 3131 1462 monasterium,et
3142 1397 3359 1452 veniens
3377 1396 3431 1450 in
3451 1397 3704 1450 claustrum

2177 1504 2289 1542 non
2314 1488 2526 1559 reperit
2549 1487 2625 1542 ibi
2650 1487 2758 1542 nisi
2789 1504 2964 1542 unum
2988 1487 3319 1543 monachum
3348 1490 3567 1549 tantum,
3591 1484 3705 1537 unde

2177 1576 2349 1631 abbas
2366 1576 3111 1647 Willelmusaliquantulum
3142 1574 3362 1631 erubuit
3383 1574 3552 1646 sicque
3562 1573 3705 1643 dispa-

2176 1667 2380 1721 ruit.In
2400 1671 2521 1720 tota
2542 1667 2644 1720 hac
2671 1666 2881 1720 visione
2903 1682 3126 1737 semper
3145 1670 3366 1720 sanctus
3387 1660 3703 1734 [f.,sanctum]

491 1756 838 1812 decoratum.
871 1756 977 1820 Qui
999 1754 1148 1810 enim
1164 1756 1335 1809 Josue
1353 1755 1572 1808 dixerat
1594 1754 1769 1825 Moysi
1800 1754 2085 1809 ministro:
2113 1740 2368 1810 Bhabuit
2412 1754 2672 1809 abbatem
2710 1755 2779 1808 ad
2820 1755 3107 1808 dexteram
3156 1769 3336 1820 suam,
3370 1752 3459 1807 sed
3488 1750 3605 1805 nihil
3641 1749 3704 1803 illi

489 1843 646 1900 Sicut
675 1847 768 1913 fui
795 1862 921 1899 cum
950 1846 1148 1912 Moyse,
1190 1846 1273 1898 ita
1310 1859 1400 1897 ero
1431 1848 1605 1897 tecum.
1625 1845 1757 1912 (Jos.
1795 1857 1833 1908 ι,
1869 1841 1945 1910 5),
1970 1843 2090 1915 ipse

491 1939 557 1989 ut
598 1950 725 1989 cum
780 1949 1115 2005 praecessore
1161 1932 1448 1993 Anselmo,
1492 1930 1573 1984 ita
1614 1947 1739 1986 cum
1770 1947 2089 1986 successore

489 2022 774 2077 Willelmo
802 2022 1196 2093 perseveravit,
1232 2037 1334 2093 per
1361 2036 1529 2093 quem
1560 2019 1667 2074 fuit
1694 2019 1779 2074 vir
1806 2020 1866 2074 in
1895 2021 2089 2075 multis

487 2126 756 2182 prospere
779 2127 971 2182 agens.

562 2199 737 2254 Erant
775 2205 908 2253 tunc
933 2197 1205 2269 temporis
1239 2197 1299 2251 in
1333 2196 1575 2252 Ecclesia
1603 2196 1764 2251 Becci
1794 2197 1956 2252 multi
1982 2213 2088 2252 no-

487 2288 629 2342 biles
658 2288 765 2342 viri
793 2294 851 2343 et
875 2287 1142 2358 religiosi,
1175 2293 1292 2341 tam
1319 2286 1554 2341 litterati
1588 2303 1754 2358 quam
1786 2286 2081 2353 illitterati,

489 2377 585 2449 qui
612 2376 683 2431 de
722 2377 956 2432 diverSis
986 2376 1286 2448 provinciis
1316 2376 1386 2430 ad
1421 2375 1776 2431 serviendum
1807 2376 1922 2429 Deo
1953 2376 2086 2430 illuc

486 2473 892 2533 convenerant;
917 2482 1153 2537 quorum
1184 2465 1360 2537 aliqui
1384 2482 1417 2518 a
1442 2469 1695 2536 tempore
1722 2464 1871 2518 beati
1901 2464 2084 2519 Patris

485 2554 746 2610 Herluini
759 2555 941 2610 adhuc
956 2554 1256 2621 durabant,
1281 2553 1650 2609 nonnullisub
1674 2559 1868 2608 sancto
1887 2554 2082 2608 Ansel-

484 2661 578 2698 mo
608 2645 766 2710 duce,
801 2644 1075 2699 mundum
1106 2644 1487 2715 relinquentes
1504 2644 1618 2698 Deo
1636 2643 1877 2698 militare
1896 2658 2080 2714 coepe-

481 2739 615 2788 rant
632 2752 644 2801 ;
660 2733 823 2789 multi
854 2733 956 2788 sub
977 2733 1173 2787 eodem
1192 2732 1476 2787 Willelmo
1498 2732 1885 2787 renuntiantes
1913 2749 2082 2787 saecu-

480 2821 556 2887 lo,
586 2822 692 2877 levi
714 2822 854 2894 jugo
874 2822 1083 2878 Christi
1111 2822 1252 2876 colla
1273 2821 1603 2877 submittere
1629 2820 1971 2893 gaudebant.
2000 2822 2078 2876 Ex

478 2911 569 2967 his
596 2917 793 2983 postea
828 2911 1068 2965 vidimus
1098 2911 1287 2983 plures
1328 2911 1698 2966 Ecclesiarum
1724 2911 2079 2966 honorabiles

478 3007 745 3056 rectores.
769 3001 851 3055 De
878 3000 967 3055 his
991 3000 1099 3055 fuit
1126 3016 1249 3055 cum
1271 3000 1482 3054 honore
1508 3000 1883 3055 nominandus
1911 3001 2074 3065 Boso,

2170 1843 2481 1907 dixit.Quid
2495 1859 2623 1897 vero
2648 1842 2764 1897 haec
2793 1842 2929 1896 visio
2951 1841 3332 1912 praetendebat
3357 1838 3595 1903 nescitur,
3616 1834 3701 1890 nisi

2172 1931 2319 2004 quod
2336 1932 2456 2004 ipse
2479 1930 2799 1987 Willelmus
2828 1930 3001 1985 abbas
3028 1931 3167 1986 dixit
3194 1929 3438 1986 fortassis
3465 1925 3643 1998 aliquid
3661 1925 3704 1978 in

2168 2021 2511 2075 monasterio
2539 2037 2662 2075 esse
2690 2021 2840 2092 quod
2874 2018 3043 2075 Pater
3060 2019 3281 2075 volebat
3301 2016 3582 2074 emendari.
3604 2012 3705 2078 Qui-

2170 2110 2300 2164 dam
2329 2111 2654 2176 monachus,
2689 2110 2785 2181 qui
2815 2109 3108 2164 dicebatur
3130 2110 3423 2172 Robertus,
3445 2104 3641 2179 petebat
3660 2101 3708 2154 li-

2168 2201 2411 2255 centiam
2445 2201 2613 2256 eundi
2656 2200 2714 2255 in
2759 2201 3021 2273 Angliam
3051 2217 3224 2256 causa
3250 2196 3458 2253 videndi
3483 2191 3706 2262 archiepi-

2167 2304 2393 2361 scopum
2420 2295 2673 2345 sanctum
2691 2291 3041 2357 Anselmum,
3065 2295 3123 2344 et
3147 2287 3405 2361 loquendi
3427 2301 3540 2340 cum
3567 2299 3639 2345 eo,
3659 2283 3708 2333 ut

2166 2377 2471 2446 asserebat,
2506 2378 2574 2434 de
2612 2379 2794 2434 salute
2833 2378 3036 2434 anima:
3073 2396 3211 2434 suae.
3244 2376 3398 2442 Quod
3433 2390 3546 2428 cum
3569 2369 3706 2424 abbas

2166 2466 2483 2522 Willelmus
2510 2468 2683 2522 nollet
2710 2469 3034 2535 concedere,
3066 2468 3125 2522 in
3153 2466 3395 2539 capitulo
3422 2478 3588 2518 coram
3611 2474 3708 2512 om-

2164 2556 2330 2610 nibus
2361 2557 2579 2627 rogavit
2604 2563 2825 2624 eum,ut
2847 2557 2993 2628 quod
3018 2554 3372 2628 petebat,sibi
3392 2550 3705 2611 concederet;

2162 2645 2258 2698 sed
2285 2661 2411 2699 cum
2442 2661 2625 2717 neque
2654 2645 2734 2700 sic
2763 2645 2935 2700 abbas
2981 2662 3275 2700 assensum
3303 2641 3534 2716 praebere
3556 2636 3705 2699 vellet,

2162 2732 2302 2787 dixit
2326 2733 2537 2788 frater:
2574 2753 2597 2786 ι
2634 2733 2691 2789 Si
2722 2734 3026 2789 conceditis
3051 2733 3231 2797 ibo,et
3248 2732 3420 2788 sinon
3450 2723 3708 2784 conceditis

2160 2821 2304 2876 ibo.)
2335 2822 2495 2886 Quod
2508 2821 2737 2877 verbum
2763 2822 2951 2877 abbati
2972 2839 3084 2877 non
3107 2823 3338 2894 placuit;
3360 2826 3537 2874 tamen
3550 2819 3710 2887 postea

2159 2910 2421 2965 dimissus
2462 2911 2736 2965 voluntati
2785 2927 2901 2966 sua:
2931 2912 3197 2983 perrexit,
3245 2926 3396 2965 mare
3423 2904 3635 2965 transiit,
3663 2900 3709 2953 in

2158 3000 2418 3070 Angliam
2430 3000 2598 3065 venit,
2609 3016 2710 3055 nec
2733 3001 2909 3054 multo
2936 3007 3063 3072 post
3090 2997 3497 3055 obiit.Clericus
3516 2991 3709 3065 quidam

476 3089 574 3160 qui
598 3097 850 3161 tempore
878 3089 1059 3143 sancti
1079 3089 1333 3143 Anselmi
1360 3088 1510 3143 venit
1532 3089 1604 3142 ad
1633 3088 1885 3144 ordinem
1914 3108 1926 3156 ;
1952 3089 2069 3155 sed,
2093 3096 2137 3158 Ο
2156 3089 2505 3159 grandaevus,
2538 3089 2804 3144 vocabulo
2851 3090 3195 3158 Willelmus,
3244 3087 3537 3143 solitariam
3566 3081 3709 3134 vitam

474 3177 582 3233 sub
607 3177 802 3232 eodem
831 3177 1116 3231 Willelmo
1142 3175 1362 3241 abbate,
1392 3182 1518 3248 post
1539 3194 1683 3248 saepe
1705 3177 1915 3232 dictum
1941 3179 2072 3233 Bal-

474 3266 691 3322 dricum
721 3268 876 3339 prior
895 3267 1094 3331 factus,
1111 3272 1167 3320 et
1189 3272 1314 3337 post
1327 3265 1511 3337 ipsum
1533 3265 1877 3321 Willelmum
1898 3266 2069 3323 abbas

474 3360 561 3410 est
582 3356 936 3421 Constitutus,
969 3355 1246 3426 sapientia
1266 3360 1325 3408 et
1352 3355 1647 3409 honestate
1667 3355 1792 3410 vita:
1813 3366 2063 3411 ornatus.

471 3443 736 3514 Ejusdem
762 3461 984 3516 quoque
998 3442 1267 3498 Willelmi
1292 3448 1545 3514 tempore
1569 3443 1748 3498 factus
1773 3450 1855 3498 est
1879 3461 2069 3500 mona-

470 3533 608 3587 chus
633 3533 860 3605 quidam
895 3531 1116 3603 juvenis
1156 3531 1315 3585 bonae
1353 3531 1557 3586 indolis
1585 3531 1848 3587 nobiliter
1876 3539 2062 3600 natus,

470 3622 706 3677 scientia
746 3623 1066 3677 litterarum
1106 3620 1393 3692 praeditus,
1426 3621 1653 3675 nomine
1689 3621 2060 3688 Theobaldus,

469 3710 566 3781 qui
594 3711 853 3782 religiose
884 3711 982 3765 diu
1013 3711 1071 3764 in
1096 3709 1349 3764 ccenobio
1385 3715 1765 3776 conversatus,
1799 3717 1925 3783 post
1956 3712 2062 3766 Bo-

467 3815 662 3854 sonem
691 3800 863 3872 prior,
897 3806 950 3854 et
979 3799 1076 3853 illo
1105 3798 1368 3853 defuncto
1389 3798 1561 3853 abbas
1590 3804 1675 3853 est
1703 3799 2058 3871 subrogatus,

466 3892 526 3944 et
549 3889 661 3944 non
692 3890 871 3944 multo
899 3893 1027 3961 post
1062 3888 1121 3942 in
1157 3886 1699 3959 archiepiscopatum
1745 3889 2062 3945 Cantuariae

467 3977 822 4034 sublimatus.
864 3977 1103 4042 Quidam
1138 3975 1447 4030 monachus
1496 3976 1644 4030 venit
1688 3976 1759 4031 ad
1797 3977 2057 4033 abbatem

464 4066 814 4124 Willelmum
837 4073 1037 4139 petens
1063 4071 1127 4120 ut
1146 4065 1203 4119 in
1224 4064 2053 4137 monasteriumsusciperetur;

462 4156 655 4212 volens
703 4157 928 4212 ﬁrmare
965 4153 1329 4209 Stabilitatem
1366 4170 1529 4207 suam
1577 4152 1635 4207 in
1681 4154 1802 4208 loco
1838 4155 2054 4209 eodem.

463 4245 622 4311 Quod
641 4263 768 4301 cum
789 4243 960 4299 abbas
978 4243 1221 4316 primum
1255 4241 1437 4297 facere
1457 4242 1785 4306 distulisset,
1809 4259 1910 4298 nec
1931 4260 2058 4298 eum

460 4335 706 4390 retinere
734 4351 838 4389 nec
864 4332 1093 4388 omnino
1121 4332 1367 4387 refutare
1385 4331 1569 4398 vellet,
1602 4348 1730 4386 cum
1753 4333 1872 4402 jam
1901 4332 2059 4387 illum

2155 3194 2345 3248 agens,
2403 3179 2553 3233 venit
2598 3178 2668 3232 ad
2721 3179 3145 3245 monasterium,
3206 3179 3395 3232 volens
3445 3169 3709 3228 monachus

2152 3266 2274 3320 ﬁeri
2309 3286 2322 3334 ;
2357 3273 2414 3321 et
2444 3267 2578 3338 quia
2627 3272 2750 3320 erat
2791 3266 2950 3322 bonae
2979 3267 3160 3334 famae,
3194 3266 3433 3322 libenter
3458 3263 3710 3331 susceptus

2151 3362 2255 3409 est.
2288 3355 2395 3420 Qui
2420 3372 2549 3410 cum
2576 3371 2676 3426 per
2701 3355 2889 3426 plures
2918 3372 3096 3411 annos
3128 3355 3187 3410 in
3213 3352 3624 3427 congregatione
3645 3362 3711 3400 re-

2149 3443 2346 3513 ligiose
2401 3449 2761 3499 conversatus
2823 3443 3039 3514 fuisset,
3096 3462 3216 3500 una
3266 3445 3476 3499 dierum
3515 3439 3711 3495 sedente

2147 3531 2349 3588 abbate
2391 3533 2677 3588 Willelmo
2717 3533 2775 3587 in
2823 3533 3067 3605 capitulo
3111 3552 3245 3589 cum
3280 3531 3557 3596 fratribus,
3585 3523 3710 3580 venit

2146 3627 2277 3677 ante
2297 3639 2424 3676 eum
2454 3637 2656 3693 rogans
2684 3626 2748 3677 ut
2770 3621 3082 3677 liccretsibi
3104 3622 3314 3677 reverti
3336 3621 3406 3675 ad
3434 3615 3708 3674 solitariam

2146 3710 2336 3778 vitam,
2370 3717 2648 3782 quatenus
2674 3710 2751 3764 ibi
2779 3716 3111 3782 operaretur
3138 3711 3401 3766 manibus
3429 3707 3555 3770 suis,
3586 3701 3709 3758 unde

2145 3798 2371 3864 viveret,
2406 3799 2552 3853 sicut
2578 3804 2709 3853 ante
2735 3798 3156 3853 conversionem
3187 3799 3417 3863 fecerat,
3444 3792 3707 3866 siquidem,

2144 3893 2209 3941 ut
2231 3887 2468 3951 dicebat,
2500 3888 2674 3942 timor
2706 3887 2868 3941 illum
2899 3887 3144 3959 angebat
3175 3889 3312 3960 quia
3331 3888 3385 3941 in
3418 3885 3524 3940 otio
3551 3882 3709 3934 vivens

2141 3976 2381 4031 aliorum
2426 3976 2798 4048 eleemosynis
2824 3977 3098 4036 aleretur.
3143 3977 3338 4032 Abbas
3364 3976 3481 4030 haec
3509 3969 3711 4027 audiens

2139 4065 2279 4120 dixit
2298 4064 2837 4121 circumsedentibus
2861 4082 2919 4119 τι
2946 4066 3061 4121 Iste
3089 4064 3271 4122 frater
3297 4064 3603 4128 moritur,et
3623 4073 3710 4112 an-

2141 4154 2331 4224 tiquus
2361 4154 2558 4219 hostis,
2589 4153 2784 4208 videns
2808 4154 2970 4209 illum
2996 4154 3168 4209 morti
3196 4154 3532 4227 proximum,
3555 4148 3711 4203 tentet

2140 4241 2299 4296 illum
2329 4243 2399 4298 de
2429 4243 2770 4298 monasterio
2799 4242 3167 4309 abducere,ut
3194 4242 3373 4316 possit
3392 4232 3711 4312 aliquodani—

2141 4346 2245 4386 mae
2275 4330 2424 4385 illius
2446 4331 2913 4402 impedimentum
2926 4332 3125 4387 facere.
3139 4332 3340 4389 nTunc
3362 4341 3643 4386 conversus
3653 4319 3710 4376 ad

458 4421 742 4496 suscipere
769 4423 1058 4494 cogitaret,
1093 4421 1231 4475 vidit
1275 4421 1335 4475 in
1381 4420 1592 4475 somnis
1623 4421 1921 4491 quemdam
1954 4423 2053 4477 de-
2076 4416 2122 4473 D
2139 4425 2266 4485 45
2287 4420 2444 4474 illum
2470 4419 2661 4484 movit,
2681 4419 2940 4476 utabhac
2959 4420 3275 4477 intentione
3301 4421 3548 4476 animum
3574 4426 3708 4468 revo-

458 4513 711 4567 functum
740 4510 967 4566 afﬁnem
996 4510 1102 4564 sibi
1123 4515 1180 4564 et
1200 4515 1416 4575 notum,
1435 4509 1531 4580 qui
1558 4510 1716 4564 illum
1749 4511 2057 4581 reprehen-

2137 4514 2310 4571 caret,
2342 4508 2400 4563 in
2422 4524 2558 4580 pace
2583 4525 2712 4564 cum
2742 4509 3008 4565 fratribus
3030 4510 3316 4583 reliquum
3344 4510 3470 4563 vitae
3489 4503 3710 4564 duceret,

457 4600 627 4656 debat
655 4601 802 4673 quod
835 4598 1136 4672 quemdam
1164 4599 1425 4652 insanum
1450 4598 1720 4653 fratribus
1748 4599 2055 4670 adjungere
2137 4598 2269 4669 quia
2297 4604 2418 4652 erat
2445 4598 2564 4669 jam
2584 4614 2752 4653 senex
2782 4604 2840 4653 et
2867 4599 3085 4667 debilis,
3119 4616 3224 4655 nec
3252 4603 3477 4672 poterat
3502 4590 3715 4663 amplius

456 4689 703 4757 volebat;
734 4693 792 4742 et
829 4691 980 4741 certe
1025 4685 1320 4740 defunctus
1360 4685 1473 4751 ille,
1523 4686 1775 4741 fratrem.
1827 4687 1896 4742 de
1942 4705 2052 4759 quo
2135 4687 2413 4751 laborare,
2445 4692 2502 4741 et
2528 4703 2599 4743 ne
2634 4694 2865 4759 paveret
2904 4689 3054 4760 quod
3095 4689 3166 4744 de
3212 4686 3502 4744 beneﬁciis
3529 4680 3715 4737 viveret

456 4777 662 4849 agitur,
701 4781 766 4831 ut
809 4772 1093 4848 putamus,
1143 4791 1431 4845 nunquam
1462 4774 1695 4831 viderat.
1728 4777 1844 4831 Nec
1872 4777 2050 4832 multo
2135 4777 2405 4844 fidelium,
2437 4776 2570 4849 quia
2595 4783 2653 4832 et
2680 4776 2779 4832 alii
2809 4778 2974 4832 multi
3004 4778 3271 4834 similiter
3298 4775 3570 4838 vivebant,
3603 4783 3714 4824 ora-

454 4872 582 4939 post
605 4863 901 4920 fraterille
929 4868 1156 4936 accepta
1184 4863 1410 4918 licentia
1441 4863 1733 4932 discessit;
1774 4872 1832 4919 et
1856 4872 2052 4937 postea
2132 4865 2378 4921 tionibus
2413 4866 2653 4921 instaret
2682 4871 2740 4921 et
2765 4883 2867 4938 pro
2913 4867 3001 4923 his
3054 4868 3304 4922 maxime
3333 4879 3567 4938 quorum
3593 4858 3715 4913 elee-

453 4956 513 5012 in
557 4960 677 5010 tota
716 4952 1000 5026 provincia
1028 4968 1304 5025 nusquam
1338 4957 1424 5007 est
1450 4953 1621 5020 visus,
1659 4970 1761 5008 nec
1790 4955 2047 5010 auditum
2132 4955 2383 5027 mosynis
2408 4962 2825 5012 sustentaretur
2844 4957 3149 5012 Dominum
3166 4956 3589 5030 rogaret,ﬁnem
3607 4948 3715 5001 vitae

451 5061 720 5116 quorsum
766 5040 1104 5098 discesserit.
1157 5041 1663 5098 Praedecessoribus
1712 5043 1829 5098 suis
1886 5043 2047 5099 beato
2124 5044 2244 5114 jam
2282 5044 2673 5100 imminentem
2729 5052 3095 5118 exspectaret,
3132 5052 3191 5102 et
3237 5044 3414 5100 morti
3456 5041 3638 5096 vicinae
3662 5050 3713 5089 se

447 5134 704 5191 videlicet
744 5131 1021 5188 Herluino
1056 5137 1113 5185 et
1149 5137 1341 5185 sancto
1385 5132 1673 5193 Anselmo,
1706 5148 1959 5187 amorem
1990 5139 2048 5189 et

445 5224 719 5280 honorem
764 5222 1072 5278 maximum
1101 5220 1250 5274 idem
1281 5219 1454 5274 abbas
1488 5220 1801 5287 exhibebat,
1835 5228 1893 5276 et
1915 5238 2043 5279 cum

447 5313 517 5369 de
546 5313 658 5369 illis
688 5308 759 5367 in
794 5309 1080 5367 communi
1123 5308 1491 5364 collocutione
1527 5309 1880 5382 loquebatur,
1914 5328 2043 5366 cum

445 5419 653 5475 magna
675 5400 990 5457 reverentia
1009 5416 1105 5454 eos
1126 5397 1455 5453 nominabat
1477 5418 1491 5467 ;
1514 5406 1729 5455 statuta
1751 5415 1947 5455 eorum
1971 5401 2043 5455 ad

445 5490 777 5548 memoriam
817 5488 944 5544 aliis
972 5488 1291 5550 reducebat,
1324 5493 1383 5542 et
1409 5505 1477 5543 ea
1503 5489 1623 5561 ipse
1646 5488 1895 5544 studiose
1923 5505 2042 5545 ser-

436 5579 630 5655 vabat,
661 5586 720 5634 et
738 5576 949 5635 servari
976 5576 1374 5651 praecipiebat,
1390 5577 1524 5649 quia
1547 5578 1802 5635 videlicet
1823 5578 2042 5651 justum

2128 5139 2488 5206 praepararet.
2518 5134 2813 5206 Acquievit
2835 5135 3010 5191 frater
3032 5132 3414 5190 admonitioni
3437 5128 3716 5193 abbatis,et

2125 5222 2314 5295 paucis
2343 5222 2538 5278 diebus
2566 5221 2915 5295 interpositis
2946 5223 3203 5278 molestia
3232 5220 3513 5295 corporali
3542 5229 3707 5271 corre-

2124 5319 2273 5383 ptus,
2313 5311 2461 5367 infra
2514 5311 2677 5367 breve
2705 5317 2928 5383 tempus
2953 5312 3249 5369 defunctus
3279 5317 3386 5376 est,
3421 5324 3589 5381 agens
3615 5317 3715 5377 p09.

2124 5400 2425 5456 nitentiam
2463 5401 2615 5472 quod
2663 5400 2924 5458 recedere
2955 5402 3027 5458 de
3055 5401 3407 5457 monasterio
3444 5394 3710 5456 voluisset,

2125 5496 2183 5545 et
2209 5489 2399 5544 abbati
2429 5495 2487 5545 et
2512 5488 2779 5545 fratribus
2805 5490 3019 5562 gratias
3058 5492 3265 5562 agebat
3298 5487 3450 5562 quod
3475 5500 3584 5543 non
3607 5494 3716 5554 per-

2125 5577 2413 5657 misissent
2447 5578 2612 5638 illum
2655 5578 2812 5638 abire
2848 5585 2979 5653 post
3008 5580 3281 5637 Satanam
3322 5577 3423 5652 qui
3441 5590 3570 5634 eum
3598 5584 3695 5640 sup
