3902 6166
243 354 345 441 721

1058 353 1231 414 vrrx
1266 358 1640 417 WlLLELMI
1676 312 1984 449 ABBA’i‘lS
2022 358 2413 420 BECCENSIS
2448 312 2709 420 TERTII.

3412 361 3519 418 712

228 482 496 555 plantare
520 482 767 544 volebat.
795 481 912 539 Iste
943 484 1027 539 vir
1051 482 1253 552 bonus,
1294 485 1363 541 de
1388 504 1497 558 quo
1528 488 1832 561 loquimur,
1854 484 2166 550 A'habebat
2208 489 2360 544 enim
2416 490 2521 544 hoc
2559 458 2983 545 consuetudinis
3005 492 3071 544 ut
3106 488 3154 543 si
3186 488 3411 560 quando
3439 464 3517 544 lo-

229 571 405 627 abbas
459 573 672 629 scilicet
717 573 1035 629 Willelmus
1065 592 1284 646 magnae
1322 577 1631 648 sapientiae,
1679 579 1839 634 bonis
1920 584 2189 651 queretur
2218 595 2345 635 cum
2393 579 2582 649 aliquo
2613 596 2777 649 quem
2806 578 3043 649 alicujus
3076 579 3348 633 momenti
3375 578 3518 633 aesti-

229 662 488 717 moribus
533 668 784 730 ornatus,
824 680 1160 735 magnorum
1189 664 1435 720 virorum
1466 668 1833 741 propinquus,

230 751 351 821 regi
381 757 441 806 et
469 752 811 823 primoribus
847 752 1007 826 regni
1036 757 1317 827 acceptus,
1346 754 1427 809 ita
1463 772 1521 809 se
1561 758 1831 826 modeste,

230 841 527 896 humiliter
554 848 611 896 et
656 846 949 898 mansuete
986 841 1229 897 habebat
1256 849 1320 911 ut
1347 842 1649 917 aliquando
1675 848 1836 919 quasi

228 931 491 985 nesciens
510 936 567 986 et
584 931 917 1003 peneidiota
932 931 1219 987 videretur
1237 932 1602 1004 quibusdam;
1638 952 1835 992 verum

230 1020 277 1075 si
305 1021 541 1093 propius
571 1021 886 1087 accederes,
944 1026 1001 1076 et
1056 1021 1217 1075 vnlut
1265 1026 1669 1095 perscrutando
1715 1028 1835 1098 ejus

230 1123 463 1162 sensum
511 1108 583 1163 de
634 1108 803 1163 rebus
862 1108 1047 1164 dubiis
1084 1109 1478 1180 interrogares,
1511 1112 1676 1166 aliam
1708 1131 1839 1185 pru-

230 1196 506 1263 dentiam,
533 1197 874 1268 profundum
903 1198 1220 1266 consilium,
1245 1201 1556 1254 etmaxime
1578 1202 1834 1257 honesta-

234 1283 303 1337 tis
361 1285 761 1340 documentum
792 1287 1096 1342 invenires.
1131 1288 1266 1341 Erat
1293 1305 1515 1360 quoque
1562 1290 1679 1363 Deo
1735 1292 1833 1345 de-

232 1378 415 1439 votus,
472 1375 779 1445 majoribus
845 1376 1178 1441 submissus,
1246 1377 1486 1432 subditis
1534 1378 1829 1451 benignus,

232 1468 562 1529 mansuetus
624 1463 807 1530 bonis,
866 1482 1093 1520 severus
1149 1465 1602 1538 indisciplinatis,
1661 1486 1833 1541 supra

230 1567 558 1606 mensuram
595 1570 756 1607 suam
789 1554 930 1608 nihil
956 1555 1501 1626 usurpabat,divinis
1524 1557 1691 1613 rebus
1709 1575 1831 1613 om~

1919 678 2122 735 maret,
2145 686 2205 722 se
2233 669 2385 723 illius
2414 667 2762 723 orationibus
2808 667 3246 723 commendaret.
3287 667 3423 731 Erat
3449 684 3515 720 eo

1919 762 2172 830 tempore
2203 758 2349 812 circa
2377 759 2612 813 Beccum
2665 756 2952 829 provincia
2976 755 3206 811 turbata
3251 772 3516 827 quorum-

1918 846 2047 905 dam
2078 847 2535 919 przesumptione,
2590 847 2688 918 qui
2742 851 2939 901 contra
2989 862 3178 916 regem
3209 844 3513 902 Henricum

1916 937 2346 1001 rebellaverant,
2365 942 2423 990 et
2439 936 2510 990 ad
2526 935 2957 1006 depraedandam
2988 934 3229 1005 patriam
3258 934 3511 1004 quaedam

1917 1026 2149 1083 castella
2179 1025 2541 1092 obtinebant;
2574 1024 2698 1081 ideo
2726 1040 2824 1078 rex
2855 1028 3047 1078 contra
3067 1040 3162 1077 eos
3182 1040 3329 1095 saepe
3351 1023 3515 1085 duce-

1916 1114 2016 1170 bat
2034 1116 2338 1170 exercitum
2372 1115 2453 1169 ad,
2469 1113 2889 1185 reprimendum
2910 1129 3104 1169 eorum
3125 1112 3386 1166 hostilem
3402 1112 3512 1167 im-

1917 1211 2130 1276 petum,
2168 1210 2224 1258 et
2238 1204 2610 1261 contuendam
2634 1203 2896 1272 patriam.
2921 1202 3116 1271 Itaque
3138 1206 3264 1271 post
3289 1206 3513 1257 octavas

1915 1294 2142 1349 Pascha;
2167 1293 2319 1348 venit
2345 1310 2438 1347 rex
2472 1293 2733 1355 Beccum,
2750 1297 2807 1346 et
2822 1290 3138 1362 hospitatus
3158 1295 3247 1343 est
3261 1289 3320 1343 in
3340 1289 3515 1344 domi-

1916 1381 2020 1437 bus
2051 1382 2396 1439 monasterii.
2455 1382 2613 1436 Tunc
2640 1381 2903 1435 adierunt
2959 1395 3152 1448 regem
3207 1378 3513 1433 Beccenses

1916 1472 2145 1543 quidam
2173 1471 2452 1537 monachi,
2474 1475 2738 1540 rogantes
2766 1475 2829 1524 ut
2844 1468 3143 1540 quemdam
3172 1466 3513 1522 familiarem

1914 1560 2020 1617 sibi
2051 1549 2386 1617 monachum
2428 1560 2637 1615 faceret
2665 1558 2923 1613 abbatem
2952 1562 3082 1628 post
3104 1573 3231 1612 eum
3260 1557 3358 1626 qui
3387 1572 3510 1611 mo-

1912 1650 2201 1718 riebatur;
2236 1650 2384 1722 quod
2422 1666 2547 1706 cum
2581 1648 2831 1703 audisset
2859 1645 3031 1700 abbas
3058 1643 3380 1700 Willelmus
3418 1644 3509 1699 in-

1911 1739 2142 1795 terdixit
2161 1756 2230 1795 ne
2251 1739 2357 1793 sibi
2388 1738 2715 1803 succederet
2734 1738 2792 1792 in
2805 1737 3055 1807 regimen
3073 1734 3330 1789 Ecclesiae
3348 1733 3509 1791 Becci

226 1656 355 1695 nem
410 1643 781 1697 reverentiam
834 1643 1109 1714 exigebat,
1138 1645 1316 1698 Deum
1351 1644 1602 1713 timebat,
1635 1664 1830 1719 pecca-

226 1734 368 1797 tum,
391 1732 555 1802 quasi
586 1733 821 1787 mortale
848 1733 999 1788 virus
1036 1733 1163 1788 odio
1192 1733 1426 1798 habens,
1449 1735 1721 1806 fugiebat.
1753 1737 1830 1795 .Si

226 1820 352 1890 quis
379 1818 827 1876 benedictionem
862 1821 932 1876 ab
983 1839 1048 1876 eo
1095 1828 1367 1894 posceret,
1410 1824 1592 1879 verbis
1646 1810 1888 1905 magisB
1910 1827 1957 1892 is
1981 1828 2074 1900 qui
2104 1829 2212 1900 ipsi
2242 1829 2348 1887 hoc
2375 1828 2541 1887 modo
2588 1826 2945 1899 quaerebatur
2998 1821 3311 1893 subrogari.
3342 1821 3508 1879 Alius

225 1925 392 1980 quam
443 1927 615 1965 manu
642 1910 1025 1972 benedicebat.
1084 1911 1272 1965 dicens
1326 1929 1440 1967 non
1488 1931 1609 1969 esse
1661 1932 1823 1969 suum
1907 1918 2084 1985 frater
2102 1918 2243 1972 dixit
2259 1917 2754 1989 aliquandoeidem
2777 1914 2963 1970 abbati
2980 1913 3220 1985 jocando
3244 1930 3255 1964 :
3283 1910 3506 1971 «Facite

223 2014 391 2053 manu
421 1999 772 2067 benedicere,
828 2001 926 2055 sed
955 2000 1361 2072 episcoporum.
1420 2002 1621 2058 Nullus
1652 2003 1823 2061 abbas
1898 2023 1994 2079 ‘me
2026 2006 2308 2071 abbatem,
2364 2012 2418 2062 et
2458 2024 2562 2080 ego
2612 2005 2782 2071 vobis,
2836 2005 2971 2058 dum
3001 2001 3269 2066 vixeritis,
3295 1999 3504 2070 optime

222 2089 434 2144 exstitit
481 2090 576 2161 qui
618 2091 891 2160 majorem
949 2089 1382 2145 sollicitudinem
1435 2098 1660 2162 gereret
1695 2110 1824 2147 con-
1905 2097 2197 2150 serviam.»
2223 2099 2297 2151 At
2314 2095 2658 2160 illechuia,
2685 2095 2888 2165 inquit,
2924 2094 3029 2147 hoc
3045 2090 3254 2153 dixisti,
3276 2105 3390 2143 non
3408 2103 3506 2159 po-

219 2184 415 2233 ventus
434 2179 559 2245 sui;
589 2180 760 2233 talem
791 2179 952 2233 illum
976 2178 1148 2253 fuisse
1177 2180 1363 2234 sciunt
1400 2182 1496 2251 qui
1527 2181 1606 2234 illi
1653 2182 1827 2237 famip.
1858 2222 1883 2237 ..
1902 2186 2040 2240 teris
2054 2186 2296 2258 amplius
2315 2202 2436 2240 esse
2452 2185 2624 2239 abbas
2644 2186 2816 2255 hujus
2838 2182 2962 2237 loci.
2988 2182 3245 2243 pVerum
3266 2177 3503 2233 audiens

218 2267 407 2321 liarius
444 2268 825 2332 adhaeserunt,
855 2268 1062 2340 quippe
1113 2285 1148 2323 a
1189 2269 1306 2323 Deo
1355 2270 1436 2325 ita
1476 2271 1819 2342 compositus
1902 2291 1997 2328 rex
2016 2276 2162 2346 quod
2179 2274 2700 2339 abbasWillelmus,
2733 2289 2901 2344 quem
2925 2271 3232 2342 plurimum
3250 2266 3496 2333 amabat,

217 2355 379 2411 homo
404 2364 471 2410 ut
489 2372 593 2410 nec
611 2356 1015 2428 turpiloquium
1041 2373 1137 2411 ore
1161 2357 1818 2428 proferret,scurrilitatis
1903 2352 2266 2431 moriebatur,
2305 2364 2454 2423 venit
2481 2364 2707 2419 visitare
2734 2379 2862 2417 eum
2894 2377 3022 2417 cum
3055 2357 3267 2431 paucis,
3294 2364 3352 2413 et
3366 2361 3500 2410 ante

215 2460 375 2499 omne
430 2461 613 2516 genus
658 2445 1009 2512 abhorreret,
1066 2447 1485 2501 immunditiam
1517 2449 1722 2503 mentis
1761 2455 1819 2504 et
1899 2452 2110 2507 lectum
2134 2454 2375 2524 jacentis
2405 2453 2570 2507 amici
2604 2453 2675 2507 ad
2716 2457 2933 2509 terram
2986 2448 3278 2511 humiliter
3330 2445 3495 2501 sedit.

212 2535 479 2606 corporis,
510 2540 574 2589 ut
610 2535 783 2604 virgo,
814 2535 885 2589 ab
913 2543 1075 2591 utero
1107 2536 1302 2590 matris
1352 2537 1658 2607 ignoraret,
1691 2538 1814 2592 cibo
1896 2541 2084 2596 Abbas
2125 2542 2406 2599 inter'alia
2426 2542 2646 2613 rogavit
2664 2558 2800 2611 eum
2830 2546 2896 2596 ut
2924 2538 3178 2594 Ecclesiae
3208 2535 3370 2593 Becci
3406 2534 3499 2588 di-

206 2632 457 2695 potuque
487 2630 852 2695 temperatus,
893 2630 950 2679 et
977 2625 1209 2680 honeste
1254 2626 1599 2680 verecundus
1628 2627 1815 2682 indole
1900 2647 2076 2700 gnum
2133 2638 2318 2698 aetate,
2352 2632 2483 2698 vita,
2512 2630 2781 2696 moribus,
2817 2645 2932 2684 non
2961 2643 3175 2691 senem,
3207 2642 3320 2681 non
3339 2626 3496 2695 juve-

207 2713 474 2784 religiosa
520 2714 776 2778 decorus,
807 2713 954 2769 bono
990 2714 1216 2785 ingenio
1245 2732 1380 2770 sane
1439 2715 1806 2787 intelligebat,
1895 2736 2046 2786 nem,
2081 2721 2415 2793 quantocius
2466 2720 2781 2793 provideret
2808 2717 3089 2779 abbatem,
3122 2714 3255 2785 quia
3277 2714 3336 2769 in
3360 2712 3494 2768 tali-

207 2800 408 2857 blando
437 2819 698 2858 sermone
726 2803 1004 2875 placebat,
1031 2803 1285 2859 doctrina
1316 2809 1372 2860 et
1401 2806 1653 2877 exemplo
1701 2806 1809 2860 uti-
1895 2808 1998 2863 bus
2050 2810 2247 2865 dilatio
2287 2809 2448 2867 valde
2480 2814 2724 2863 noceret.
2754 2808 2841 2862 Ad
2875 2807 2993 2863 haec
3045 2822 3143 2859 rex
3187 2823 3200 2858 :
3237 2823 3261 2855 ι
3287 2802 3491 2869 Quem,

209 2891 273 2946 lis
293 2898 439 2959 erat,
463 2900 726 2948 constans
746 2894 943 2949 eratin
964 2892 1233 2960 moribus,
1257 2911 1423 2949 verax
1444 2895 1502 2948 in
1523 2911 1800 2962 sermone,
1887 2896 2092 2969 inquit,
2112 2899 2362 2969 jubetis?
2387 2918 2412 2952 »
2432 2897 2619 2953 Abbas
2642 2897 2985 2967 respondens
3010 2912 3024 2948 :
3057 2913 3081 2946 α
3122 2893 3249 2948 Non
3270 2897 3359 2948 est
3382 2890 3492 2947 hoc

206 2988 400 3036 cautus
431 2983 494 3036 in
522 2982 1006 3053 promissionibus,
1038 2982 1097 3037 in
1119 2984 1418 3039 commisso
1448 2984 1649 3051 ﬁdelis,
1680 2990 1803 3039 stu-
1888 3003 2097 3051 meum,
2124 2988 2225 3054 ait,
2259 2989 2393 3060 quia
2420 2988 2565 3042 sacri
2598 3002 2840 3041 canones
2877 2983 3222 3041 interdicunt
3248 2998 3321 3038 ne
3361 2981 3488 3053 quis

208 3070 397 3127 diosus
414 3073 706 3138 virtutum,
723 3079 945 3128 amator
964 3089 1295 3144 pauperum,
1314 3074 1802 3145 eleemosynarum
1887 3075 1993 3129 sibi
2022 3077 2280 3131 nominet
2305 3092 2707 3133 successorem.
2729 3093 2760 3128 »
2802 3074 2932 3129 Fuit
2966 3072 3117 3127 enim
3145 3070 3488 3126 studiosissi-

202 3159 453 3231 largitor,
491 3161 689 3216 hilaris
717 3162 1004 3234 hospitum
1057 3167 1368 3234 susceptor,
1417 3162 1712 3217 viduarum
1745 3168 1864 3228 etC
1888 3181 2015 3220 mus
2044 3166 2158 3220 oris
2191 3166 2279 3220 sui
2334 3172 2391 3221 et
2436 3166 2583 3232 vitae,
2631 3181 2697 3220 ac
2738 3163 2914 3223 totius
2944 3161 3233 3232 religionis
3271 3166 3480 3225 custos,

201 3250 543 3320 pupillorum
601 3257 902 3322 protector.
942 3252 1101 3307 Talia
1131 3268 1363 3323 gerens,
1395 3251 1534 3306 bene
1562 3252 1795 3307 vivendo
1881 3255 2052 3325 etiam
2079 3255 2137 3309 in
2164 3255 2287 3327 ipso
2304 3240 2500 3310 mortis
2519 3253 2773 3310 articulo.
2809 3251 3021 3308 Deinde
3058 3267 3174 3307 rex.
3202 3247 3483 3319 accipiens

205 3355 426 3395 cursum
486 3339 708 3406 direxit,
759 3340 904 3395 bene
941 3340 1232 3395 moriendo
1281 3341 1621 3407 terminavit,
1668 3358 1800 3396 sen-
1882 3359 2137 3398 manum~
2162 3344 2451 3398 dexteram
2501 3343 2739 3409 abbatis,
2769 3340 3016 3396 admovit
3044 3338 3218 3394 oculis
3266 3337 3385 3392 suis
3422 3341 3480 3390 et

200 3443 341 3495 sum,
373 3429 659 3501 loquelam
688 3435 746 3485 et
771 3430 953 3484 visum
981 3446 1161 3501 usque
1178 3430 1252 3484 ad
1275 3429 1533 3486 ultimam
1568 3430 1799 3502 spiritus
1882 3432 1986 3499 ori,
2020 3442 2078 3487 et
2103 3432 2342 3503 benigne
2382 3432 2666 3487 osculatus
2694 3436 2797 3499 est,
2840 3431 3032 3501 sicque
3060 3426 3315 3500 reposuit
3351 3441 3478 3480 eam

198 3517 551 3573 emissionem
579 3519 728 3574 Deus
746 3519 829 3574 illi
856 3518 1223 3576 conservavit.
1879 3521 1983 3576 sub
2004 3523 2626 3594 coopertorio,dixitque
2643 3518 3135 3576 circumstantibus
3149 3515 3439 3572 monachis
3462 3533 3474 3568 :

265 3607 397 3662 Haec
422 3608 496 3662 de
524 3608 641 3663 vita
654 3609 806 3681 illius
828 3607 1070 3679 breviter
1091 3608 1363 3676 diximus;
1383 3625 1533 3664 nunc
1553 3609 1797 3680 qualiter
1882 3630 1905 3662 ι
1941 3611 2113 3667 Orate
2137 3629 2236 3683 pro
2256 3612 2372 3677 illo,
2406 3612 2539 3682 quia
2567 3627 2835 3682 magnum
2867 3609 3136 3664 damnum
3167 3604 3387 3661 habetis
3415 3605 3476 3659 in

198 3695 264 3750 de
290 3698 497 3752 saeculo
525 3697 814 3752 transierit
847 3697 1227 3768 expediemus.
1267 3698 1431 3751 Anno
1453 3697 1627 3768 igitur
1654 3698 1794 3753 vice-
1875 3705 2058 3755 morte
2094 3701 2291 3772 ipsius.
2326 3719 2353 3754 ι
2403 3701 2579 3756 Nocte
2621 3716 2750 3754 vero
2787 3699 3062 3763 insecuta,
3111 3712 3239 3751 cum
3264 3695 3347 3749 illi
3378 3694 3475 3765 qui

199 3785 336 3840 sime
357 3803 512 3841 nono
553 3786 810 3854 abbatiaa,
854 3802 1047 3841 mense
1083 3785 1435 3858 Septembris,
1480 3786 1689 3841 decidit
1732 3788 1793 3842 in
1877 3804 2007 3843 eum
2037 3789 2429 3847 custodiebant
2448 3790 2754 3844 matutinas
2781 3789 3193 3852 decantassent,
3215 3783 3380 3857 petiit
3409 3788 3476 3838 ut

196 3876 606 3945 aegritudinem,
652 3892 765 3947 qua
792 3880 850 3931 et
882 3880 1140 3947 mortuus
1175 3879 1280 3929 est.
1326 3874 1460 3939 Quae
1496 3875 1789 3951 aegritudo,
1876 3894 2003 3933 eum
2046 3879 2332 3950 quiescere
2358 3879 2771 3951 permitterent,
2794 3886 2852 3931 et
2873 3876 3041 3948 cmpit
3065 3875 3225 3947 quasi
3268 3873 3485 3928 dormi-

196 3966 465 4035 paulatim
487 3982 772 4033 crescens,
803 3982 911 4037 per.
931 3981 1142 4020 annum
1183 3970 1242 4020 et
1291 3964 1587 4019 dimidium
1629 3966 1792 4020 illum
1873 3972 2014 4035 tare,
2049 3968 2225 4025 donec
2250 3968 2413 4039 plene
2440 3968 2785 4025 obdormiret
2828 3966 2890 4021 in
2918 3970 3177 4019 mortem.
3203 3962 3474 4016 Videntes

194 4055 409 4121 afﬂixit,
431 4055 610 4109 donec
636 4055 918 4109 tricesimo
946 4054 1129 4126 primo
1152 4069 1321 4120 anno,
1357 4070 1423 4109 ex
1445 4070 1555 4125 quo
1577 4054 1787 4109 donum
1872 4057 1969 4126 qui
1994 4056 2143 4110 circa
2163 4073 2290 4110 eum
2323 4061 2486 4111 erant
2513 4056 2660 4127 quod
2692 4057 2811 4125 jam
2841 4054 3246 4127 propinquaret
3272 4052 3345 4107 ad
3374 4068 3470 4105 ex-

193 4142 427 4198 abbatim
452 4144 719 4216 suscepit,
757 4160 823 4198 ex
849 4148 969 4198 toto
988 4144 1136 4199 circa
1158 4144 1327 4198 ﬁnem
1357 4143 1566 4198 mensis
1601 4144 1788 4198 Martii
1869 4144 2033 4210 itum,
2059 4144 2127 4198 de
2156 4161 2378 4200 camera
2418 4145 2777 4216 pertulerunt
2803 4144 2962 4198 illum
2992 4144 3050 4198 in
3080 4143 3277 4197 cellam
3308 4140 3470 4215 inﬁr-

192 4232 334 4287 lecto
362 4233 647 4288 decubuit.
677 4234 848 4288 Venit
875 4232 1047 4287 abbas
1074 4231 1789 4303 Pratellensis.Richardus
1870 4249 2112 4298 morum,
2147 4234 2243 4288 ubi
2290 4234 2494 4287 fratres
2545 4233 2948 4299 moriebantur,
2981 4237 3110 4297 46
3141 4236 3198 4287 et
3225 4230 3468 4286 circum-

194 4321 434 4389 nomine,
479 4322 567 4376 vir
593 4321 891 4393 religiosus
949 4327 1006 4376 et
1042 4322 1356 4375 litterarum
1389 4321 1624 4376 scientia
1651 4340 1789 4393 prae-
1869 4322 2107 4395 vallatus
2137 4328 2360 4378 caterva
2382 4323 2627 4377 ﬁliorum
2656 4329 2870 4398 septem
2888 4321 3154 4393 psalmos,
3177 4335 3305 4374 cum
3333 4319 3471 4373 leta-

190 4409 361 4474 ditus,
393 4411 616 4466 visitare
645 4427 796 4477 eum,
838 4415 897 4464 et
934 4411 1042 4465 fuit
1071 4409 1147 4464 ibi
1169 4427 1348 4481 usque
1384 4412 1454 4464 ad
1486 4407 1963 4466 transitumDnia
1983 4411 2421 4477 decantantium,
2452 4413 2618 4482 paulo
2643 4419 2775 4466 ante
2803 4412 2985 4466 lucem
3024 4409 3287 4464 ultimum
3324 4408 3466 4462 emi-

187 4499 341 4554 illius
366 4519 380 4567 ;
422 4508 480 4554 et
507 4517 635 4554 cum
659 4501 777 4571 jam
801 4499 969 4553 morti
993 4500 1369 4572 pr0pinquare
1386 4499 1684 4565 videretur,
1703 4501 1784 4554 vi-

187 4590 387 4645 sitatus
421 4596 510 4646 est
534 4608 568 4644 a
598 4589 867 4644 fratribus
897 4606 1053 4643 more
1105 4589 1443 4655 Christiano,
1494 4593 1551 4642 et
1585 4594 1787 4643 cuncta

186 4680 559 4734 morientibus
587 4679 777 4734 debita
806 4679 956 4733 circa
986 4678 1146 4733 illum
1178 4678 1464 4750 persoluta
1492 4682 1642 4745 sunt,
1695 4684 1784 4735 at-

187 4785 294 4838 que
317 4774 548 4841 peracto
576 4768 780 4833 ofﬁcio,
812 4785 938 4822 cum
972 4768 1092 4839 jam
1123 4771 1432 4822 conventus
1473 4766 1656 4821 redire
1693 4767 1786 4821 de-

187 4855 417 4926 buisset,
461 4842 796 4912 venerabilis
836 4848 987 4911 Boso
1042 4857 1198 4928 prior
1243 4855 1482 4927 rogabat
1526 4873 1674 4923 eum,
1703 4862 1787 4929 ut

185 4963 339 5002 more
394 4953 643 5018 patrum,
696 4946 813 5000 vita
866 4945 1140 5000 decedens
1171 4945 1547 5008 benediceret,
1580 4950 1636 4998 et
1668 4946 1785 5000 Deo

182 5051 404 5090 summo
429 5035 651 5090 Pastori
680 5034 1103 5088 commendaret
1123 5034 1266 5088 ﬁlios
1289 5050 1422 5088 suos
1452 5050 1591 5105 quos
1610 5034 1805 5089 relin-‘

184 5124 409 5196 quebat.
454 5127 529 5180 At
548 5124 663 5191 ille,
698 5125 916 5179 elevata
962 5140 1155 5188 manu,
1188 5122 1472 5177 benedixit
1506 5123 1588 5177 eis
1618 5129 1675 5177 et
1705 5123 1785 5177 di-

182 5214 262 5268 xit
286 5229 317 5267 :'
334 5235 361 5265 α
396 5215 601 5268 Amate
629 5213 989 5267 claustralem
1011 5212 1207 5276 vitam,
1238 5212 1372 5284 quia
1398 5212 1679 5283 reparatio
1700 5217 1787 5267 est

181 5302 396 5357 ordinis
423 5302 623 5368 nostri,
651 5308 709 5357 et
737 5318 810 5357 ne
832 5302 1098 5373 quaeratis
1123 5301 1331 5355 habere
1355 5300 1705 5357 obedientias
1727 5301 1785 5355 in

181 5393 403 5455 saeculo,
428 5392 564 5463 quia
592 5391 756 5445 multi
786 5390 845 5445 in
878 5390 958 5444 eis
987 5389 1232 5461 perdunt
1261 5384 1480 5444 animas
1508 5406 1658 5447 suas.
1687 5390 1786 5444 sed

181 5482 517 5551 quantocius
539 5479 801 5535 abbatem
823 5479 1032 5551 eligite,
1058 5480 1190 5550 quia
1213 5496 1325 5534 non
1341 5485 1428 5535 est
1446 5478 1653 5534 bonum
1674 5481 1788 5535 tale

180 5587 323 5642 opus
351 5571 596 5626 dilferre.
619 5588 649 5625 »

254 5660 493 5730 Rogavit
508 5677 647 5715 sane
676 5667 740 5716 ut
759 5677 860 5734 pro
889 5677 950 5716 se
979 5659 1283 5716 Dominum
1303 5654 1742 5733 deprecarentur
1772 5677 1787 5728 ;

1868 4500 1941 4553 sit
1982 4500 2261 4571 spiritum.
2322 4500 2539 4571 Corpus
2583 4501 2761 4554 lotum
2788 4500 2950 4570 juxta
3003 4498 3464 4553 consuetudinem

1868 4588 2263 4643 convenienter
2291 4589 2491 4661 pannis
2527 4595 2614 4644 est
2636 4590 2918 4657 indutum,
2953 4606 3018 4645 ac
3037 4590 3280 4665 desuper
3307 4588 3467 4660 quasi

1869 4680 1939 4734 ad
2004 4678 2236 4733 missam
2295 4679 2469 4733 sacris
2510 4680 2760 4734 vestibus
2797 4681 3060 4734 decenter
3116 4679 3464 4733 revestitum.

1869 4767 2003 4821 Post
2027 4767 2144 4820 haec
2170 4766 2418 4821 delatum
2439 4771 2524 4820 est
2544 4767 2605 4821 in
2629 4767 2942 4828 ecclesiam,
2974 4773 3032 4821 et
3057 4767 3117 4820 in
3146 4768 3316 4821 choro
3335 4771 3470 4821 ante

1869 4856 2265 4927 majusﬂaltare
2294 4857 2558 4926 positum,
2593 4856 2685 4910 ubi
2721 4856 2813 4910 die
2857 4862 2917 4911 et
2941 4863 3103 4911 nocte
3141 4856 3470 4927 frequenta-

1868 4945 2040 5000 batur
2079 4945 2230 5000 tristi
2271 4944 2629 5000 mmrentium
2661 4944 2926 5016 obsequio
2966 4946 3230 5000 ﬁliorum.
3281 4946 3473 5000 Mona-

1867 5034 1957 5089 chi
1982 5034 2137 5106 pium
2167 5034 2624 5089 lamentabantur
2645 5040 2886 5106 patrem,
2917 5035 3115 5089 famuli
3140 5039 3199 5089 et
3213 5034 3472 5088 homines

1868 5124 1971 5178 loci
2001 5123 2343 5194 plangebant
2358 5140 2417 5178 se
2441 5122 2647 5178 bonum
2674 5124 2930 5178 amisisse
2950 5124 3261 5189 dominum,
3283 5123 3471 5177 nullus

1870 5212 2215 5283 querebatur
2261 5213 2528 5282 injuriam
2558 5213 2666 5267 sibi
2709 5213 2779 5267 ab
2825 5230 2891 5268 eo
2928 5214 3152 5278 factam,
3189 5226 3385 5265 omnes
3412 5209 3470 5263 in

1869 5316 2167 5356 commune
2217 5301 2489 5372 lugebant
2526 5316 2793 5373 magnum
2838 5300 2899 5357 se
2942 5298 3258 5373 perdidisse
3284 5304 3473 5370 patro-

1871 5407 2029 5446 num.
2063 5391 2230 5445 Mane
2276 5386 2428 5444 venit
2475 5407 2571 5444 rex
2598 5391 2670 5444 ad
2699 5389 3012 5451 ecclesiam,
3044 5394 3103 5441 et
3135 5386 3326 5440 videns
3353 5402 3474 5441 cor-

1870 5496 1975 5552 pus
2028 5480 2148 5550 jam
2202 5479 2466 5534 decenter
2516 5479 2872 5543 adornatum,
2924 5476 3135 5547 placuit
3160 5474 3262 5541 illi,
3295 5480 3352 5530 et
3387 5475 3473 5530 fa-

1871 5577 2024 5623 ctum
2054 5568 2321 5633 laudavit,
2353 5574 2410 5622 et
2439 5567 2555 5621 ait:
2595 5589 2617 5616 ι
2642 5567 2872 5621 Utinam
2900 5552 3101 5619 'anima
3148 5580 3274 5619 mea
3326 5572 3477 5622 esset

1871 5658 1968 5714 ubi
1992 5658 2183 5711 anima
2223 5660 2346 5729 ejus
2388 5657 2500 5713 est!
2546 5676 2570 5709 ι
2612 5655 2861 5711 Venerat
2888 5655 3127 5710 Beccum
3168 5655 3475 5712 multitudo
