3902 6166
1072 287 1590 356 VITABOSONIS
1628 289 1941 348 ABBA‘I‘IS
1977 291 2370 350 BECCENSIS
2411 293 2704 359 QUARTI.
3429 286 3535 348 7'26

223 408 431 472 abbati
464 411 804 468 desiderium
843 431 1008 469 suum
1049 416 1377 486 pandentes,
1403 418 1516 472 Deo
1536 424 1840 482 annuente,
1861 422 1908 482 Α
1925 419 2159 472 audiens
2187 420 2484 473 Ansel'nus
2511 421 2802 474 Urbanum
2827 435 3030 490 papam
3045 433 3375 473 convocasse
3396 435 3526 472 con-

224 499 528 574 religionis
558 501 814 556 habitum
846 503 919 573 ibi
940 504 1136 558 devote
1156 512 1538 576 susceperunt.
1567 507 1842 560 devotius-
1921 507 2111 560 cilium
2138 509 2402 575 generale
2442 510 2592 579 apud
2633 511 3122 563 Claruinmontem
3166 509 3222 560 in
3260 509 3530 560 Arvernia

227 604 342 657 que
381 606 561 660 usque
608 590 667 662 in
716 592 883 646 ﬁnem
913 599 1238 652 tenuerunt.
1281 595 1337 649 Si
1369 596 1593 665 quidem
1631 596 1842 664 primus
1924 597 2374 666 provincia,quia
2404 597 2524 668 ipse
2547 615 2656 651 non
2691 599 2873 668 potuit
2896 599 2996 663 ire,
3030 597 3526 667 misitpriedictum

224 683 283 752 et
313 678 578 752 ultimus,
606 680 958 754 .Gislebertus
987 683 1200 736 scilicet
1234 691 1287 740 et
1320 685 1646 752 Rainaldus,
1672 685 1838 753 longo

225 772 496 842 tempore
523 769 582 824 in
606 776 798 834 sancto
811 772 1097 842 proposito
1113 772 1519 827 honorabiliter
1542 774 1844 843 perduran-

225 860 336 918 tes,
373 857 780 928 quieveruntin
812 876 963 930 pace.
987 861 1125 914 Boso
1145 878 1292 922 vero,
1309 863 1526 916 medius
1553 862 1744 925 frater,
1769 862 1840 916 de

226 960 344 1020 quo
392 946 554 1000 nobis
591 965 776 1002 sermo
815 959 917 1013 est,
946 950 1151 1003 litteris
1190 950 1327 1003 bene
1353 951 1680 1017 instructus,
1713 968 1839 1005 cum

226 1033 423 1112 adhuc
452 1043 601 1089 esset
638 1036 698 1090 in
743 1038 993 1111 saeculari
1044 1041 1174 1101 vita,
1215 1040 1382 1108 coepit
1406 1039 1562 1093 bonis
1593 1039 1840 1092 moribus

227 1122 469 1191 pollere,
501 1141 693 1177 amore
733 1126 832 1178 Dei
870 1126 1102 1186 fervere.
1148 1127 1405 1196 religioni
1446 1128 1698 1181 animum
1737 1147 1837 1198 ap-

228 1211 484 1281 plicare;
540 1219 662 1266 erat
711 1221 896 1267 autem
954 1215 1263 1270 acutissimi
1319 1216 1550 1286 ingenii,
1606 1217 1843 1288 etquod

231 1300 524 1354 subtiliter
547 1302 896 1372 intelligebat
921 1304 1204 1358 luculento
1225 1321 1481 1358 sermone
1506 1306 1837 1375 proferebat.

233 1388 400 1442 Unde
433 1392 710 1461 perplexa:
761 1392 1095 1462 quaestiones
1125 1393 1374 1445 animum
1411 1394 1558 1447 illius
1596 1395 1843 1449 involve-

230 1484 388 1542 rant,
430 1497 572 1550 quas
601 1497 704 1534 nec
732 1499 831 1551 per
858 1499 916 1535 se
950 1483 1211 1544 enodare,
1244 1500 1343 1536 nec
1375 1483 1504 1536 inde
1537 1502 1596 1537 se
1626 1491 1848 1555 poterat

234 1569 888 1640 expedire.Quapropter
900 1571 1134 1624 Beccum
1149 1573 1316 1629 venit.
1341 1573 1568 1626 Anselm
1580 1591 1670 1626 um
1684 1574 1840 1634 adiit,

233 1673 408 1727 quem
438 1658 499 1712 in
534 1658 741 1712 talibus
774 1659 1033 1712 audierat
1062 1661 1450 1724 exercitatum,
1482 1670 1650 1716 astus
1668 1663 1844 1716 animi

1927 686 2198 738 Bosonem
2230 685 2299 738 ad
2328 685 2476 738 idem
2502 687 2828 752 concilium;
2857 688 3017 755 cujus
3039 687 3259 739 itineris
3281 687 3527 754 longitu-

1925 772 2053 825 dine
2084 781 2141 826 et
2168 773 2354 827 labore
2379 775 2700 828 infirmatus
2732 782 2816 828 est
2838 775 3023 834 nimis.
3059 776 3136 828 ita
3166 780 3229 826 nt
3261 781 3384 844 post
3402 790 3532 826 cona

1922 862 2113 914 cilium
2139 879 2262 915 cum
2293 863 2350 916 in
2374 864 2842 917 Northmanniam
2865 865 3132 934 repedare
3148 864 3332 926 vellet,
3353 863 3410 916 in
3439 863 3529 916 via

1921 968 2072 1019 {eger
2116 959 2370 1006 remanet
2399 953 2547 1022 apud
2580 953 2847 1006 Sanctum
2881 952 3236 1005 Walterium.
3273 953 3341 1005 Et
3371 957 3527 1022 post-

1925 1057 2096 1110 quam
2125 1041 2426 1103 convaluit,
2462 1042 2696 1094 Beccum
2730 1041 3014 1101 remeavit,
3047 1041 3238 1109 sicque
3266 1041 3526 1110 Angliam

1922 1130 2168 1199 repetiit.
2229 1130 2436 1183 Verum
2483 1146 2609 1183 cum
2668 1137 2896 1182 sanctus
2947 1131 3266 1191 Ansclmus,
3323 1130 3527 1198 Anglia

1927 1220 2140 1288 pulsus,
2178 1219 2422 1288 primum
2455 1235 2488 1270 a
2519 1235 2649 1287 rege
2679 1219 2965 1271 Willelmo
2995 1218 3087 1288 qui
3111 1235 3238 1271 eum
3262 1217 3535 1287 archiepi-

1924 1324 2155 1377 scopum
2201 1306 2426 1370 fecerat,
2465 1307 2666 1360 deinde
2696 1325 2729 1360 a
2751 1308 2926 1360 fratre
2956 1308 3078 1376 ejus
3111 1307 3390 1371 Heinrico,
3427 1306 3518 1376 qui

1927 1396 2084 1449 illum
2118 1402 2239 1465 post
2267 1403 2499 1448 mortem
2532 1396 2720 1448 fratris
2751 1396 2820 1448 ab
2851 1397 3044 1449 exsilio
3075 1400 3447 1456 revocaverat,
3473 1394 3531 1446 in

1931 1485 2182 1555 partibus
2227 1484 2564 1554 Burgundiae
2617 1491 2674 1537 et
2713 1485 2887 1539 Italiae
2918 1489 3358 1546 conversaretur,
3388 1482 3533 1536 Boso

1931 1575 2166 1628 Beccum
2197 1590 2453 1626 reversus
2475 1580 2578 1626 est.

1999 1661 2253 1731 Cumque
2281 1664 2600 1720 Anselmus,
2627 1668 2752 1732 post
2777 1661 3082 1714 secundum
3116 1661 3393 1720 exsilium,
3421 1662 3535 1714 An~

230 1746 900 1816 suiquibusinovebatur.
925 1750 1164 1819 aperuit,
1185 1758 1240 1802 et
1260 1751 1449 1804 statim
1488 1751 1556 1804 (le
1583 1752 1842 1805 omnibus
1862 1731 1905 1788 Β
1925 1751 2096 1821 gliam
2129 1757 2381 1820 repetere
2411 1731 2658 1814 deberet,
2694 1752 2750 1802 in
2793 1751 3038 1820 capitulo
3068 1750 3286 1819 rogavit
3311 1749 3532 1802 W’illel-

230 1833 338 1888 sibi
372 1835 724 1890 satisfactum
755 1855 877 1891 esse
893 1839 1168 1906 cognovit.
1195 1839 1522 1892 Admiratus
1546 1841 1686 1893 Boso
1719 1841 1840 1910 ejus

232 1924 598 1995 sapientiam,
626 1927 753 1980 vitm
785 1929 1264 1981 conversationem
1295 1935 1464 1998 atque
1487 1945 1706 1984 morum
1730 1930 1842 1983 ins-

231 2013 582 2076 titutionem.
632 2020 849 2069 mutato
904 2033 1015 2070 non
1078 2017 1254 2069 multo
1312 2025 1439 2088 post
1487 2017 1702 2082 habitu,
1739 2017 1842 2072 sub

232 2102 432 2162 eodem
464 2089 666 2158 abbate
691 2103 766 2156 ibi
783 2105 900 2158 leve
925 2105 1143 2158 Domini
1171 2107 1371 2174 jugum
1404 2107 1552 2168 tulit,
1585 2113 1642 2160 et
1667 2107 1843 2160 factus

237 2191 548 2245 monachus
586 2193 914 2261 religionem
943 2210 1113 2263 quam
1155 2195 1476 2263 arripuerat
1506 2200 1626 2248 tota
1656 2202 1844 2250 mente

239 2279 534 2348 diligebat,
551 2287 605 2333 et
618 2281 677 2333 in
690 2298 755 2334 ea
783 2281 1007 2340 assidue
1032 2283 1299 2350 prolicere
1320 2283 1844 2351 satagebat.Videns

239 2366 415 2421 abbas
445 2386 650 2422 novum
673 2369 904 2422 militem
924 2359 1136 2424 Christi
1155 2388 1351 2424 revera
1377 2373 1553 2446 Deum
1571 2390 1840 2444 qumrere,

237 2457 546 2512 sollicitum
594 2475 716 2512 esse
751 2459 821 2512 ad
853 2476 992 2530 Opus
1033 2459 1147 2513 Dei.
1183 2461 1252 2512 ad
1284 2460 1658 2515 obedientiam
1691 2470 1746 2515 et
1774 2462 1843 2518 ad

237 2548 352 2600 alia
385 2548 590 2617 quibus
623 2548 864 2602 novitius
905 2548 1072 2603 debet
1101 2549 1350 2603 intentus
1384 2567 1522 2608 esse,
1551 2550 1845 2603 laetabatur

241 2636 430 2700 corde,
459 2636 889 2706 instruebatque
915 2638 1114 2703 eumin
1139 2639 1356 2692 Domini
1381 2639 1624 2701 servitio,
1633 2640 1846 2708 jugiter

238 2726 554 2778 accendens
608 2727 869 2786 animum
909 2727 1029 2794 ejus
1065 2727 1135 2780 ad
1169 2727 1388 2782 virtutis
1419 2746 1686 2782 amorem.
1725 2730 1841 2792 llle,

235 2813 554 2868 doctrinam
574 2815 829 2883 magistri
845 2815 1031 2884 capaci
1055 2815 1242 2869 animo
1263 2816 1552 2870 humiliter
1569 2817 1846 2886 accipiens

1927 1849 2079 1886 mum
2115 1831 2372 1884 abbatem
2405 1839 2462 1883 et
2504 1837 2838 1886 conventum
2890 1831 3065 1893 Becci,
3088 1837 3163 1887 ut
3192 1830 3389 1886 liceret
3424 1828 3534 1884 sibi

1926 1921 2199 1974 Bosonem
2231 1920 2433 1973 ducere
2450 1936 2657 1981 secum,
2677 1920 2808 1989 quia
2831 1919 3007 1988 magis
3035 1924 3254 1976 amaret
3281 1934 3411 1973 cum
3435 1917 3534 1971 illo

1925 2009 2106 2063 vivere
2135 2009 2192 2062 in
2222 2009 2530 2072 solitudine
2561 2025 2729 2078 quam
2751 2008 2872 2062 sine
2892 2025 2957 2061 eo
2979 2008 3036 2064 in
3061 2008 3279 2076 magnis
3302 2005 3534 2061 divitiis.

1924 2099 2109 2153 Abbas
2159 2105 2216 2152 et
2265 2099 2488 2162 fratres,
2533 2098 2664 2167 quia
2697 2114 2805 2152 non
2840 2102 3104 2167 poterant
3145 2095 3533 2153 contradicere

1927 2189 2366 2258 archiepiscopo,
2400 2192 2819 2246 concesserunt.
2855 2187 2958 2243 l-lic
2989 2184 3367 2253 est‘illeBoso
3405 2199 3535 2240 cum

1927 2295 2036 2346 quo
2058 2278 2349 2346 disputans
2374 2276 2690 2344 composuit
2709 2275 2912 2335 librum
2937 2274 3030 2343 qui
3051 2273 3256 2329 dicitur
3272 2273 3538 2345 CurDcus

1926 2368 2102 2420 homo.
2155 2365 2470 2426 Permansit
2521 2365 2709 2434 itaque
2752 2379 2876 2418 cum
2910 2363 3330 2432 archiepiscopo
3362 2377 3539 2430 usque

1929 2455 1998 2510 ad
2027 2457 2192 2507 ﬁnem
2222 2450 2344 2508 vitae
2374 2453 2582 2523 ipsius;
2619 2459 2743 2522 past
2770 2453 3072 2509 transitum
3104 2450 3356 2508 Anselmi
3384 2451 3530 2504 Boso

1931 2544 2163 2602 Beccum
2222 2543 2406 2602 rediit,
2461 2550 2517 2596 et
2577 2542 2793 2603 vivebat
2840 2540 3217 2600 communiter
3262 2556 3390 2595 cum
3419 2538 3535 2595 fra-

1927 2633 2126 2687 tribus.
2183 2631 2459 2699 Diligebat
2510 2639 2762 2693 cunctos,
2817 2637 2872 2686 et
2928 2629 3270 2700 diligebatur
3322 2645 3358 2684 a
3401 2643 3535 2684 cun-v

1934 2723 2060 2776 ctis.

1999 2813 2153 2877 Inter
2182 2811 2314 2864 hac.
2353 2809 2594 2864 abeunte
2618 2810 2873 2864 Baldrico
2894 2809 3100 2879 priore,
3114 2808 3349 2877 jubente
3377 2807 3531 2862 Guil-

239 2903 295 2956 in
326 2920 460 2959 arca
491 2904 675 2957 cordis
692 2904 1021 2960 servandam
1044 2903 1584 2974 recondebat.quam
1600 2922 1846 2974 congruo
1881 2968 1907 2974 ⁸
1930 2899 2095 2952 lclmo
2144 2899 2343 2953 abbate
2382 2899 2651 2962 δαυεθδεὶι
2682 2899 2735 2952 ei
2767 2899 2824 2952 in
2857 2899 3170 2968 Pl‘iOI‘atum
3193 2915 3206 2964 ;
3233 2903 3355 2952 erat
3387 2896 3540 2951 enim

241 3001 502 3062 tempore
538 3001 735 3062 postea
780 2994 1027 3048 suaviter
1075 3002 1386 3050 eructaret.
1431 2968 1612 3048 lilores
1641 2968 1914 3050 etvvitzec
1944 2988 2286 3042 hOHOI‘ﬂbiliS
2331 2989 2454 3050 Vita?
2511 2995 2568 3041 et
2607 2989 2796 3045 milita?
2836 2988 3164 3056 ιη’ῑιάοηῐὶω,
3218 2986 3538 3058 humilitate

241 3074 671 3136 institutionem
697 3083 1444 3152 ejussequens,adpietatein
1464 3101 1524 3137 se
1549 3085 1860 3168 exercebat;
1949 3076 2299 3145 CODSPiCUUS,
2357 3075 2556 3145 ερὶγίιιι
2611 3076 2828 3135 consilii
2880 3075 3162 3145 providus,
3204 3081 3327 3138 48
3378 3071 3541 3134 ἴυιΐιὶε

235 3171 496 3238 jejuniis,
531 3170 751 3238 vigiliis,
781 3171 1130 3226 orationibus
1154 3179 1210 3225 et
1240 3173 1366 3225 aliis
1398 3173 1556 3228 bonis
1588 3175 1852 3243 operibus

241 3258 498 3313 intentus
530 3268 669 3322 erat,
705 3259 760 3312 in
783 3260 908 3328 lege
930 3261 1150 3319 Domini
1178 3262 1426 3318 studiese
1453 3263 1846 3320 meditabatur.

241 3354 298 3402 et
335 3348 493 3416 quod
540 3348 763 3417 legebat
814 3366 949 3402 sane
980 3349 1333 3418 inti-lligebat
1369 3357 1423 3404 et
1453 3352 1850 3408 convenienter

241 3437 579 3505 exponebat,
605 3438 944 3512 solutionem
969 3439 1208 3493 libenter
1218 3439 1542 3508 accipiebat.
1561 3441 1716 3496 Inter
1732 3442 1850 3495 hmo

240 3524 438 3580 videns
467 3524 726 3584 diabolus
754 3526 1026 3584 Bosonem
1056 3527 1114 3582 in
1135 3533 1327 3581 sancto
1351 3528 1636 3596 praposito
1667 3529 1849 3597 quoti-

241 3613 333 3667 die
363 3614 712 3668 meliorando
740 3615 808 3674 de
833 3615 1034 3675 virtute
1061 3615 1119 3668 in
1151 3601 1412 3676 virtutem
1441 3619 1727 3686 proficere,
1752 3633 1850 3686 per

242 3704 506 3773 spiritum
540 3702 894 3772 blasphemia:
917 3703 1152 3762 immisit
1169 3705 1220 3760 ei
1246 3706 1617 3762 tentationem
1640 3707 1850 3774 gravis-

243 3793 471 3848 simam.
501 3808 625 3861 quae
655 3792 1084 3853 succedentibus
1115 3793 1220 3848 sibi
1255 3794 1422 3854 variis
1447 3794 1849 3862 cogitationum

243 3879 606 3939 tumultibus.
649 3880 730 3934 ita
776 3896 905 3943 eum
962 3881 1195 3936 vexabat
1243 3888 1305 3935 ut
1353 3883 1437 3938 vix
1467 3899 1694 3952 compos
1733 3901 1848 3937 suae

245 3969 454 4025 mentis
478 3968 763 4031 existeret.
795 3970 1166 4033 Transierunt
1203 3971 1261 4023 in
1292 3971 1396 4024 hoc
1423 3972 1598 4040 aliqui
1629 3972 1762 4034 dies,
1791 3978 1850 4032 et

243 4058 486 4111 tentatio
511 4073 572 4113 se
591 4058 716 4127 ipsa
741 4075 963 4127 semper
985 4059 1152 4112 [iebat
1161 4061 1400 4129 gravior.
1418 4061 1698 4118 Turbatus
1715 4079 1848 4130 ergo

245 4153 304 4201 et
335 4152 523 4202 mente
552 4147 820 4204 confusus
841 4148 981 4200 adiit
994 4149 1344 4213 Anselmum,
1377 4155 1432 4204 et
1463 4150 1594 4219 quid
1627 4158 1848 4220 patere-

244 4242 344 4289 tur
373 4236 620 4305 aperuit.
660 4236 759 4294 Vir
788 4242 976 4294 autem
1001 4245 1246 4299 sanctus.
1280 4255 1404 4292 cum
1431 4239 1655 4307 singula
1682 4239 1846 4308 intele

1947 3166 2140 3232 tudine
2198 3167 2410 3229 firmus,
2463 3164 2858 3226 consolabatur
2906 3164 3209 3226 .dcsolatos.
3279 3162 3540 3236 omnibus

1943 3255 2133 3330 omnia
2179 3255 2388 3319 factus;
2423 3254 2478 3308 in
2511 3261 2783 3323 quantum
2820 3258 3040 3322 poterat
3069 3251 3369 3321 unicuique
3398 3249 3532 3316 sub-

1931 3343 2213 3408 veniebat,
2267 3343 2539 3412 benignus
2595 3349 2718 3405 erat
2775 3342 2833 3398 in
2892 3341 3268 3417 exhortando.
3339 3340 3532 3399 mode-g

1930 3439 2049 3486 stus
2073 3433 2128 3487 in
2157 3434 2524 3502 corripiendo,
2555 3433 2896 3503 pauperibus
2927 3431 3178 3499 dapsilis.
3212 3429 3528 3500 hosPitibus

1929 3523 2187 3590 atlabilis,
2239 3523 2348 3586 fide
2405 3523 2622 3586 firmus,
2671 3538 2768 3591 spe
2835 3521 2891 3580 in
2946 3521 3060 3574 Deo
3109 3525 3315 3582 certus,
3347 3517 3533 3576 chari-

1931 3617 2046 3664 tate
2095 3612 2346 3666 diffusus.
2400 3613 2539 3673 Cum
2598 3628 2707 3664 non
2759 3610 3000 3672 habebat
3061 3609 3210 3678 quod
3262 3607 3538 3668 tribueret

1931 3701 2136 3769 egenti,
2173 3700 2436 3754 monebat
2453 3717 2606 3770 spem
2634 3700 2694 3758 in
2725 3701 2900 3760 Deum
2937 3687 3278 3768 ponendam,
3317 3708 3536 3754 assere-

1936 3788 2029 3858 bat
2066 3789 2122 3842 in
2171 3789 2427 3859 proximo
2457 3789 2880 3844 subventionem
2911 3788 3008 3850 Dei
3041 3787 3255 3846 adfore.
3283 3786 3534 3845 nondum

1931 3881 2098 3931 tinem
2158 3878 2352 3932 mundi
2400 3878 2639 3931 venisse.
2685 3865 2845 3940 Talia
2877 3877 3116 3946 jocando
3169 3873 3536 3940 dicebaﬁsed

1929 3967 2096 4036 corde
2146 3968 2321 4033 Deum
2365 3967 2691 4036 suppliciter
2731 3966 3004 4035 rogabat;
3043 3966 3138 4034 qui
3170 3981 3417 4034 persaepe
3450 3963 3534 4022 illi

1931 4056 2236 4123 secundum
2286 4055 2452 4109 ﬁdem
2505 4072 2664 4120 suam
2709 4054 3091 4118 subveniebat.
3164 4052 3530 4131 sapientiam.

1929 4144 2222 4213 consilium
2266 4150 2432 4213 atque
2466 4143 2772 4204 bonitatem
2817 4141 2992 4206 animi
3025 4141 3173 4209 ejus,
3202 4156 3315 4195 non
3341 4140 3527 4196 solum.

1930 4232 2165 4301 subjecti
2185 4233 2280 4303 sed
2313 4233 2482 4286 etiam
2503 4232 2792 4301 principes
2806 4237 2988 4290 terrae,
3010 4228 3253 4298 episcopi
3282 4235 3340 4289 et
3361 4225 3530 4288 abba:

249 4323 410 4386 lexit,
439 4324 544 4382 hoc
581 4329 804 4386 tantum
839 4323 931 4392 pio
977 4325 1178 4382 affectu
1216 4325 1357 4378 dixit
1394 4326 1554 4386 fratri
1588 4345 1598 4379 :
1639 4344 1665 4378 (ι
1702 4327 1844 4380 Deus

1933 4321 2030 4375 tes.
2067 4316 2346 4387 simulque
2397 4315 2639 4386 religiosi
2681 4321 2737 4382 et
2772 4313 3064 4384 saeculares
3109 4311 3270 4380 multi
3301 4327 3530 4380 compee

245 4413 505 4468 consulat
533 4412 655 4471 tibi.
681 4434 702 4463 ι
742 4413 977 4482 Moxque
1005 4430 1135 4473 eum
1165 4413 1397 4472 dimisit.
1419 4415 1545 4484 Ipse
1574 4431 1703 4468 vero
1729 4422 1846 4470 sta-

242 4500 348 4554 tim
382 4508 516 4560 ante
550 4501 832 4575 quoddam
863 4502 1041 4562 altare
1072 4510 1390 4572 prostratus
1417 4519 1542 4558 cum
1582 4503 1846 4573 lacrymis

239 4590 560 4646 orationem
601 4606 700 4660 pro
739 4606 804 4644 eo
851 4590 995 4646 fudit
1034 4591 1105 4644 ad
1136 4592 1472 4658 Dominum;
1505 4593 1654 4648 illico
1687 4599 1848 4646 tanta

242 4679 456 4756 mentis
480 4679 864 4749 tranquillitas
883 4687 1077 4739 secuta
1103 4687 1188 4736 est
1215 4687 1296 4742 ut,
1329 4682 1472 4735 sicut
1499 4681 1618 4752 ipse
1652 4687 1848 4751 postea

242 4767 490 4828 dicebat.
523 4768 675 4828 ultra
721 4785 890 4837 quam
933 4769 1084 4822 credi
1125 4775 1327 4840 potest,
1361 4770 1543 4824 subito
1576 4771 1848 4825 alteratus

240 4864 403 4912 esset
429 4856 502 4915 ab
533 4872 598 4916 eo
625 4857 720 4926 qui
744 4857 947 4919 fuerat.
981 4859 1067 4914 Ita
1098 4860 1278 4918 omnis
1305 4860 1404 4912 illa
1433 4859 1669 4921 tentatio
1695 4859 1848 4929 peni-

238 4953 336 5004 tus
368 4945 601 5006 evanuit
625 4947 776 5016 quod
809 4961 1097 5016 nunquam
1129 4948 1364 5004 ulterius
1397 4948 1455 5004 in
1486 4966 1544 5004 se
1563 4949 1699 5008 talia
1718 4966 1848 5004 sen-

241 5027 405 5081 serit.

315 5117 456 5183 Post
485 5115 602 5169 haec
633 5132 760 5178 cum
791 5114 963 5182 abbas
990 5115 1277 5178 Beccensis
1295 5117 1593 5172 Anselmus
1617 5118 1717 5171 Dei
1741 5118 1848 5172 dis-

243 5204 547 5275 positione,
595 5210 652 5260 et
697 5205 844 5274 regis
884 5205 1194 5273 Anglorum
1248 5223 1314 5260 ac
1360 5207 1548 5276 populi
1580 5208 1849 5262 elecnione

244 5293 705 5363 archiepiscopus
750 5294 1175 5361 Cantuariensis
1216 5295 1414 5349 fuisset
1468 5304 1844 5360 consecratus,

244 5381 539 5448 mandavit
569 5399 734 5436 suum
759 5375 1024 5450 dilectum
1051 5383 1342 5445 Bosonem,
1364 5385 1552 5438 volens
1574 5384 1729 5439 illum
1754 5386 1849 5440 ha-

246 5471 382 5536 bere,
412 5487 621 5536 secum.
647 5471 734 5536 Ita
751 5471 892 5525 Boso
905 5471 1302 5536 transfretavit,
1329 5479 1386 5526 et
1415 5472 1470 5526 in
1501 5474 1703 5544 Anglia
1720 5491 1846 5528 curn

246 5561 522 5628 Anselmo
532 5549 864 5632 aliquandiu
876 5568 1255 5628 commoratus
1269 5569 1369 5618 est.
1378 5563 1586 5632 Eodem
1599 5570 1709 5631 tem
1719 5580 1848 5633 pore

1929 4405 2155 4468 rientes,
2187 4405 2345 4475 quasi
2377 4405 2706 4476 thesaurum
2736 4403 3047 4473 pretiosum
3083 4418 3149 4454 ac
3185 4401 3337 4454 velut
3385 4398 3529 4464 divi-1

1928 4511 2063 4548 num
2109 4495 2395 4548 oraculum
2435 4493 2879 4563 admirabantur.
2923 4492 3104 4548 Tanta
3131 4490 3182 4543 ei
3214 4490 3398 4557 inerat
3424 4487 3530 4554 Dei,

1924 4582 2108 4654 gratia
2137 4589 2193 4659 et
2225 4583 2304 4658 sic
2333 4583 2561 4656 spiritus
2593 4580 2807 4636 consilii
2836 4581 2892 4636 in
2926 4597 2990 4634 eo
3020 4579 3238 4651 vigebat
3266 4585 3328 4634 ut
3357 4578 3428 4632 ad
3469 4593 3530 4640 se

1929 4656 2275 4748 venientibus
2307 4687 2477 4728 causa
2505 4671 2722 4728 consilii
2767 4669 3048 4742 subtiliter
3080 4676 3137 4722 et
3180 4667 3527 4737 sufficienter

1929 4761 2000 4814 ad
2031 4760 2299 4834 inquisita
2319 4760 2702 4834 responderet.

2002 4850 2109 4904 Per
2141 4849 2285 4924 idem
2306 4856 2528 4922 tempus
2560 4848 2846 4904 mandavit
2874 4863 2968 4901 rex
3001 4846 3275 4918 Henricus
3303 4845 3530 4918 Willelﬁ

1933 4955 2022 4993 mo
2051 4921 2236 5014 abbati
2268 4945 2328 4992 ut
2357 4938 2600 5009 priorem
2634 4938 2792 5012 Bccci
2833 4937 3106 5011 Bpsonem
3137 4925 3299 4990 daret
3333 4933 3530 5001 comiti

1930 5028 2248 5085 'l‘heobaldo
2305 5028 2496 5104 nepoti
2543 5044 2664 5090 suo,
2713 5028 2783 5080 ad
2832 5026 3148 5098 faciendum
3180 5015 3439 5080 abbatem
3471 5023 3530 5078 in

1930 5125 2081 5174 terra
2108 5135 2242 5183 sua;
2294 5118 2442 5187 quod
2484 5124 2672 5170 utrum
2718 5133 2928 5193 amore,
2961 5133 3036 5170 an
3061 5115 3243 5180 cordis
3273 5128 3534 5182 rancore,

1930 5207 2043 5260 sive
2073 5193 2387 5278 aliquorum
2419 5206 2783 5273 immissione,
2811 5222 2906 5259 rex
2939 5204 3182 5274 petierit,
3208 5208 3268 5256 ut
3299 5199 3532 5270 perinde

1932 5298 2072 5350 Boso
2103 5298 2406 5366 pelleretur
2427 5296 2494 5349 de
2523 5297 2769 5365 regione,
2799 5295 3074 5356 incertum
3105 5289 3395 5359 habemus.
3420 5292 3536 5342 Au-

1930 5386 2088 5439 diens
2119 5386 2222 5438 hoc
2249 5385 2420 5438 abbas
2446 5385 2809 5438 contristatus
2843 5388 2929 5436 est
2948 5396 3059 5433 non
3090 5377 3323 5444 modice,
3344 5377 3528 5431 misit-

1932 5491 2038 5544 que
2097 5474 2165 5526 ad
2219 5459 2411 5543 regem
2458 5473 2731 5526 mandans
2767 5477 2823 5524 et
2859 5469 3098 5522 multum
3139 5467 3444 5538 deprecans
3470 5472 3535 5532 ut

1932 5545 2190 5640 Ecclesiae
2212 5569 2267 5616 et
2286 5563 2388 5616 sibi
2435 5566 2710 5636 parceret,
2759 5565 2927 5630 atque
2952 5573 2986 5622 a
3007 5556 3107 5632 tali
3133 5555 3386 5629 jussione
3413 5556 3540 5612 ani-
