3902 6166
203 335 311 398 729

203 566 260 614 et
288 559 536 614 libenter
551 557 825 613 conces‘sit
845 556 989 630 quod
1025 555 1311 628 petebant,
1350 557 1720 628 praecepitque
1743 561 1805 610 ut

200 648 548 702 adducerent
571 647 810 718 priorem
829 646 1121 700 Dominica
1137 650 1263 717 post
1282 644 1644 716 Rogationcs;
1670 660 1802 699 nam

202 737 316 790 haec
326 735 805 807 anteRogationes
815 733 1409 806 agebantur.Cumque
1421 735 1536 788 haec
1546 733 1805 788 nuntiata

201 826 437 880 fuissent
456 824 772 886 conventui,
796 824 956 878 valde
988 824 1167 895 gavisi
1198 829 1350 889 sunt,
1370 830 1427 878 et
1446 823 1560 878 Deo
1590 822 1803 893 gratias

200 916 507 969 immensas
527 914 912 969 reddiderunt.
938 914 1101 968 Prior
1119 918 1308 967 autem
1339 913 1477 967 dixit
1502 912 1763 967 omnibus
1783 912 1813 969 ε’

206 1024 228 1056 ι
244 1003 455 1059 Scitote
467 1004 599 1075 quia
611 1020 675 1057 ex
687 1019 797 1074 quo
811 1003 919 1056 vidi
933 1008 1047 1056 tam
1062 1002 1387 1057 unanimem
1401 1019 1535 1073 erga
1548 1019 1636 1056 me
1649 1018 1802 1056 amo-

200 1109 317 1148 rem
337 1098 609 1158 vestrum,
635 1093 683 1146 si
712 1091 843 1146 inde
865 1090 1002 1145 mihi
1025 1091 1336 1145 certissime
1359 1092 1586 1145 scissem
1617 1089 1800 1145 immi-

201 1198 334 1236 nere
363 1189 627 1246 mortem,
662 1197 773 1234 non
799 1180 1113 1234 amisissem
1142 1181 1276 1251 quin
1298 1180 1571 1234 voluntati
1600 1178 1798 1235 vestrae

202 1268 619 1342 promptissime
646 1269 980 1341 paruissem,
1014 1268 1121 1323 nisi
1168 1268 1266 1323 illa
1298 1286 1469 1323 causa
1502 1269 1802 1324 obsisteret

203 1360 333 1432 quia
352 1360 533 1414 Deum
553 1358 834 1413 offendere
866 1355 1155 1412 timebam.
1182 1377 1208 1410 ι)
1247 1358 1500 1413 Perrexit
1518 1374 1651 1428 ergo
1671 1375 1799 1413 cum

200 1448 470 1503 fratribus
514 1447 949 1516 Rothomagum,
982 1447 1248 1518 deditque
1280 1448 1331 1502 ei
1361 1464 1456 1501 rex
1488 1447 1605 1501 solo
1635 1446 1800 1501 verbo

201 1536 439 1592 abbatis:
480 1536 710 1602 donum,
743 1535 996 1606 dixitque
1042 1535 1123 1589 illi
1171 1541 1235 1590 ut
1280 1535 1431 1589 intus
1469 1536 1797 1606 religionem

201 1630 468 1691 servaret,
505 1630 563 1679 et
590 1626 709 1696 ipse
750 1641 851 1696 pro
889 1624 984 1679 illo
1016 1624 1293 1679 exteriora
1321 1631 1575 1689 curaret;
1609 1624 1800 1695 sicque

1024 335 1199 396 VITA
1238 326 1550 394 BOSONIS
1589 326 1896 394 ABBATIS
1934 326 2328 398 BECCENSIS
2366 336 2656 406 QUARTI.

199 486 327 541 gem
347 470 541 542 plures
558 468 629 524 de
643 472 937 535 conventu,
959 485 1100 540 quos
1124 484 1222 523 rex
1245 466 1494 539 suscepit
1516 465 1792 531 hilariter,
1811 465 1864 525 A
1881 468 2112 523 recessit
2137 468 2318 524 tristis
2339 469 2365 522 ?
2407 464 2624 523 Summi
2654 460 2782 534 viri,
2824 466 2943 518 tam
2983 460 3280 517 saeculares
3312 474 3483 533 quam
3576 542 3579 545 Δ

3375 331 3482 391 730

1886 558 2153 630 religiosi,
2193 557 2429 629 proximi
2479 561 2536 610 et
2580 553 2930 616 remotiores,
2976 550 3142 606 multi
3188 548 3488 605 veniebant

1886 648 1956 702 ad
1985 664 2111 703 eum
2142 646 2547 702 consulendum
2588 644 2657 699 de
2698 640 2868 696 rebus
2896 639 3081 695 dubiis
3105 658 3119 706 ;
3153 644 3212 694 at
3240 638 3336 694 ille
3365 637 3484 693 sin-

1882 738 2145 807 gulorum
2193 732 2625 807 cogitationibus
2675 736 2730 787 et
2777 724 3236 802 inquisitionibus
3276 727 3354 782 ita
3391 724 3492 782 re?

1884 825 2195 897 spondebat
2211 831 2275 880 ut
2294 823 2597 894 unicuique
2613 821 2895 877 suﬂiceret
2915 818 3062 890 quod
3080 815 3361 872 audiebat.
3381 815 3485 870 Pa-

1883 914 2084 970 tientia
2100 914 2149 969 ci
2171 912 2517 969 admirabilis
2539 915 2732 965 contra
2747 916 2945 963 omnes
2961 906 3245 961 molestias
3263 905 3451 960 inerat
3467 923 3480 972 ;

1882 1021 2011 1059 nam
2037 1003 2366 1075 patientiam
2379 999 2445 1057 et
2482 997 2972 1055 mansuetudinem
3003 996 3298 1066 cordisque
3322 1010 3482 1049 mun-

1882 1094 2078 1149 ditiam
2127 1094 2349 1155 docens,
2399 1090 2663 1145 monebat
2717 1082 3037 1142 occasiones
3083 1078 3491 1138 scandalorum‘

1880 1183 2074 1254 fugere
2139 1182 2224 1235 vel
2270 1198 2379 1235 non
2427 1196 2624 1233 curare
2671 1194 2793 1249 quae
2840 1176 2954 1229 non
3000 1177 3235 1245 possunt
3284 1172 3339 1225 in
3376 1172 3483 1226 hoc

1883 1272 2093 1327 mundo
2115 1272 2325 1325 deesse.
2352 1268 2582 1324 Dicebat
2607 1284 2667 1321 se
2690 1283 2723 1321 a
2753 1265 2935 1336 primo
2958 1260 3334 1317 conversionis
3364 1275 3481 1313 suae

1882 1367 2135 1432 tempore
2155 1358 2470 1415 occasiones
2491 1357 2881 1412 seandalorum
2904 1354 2986 1408 ita
3015 1352 3310 1406 damnasse
3332 1347 3489 1429 quod

1884 1452 2040 1505 nulla
2082 1449 2393 1511 tribulatio,
2438 1442 2800 1519 prosperitas,
2831 1444 2918 1497 vel
2961 1441 3292 1506 adversitas,
3325 1437 3483 1493 nulla

1881 1540 2131 1599 tristitia.
2159 1539 2274 1593 sive
2312 1538 2523 1599 laetitia,
2547 1551 2645 1590 seu
2674 1528 2860 1604 aliqua
2892 1528 3196 1603 corporalis
3224 1524 3484 1584 molestia

1882 1629 2102 1684 aditum
2123 1627 2305 1682 cordis
2331 1628 2450 1697 ejus
2475 1622 2788 1695 irrumpere
2805 1621 3049 1678 valebat:
3084 1619 3280 1674 eodem
3298 1618 3491 1693 vultu,

200 1716 405 1770 factum
450 1719 536 1769 est
564 1720 626 1768 ut
649 1730 814 1786 quem
846 1714 1000 1785 prius
1029 1713 1445 1768 contradixerat
1472 1730 1621 1768 nunc
1650 1707 1862 1767 mul-B
1882 1717 2078 1773 eodem
2128 1717 2318 1771 animo
2366 1714 2774 1787 perseverabat.
2822 1708 3140 1781 Aliquando
3181 1722 3309 1761 cum
3356 1706 3479 1775 ejus

198 1809 313 1858 tum
333 1803 613 1873 diligeret,
635 1809 693 1856 et
717 1802 896 1857 multa
915 1819 1037 1873 qua)
1059 1802 1284 1873 petebat
1308 1802 1547 1857 libenter
1566 1803 1793 1868 faceret,

199 1892 553 1963 plurimaque
581 1891 825 1945 ecclesiae
854 1890 1124 1945 beneficia
1143 1891 1440 1955 conferret,
1470 1895 1640 1961 atque
1669 1907 1797 1945 con-

198 1981 334 2036 siliis
363 1983 488 2051 ejus
513 1997 660 2051 saepe
689 1979 1086 2051 acquiesceret.
1116 1980 1354 2051 Rogavit
1383 1997 1517 2035 sane
1554 1997 1653 2051 pro
1684 1980 1796 2035 illis

197 2069 413 2124 duobus
462 2068 769 2135 monachis,
815 2086 955 2140 quos
1002 2068 1261 2123 electioni
1309 2071 1431 2140 ejus
1483 2069 1794 2124 contrarios

196 2158 364 2213 fuisse
396 2158 661 2224 diximus,
695 2174 768 2212 ne
809 2152 919 2212 illis
965 2156 1204 2224 obesset,
1246 2158 1392 2229 quod
1432 2164 1629 2212 contra
1665 2175 1796 2212 eum

198 2248 531 2313 sensissent;
566 2262 678 2300 non
707 2250 831 2299 erat
862 2245 1009 2317 apud
1038 2246 1197 2300 illum
1223 2246 1411 2317 gravis
1438 2245 1797 2301 laborindul-

196 2351 324 2405 gere
368 2335 431 2389 in
495 2352 554 2389 se
618 2334 995 2406 delinquenti.
1061 2334 1545 2406 Archiepisc0pus,
1601 2335 1796 2389 videns

197 2440 383 2494 regem
439 2428 558 2478 tam
611 2422 787 2477 libere
849 2423 998 2493 quod
1056 2422 1356 2493 petebatur
1392 2423 1606 2488 fecisse,
1650 2424 1797 2478 sicut

196 2513 550 2584 promiserat,
611 2511 1017 2566 honorabiliter
1056 2512 1238 2566 voluit
1293 2513 1477 2566 facere
1530 2512 1678 2584 quod
1726 2513 1796 2567 de

196 2601 299 2655 hac
328 2619 389 2655 re
413 2601 485 2655 ad
524 2617 584 2655 se
624 2599 959 2671 pertinebat.
988 2600 1157 2654 Venit
1178 2618 1311 2671 ergo
1332 2601 1403 2654 ad
1432 2601 1795 2656 festivitatem

194 2689 554 2745 Pentecostes
576 2706 697 2760 quae
720 2688 1076 2756 imminebat;
1102 2695 1159 2743 et
1177 2690 1268 2744 die
1292 2689 1431 2744 festo
1452 2690 1520 2744 ad
1543 2691 1791 2757 tertiam,

194 2779 418 2851 quando
447 2783 646 2833 cantor
674 2779 922 2849 incoapit,
970 2780 1112 2843 Veni,
1149 2784 1365 2833 creator
1405 2779 1673 2848 Spiritus,
1704 2782 1795 2834 in-

193 2885 420 2938 gressus
451 2868 684 2922 chorum
713 2867 1186 2939 archiepiscopus,
1222 2884 1349 2922 cum
1394 2868 1608 2922 honore
1642 2868 1798 2924 misit

194 2956 351 3011 illum
381 2958 443 3011 in
475 2957 663 3011 sedem
694 2956 944 3019 abbatis;
976 2956 1179 3011 deinde
1208 2957 1266 3011 in
1296 2957 1503 3012 octavis
1531 2957 1798 3012 Penteco-

192 3051 303 3100 stes
317 3048 519 3116 jussus
539 3047 787 3117 perrexit
805 3046 876 3099 ad
899 3045 1367 3100 benedictionem.
1391 3046 1797 3102 Verumtamen

1876 1809 2036 1878 jussa
2082 1823 2194 1860 non
2241 1805 2463 1877 impleri
2508 1801 2895 1865 nuntiabatur,
2944 1797 3166 1853 dicebat
3204 1810 3216 1843 :
3254 1815 3276 1847 α
3322 1795 3480 1865 Saepe

1879 1894 2148 1950 mandata
2159 1894 2343 1959 Dei,et
2356 1892 2789 1964 prmterimus,et
2799 1886 3287 1950 sustinet.Quanto
3299 1882 3480 1953 magis

1879 2000 1983 2039 nos
2009 1983 2124 2055 pati
2151 1983 2436 2044 debemus,
2463 1980 2510 2035 si
2540 1978 2730 2033 nostra
2750 1980 3190 2032 contemnuntur
3211 1971 3415 2041 jussa?
3449 1991 3473 2023 ι

1879 2074 1944 2130 In
1974 2072 2233 2127 omnibus
2259 2076 2468 2136 autem,
2489 2069 2558 2123 ad
2580 2086 2702 2140 qua:
2720 2066 2970 2121 animum
3002 2062 3338 2136 applicabat,
3356 2066 3482 2115 tan-

1880 2168 2002 2217 tum
2025 2161 2244 2215 valebat
2263 2165 2327 2215 ut
2346 2161 2461 2214 sive
2479 2157 2785 2213 secundum
2808 2155 3008 2219 Deum,
3035 2153 3148 2207 sive
3169 2149 3477 2206 secundum

1880 2252 2144 2305 saeculum
2184 2255 2331 2304 esset
2368 2249 2518 2303 unde
2561 2252 2843 2319 ageretur,
2877 2242 3140 2298 velociter
3168 2247 3226 2295 et
3255 2240 3479 2313 sapien-

1879 2339 2096 2394 tissime
2121 2337 2460 2393 dissolvebat
2489 2336 2679 2391 omnia
2698 2341 2753 2389 et
2783 2324 3171 2404 componebat.
3200 2329 3477 2384 COmmis—

1881 2445 2071 2483 sarum
2100 2428 2206 2482 sibi
2236 2428 2557 2482 animarum
2579 2441 2768 2480 curam
2795 2422 3027 2494 gerebat
3060 2420 3385 2486 maximam,
3409 2435 3481 2472 ne

1882 2533 1992 2588 qua
2032 2518 2153 2587 ejus
2192 2515 2537 2587 negligentia
2582 2531 2647 2568 ex
2688 2512 2798 2566 illis
2849 2511 3150 2583 deperiret.
3191 2508 3322 2564 Vita
3358 2509 3480 2577 ejus

1881 2613 2093 2669 sancta,
2138 2605 2342 2665 sobria.
2377 2606 2613 2659 honesta
2656 2608 2713 2657 et
2755 2600 3070 2655 castissima
3100 2605 3240 2654 erat.
3283 2598 3480 2652 Sermo

1882 2696 2004 2765 ejus
2032 2710 2161 2749 raro
2188 2694 2435 2749 utilitate
2461 2691 2723 2758 carebat;
2756 2695 2813 2744 et
2840 2691 2896 2744 in
2929 2688 3063 2761 ipsis
3087 2688 3247 2759 jocis,
3278 2686 3325 2741 si
3354 2685 3478 2758 quis

1881 2783 2023 2839 bene
2043 2788 2322 2855 pensaret,
2341 2790 2746 2852 nonnunquam
2769 2779 3190 2835 aediﬁcationem
3215 2790 3480 2846 magnam

1881 2872 2219 2927 inveniebat.
2245 2871 2605 2926 Conversatio
2635 2872 2758 2942 ejus
2790 2868 3040 2923 modeste
3069 2864 3332 2936 religiosa
3357 2880 3480 2919 om-

1881 2961 2047 3016 nibus
2070 2961 2233 3015 bonis
2253 2959 2783 3033 placebat,infirmis
2800 2956 2978 3029 patris
2999 2960 3350 3022 50curam,
3371 2953 3480 3025 piae

1881 3049 2079 3103 matris
2105 3050 2363 3103 all‘ectum
2387 3046 2702 3102 exhibebat.
2727 3047 2861 3110 Quae
2880 3045 2949 3098 de
2974 3045 3071 3098 illo
3097 3043 3334 3097 dicimus
3353 3057 3481 3097 con-

192 3140 318 3190 ante
351 3136 588 3189 missam
616 3136 839 3189 locutus
867 3150 993 3189 cum
1034 3135 1452 3207 archiepiscopo
1480 3136 1698 3206 rogavit
1725 3152 1796 3190 ne
1813 3139 1858 3199 C
1882 3138 2144 3204 viventes,
2162 3144 2218 3192 et
2231 3138 2396 3192 vicini
2416 3132 3297 3205 attestantur,comprovinciales,
3312 3136 3370 3186 et
3384 3130 3478 3203 qui

189 3241 248 3279 se
265 3230 499 3295 cogeret
516 3224 586 3278 ad
604 3223 1028 3296 professionem,
1053 3241 1221 3294 quam
1244 3225 1399 3278 nullo
1422 3225 1587 3279 modo
1612 3225 1797 3281 facere

188 3314 373 3380 vellet,
405 3314 539 3385 quia
568 3312 614 3367 si
647 3313 871 3379 faceret,
908 3329 1175 3383 magnum
1215 3312 1542 3367 scandalum
1576 3314 1633 3368 in
1669 3330 1796 3370 mo-

190 3403 440 3457 nasterio
468 3407 784 3472 generaret.
811 3402 895 3456 Ad
925 3402 1044 3456 haec
1064 3400 1549 3473 archiepiscopus:
1578 3422 1602 3454 ‹
1638 3403 1792 3469 Sine,

192 3492 286 3556 ait,
320 3491 470 3545 bene
499 3493 625 3545 erit.
662 3511 682 3542 ι
712 3492 966 3562 Cumque
994 3496 1217 3563 tempus
1247 3491 1428 3545 missae
1457 3491 1791 3557 advenisset,

194 3580 414 3636 oblatus
436 3587 523 3635 est
552 3581 623 3635 ad
652 3580 1129 3648 benedicendum;
1164 3586 1300 3634 tunc
1321 3579 1792 3652 archiepiscopus,

192 3676 385 3724 astans
406 3670 582 3724 sacris
602 3668 894 3733 altaribus,
917 3668 1304 3739 interrogabat
1323 3669 1482 3724 illum
1499 3671 1663 3740 juxta
1682 3687 1798 3725 mo-

191 3773 331 3823 rem,
375 3763 435 3812 et
471 3758 566 3811 ille
605 3757 676 3811 ad
716 3757 1062 3828 interrogata
1102 3757 1494 3828 respondebat,
1529 3763 1594 3812 ut
1629 3759 1790 3825 solet,

188 3845 367 3900 donec
390 3847 463 3900 ad
486 3846 625 3900 illud
648 3852 874 3900 ventum
896 3851 983 3900 est
1002 3852 1065 3901 ut
1090 3846 1302 3900 diceret
1326 3865 1337 3899 :
1363 3868 1387 3895 ι
1411 3846 1508 3901 Vis
1529 3846 1792 3902 obediens

186 3951 307 3990 esse
322 3935 717 3990 buicEcclesiae
733 3940 790 3988 et
802 3934 1023 3994 mihi.et
1034 3935 1304 4006 legitimis
1320 3936 1790 3994 successoribus.»

187 4025 399 4079 Atille:
417 4043 443 4077 α
464 4024 625 4078 Volo.
650 4044 674 4076 ))
687 4024 842 4078 Tunc
853 4030 1143 4095 cmperunt
1155 4024 1329 4096 aliqui
1343 4024 1413 4078 de
1431 4025 1795 4080 circumstan-

184 4112 340 4168 tibus
373 4113 591 4167 clericis
628 4129 832 4183 urgere
870 4119 934 4167 ut
978 4113 1189 4168 diceret
1219 4131 1231 4167 :
1273 4133 1297 4165 α
1333 4114 1624 4168 Profiteor.
1665 4134 1687 4165 ι
1720 4118 1795 4170 At

187 4201 283 4255 ille
312 4202 518 4256 iterum
553 4201 732 4255 dixit:
763 4221 787 4250 α
815 4201 970 4256 Volo.
997 4221 1024 4252 ι)
1057 4203 1239 4273 Atque
1269 4218 1395 4256 cum
1426 4203 1703 4257 instarent
1730 4209 1797 4257 ut

195 4308 220 4341 ι
251 4292 519 4360 proﬁteor
543 4311 565 4340 ι
601 4290 982 4360 responderet,
1017 4290 1157 4344 dixit
1186 4291 1390 4345 tertio:
1419 4310 1444 4342 «
1475 4292 1614 4345 Volo
1644 4300 1699 4346 et
1728 4309 1793 4347 ex

188 4379 362 4433 corde
378 4379 516 4433 volo.
541 4399 564 4430 ι
585 4379 743 4433 Tunc
755 4380 1001 4433 Joannes
1021 4385 1227 4433 sanctae
1246 4380 1515 4434 Romanae
1532 4379 1794 4436 Ecclesiae

1882 3243 2009 3282 eum
2029 3232 2306 3281 noverunt
2319 3226 2486 3296 longe
2498 3224 2666 3297 positi
2681 3241 2813 3279 vera
2830 3240 2952 3278 esse
2967 3226 3376 3277 contestantur.
3391 3221 3481 3276 In-

1880 3322 1971 3371 ter
1983 3317 2101 3370 heec
2115 3315 2339 3369 assidue
2358 3314 2531 3369 tantis
2551 3313 2776 3385 pedum,
2794 3311 3013 3384 capitis,
3028 3317 3085 3366 et
3102 3313 3375 3365 viseerum
3386 3309 3482 3364 do-

1879 3405 2093 3461 loribus
2104 3404 2473 3475 torquebatur
2483 3409 2548 3458 ut
2562 3404 2647 3457 vix
2658 3419 2718 3458 se
2729 3402 3055 3458 sustineret.
3070 3398 3385 3471 Aliquando
3400 3398 3482 3453 ita

1881 3494 2151 3549 acerrime
2181 3493 2541 3548 cruciabatur
2578 3493 2748 3564 quod,
2800 3491 2946 3546 sicut
2992 3489 3304 3552 videbatur,
3337 3503 3481 3559 pene

1881 3583 2127 3638 animam
2159 3582 2470 3636 exhalaret.
2495 3582 2640 3635 Nam
2671 3597 2796 3635 cum
2821 3581 2890 3634 de
2916 3578 3149 3634 concilio
3173 3575 3482 3632 Clarimon-

1878 3673 1953 3727 tis
1994 3673 2223 3737 rediret,
2256 3671 2403 3725 sicut
2429 3687 2601 3742 supra
2644 3670 2904 3733 diximus,
2941 3668 3129 3739 gravis
3160 3683 3289 3721 eum
3322 3665 3481 3719 infir-

1880 3762 2047 3816 mitas
2076 3761 2367 3831 corripuit,
2412 3777 2534 3831 quae
2564 3760 2642 3814 sic
2673 3775 2799 3814 eum
2830 3757 3142 3813 debilitavit
3168 3761 3233 3810 ut
3272 3755 3330 3810 in
3362 3760 3483 3808 tota

1877 3849 1992 3904 vita
2018 3866 2122 3903 sua
2152 3865 2263 3903 non
2292 3848 2536 3920 perfecte
2560 3854 2755 3919 postea
2782 3845 3148 3910 convaluerit,
3172 3851 3248 3913 et,
3271 3850 3336 3899 ut
3359 3860 3483 3898 ma-

1875 3938 1963 4008 gis
1992 3939 2115 4008 ejus
2141 3937 2414 4009 patientia
2442 3936 2776 4008 probaretur
2794 3941 2851 3990 et
2873 3937 3061 4006 justus
3073 3935 3282 4006 justior
3298 3934 3477 3996 ﬁeret,

1877 4026 2060 4081 adhuc
2091 4027 2315 4097 plagam
2348 4025 2615 4080 caecitatis
2652 4025 2845 4079 intulit
2890 4024 2941 4079 ei
2982 4024 3273 4079 Dominus.
3304 4024 3380 4078 At
3409 4022 3480 4075 ile

1874 4115 2176 4186 gaudebat,
2209 4114 2423 4184 gratias
2466 4115 2580 4169 Deo
2612 4113 2830 4184 agebat,
2859 4130 3082 4185 semper
3110 4113 3293 4180 laetus,
3329 4127 3480 4165 sem-

1878 4221 1978 4275 per
1993 4209 2319 4257 mansuetus
2336 4209 2477 4266 erat,
2494 4201 2705 4256 sciebat
2720 4202 2853 4273 quia
2870 4205 3050 4256 virtus
3066 4204 3129 4254 in
3147 4201 3479 4268 inﬁmitate

1870 4296 2162 4362 perﬁcitur
2179 4292 2268 4362 {Il
2286 4293 2407 4347 Cor.
2441 4306 2538 4358 xn,
2562 4289 2643 4357 9):
2674 4296 2731 4345 et
2761 4296 2970 4362 quanto
3001 4288 3245 4344 exterius
3264 4288 3480 4360 afﬂige-

1876 4383 2062 4446 batur,
2118 4386 2277 4435 tanto
2332 4380 2566 4434 interius
2621 4380 2806 4450 gratia
2866 4380 2917 4434 ei
2972 4377 3470 4450 augmentabatur.

184 4466 430 4537 legatus,
454 4468 549 4538 qui
578 4467 658 4521 ibi
680 4468 821 4522 forte
841 4467 1066 4522 aderat:
1091 4488 1117 4520 α
1139 4469 1263 4522 Νοη
1288 4468 1517 4534 auditis,
1540 4469 1640 4530 ait.
1662 4470 1792 4541 quid
1823 4457 2088 4525 DVerum
2106 4476 2301 4542 postea
2314 4469 2412 4524 Dei
2432 4469 2792 4524 miseratione
2812 4469 3053 4540 quodam
3071 4468 3478 4523 medicamento

183 4557 365 4612 dicit?
398 4557 531 4628 quid
556 4558 801 4628 amplius
831 4557 1041 4611 vultis?
1069 4576 1089 4607 ι
1116 4557 1317 4629 Sicque
1343 4557 1796 4631 archiepiscopus

182 4645 479 4701 benedixit
488 4663 639 4704 eum.
655 4648 850 4701 Altera
865 4646 957 4700 (lie
967 4645 1139 4701 abbas
1154 4663 1409 4701 reversus
1423 4652 1509 4701 est
1527 4647 1762 4702 Beccum
1778 4666 1792 4715 ;

182 4744 499 4791 conventus
520 4751 668 4801 vero,
685 4735 859 4789 sacris
872 4734 1118 4789 vestibus
1134 4735 1383 4800 indutus,
1398 4735 1658 4790 ordinata
1670 4752 1796 4808 pro-

183 4824 463 4891 cessione,
486 4825 656 4879 exivit
680 4823 899 4879 obviam
919 4823 1185 4878 venienti.
1208 4826 1283 4878 At
1309 4825 1403 4879 ille
1424 4826 1669 4880 occurrit
1686 4826 1796 4879 hu-

187 4914 412 4968 militer
432 4912 798 4985 processioni,
832 4912 999 4966 nudis
1018 4911 1270 4982 pedibus,
1296 4913 1425 4966 licet
1451 4913 1708 4978 infirmis,
1742 4918 1799 4968 et

181 5007 487 5073 susceptus
507 5007 595 5055 est
615 5017 743 5054 cum
773 5016 977 5071 magno
996 5000 1224 5071 gaudio,
1248 5000 1392 5055 sicut
1411 5006 1534 5055 erat
1557 5017 1795 5056 consue-

179 5092 326 5145 tudo
358 5090 536 5162 ipsius
556 5089 838 5144 Ecclesiee.
864 5089 1170 5143 Ordinatus
1192 5089 1382 5160 itaque
1404 5089 1796 5160 perseverabat

181 5180 649 5234 constantissime
666 5178 816 5249 quod
835 5177 1035 5232 fuerat.
1061 5178 1353 5249 Superbia,
1377 5184 1434 5232 et
1449 5180 1791 5249 arrogantia,

182 5269 413 5323 nullum
459 5268 519 5322 in
569 5284 637 5322 eo
683 5267 866 5321 locum
919 5265 1196 5334 habebat;
1242 5266 1472 5321 humilis
1515 5268 1573 5322 in
1603 5269 1791 5333 corde,

174 5358 471 5427 jucundus
501 5356 560 5410 in
590 5372 869 5421 sermone,
898 5356 1094 5410 hilaris
1122 5356 1178 5410 in
1216 5356 1369 5410 vultu
1398 5373 1624 5427 semper
1651 5363 1792 5424 erat,

182 5447 483 5501 modestus
523 5445 580 5499 in
625 5444 843 5509 habitu,
888 5460 1091 5515 parcus
1140 5445 1193 5498 in
1240 5445 1409 5510 victu,
1444 5445 1690 5516 prudens
1738 5446 1796 5501 in

183 5541 346 5600 actu,
367 5535 423 5589 in
441 5533 816 5605 suscipiendis
834 5532 1151 5603 hospitibus
1171 5533 1388 5599 hilaris,
1410 5533 1466 5587 in
1484 5534 1798 5589 exhibendo

182 5623 530 5695 obsequium
572 5621 838 5677 liberalis.
869 5621 1007 5685 Quis
1038 5621 1199 5682 illum
1227 5621 1515 5677 desolatus
1540 5623 1699 5691 adiit,
1740 5628 1800 5679 et

1879 4559 2091 4631 recepit
2138 4560 2338 4613 visum.
2369 4558 2621 4614 Tandem
2670 4557 2915 4630 paralysi
2959 4556 3284 4622 dissolutus,
3334 4557 3479 4612 lecto

1877 4647 2273 4719 prosternitur,
2306 4653 2578 4718 tantaque
2607 4646 3066 4701 incommoditate
3097 4645 3478 4703 membrorum

1879 4735 2283 4791 molestabatur
2311 4753 2412 4808 per
2440 4736 2670 4807 longum
2699 4742 2923 4807 tempus
2950 4741 3016 4790 ut
3043 4752 3146 4791 nec
3174 4735 3243 4790 de
3275 4736 3478 4792 lectulo

1878 4842 2128 4895 surgere,
2177 4842 2280 4879 nec
2331 4830 2498 4889 stare,
2548 4825 2634 4880 vel
2680 4825 2958 4891 incedere,
3009 4825 3106 4880 sed
3154 4840 3257 4879 nec
3289 4826 3479 4895 jacere

1879 4915 2109 4969 valeret.
2147 4913 2391 4969 Sedebat
2421 4919 2611 4968 autem
2641 4914 2698 4969 in
2726 4915 2888 4979 lecto,
2921 4920 2976 4968 et
3005 4914 3203 4969 dextra
3232 4915 3479 4986 laevaque

1878 5003 2091 5075 paratis
2115 5004 2185 5067 ad
2226 5004 2331 5057 hoc
2359 5004 2603 5075 pulvillis
2644 5009 2816 5075 caput
2854 5003 3182 5069 reclinabat,
3216 5009 3272 5059 et
3303 5004 3476 5059 talem

1878 5092 2048 5147 vitam
2101 5108 2380 5147 carcerem
2439 5092 2709 5160 vocabat;
2754 5098 2812 5148 et
2859 5110 2987 5148 vere
3026 5094 3105 5148 ita
3150 5097 3292 5157 erat,
3342 5108 3473 5146 nam

1878 5182 2024 5236 sicut
2047 5181 2106 5235 in
2126 5198 2348 5236 carcere
2368 5182 2574 5252 ligatus
2598 5182 2857 5254 progredi
2888 5183 3106 5254 uspiam
3133 5197 3243 5235 non
3266 5184 3470 5250 potest,

1878 5270 1959 5324 ita
1980 5271 2146 5324 homo
2172 5271 2272 5325 Dei
2302 5271 2539 5325 vinculis
2565 5272 2735 5340 hujus
2762 5271 3108 5341 zegritudinis
3126 5267 3473 5339 compeditus

1879 5359 1949 5413 de
2001 5360 2142 5412 lecto
2196 5358 2345 5413 exire
2396 5375 2508 5413 non
2563 5366 2783 5431 poterat
2844 5361 2954 5413 Cor
3006 5365 3193 5412 tamen
3249 5372 3475 5428 semper

1878 5447 2091 5502 habens
2112 5447 2181 5501 ad
2213 5448 2412 5514 Deum,
2446 5465 2671 5502 sensum
2715 5448 2997 5517 integrum
3032 5461 3159 5499 cum
3189 5460 3471 5515 sermone,

1880 5536 2214 5606 sapientiam
2246 5542 2304 5589 et
2345 5536 2691 5590 intellectum
2740 5533 3036 5599 retinebat,
3070 5533 3400 5605 patientiam
3438 5551 3473 5589 a

1878 5624 1996 5679 Deo
2017 5624 2123 5678 sibi
2142 5623 2402 5696 poscebat
2419 5623 2753 5690 conservari,
2783 5639 2855 5678 ne
2883 5632 3260 5678 murmuraret
3278 5628 3475 5679 contra
