3902 6166
227 293 339 380 iiii

292 421 514 480 Placuit
541 428 594 480 et
628 441 765 482 sano
786 428 1023 496 pervigil
1051 427 1142 482 hic
1162 428 1365 483 studio.

222 507 511 565 Sustinuit
535 516 718 567 multa
756 516 1070 583 tranquilla
1108 520 1289 569 mente
1322 517 1542 585 ﬂagella

293 596 555 677 Mitis
576 605 596 652 !
617 603 779 657 Hune
797 605 1007 683 recreat
1036 606 1190 683 tectis
1217 608 1411 683 sancta
1436 606 1710 683 frutectis.

224 684 385 738 Hunc
409 689 637 741 nultum
658 678 912 758 sequitur
934 706 1038 758 pro
1065 678 1404 745 taiieverbere
1432 678 1721 756 murmur,

294 774 487 829 Grates
505 778 600 830 sed
617 778 711 831 dat
726 781 779 831 ei
803 781 902 848 qui
922 781 1030 833 sibi
1067 784 1143 833 tot
1168 782 1388 834 tribuit.

225 862 441 932 Sicqite,
478 881 666 919 norem
695 870 888 921 lustris
917 870 981 921 in
1005 871 1273 936 religione
1294 872 1552 939 peractis,

292 953 398 1007 Dat
429 944 637 1007 metam
658 957 878 1021 studiis,
912 942 1146 1019 viribus,
1178 960 1450 1026 imperiis.

226 1034 377 1109 Quod
394 1044 449 1094 si
474 1046 599 1110 quis
619 1046 819 1111 quaerit
842 1061 948 1113 quo
973 1032 1217 1100 constitit
1240 1048 1417 1100 exitus
1446 1048 1558 1114 illi,

227 1120 386 1184 Hunc
414 1122 775 1199 praeui-saris
794 1136 930 1187 sciat
962 1137 1024 1188 in
1053 1120 1256 1189 Natale
1285 1119 1539 1190 Joannis.

230 1219 270 1273 0
294 1222 381 1287 pie
410 1221 681 1295 Baptista,
718 1226 899 1275 noster
914 1225 1043 1291 pius
1073 1222 1330 1277 Israelita

231 1300 425 1361 Tecum
438 1312 745 1377 jungatur,
778 1312 975 1364 residet
1000 1327 1105 1380 quo
1134 1315 1350 1366 lumine
1375 1313 1644 1368 Christus.

1018 300 1191 359 Vm
1221 299 1640 388 summm
1674 297 1987 385 eum
2023 297 2421 387 necesse.
2457 299 2730 390 9mm

3398 297 3511 383 τὶ*

1844 434 1897 491 Α
2612 440 2804 483 mon.

1903 516 2079 570 Abbas
2108 517 2394 580 Beccensis,
2429 519 2588 584 cujus
2614 532 2791 570 sermo
2816 517 2931 584 fuit
2959 518 3124 582 ensis,

1975 605 2256 689 AW?”
2275 606 2498 687 vitium,
2527 620 2633 684 quo
2662 606 2839 688 datur

1911 681 2301 753 Bosc'oIP‘ater
2344 681 2598 758 magnus,
2645 681 2879 746 tumidis
2908 681 3005 759 teo,
3042 681 3276 746 mitibus
3300 707 3503 761 agnus,

1982 783 2048 835 Et
2075 783 2253 836 dulcis
2282 783 2503 849 Populo,
2522 784 2593 848 βε
2616 784 2759 835 cinis
2785 781 2882 835 hoc
2911 785 3145 835 tumulo.

1906 871 1993 945 Fit
2021 873 2164 924 cinis
2193 871 2295 924 hac
2322 871 2530 945 tumba,
2564 872 2665 938 qui
2691 885 2911 938 serpens
2938 875 3104 944 atque
3128 870 3381 926 columba

1971 942 2060 1014 Ἐω
2083 960 2352 1027 probitate
2374 942 2508 1026 fuit,
2540 946 2717 1012 uiuere
2739 960 2875 1035 dum
2896 942 3096 1027 potuit.

1909 1047 2052 1117 Ergo
2080 1048 2267 1102 ridens
2293 1063 2497 1110 versus,
2529 1051 2657 1101 atra
2685 1063 2753 1101 ne
2782 1049 2857 1100 sit
2878 1046 3026 1115 Stige
3054 1063 3286 1127 mersus,

1980 1139 2109 1207 Regi
2143 1137 2317 1205 funde
2343 1152 2573 1205 precem,
2592 1128 2754 1206 quem
2778 1138 2923 1189 necis
2952 1152 3057 1190 esse
3085 1152 3289 1190 necem.

1913 1225 2198 1280 Credimus
2219 1229 2267 1278 et
2288 1227 2451 1290 catis,
2483 1210 2701 1278 scandit
2727 1212 2859 1292 quos
2885 1226 3111 1293 quisque
3137 1224 3333 1292 ﬁdelis.

1986 1316 2082 1369 Dei
2101 1317 2231 1385 pius
2259 1330 2364 1366 esse
2391 1313 2518 1376 sibi,
2540 1315 2641 1382 qui
2667 1313 2807 1368 Deus
2829 1298 3001 1367 esstat
3032 1298 3131 1366 ibi.
3162 1296 3361 1368 Amen.

1765 1483 3489 1514 Μ

665 1652 1055 1787 vum
1119 1648 2098 1791 maneamus
2194 1654 3040 1766 renonum

520 1897 794 1969 QUINTI
842 1899 1178 1962 ABBATIS
1222 1899 1473 1974 BECCI,
1534 1901 1841 1965 POSTEA
1895 1900 2503 1964 AltGHIEPlSCOPI
2561 1894 3217 1983 CANTUABIENSIS.

1360 2086 2338 2213 ,COMPENDIUM.

290 2415 565 2471 Defuncto
594 2415 899 2483 venerabili
929 2422 988 2472 et
1014 2417 1256 2489 sapienti
1301 2417 1420 2473 viro
1458 2419 1677 2485 Bosone
1719 2416 1817 2472 ab—
1837 2416 2061 2481 Bdens,
2089 2415 2177 2470 ira
2210 2414 2359 2485 regis
2387 2418 2589 2475 contra
2613 2427 2744 2469 eum
2782 2411 2842 2466 in
2878 2411 3099 2464 tantum
3132 2403 3393 2471 efferbuit
3416 2403 3502 2465 ut,

230 2503 369 2570 hate,
396 2504 645 2575 suscepit
662 2520 857 2565 curam
886 2506 1179 2573 Beccensis
1199 2507 1524 2575 monasterii
1543 2504 1823 2562 «Theobal-

230 2590 434 2655 dus,vir
452 2607 665 2662 genere
678 2593 1139 2659 clarus,moribus
1155 2582 1404 2661 ornatus,
1414 2594 1821 2667 vitahonestps,

228 2679 424 2745 litteris
445 2680 585 2743 bene
606 2681 882 2745 eruditus.
911 2683 1014 2752 ilic
1031 2690 1285 2754 tempore
1304 2684 1524 2755 Domini
1546 2684 1817 2738 Willelmi

228 2768 436 2835 abbatis
468 2768 620 2825 venit
635 2769 706 2839 ad
722 2769 1060 2837 ordinem,et
1073 2780 1330 2843 suscepto
1350 2772 1544 2839 habitu
1564 2772 1824 2843 religiose

228 2873 320 2928 per
341 2858 532 2928 plures
550 2874 730 2925 annos
745 2858 805 2913 in
824 2860 1069 2921 claustro
1090 2861 1243 2927 Vixit,
1260 2869 1520 2935 acceptus
1540 2860 1818 2934 omnibus.

230 2945 434 3000 Deinde
465 2947 642 3017 ipsius
665 2947 773 3003 loci
803 2936 986 3004 factus
1016 2956 1103 3007 est
1132 2951 1285 3022 prior
1313 2951 1506 3006 decem
1529 2950 1712 3016 annis,
1742 2957 1814 3014 et,

231 3033 467 3090 abeunte
483 3036 701 3091 Bosone
720 3037 939 3103 abbate,
964 3039 1235 3094 electione
1249 3040 1422 3095 totius
1442 3040 1822 3111 congregatio-

227 3124 308 3177 nis
332 3124 507 3178 abbas
537 3131 623 3180 est
649 3125 1007 3195 subrogatus.
1030 3128 1157 3183 Non
1186 3129 1365 3183 multo
1392 3134 1537 3202 post,
1572 3129 1686 3183 Deo
1706 3128 1823 3183 dis-

230 3218 487 3280 ponente,
518 3219 574 3266 et
601 3213 886 3284 Stephano
914 3231 1047 3286 rege
1076 3232 1203 3270 cum
1224 3217 1420 3286 regina
1440 3216 1710 3270 Mathilde
1733 3232 1823 3269 vo-

230 3307 401 3366 cante,
435 3301 696 3372 cleroque
724 3304 1085 3370 assentiente,
1118 3310 1176 3358 et
1212 3306 1417 3376 populo
1454 3306 1817 3366 acclamante,

230 3387 282 3442 in
299 3390 561 3460 Angliam
591 3389 927 3454 traducitur.
945 3398 1005 3447 et
1015 3409 1144 3447 eum
1166 3410 1370 3464 magno
1391 3394 1597 3464 gaudio
1618 3393 1825 3465 excipi-

232 3479 476 3533 tur.Mox
492 3479 852 3533 Cantuarizea
873 3481 1147 3536 Balduino
1164 3484 1430 3537 Romana;
1447 3483 1595 3537 sedis
1616 3483 1821 3553 legato,

234 3567 398 3621 totius
433 3567 739 3622 Britannia:
759 3569 1210 3641 archiepiscopus
1229 3577 1583 3643 consecratus
1601 3578 1702 3626 est.
1730 3572 1826 3645 ln-f

234 3660 314 3708 ter
338 3656 460 3710 haec
490 3657 734 3727 plurima
761 3658 998 3712 adversa
1029 3675 1062 3711 a
1103 3659 1236 3714 viris
1283 3660 1576 3731 utriusque
1615 3660 1828 3714 ordinis

1904 2505 2120 2566 cunctis
2148 2503 2524 2565 audientibus,
2551 2503 2783 2563 diceret.
2817 2499 2967 2571 quod
2996 2498 3056 2552 in
3095 2513 3155 2551 se
3184 2502 3310 2562 εει
3352 2492 3509 2576 idea}

1907 2593 2357 2664 archiepiscopus
2396 2591 2627 2655 minime
2671 2589 2950 2651 conﬁdere
2988 2586 3220 2653 valeret,
3268 2596 3506 2649 manum

1900 2683 2180 2754 propriam
2213 2682 2269 2737 in
2290 2697 2417 2741 eum
2450 2694 2805 2750 nequaquam
2829 2678 3097 2742 mitteret,
3138 2689 3367 2737 suorum
3401 2686 3505 2741 aue

1905 2780 2018 2827 tem
2050 2772 2097 2825 si
2127 2771 2252 2841 quis
2272 2770 2516 2839 aliquam
2548 2769 2599 2823 ei
2629 2766 2895 2838 injuriam
2960 2766 3187 2831 faceret,
3231 2762 3353 2833 ipse
3389 2774 3506 2843 non

1903 2865 2144 2919 curaret.
2168 2860 2288 2924 Quo
2306 2859 2499 2921 audito
2518 2857 2975 2937 archiepiscopus
2992 2852 3284 2908 confestim
3301 2849 3510 2923 disces-

1902 2951 1977 3005 sit
2011 2966 2044 3007 a
2072 2948 2249 3013 curia,
2280 2948 2351 3002 ad
2377 2962 2544 3018 quam
2587 2952 2724 3001 tunc
2761 2948 3123 3016 perrexerat;
3161 2951 3507 3007 ascensaque

1902 3037 2030 3092 navi
2049 3036 2328 3095 Tamesim
2360 3035 2787 3099 transibat,cum
2811 3050 2935 3088 ecce
2946 3030 3240 3095 duodecim
3257 3027 3374 3087 fere
3392 3026 3504 3080 mi-

1903 3127 2032 3182 lites
2048 3126 2223 3185 secuti
2240 3131 2375 3180 sunt
2391 3141 2521 3187 eum
2537 3140 2663 3178 cum
2678 3123 2903 3192 gladiis,
2926 3128 2989 3178 ut
3000 3137 3126 3189 eum
3143 3119 3505 3201 perimerent,

1904 3215 1990 3269 vel
2013 3214 2279 3270 membris
2305 3212 2697 3279 debilitarent;
2726 3211 2824 3267 sed
2850 3227 2981 3265 eum
3002 3210 3238 3265 illaesum
3260 3207 3355 3259 ille
3372 3219 3509 3258 con-

1904 3304 2145 3359 servavit
2173 3304 2267 3375 qui
2298 3319 2449 3364 suos,
2482 3302 2706 3373 quando
2735 3301 2874 3365 vult,
2898 3298 3178 3354 custodire
3208 3294 3366 3350 novit
3407 3295 3511 3347 Ac-

1907 3398 1968 3446 ta
1984 3398 2120 3447 sunt
2148 3393 2266 3447 hac
2290 3392 2440 3446 circa
2460 3398 2683 3445 octavas
2708 3389 2952 3443 Pascha.
2994 3387 3172 3442 Multa
3208 3384 3403 3446 etiam,
3445 3386 3513 3436 ut

1908 3483 2029 3552 ejus
2060 3483 2232 3535 vitam
2262 3498 2327 3536 ac
2350 3481 2555 3536 famam
2585 3481 3041 3537 dehonestarent.
3081 3476 3139 3530 in
3167 3474 3402 3547 populos
3438 3472 3511 3526 de

1906 3570 2004 3643 illo
2034 3568 2333 3642 opprobria
2356 3569 2732 3624 seminabant.
2758 3569 2874 3622 Deo
2900 3582 3029 3620 vero
3050 3565 3310 3619 universa
3329 3562 3512 3633 dispo-

1908 3666 2097 3723 nente,
2119 3660 2233 3731 qui,
2267 3659 2490 3731 quando
2519 3659 2656 3721 vult,
2679 3657 2846 3722 eripit
2873 3672 3004 3710 suos
3031 3656 3100 3708 de
3121 3652 3513 3724 angustia,an-

235 3760 526 3815 perpessus
545 3751 648 3801 est.
682 3747 746 3801 In
775 3747 974 3818 primis
1003 3749 1227 3819 quando
1254 3748 1427 3803 abbas
1456 3750 1664 3804 electus
1699 3749 1824 3815 fuit,
1845 3746 1889 3805 C
1908 3748 2138 3805 nullatis
2176 3748 2435 3823 omnibus
2464 3747 2703 3823 insidiis,
2746 3746 2974 3801 tandem
3014 3745 3183 3809 ﬁnem
3222 3742 3311 3817 his
3349 3739 3512 3794 malis

236 3832 877 3905 HugoRothomagensis
888 3836 1339 3908 archiepiscopus
1354 3838 1477 3908 ejus
1497 3838 1827 3891 electionem
1909 3838 2194 3909 imposuit.
2227 3824 2593 3891 Hebdomada
2621 3836 2769 3890 enim
2800 3840 2931 3889 ante
2958 3832 3317 3904 Rogationes,
3341 3831 3513 3883 ﬁnem

236 3937 500 3992 quassare
528 3922 725 3987 voluit,
758 3925 892 3995 quia
916 3941 981 3978 eo
1029 3925 1345 3980 inconsulto
1401 3926 1549 3980 facta
1598 3926 1783 3980 fuerat
1910 3925 2128 3980 vivendi
2157 3929 2215 3980 et
2240 3925 2512 3995 regnandi
2538 3926 2731 3996 regina
2761 3923 2950 3977 subiit.
2974 3924 3149 3976 Porro
3176 3918 3512 3975 Eustachius

237 4010 346 4071 sed,
392 4010 805 4066 interveniente
854 4014 1157 4067 venerabili
1198 4015 1469 4069 Audoeno
1512 3998 1835 4069 Ebrbicensi
1916 3996 2236 4085 ejus'iilius,
2271 4015 2576 4068 multorum
2612 4013 2908 4075 malorum,
2942 4011 3039 4065 sed
3079 4016 3137 4064 et
3176 4007 3513 4079 supradictae

238 4098 531 4153 venerabili
571 4100 849 4172 episcopo.
907 4102 1183 4173 praedicta
1231 4103 1489 4157 electioni
1541 4119 1832 4159 assensum
1886 4175 1889 4178 _
1916 4103 2324 4184 pertubationis
2348 4119 2536 4161 causa.
2568 4119 2678 4165 non
2704 4101 2879 4163 multo
2901 4105 3027 4168 post
3043 4097 3327 4181 hominem
3353 4095 3510 4178 exiit.

238 4187 488 4255 praebuit.
518 4189 922 4243 Verumtamen
953 4179 1395 4258 benedictionem
1434 4190 1669 4246 abbatiae
1699 4186 1833 4259 dare

245 4275 297 4329 ei
320 4275 535 4349 distulit
563 4270 988 4347 quatuordecim
1020 4280 1305 4335 mensibus
1323 4297 1493 4335 causa
1534 4276 1833 4352 professio-

241 4362 342 4430 nis,
379 4382 551 4436 quam
586 4354 790 4421 facere
842 4367 1088 4432 nolebat,
1125 4369 1259 4439 quia
1299 4376 1680 4424 antecessores
1711 4371 1833 4440 ejus

240 4468 591 4526 nequaquam
614 4471 741 4509 eam
755 4454 1019 4511 fecerant.
1033 4448 1236 4512 Verum
1253 4458 1646 4530 deprecatione
1666 4463 1835 4529 atque

238 4541 466 4617 consilio
496 4544 647 4597 Petri
669 4536 888 4598 abbatis
912 4545 1314 4619 illuniacensis,
1338 4546 1434 4618 qui
1454 4553 1588 4631 tunc
1614 4547 1758 4601 forte
1777 4547 1838 4613 in

236 4629 649 4699 Northmannia
672 4640 814 4697 erat,
845 4633 1293 4708 archiepiscopus
1313 4636 1434 4690 sine
1462 4636 1690 4707 scripto,
1716 4637 1834 4690 solo

237 4718 420 4784 verbo,
448 4721 698 4792 suscepit
718 4720 789 4776 ab
818 4739 883 4776 eo
914 4712 1336 4794 prefessionem,
1369 4729 1427 4778 et
1446 4724 1525 4779 sic
1553 4724 1837 4780 benedixit

1913 4174 2065 4258 Quos
2106 4176 2427 4263 Stephanus
2464 4208 2561 4245 rex
2619 4190 2952 4245 subsecutus
2994 4174 3298 4267 terminum
3337 4174 3512 4267 tantis

1914 4274 2164 4336 cladibus
2192 4270 2366 4344 dedit,
2406 4287 2465 4334 et
2500 4279 2741 4333 moriens
2771 4277 2974 4354 populo
3001 4264 3287 4357 regnoque
3316 4264 3512 4357 pacem

1916 4358 2160 4441 reliquit.
2197 4368 2472 4435 Henricus
2494 4367 2746 4441 demum,
2770 4352 2887 4436 jam
2905 4352 3513 4447 totiusNorthmannia:

1916 4458 2047 4523 dux,
2091 4446 2349 4527 Angliam
2379 4444 2683 4527 ingressus,
2716 4455 2822 4509 sibi
2856 4456 2987 4527 jure
3027 4444 3382 4535 hereditario
3412 4444 3513 4533 de-

1918 4545 2100 4601 bitum
2126 4563 2359 4616 regnum
2395 4542 2668 4612 obtinuit;
2710 4561 2820 4616 quo
2848 4544 2907 4598 in
2936 4538 3097 4614 regni
3123 4533 3367 4596 culmine
3392 4536 3516 4611 jam

1915 4636 2266 4700 confirmato,
2310 4634 2575 4688 Henricus
2593 4633 2766 4688 frater
2785 4620 2933 4704 regis
2968 4628 3261 4717 Stephani,
3288 4620 3515 4704 Wintot

1916 4725 2125 4779 niensis
2155 4723 2469 4796 episcopus,
2502 4740 2538 4777 a
2571 4739 2744 4794 regno
2775 4722 3032 4776 discessit
3072 4710 3136 4796 et
3172 4720 3318 4775 clam
3357 4710 3516 4796 mare

239 4823 402 4878 quem
429 4790 631 4881 postea
654 4790 962 4882 plurimum
984 4810 1194 4868 dilexit.
1225 4813 1289 4868 In
1335 4806 1660 4891 episcopatu
1706 4831 1834 4896 vero
1919 4814 2164 4868 transiit.
2192 4790 2408 4896 Sicque
2446 4790 2788 4883 prospiciens
2817 4828 2887 4865 ex
2936 4811 3069 4875 alto,
3107 4790 3296 4895 justus

236 4899 451 4968 positus
472 4900 652 4955 multa
679 4901 914 4972 pertulit
934 4918 1076 4973 pene
1104 4919 1279 4974 usque
1303 4902 1375 4957 ad
1393 4888 1630 4957 mortem
1654 4922 1667 4969 ;
1702 4886 1835 4977 nam
1921 4890 2400 4979 archiepiscopum
2426 4896 2810 4955 Theobaldum
2847 4899 2917 4954 de
2954 4886 3237 4985 peri-culis
3256 4886 3517 4985 maximis

239 4994 536 5060 postquam
568 4990 902 5047 Eustachius
932 4982 1079 5063 regis
1108 4982 1256 5047 filius
1283 4994 1477 5058 crevit,
1505 4999 1563 5047 et
1583 4984 1743 5048 miles
1765 4984 1840 5048 ef;
1857 5065 1899 5075 _
1921 4977 2147 5064 eripuit,
2179 4996 2236 5046 et
2272 4984 2394 5061 ejus
2413 5007 2609 5044 omnes
2630 4988 2886 5068 inimicos
2911 4989 2981 5043 ad
3256 4977 3509 5071 redegit.

239 5076 413 5149 iectus
441 5085 545 5142 est,
570 5080 870 5144 voluerunt
887 5097 982 5139 rex
999 5088 1057 5135 et
1070 5097 1286 5151 regina,
1323 5088 1493 5153 atque
1523 5083 1841 5138 Wentanus
1857 5065 1906 5123 Π
1924 5070 2222 5162 Nonnullis
2251 5087 2439 5134 autem
2471 5085 2665 5157 postea
2691 5065 2924 5147 feliciter
2946 5065 3083 5157 vixit

240 5162 531 5240 episcopus
561 5165 837 5229 Henricus
866 5170 1016 5240 regis
1053 5170 1246 5229 frater.
1276 5187 1341 5224 ac
1362 5171 1521 5226 multi
1548 5172 1616 5226 de
1642 5189 1840 5243 proce-
1920 5160 2048 5251 nem
2082 5187 2209 5239 vero
2227 5169 2381 5251 exuit
2404 5160 2552 5222 anno
2573 5167 2738 5222 Verbi
2759 5156 3038 5221 incarnati
3066 5156 3517 5251 millesimocen-

242 5254 662 5319 ribus,maxime
680 5258 928 5333 gregarii
947 5257 1151 5314 milites
1167 5259 1260 5330 qui
1283 5248 1547 5333 juvenem
1574 5252 1842 5337 amabant
1921 5246 2122 5313 tesimo
2153 5246 2580 5330 quadragesimo
2610 5273 2777 5317 nono,
2813 5246 3026 5309 decimo
3047 5246 3247 5326 quarto
3274 5246 3516 5337 Kalend.

241 5349 305 5396 ut
322 5330 772 5416 archiepiscOpus
792 5362 919 5399 eum
948 5346 1005 5399 in
1030 5362 1218 5417 regem
1241 5330 1495 5425 angeret.
1521 5341 1681 5427 Quod
1710 5330 1843 5421 quia
1922 5338 2076 5413 Maii,
2110 5349 2249 5425 feria
2266 5348 2430 5401 tertia
2454 5346 2694 5427 Paschze.
2724 5336 3053 5428 Beccensem
3073 5359 3208 5425 sane
3236 5330 3517 5428 abbati'agui1

244 5433 692 5514 archiepiscopus
710 5434 891 5515 facere
929 5434 1127 5511 noluit,
1163 5418 1591 5505 Henricusenii‘n
1626 5418 1846 5494 Mathil-
1926 5429 2089 5516 annis
2130 5418 2357 5491 'duobus
2384 5442 2442 5504 et
2493 5420 2726 5488 dimidio
2774 5422 2936 5513 rexit,
2980 5418 3519 5517 archiepiscopatum

246 5513 968 5603 disimperatiicis,Henrici
983 5524 1132 5596 regis
1151 5525 1297 5601 ﬁliai,
1326 5514 1721 5605 ﬁlium-angina
1740 5513 1843 5583 im-
1924 5544 2055 5611 vero
2080 5513 2242 5582 annis
2270 5520 2483 5611 viginti,
2515 5516 2713 5576 diebus
2737 5520 2977 5608 totidem
2996 5513 3071 5595 ac
3100 5513 3389 5606 mensibus

248 5610 512 5685 minebat,
536 5629 779 5691 regnum
806 5602 973 5697 suum
1000 5602 1429 5701 haereditarium
1446 5602 1621 5699 armis
1638 5606 1841 5698 perva-
1922 5602 2043 5701 bus.
2384 5602 2390 5611 ’
2522 5606 2525 5607 ⁷
