3864 6176
427 282 533 364 735
1278 360 1281 363 ,
1386 304 1485 360 AD
1524 303 1766 361 oram
1805 304 1874 361 B.
1913 302 2330 361 LANFRANCI
2368 274 2755 360 APPENDIX.
2864 272 2871 277 ’
3566 297 3655 356 736

426 568 729 664 VleE
794 571 1290 693 LETARDI
1348 570 1676 665 SEXTI
1717 570 2197 665 ABBATIS
2248 568 2855 665 BECCENSIS
2915 563 3662 662 COMPENDIUM.

497 881 817 938 Venerabili
843 882 1162 938 Theobaldo
1200 883 1401 939 abbate
1437 883 1701 938 Beccensi
1755 882 2026 955 archiepi-
2041 884 2098 944 Α
2112 882 2143 937 d
2155 900 2250 939 um
2280 883 2428 955 quod
2448 881 2718 954 scriptum
2735 886 2838 947 est,
2862 879 3330 952 utjustusjustior
3348 879 3498 933 ﬁeret
3514 879 3666 949 (Apoc.

429 987 597 1043 scopo
648 972 1042 1027 Cantuariensi
1098 972 1272 1040 facto,
1341 973 1398 1027 in
1462 973 1715 1043 regimen
1796 971 2032 1026 coenobii
2116 989 2244 1036 XXII,
2280 974 2386 1039 ll),
2415 972 2672 1045 permisit
2698 988 2826 1025 eum
2858 972 3006 1025 Deus
3034 968 3667 1040 corporaliumoculorum

431 1060 704 1115 electione
767 1062 940 1116 totius
987 1062 1443 1132 congregationis
1477 1063 1717 1115 domnus
1760 1061 2035 1115 Letardus
2116 1065 2421 1119 cwcitatem
2478 1062 2782 1126 incurrere,
2838 1067 2905 1115 ut
2957 1058 3241 1131 patientiae
3311 1074 3375 1111 ac
3434 1057 3668 1111 virtutum

432 1148 716 1203 successit.
760 1149 880 1215 Hic,
924 1166 989 1202 ex
1017 1150 1213 1203 eodem
1255 1150 1374 1205 luco
1401 1155 1662 1222 parentes
1692 1149 1903 1203 incolas
1941 1148 2038 1202 ha-
2118 1155 2237 1224 ejus
2262 1152 2462 1207 merita
2492 1152 2821 1214 declararet,
2854 1155 2909 1203 et
2937 1148 3237 1203 interiores
3275 1147 3457 1201 oculos
3502 1146 3563 1199 ad
3605 1146 3672 1199 in-

432 1235 590 1299 bens,
618 1237 871 1308 ejusdem
905 1238 1008 1291 loci
1034 1238 1297 1309 indigena
1318 1240 1558 1305 exstitit;
1584 1246 1640 1292 et
1656 1238 1747 1292 ubi
1783 1238 2037 1309 progeni-
2116 1243 2389 1297 tuendum
2415 1258 2606 1296 verum
2638 1241 2829 1294 lumen
2860 1234 3673 1310 retorqueret.Qui,taliincom-

433 1330 527 1379 tus
560 1325 666 1379 fuit
702 1343 970 1396 magnum
1009 1328 1330 1382 conscendit
1369 1329 1657 1393 honorem,
1699 1327 1831 1397 quia
1868 1343 2035 1380 vene-
2120 1332 2285 1387 modo
2315 1347 2632 1403 percussus,
2665 1344 2951 1400 nunquam
2986 1344 3085 1397 pro
3105 1327 3211 1379 hoc
3239 1324 3674 1394 tristisvideripo—

434 1415 612 1470 rando
638 1414 839 1471 abbate
868 1416 1151 1471 Willelmo
1168 1417 1452 1487 religionis
1483 1416 1736 1471 habitum
1768 1416 2035 1487 suscepit,
2119 1421 2248 1479 tuit.
2280 1437 2382 1476 nec
2400 1419 2878 1475 conversationem
2910 1417 3149 1471 fratrum
3188 1413 3451 1477 deseruit,
3483 1417 3674 1482 excepto

438 1510 496 1558 et
516 1520 550 1557 a
571 1504 764 1575 primis
792 1505 975 1571 annis,
1006 1505 1156 1559 inter
1191 1523 1380 1560 sacras
1419 1506 1670 1576 ejusdem
1712 1505 2037 1559 monasterii
2121 1511 2268 1581 quod
2300 1527 2425 1564 cum
2465 1509 2546 1563 eis
2570 1508 2800 1562 minime
2825 1506 2884 1560 in
2910 1504 3240 1560 dormitorio
3262 1501 3495 1570 jacebat,
3526 1517 3611 1555 nec
3629 1501 3675 1553 in

434 1592 772 1663 disciplinas,
807 1594 863 1647 in
887 1594 986 1648 Dei
1005 1611 1230 1666 semper
1245 1611 1437 1649 amore
1458 1601 1514 1649 et
1532 1594 1819 1665 religionis
1839 1594 2040 1649 ardore
2120 1600 2364 1654 claustro
2394 1597 2639 1653 sedebat.
2672 1598 2735 1652 In
2758 1598 2926 1650 choro
2947 1598 3159 1659 autem,
3190 1593 3252 1646 in
3279 1590 3529 1663 capitulo,
3548 1590 3677 1643 inre-

435 1680 505 1734 de
535 1681 625 1734 die
650 1682 706 1736 in
731 1683 879 1736 diem
911 1685 1174 1746 CXCfeVit.
1207 1685 1493 1755 Vitaque
1522 1701 1683 1738 suam
1722 1684 1879 1737 omni
1913 1700 2037 1737 mo-
2121 1689 2372 1752 fectorio,
2402 1693 2468 1743 ut
2497 1687 2731 1758 quilibet
2760 1686 2923 1751 alius,
2955 1699 3181 1754 semper
3215 1697 3392 1753 usque
3427 1680 3493 1733 ad
3527 1684 3677 1732 extre-

434 1784 562 1823 rum
599 1771 876 1841 probitate
903 1778 959 1825 et
981 1772 1213 1827 honesta
1235 1772 1655 1827 conversatione
1676 1773 1734 1826 in
1758 1772 1962 1826 mentis
1982 1777 2039 1826 et
2120 1794 2273 1831 mum
2303 1776 2609 1830 terminum
2640 1775 2766 1829 vita;
2797 1778 3160 1828 conversatus
3190 1776 3295 1824 est.
3331 1767 3677 1823 Inﬁrmitatem

434 1859 683 1929 corporis
707 1860 952 1929 puritate
981 1861 1297 1925 custodivit,
1323 1861 1575 1931 jejuniis,
1609 1860 1809 1930 vigiliis
1832 1860 2039 1914 oratioe
2121 1883 2249 1921 vero
2268 1867 2584 1929 incurrens,
2607 1881 2670 1918 ex
2703 1880 2815 1934 qua
2835 1861 3114 1933 migravit,
3142 1866 3434 1932 postquam
3464 1856 3595 1910 visus
3611 1861 3678 1909 est

331 1952 335 1957 '
435 1946 712 2017 nibusque
738 1949 1051 2004 indefessus
1079 1951 1303 2004 interno
1348 1949 1651 2021 inspectori
1674 1965 1789 2019 per
1839 1949 2029 2003 omnia
2118 1972 2317 2009 cursus
2346 1955 2433 2009 sui
2463 1959 2644 2008 metas
2675 1950 3145 2023 appropinquare,
3181 1947 3590 2001 ininﬁrmorum
3607 1942 3682 1996 do-

436 2035 655 2105 placere
681 2038 947 2106 gestiens.
973 2040 1185 2092 Cautus
1206 2044 1263 2093 et
1287 2039 1557 2093 sollicitus
1586 2038 1643 2092 in
1660 2038 1749 2092 his
1768 2038 1865 2108 qui
1886 2038 1955 2092 ad
1973 2055 2034 2091 se
2118 2061 2269 2101 mum
2279 2087 2294 2114 ,
2317 2060 2429 2115 qua
2452 2043 2655 2098 fratres
2683 2041 3084 2110 defunguntur,
3126 2032 3368 2099 delatus,
3414 2033 3485 2088 ibi
3509 2031 3681 2086 coadu.

436 2123 1034 2194 Ρθνῐίηθδθηιοιηηίηο
1048 2128 1718 2198 θκίεῐθηεφνδεεοθριονυηι
1736 2128 2032 2197 resumat
2061 2201 2071 2202 ί
2118 2135 2265 2189 natis
2294 2132 2560 2187 fratribus
2581 2138 2639 2186 et
2667 2147 2766 2202 pro
2801 2146 2865 2184 eo
2889 2129 3139 2200 psalmos
3176 2123 3497 2180 canentibus
3533 2121 3689 2176 emisit

439 2212 718 2281 majorum
748 2230 975 2268 suorum
1000 2216 1283 2270 StUdiOSUS
1314 2222 1687 2277 οοηεθτνθῐοικ
1720 2201 2101 2285 transgres-B
2121 2224 2403 2296 spiritum.
2447 2201 2799 2276 Venerabilis
2837 2225 3027 2272 autem
3069 2217 3346 2270 Rotrocus
3383 2209 3685 2268 Ebroicensis

439 2315 594 2354 sores
619 2302 891 2356 acerrime
946 2320 1274 2374 coarguens,
1326 2304 1535 2374 ingenii
1573 2303 1772 2375 optimi
1803 2304 1926 2357 fuit.
1974 2305 2040 2359 In
2121 2314 2413 2385 episcopus
2455 2328 2582 2365 cum
2614 2307 2949 2380 quibusdam
2979 2305 3277 2360 abbatibus
3315 2317 3506 2373 corpus
3536 2298 3685 2370 ipsius

440 2389 902 2445 collocutionibus
933 2393 1110 2447 dulcis
1127 2398 1184 2446 et
1218 2393 1513 2447 familiaris
1541 2398 1680 2456 erat,
1714 2392 1955 2446 maxime
1992 2390 2040 2444 si
2122 2403 2424 2474 diligenter
2444 2406 2501 2455 et
2528 2398 2832 2454 honoriﬁce
2860 2395 3186 2457 tumulavit,
3217 2398 3289 2447 αο-
3310 2391 3555 2446 ῃιιίιῂῃιῃ
3582 2386 3683 2441 om-

441 2478 568 2550 quis
595 2496 723 2534 Cum
757 2494 825 2535 9-0
855 2482 924 2536 de
963 2483 1145 2536 salute
1197 2483 1397 2537 αηὶιηεθ
1453 2499 1568 2536 sua?
1608 2482 2036 2553 colloqueretur,
2123 2493 2268 2547 cium
2285 2494 2446 2563 juxta
2483 2504 2697 2543 morem
2721 2486 2955 2559 peregit.
2977 2483 3232 2540 Transiit
3269 2497 3395 2536 vero
3425 2477 3682 2533 millesimo

440 2568 650 2623 amicos
679 2586 885 2640 magno
902 2571 1216 2626 dilectionis
1236 2574 1437 2626 an‘ectu
1458 2570 1693 2635 colebat,
1718 2570 2043 2624 bosscilicet
2121 2582 2430 2637 centesimo
2459 2578 2807 2647 sexagesimo
2840 2575 3020 2645 primo
3046 2570 3328 2627 incarnati
3346 2568 3506 2623 Verbi
3538 2580 3679 2629 anno,

440 2673 580 2728 quos
615 2659 738 2713 νίίεθ
767 2660 1030 2714 honestas
1059 2660 1491 2715 commendabat
1514 2679 1526 2728 ὅ
1551 2677 1741 2715 verum
1774 2661 1820 2713 εί
1849 2660 2042 2730 aliqua
2121 2680 2275 2727 sexto
2292 2672 2481 2726 Nonas
2500 2667 2652 2733 Julii,
2677 2664 3082 2721 Sabbatointra
3099 2668 3327 2717 octavas
3339 2657 3679 2731 apostolorum

439 2762 562 2817 quae
591 2747 872 2804 honestati
900 2766 1013 2804 non
1042 2750 1397 2814 conveniunt,
1429 2751 1499 2804 de
1536 2749 1647 2804 illis
1684 2748 2039 2803 animadver-
2121 2762 2274 2816 pen-1
2308 2765 2366 2814 et
2426 2758 2606 2821 Ρειιιιί,
2668 2755 2816 2810 circa
2864 2753 3138 2807 decimam
3177 2752 3373 2805 horam
3396 2745 3518 2811 diei,
3556 2757 3680 2798 anno

439 2834 615 2907 δεῖταί,
648 2843 704 2891 et
731 2854 926 2893 eorum
974 2839 1235 2911 deinceps
1275 2839 1712 2899 familiaritatem
1750 2837 2042 2909 ΡθτνίΡεη·
2121 2850 2302 2905 aetatis
2327 2866 2440 2903 suae
2462 2846 2683 2902 circiter
2718 2843 3064 2915 sexagesimo
3103 2840 3322 2912 quinto,
3354 2835 3682 2892 monachatus

441 2923 626 2982 debat.
673 2926 826 2981 Talis
855 2928 912 2982 in
945 2928 1146 3000 seipso,
1179 2928 1309 2982 talis
1338 2928 1395 2983 in
1428 2928 1571 2995 aliis,
1596 2933 1653 2983 et
1679 2934 1811 2982 ante
1840 2931 2043 2998 etpost
2124 2936 2746 3010 veroquinquagesimo.
2771 2936 2818 2989 A
2838 2933 3003 2987 beato
3024 2930 3299 2987 Herluino
3312 2931 3493 2982 autem
3528 2922 3682 2995 ιπίηιο

440 3012 743 3082 abbatiam,
775 3016 1004 3071 exstitit.
1036 3017 1197 3088 Apud
1228 3017 1581 3072 Pontisaram
1614 3017 1795 3088 primo
1843 3016 1966 3069 mul‘

2156 3029 2321 3083 bbate
2352 3033 2410 3082 et
2434 3027 2591 3081 Becci
2620 3024 2919 3079 fundatore
2957 3026 3146 3075 sextus
3191 3017 3422 3084 exstitit,
3460 3019 3514 3068 et
3538 3010 3682 3067 abba-

439 3103 604 3157 am‘is
633 3104 786 3174 Prior
814 3105 938 3169 fuit,
970 3122 1035 3159 3°
1062 3105 1287 3160 demum
1320 3106 1469 3177 εἰ)υά
1496 3107 1748 3167 Pratum
1783 3105 1933 3159 unde
1969 3104 2039 3158 ad
2121 3120 2257 3173 tiam
2284 3118 2428 3174 rexit
2452 3115 2625 3171 annis
2644 3115 2856 3180 decem,
2880 3110 3076 3166 diebus
3108 3108 3308 3180 viginti
3332 3106 3505 3161 tribus

437 3189 721 3247 abbatiam
752 3201 1092 3266 assumptus,
1113 3194 1285 3249 abbas
1314 3195 1591 3266 siquidem
1617 3194 1816 3259 factus,
1847 3209 2040 3248 secun-

2353 3371 3690 3404 _________________________._

1662 3522 2486 3621 MIRACULUM

682 3739 806 3815 Quo
836 3739 913 3801 Β.
953 3739 1150 3801 Μανία
1184 3738 1456 3802 subvenit
1485 3737 1801 3802 Guillelmo
1839 3736 2120 3816 Crispino
2159 3735 2441 3875 genz'orz';
2464 3769 2544 3785 --
2570 3734 2681 3795 ubi
2704 3732 2776 3794 de
2829 3730 3024 3793 nobili
3066 3730 3476 3820 Crispinonum

1838 3835 2049 3875 genere
2082 3834 2182 3875 aaz
2213 3836 2309 3875 ur.
2380 3838 2395 3855 κ

1835 3835 2049 3900 genere
2082 3834 2309 3896 agitur.
2380 3838 2395 3855 κ

509 4106 685 4161 Beata
706 4103 930 4160 Domini
955 4105 1137 4160 Mater
1181 4111 1238 4160 et
1285 4110 1557 4177 perpetua
1609 4106 1781 4176 Virgo
1838 4106 2036 4173 Maria,
2061 4105 2194 4170 Cde
2227 4105 2458 4159 instanti
2498 4102 2743 4176 periculo
2786 4099 3004 4165 mortis,
3036 4098 3131 4152 sed
3186 4096 3507 4168 priusquam
3540 4085 3687 4154 huius

438 4195 724 4266 singulare
749 4194 1070 4266 praesidium
1087 4195 1557 4258 Christianorum,
1579 4212 1678 4267 per
1698 4212 1865 4266 quam
1886 4196 2037 4250 salus
2122 4195 2375 4249 miraculi
2425 4193 2678 4247 ordinem
2717 4190 3050 4262 pandamus,
3087 4186 3323 4256 dignum
3352 4182 3561 4267 videtur
3578 4186 3692 4245 pall.

438 4285 634 4340 mundi
666 4272 946 4357 apparuit,
979 4301 1089 4356 quo
1122 4286 1389 4349 maiorem
1422 4266 1779 4356 apudDeum
1804 4302 1916 4356 pra:
1941 4302 2042 4340 0&3—
2122 4283 2201 4337 cis
2229 4283 2476 4337 indicare
2510 4282 2634 4353 quis
2662 4279 2834 4335 fuerit
2858 4279 2950 4332 ille
2968 4276 3304 4337 Willelmus,
3331 4274 3388 4326 et
3414 4266 3553 4323 unde
3581 4274 3691 4327 cog‘

439 4374 577 4428 teris
605 4360 850 4445 gratiam
888 4373 1164 4428 invenisse
1201 4374 1565 4444 dignoscitur,
1594 4391 1659 4428 eo
1695 4374 2047 4446 frequentius
2124 4388 2327 4427 nomen
2360 4370 2596 4447 Crispini
2624 4369 2727 4422 sibi
2755 4375 2812 4422 et
2842 4384 2944 4421 suo
2967 4365 3160 4437 generi
3188 4357 3504 4431 contigerit.
3579 4438 3609 4449 ﬂ

438 4463 511 4519 ab
531 4440 877 4539 hominibus,
907 4468 965 4517 et
986 4440 1302 4539 ﬁducialius
1320 4468 1490 4533 atque
1511 4440 1841 4517 familiarius
1863 4464 1919 4516 in
1942 4480 2040 4517 nc-
2196 4440 2511 4532 Antequam
2537 4446 2909 4513 NOrtbmanni
2938 4457 3079 4510 duce
3128 4452 3414 4507 Willelmo
3456 4440 3690 4539 angliain

439 4537 791 4608 cessitatibus
819 4536 1109 4605 invocatur
1141 4571 1152 4582 ·
1187 4557 1310 4616 53
1338 4557 1396 4606 et
1418 4551 1539 4624 ipsa
1562 4553 1709 4605 celer
1733 4552 2041 4607 clementize
2124 4550 2487 4613 debellarent,
2506 4547 2688 4602 fuitin
2710 4546 2991 4610 Neustria,
3017 4560 3138 4615 qua:
3153 4557 3303 4595 nunc
3318 4534 3693 4593 Northmanma

442 4658 557 4696 suae
588 4642 780 4695 multis
817 4639 1141 4710 impendere
1166 4640 1308 4693 solet
1334 4639 1664 4695 beneficium
1719 4640 1879 4696 Unde
1908 4657 2045 4694 non-
2124 4650 2373 4702 voratur,
2405 4638 2487 4692 vir
2515 4637 2793 4708 egregius,
2848 4633 3075 4688 nomine
3114 4629 3472 4687 Gislebertus.
3513 4626 3692 4716 geilfl‘e

442 4731 602 4785 nulla
627 4730 775 4783 illius
805 4703 1186 4783 sub-ventionis
1215 4730 1467 4801 exempla
1492 4730 1855 4785 inveniuntur
1876 4731 2047 4802 scrip-
2127 4735 2184 4783 et
2213 4727 2506 4782 nobilitate
2538 4703 2857 4798 praeclarus,
2904 4723 2994 4794 qui
3024 4722 3095 4775 ab
3124 4716 3449 4804 habitudine
3491 4703 3691 4804 capi"?

442 4824 524 4883 ta,
546 4817 791 4889 plurima
807 4817 1014 4888 passim
1032 4818 1153 4889 jugi
1172 4819 1497 4875 sentiuntur
1517 4820 1716 4875 effectu
1739 4839 1752 4884 ς
1779 4836 1902 4891 qua:
1925 4836 2049 4890 pro-
2129 4822 2277 4882 rum,
2312 4817 2527 4887 primus
2550 4814 2790 4885 Crispini
2822 4810 3155 4882 cognomine
3184 4806 3387 4861 dicitur
3405 4798 3694 4894 insignitus;

443 4912 571 4979 pter
596 4906 1012 4961 multitudinem
1037 4924 1148 4961 non
1173 4914 1307 4961 sunt
1325 4909 1717 4963 commendata
1740 4908 2043 4962 memoriae.
2129 4922 2258 4960 nam
2292 4906 2348 4959 in
2377 4922 2479 4959 sua
2509 4904 2772 4976 primaeva
2799 4907 2965 4956 aetate
2995 4897 3237 4953 habebat
3262 4892 3483 4965 capillos
3511 4892 3695 4983 φεροε

440 4996 484 5052 Ε
512 4994 717 5066 quibus
745 5011 919 5049 unum
951 4995 1160 5050 referre
1184 4997 1455 5062 volumus,
1490 4997 1638 5069 quod
1670 4998 1901 5068 dignum
1934 5013 2048 5050 me-
2132 5000 2191 5048 ct
2216 4994 2445 5064 rigidos,
2477 4999 2648 5063 atque
2678 5006 2900 5045 sursum
2932 4991 3165 5047 erectos,
3199 4992 3273 5047 et,
3306 4987 3371 5036 ut
3405 4979 3482 5069 ita
3515 4972 3696 5027 dicamo

445 5084 624 5139 moria
652 5083 890 5148 videtur,
939 5085 1198 5156 quodque
1231 5103 1329 5156 pro
1369 5086 1455 5140 sui
1510 5086 1898 5156 magnitudine
1936 5100 2047 5139 non
2134 5081 2397 5137 rebursos
2431 5082 2499 5135 ad
2555 5080 2783 5134 modum
2838 5076 2955 5149 pini
2996 5089 3304 5134 ramorum,
3361 5066 3453 5140 qui
3493 5069 3700 5159 scalpe"

441 5174 626 5247 potuit
651 5175 826 5228 latere
855 5152 1006 5228 illius
1035 5152 1376 5229 hominibus.
1408 5176 1470 5229 In
1497 5152 1774 5246 quo‘facto
1804 5173 2051 5229 ostendit.
2134 5171 2376 5225 tendunt
2395 5186 2640 5233 sursum,
2676 5183 2849 5240 quare
2880 5163 3308 5235 cognominatus
3324 5152 3696 5249 est-Crispinus.

441 5263 766 5319 beatissima
795 5262 896 5317 Dei
925 5280 1129 5334 parens
1159 5281 1326 5334 quam
1360 5263 1665 5335 benignum
1715 5268 1879 5334 gerat
1916 5280 2051 5333 erga
2132 5276 2293 5331 quas,
2327 5264 2541 5328 crispus
2558 5263 2769 5327 pinus;
2803 5271 2969 5326 quam
2993 5253 3318 5324 capillorum
3351 5244 3699 5335 rebursionem

439 5353 676 5408 miseros
706 5353 775 5407 ad
810 5369 870 5406 se
896 5353 1282 5423 confugientes
1313 5352 1595 5407 affectum.
1629 5354 1775 5406 Nam
1826 5351 2048 5405 cuidam
2133 5348 2317 5403 adhuc
2358 5348 2601 5401 videmus
2628 5347 2685 5400 in
2707 5345 2777 5399 iis
2800 5344 2895 5415 qui
2924 5344 2993 5396 de
3020 5341 3196 5413 ipsius
3217 5330 3701 5423 Gislebertigeuefc

443 5441 616 5496 nobili
638 5443 753 5496 viro
784 5449 841 5496 et
867 5441 972 5495 sibi
1003 5441 1220 5507 devoto,
1252 5442 1479 5495 nomine
1507 5442 1812 5506 Willelmo,
1847 5451 2111 5510 cogno-D
2131 5437 2495 5492 descendunt.
2522 5435 2682 5491 Unde
2703 5434 2878 5505 etipsi
2895 5432 3090 5486 eodem
3118 5425 3443 5497 cognomine
3464 5419 3700 5510 ac???“

444 5536 634 5585 mento
664 5531 939 5601 Crispino,
984 5532 1103 5600 ejus
1143 5530 1582 5584 misericordiam
1624 5529 1947 5600 deprecanti
1985 5528 2044 5583 in
2129 5527 2650 5581 Northmannorum
2681 5522 2909 5577 familiis
2936 5519 3295 5575 dirimuntur.
3319 5514 3428 5567 Iste
3445 5500 3697 5601 (iisleber:

443 5592 938 5688 magnaanxietate
952 5592 1150 5686 adfuit,
1173 5624 1229 5673 et
1248 5617 1645 5673 miserabiliter
1663 5592 1822 5673 illum
1841 5617 2051 5688 eripuit
2130 5622 2225 5670 tus
2253 5616 2372 5684 qui,
2400 5621 2466 5678 ut
2488 5613 2751 5679 diximus,
2785 5608 3031 5686 Crispini
3061 5618 3365 5680 cognomen
3396 5597 3597 5670 primus
3626 5592 3698 5639 est
