3864 6176
189 260 272 320 737

1193 254 1290 310 DE
1325 254 1572 311 NOBILI
1613 255 1902 311 GENERE
1940 255 2457 312 CRISPINORUM.

3332 259 3439 321 738

184 386 419 458 adeptus,
441 381 664 454 accepit
691 396 920 436 uxorem
937 378 1185 435 Senioris
1213 381 1471 436 Fulconis
1497 382 1565 437 de
1590 384 1767 437 Aluov
1785 384 1833 444 Α
1854 383 1923 437 ad
1948 381 2158 438 Christi
2196 386 2590 453 paupertatem
2616 386 2739 437 tota
2762 382 3057 441 devotione
3093 402 3153 441 se
3180 387 3437 456 contulit,

182 489 512 548 germanam,
554 472 784 525 nomine
833 471 1175 533 Gonnorem,
1228 471 1297 524 de
1329 488 1439 542 qua
1469 477 1584 526 tres
1619 472 1763 527 ﬁlios

184 564 373 636 genuit,
429 558 1198 629 Gislebertum‘Crispinum,
1238 576 1339 630 pro
1370 575 1481 630 quo
1520 559 1764 615 scribere

186 653 251 707 ita
273 650 638 721 suscepimus,
660 655 716 702 et
727 647 1056 712 Robertum,
1073 647 1325 717 duasque
1346 648 1490 702 ﬁlias
1509 649 1763 703 Emmam

184 740 311 796 Petri
337 740 409 793 de
426 739 678 792 Condeto
707 737 1244 808 genitricem,atque
1269 735 1495 791 Esiliam
1528 743 1768 792 matrem

184 827 430 882 Willelmi
476 828 667 889 Malet,
706 825 804 896 qui
851 825 1009 879 miles
1048 831 1330 889 strenuus,
1387 825 1444 879 in
1482 831 1768 880 senectute

185 920 340 972 factus
397 922 487 971 est
539 916 848 970 monachus
878 912 1062 983 Becci,
1113 920 1168 968 et
1212 915 1511 969 transactis
1554 915 1769 986 aliquot

186 1006 324 1061 annis
343 1004 726 1060 honoriﬁcein
765 1002 1059 1057 coznobiali
1089 1002 1494 1069 observatione,
1520 1010 1583 1058 ut
1595 1005 1765 1058 talem

184 1096 342 1151 virum
371 1094 629 1157 decebat,
653 1093 799 1148 bono
826 1094 935 1146 ﬁne
964 1093 1193 1162 quievit.
1232 1092 1508 1147 Robertus
1553 1092 1766 1164 Crispi-

187 1201 276 1239 nus
309 1185 497 1238 minor
520 1184 714 1248 frater,
742 1181 1157 1236 Northmannia
1184 1198 1461 1252 egressus,
1493 1182 1765 1254 plurimas

187 1271 484 1345 peragravit
513 1272 795 1343 regiones,
825 1271 1001 1325 donec
1031 1271 1580 1343 Constantinopolim
1610 1270 1767 1326 veni-

193 1368 296 1429 ret;
325 1368 380 1416 et
411 1361 482 1416 ab
520 1362 861 1433 imperatore
892 1377 1016 1415 cum
1047 1360 1259 1414 honore
1283 1367 1593 1431 susceptus,
1637 1377 1770 1414 ma-

189 1452 376 1523 gnique
406 1449 654 1505 nominis
683 1450 832 1522 apud
860 1466 1054 1504 omnes
1083 1449 1333 1515 effectus,
1352 1448 1449 1513 ibi,
1473 1455 1537 1504 ut
1565 1450 1760 1516 fertur,

188 1539 372 1593 invidia
397 1540 722 1593 Gmcorum
746 1554 956 1591 veneno
977 1536 1160 1609 periit.
1182 1535 1525 1591 Gislebertus
1556 1536 1766 1608 Crispi-

190 1646 278 1683 nus
302 1630 485 1700 major
514 1628 714 1682 horum
742 1628 914 1681 trium
933 1626 1191 1691 fratrum,
1217 1642 1252 1679 a
1269 1625 1408 1679 duce
1426 1625 1769 1680 Northman-

1845 477 1909 526 ut
1952 471 2008 526 in
2039 471 2366 525 monachica
2389 472 2807 527 conversatione
2832 473 2934 528 soli
2948 475 3062 529 Deo
3087 472 3318 531 liberius
3344 493 3442 531 va-

1845 565 2016 614 caret.
2044 561 2147 614 Hic
2180 559 2368 630 itaque
2402 561 2732 615 renuntians
2769 565 2972 618 saeculo
3001 563 3107 618 sibi
3151 564 3222 619 ad
3251 571 3443 621 votum

1850 646 2142 712 arridenti,
2172 645 2228 699 in
2250 646 2420 700 tundo
2454 647 2537 700 sui
2565 649 2730 718 juris,
2755 649 2849 720 qui
2874 652 3191 706 Burnevilla
3216 652 3442 720 dicitur,

1851 736 2042 789 volens
2071 735 2386 789 coenobium
2432 743 2777 800 construere,
2807 741 3096 794 ecclesiam
3129 741 3441 812 aedificavit,

1849 824 1908 878 in
1936 824 2149 878 honore
2177 831 2383 878 sanctae
2411 824 2631 891 Mariae;
2659 826 2847 897 ibique
2874 828 3162 900 religionis
3193 831 3445 887 habitum

1852 912 2251 985 suscepit,cum
2273 918 2423 968 esset
2441 930 2717 969 annorum
2740 917 3132 988 quadraginta,
3154 936 3254 975 nec
3271 921 3447 977 multo

1850 1007 1976 1074 post
2001 1001 2297 1074 presbyter
2323 1003 2634 1067 ordinatus,
2690 1008 2747 1058 et
2775 1004 2947 1060 abbas
2970 1008 3310 1065 constitutus
3339 1016 3448 1068 est.

1851 1090 1994 1155 Quia
2030 1091 2358 1162 campestris
2372 1093 2747 1163 etinaquosus
2767 1100 2852 1148 est
2877 1095 3162 1167 locus,per
3191 1114 3450 1169 soporem

1851 1180 2098 1235 monitus
2128 1197 2162 1235 a
2192 1180 2358 1235 beata
2389 1181 2614 1235 Domini
2634 1183 2814 1237 Matre
2847 1184 3048 1253 Maria,
3079 1186 3137 1240 in
3156 1186 3356 1241 vallem
3378 1187 3451 1242 ad

1849 1270 2031 1323 rivum
2067 1268 2163 1341 qui
2213 1276 2441 1324 vocatur
2486 1270 2692 1325 Beccus
2748 1274 3006 1340 secessit;
3038 1274 3229 1347 ibique
3257 1275 3445 1333 nobile

1850 1352 2129 1413 aedificare
2158 1359 2326 1430 coepit
2353 1358 2411 1413 in
2442 1359 2714 1414 honorem
2737 1361 2991 1431 ejusdem
3018 1369 3223 1419 sanctae
3255 1363 3446 1421 Maria:

1850 1448 2046 1503 Matris
2074 1448 2293 1503 Domini
2325 1448 2746 1512 monasterium,
2771 1452 2921 1521 quod
2950 1452 3099 1508 Deus
3119 1452 3353 1525 perfecit
3378 1454 3452 1510 ad

1852 1539 1937 1593 sui
1960 1538 2203 1592 nominis
2232 1538 2493 1610 gloriam.
2523 1539 2919 1594 et'multorum
2962 1540 3256 1596 hominum
3299 1542 3448 1596 salu-

1854 1634 1969 1682 tem
2002 1634 2058 1682 et
2085 1626 2481 1682 solatiuni.Cui
2508 1628 2654 1683 Deus
2675 1628 2745 1682 ad
2769 1628 3036 1683 auxilium
3067 1636 3125 1684 et
3153 1629 3449 1686 consilium

189 1734 390 1784 norum,
438 1723 690 1771 castrum
734 1715 1062 1787 Tegularias
1106 1714 1164 1768 in
1213 1714 1543 1769 haereditate
1580 1700 2088 1771 custo-Badduxit
2118 1717 2278 1787 juxta
2318 1716 2658 1771 desiderium
2697 1717 2879 1772 cordis
2912 1719 3001 1773 sui
3048 1718 3449 1789 Lanfrancum,

190 1806 431 1861 diendum
459 1805 699 1877 accepit,
734 1805 883 1876 quod
912 1804 1161 1858 haeredes
1191 1803 1311 1874 ejus
1350 1808 1549 1857 tenent
1593 1819 1770 1873 usque

190 1897 245 1949 ad
266 1912 508 1967 praesens
527 1902 751 1965 tempus
765 1940 777 1951 .
816 1892 1124 1948 Praedictus
1140 1892 1462 1947 Willelmus
1480 1891 1771 1963 Crispinus

192 1985 384 2040 medius
404 1983 837 2054 frater,generis
861 1982 1237 2046 nobilitate,et
1256 1999 1473 2036 morum
1492 1980 1769 2052 probitate

190 2080 337 2146 atque
365 2073 574 2128 militia
605 2072 1032 2136 famosissimus,
1066 2072 1215 2126 inter
1244 2071 1769 2126 Northmannorum

192 2163 380 2234 primos
414 2161 755 2226 habebatur,
782 2162 899 2232 qui,
933 2168 998 2215 ut
1022 2160 1284 2225 diximus,
1306 2160 1375 2214 de
1405 2160 1587 2231 primo
1619 2158 1771 2214 Cris-

190 2253 426 2323 pinorum
467 2256 631 2323 patre
660 2250 975 2305 Gisleberto
1004 2249 1248 2320 Optimus
1287 2249 1455 2315 filius,
1488 2247 1558 2301 ad
1597 2246 1771 2301 totius

189 2342 390 2410 generis
432 2340 524 2395 sui
562 2339 826 2411 gloriam,
859 2338 1113 2393 felicibus
1139 2336 1402 2409 auspiciis
1445 2336 1673 2408 prodiit,
1714 2340 1772 2390 et

189 2430 317 2484 sicut
368 2430 525 2484 inter
572 2429 856 2483 Romanos
885 2427 1017 2482 olim
1060 2427 1236 2491 Fabii,
1275 2426 1357 2481 vel
1404 2424 1608 2495 Anicii,
1655 2424 1771 2478 sive

190 2519 387 2584 Manlii,
452 2518 707 2589 insignes
747 2515 1118 2573 habebantur.
1173 2515 1254 2569 ita
1319 2514 1560 2586 Crispini
1624 2514 1772 2568 inter

188 2607 594 2662 Northmannos
611 2615 669 2661 et
682 2606 922 2660 Francos
936 2604 1324 2659 honoratiores
1339 2602 1769 2675 reputabantur.

187 2697 279 2751 Sed
329 2698 438 2751 iste
468 2695 793 2750 Willelmus
844 2694 993 2748 inter
1037 2711 1232 2747 omnes
1291 2692 1773 2747 nominatissimus

188 2785 342 2840 fuisse
366 2786 568 2851 fertur,
602 2784 699 2857 qui
730 2800 832 2838 suo
858 2789 1132 2854 tempore,
1167 2782 1381 2836 militia:
1410 2781 1610 2845 titulis,
1644 2781 1775 2835 insi-

184 2892 307 2945 gnes
335 2892 481 2947 pene
514 2891 683 2945 super
727 2889 921 2928 omnes
947 2872 1199 2942 ejusdem
1245 2870 1598 2943 tempestatis
1626 2870 1774 2924 viros

186 2964 563 3020 enituit.Unde
578 2963 845 3034 praeclara
863 2962 987 3032 ejus
1014 2959 1262 3032 probitas
1291 2959 1479 3031 plures
1505 2958 1611 3012 sibi
1641 2959 1775 3012 eli‘e-

185 3062 323 3108 cerat
338 3053 761 3123 invidos,atque
786 3051 976 3105 hostes
1021 3049 1345 3104 reddiderat
1371 3047 1771 3103 atrocissimos.

186 3143 254 3197 Ea
279 3146 621 3215 tempestate
648 3140 869 3207 Franci,
902 3134 1130 3194 auctore
1154 3137 1427 3194 Walterio
1460 3137 1660 3192 Vetulo
1690 3154 1777 3191 co-

184 3232 305 3287 mite
335 3233 406 3288 de
437 3231 841 3296 Ponte—Ysare,
868 3228 961 3300 qui
991 3232 1167 3283 totam
1191 3227 1568 3282 terramintra
1584 3228 1774 3293 Ittam,

184 3328 234 3375 et
278 3322 579 3384 Andelam,
627 3320 798 3391 atque
842 3319 1159 3389 Sequanam
1191 3333 1349 3371 suam
1399 3316 1600 3371 debere
1653 3332 1773 3370 esse

184 3409 411 3483 dicebat,
447 3410 683 3465 crebras
710 3408 1047 3479 irruptiones
1069 3406 1218 3460 ultra
1248 3404 1477 3460 ﬂuvium
1501 3405 1670 3460 Ittam
1692 3404 1775 3458 fa-

184 3499 412 3566 ciebant,
462 3505 526 3553 et
569 3500 790 3570 praedas
832 3496 899 3550 de
936 3494 1221 3550 Vilcasino
1251 3493 1532 3566 agebant;
1566 3500 1622 3548 et
1649 3493 1775 3548 ideo

185 3588 281 3642 dux
308 3588 842 3643 Northmannorum
862 3584 1195 3650 Willelmus,
1218 3584 1313 3655 qui
1340 3589 1536 3654 postea
1556 3599 1650 3637 rex
1675 3586 1778 3637 An-

181 3678 389 3747 glorum
422 3677 553 3740 fuit,
570 3673 1262 3747 prtedictumWillelmum
1284 3672 1624 3744 Crispinum,
1647 3671 1780 3743 quia

184 3772 293 3820 erat
318 3763 761 3838 probatissimos
790 3764 844 3817 in
873 3780 932 3816 re
958 3761 1212 3825 militari,
1251 3761 1541 3816 collocavit
1569 3760 1626 3815 in
1656 3777 1778 3815 cas-

179 3862 261 3910 tro
287 3857 502 3924 Melﬁa,
533 3860 728 3909 contra
757 3851 1097 3907 Francorum
1127 3851 1404 3917 incursus,
1424 3851 1493 3904 ad
1524 3867 1782 3904 coercen-

183 3944 275 3998 das
295 3963 500 4001 eorum
531 3943 1015 4016 praesumptiones,
1048 3941 1263 3995 donans
1302 3939 1384 3994 illi
1415 3946 1660 3994 castrum
1692 3939 1780 4011 ip-

180 4051 294 4088 sum
353 4040 416 4090 et
470 4032 743 4087 Vilcasini
788 4030 1235 4085 vicecomitatum
1259 4030 1387 4099 jure
1425 4028 1780 4083 haereditario

179 4122 628 4187 custodiendum,
656 4126 715 4175 et
747 4120 897 4174 filius
936 4122 1059 4190 ejus
1089 4124 1215 4190 post
1248 4134 1397 4183 eum,
1430 4117 1575 4172 sicut
1603 4134 1780 4188 usque

181 4211 337 4267 hodie
362 4213 651 4267 videmus.
682 4211 757 4265 At
784 4209 877 4263 ille
905 4208 981 4262 ibi
1008 4207 1354 4262 mansionem
1409 4205 1515 4261 sibi
1570 4206 1780 4261 consti-

1790 3019 1833 3078 Ο

1851 1805 2031 1860 virum
2060 1806 2115 1859 in
2156 1804 2483 1860 liberalibus
2512 1804 2728 1860 artibus
2768 1807 3140 1879 undecunque
3169 1807 3449 1878 peritissi-

1852 1911 2005 1949 mum
2032 1913 2044 1962 ;
2078 1911 2244 1967 quem
2275 1911 2402 1949 cum
2429 1912 2638 1965 magno
2687 1896 3000 1968 suscipiens
3028 1896 3255 1966 gaudio,
3295 1896 3452 1952 dedit

1853 1983 1904 2039 ei
1933 1980 2191 2038 habitum
2241 1983 2551 2054 religionis.
2603 1983 2759 2038 Tunc
2795 1984 3150 2040 conﬂuebant
3188 1986 3255 2040 ad
3316 2003 3454 2057 prae.

1852 2071 2062 2127 dictum
2112 2073 2296 2127 locum
2348 2071 2604 2126 certatim
2659 2072 2823 2127 multi
2870 2074 3165 2128 saeculares
3214 2072 3451 2129 litterati

1855 2168 1912 2216 et
1937 2162 2031 2216 alii
2059 2162 2300 2216 cervices
2329 2178 2460 2216 suas
2493 2161 2600 2215 levi
2631 2162 2770 2232 jugo
2810 2160 3057 2224 Domini,
3091 2169 3149 2218 et
3173 2162 3444 2235 obsequio

1853 2251 2129 2323 regularis
2157 2251 2282 2305 vita“:
2311 2251 2600 2305 humiliter
2628 2249 2920 2308 inclinare.
2953 2251 3065 2306 Alii
3085 2251 3290 2307 liberos
3318 2268 3450 2308 suos

1853 2357 1888 2396 a
1914 2342 2226 2395 Lanfranco
2257 2339 2595 2395 erudiendos
2624 2339 2683 2392 in
2714 2337 3032 2395 liberalium
3076 2338 3285 2395 artium
3324 2347 3451 2408 54

1853 2427 2223 2500 philosophia,
2262 2433 2319 2482 et
2358 2426 2739 2482 informandos
2767 2445 2868 2499 per
2890 2424 3230 2484 Herluinum
3268 2429 3329 2484 in
3359 2446 3452 2484 re-

1850 2516 2035 2589 gulari
2082 2516 2380 2588 disciplina
2427 2515 2671 2582 tradere,
2727 2517 2984 2571 nonnulli
3028 2517 3212 2590 ipsum
3266 2516 3452 2573 locum

1856 2606 2025 2660 rebus
2052 2605 2169 2660 suis
2196 2604 2498 2660 studebant
2525 2604 2871 2676 amplissime
2900 2605 3100 2660 ditare.
3127 2602 3282 2662 Inter
3310 2624 3451 2680 quos

1855 2694 2115 2766 egregius
2140 2694 2222 2747 vir
2249 2693 2548 2765 praedictus
2579 2693 2892 2748 Willelmus
2920 2692 3230 2766 Crispinus,
3271 2695 3453 2751 filium

1854 2801 2018 2839 suum
2043 2782 2100 2837 in
2124 2788 2318 2837 tenera
2339 2788 2503 2837 aetate
2522 2781 2751 2837 nomine
2773 2782 3149 2838 Gislebertum
3176 2784 3453 2855 praedictis

1856 2871 2119 2925 Patribus
2165 2871 2280 2925 Deo
2306 2869 2673 2925 nutriendum
2711 2870 2815 2925 sub
2865 2871 3114 2941 regulari
3157 2868 3456 2945 disciplina

1857 2960 2078 3027 obtulit,
2103 2966 2160 3015 et
2178 2961 2356 3014 multa
2377 2959 2447 3013 de
2477 2957 2643 3013 rebus
2670 2959 2786 3015 suis
2812 2957 3295 3031 temporalis‘vitze
3319 2962 3454 3018 sub-

1857 3050 1997 3104 sidia
2019 3066 2144 3104 cum
2194 3065 2369 3120 puero
2402 3046 2758 3102 ministravit.
2811 3048 3063 3113 Quorum
3118 3049 3455 3109 informatus

1857 3138 2114 3193 doctrina
2140 3143 2195 3192 et
2225 3143 2431 3192 sanctae
2450 3136 2889 3192 conversationis
2919 3138 3207 3211 exemplis,
3229 3125 3309 3196 sic
3326 3136 3457 3196 cum

1860 3227 2048 3282 divino
2078 3226 2317 3299 profecit
2346 3225 2555 3280 auxilio
2594 3226 2653 3280 in
2702 3224 2906 3280 divinis
2962 3234 3017 3282 et
3059 3228 3460 3302 philosophicis

1855 3316 2130 3372 institutis
2158 3322 2223 3371 ut
2269 3332 2463 3370 omnes
2492 3312 2663 3380 artes,
2690 3310 2831 3386 quas
2851 3312 3109 3371 liberales
3135 3312 3352 3387 vocant,
3384 3320 3458 3375 ad

1856 3422 2105 3478 unguem
2128 3404 2459 3470 addisceret,
2494 3410 2551 3459 et
2577 3419 2773 3459 earum
2807 3403 3015 3460 rivulos
3044 3405 3299 3477 pluribus
3338 3407 3459 3480 ipse

1859 3495 2139 3567 perfectus
2167 3493 2227 3549 in
2254 3492 2526 3567 religione
2574 3490 2919 3565 propinaret.
2953 3492 3128 3566 CDjus
3157 3500 3315 3552 tanta
3351 3497 3462 3553 fuit

1858 3584 1915 3638 in
1949 3585 2127 3638 activa
2157 3588 2215 3637 et
2242 3580 2585 3654 speculativa
2612 3581 2727 3636 vita
2759 3580 3024 3653 perfectio
3052 3589 3117 3638 ut
3150 3601 3277 3639 cum
3310 3586 3460 3642 Deus

1860 3673 2235 3728 Lanfrancum
2262 3670 2656 3726 Cantuariensi
2688 3670 2940 3727 Ecclesiae
2979 3670 3036 3726 in
3064 3689 3286 3728 summo
3315 3692 3459 3747 pon-

1870 3760 2083 3816 tificatu
2139 3760 2466 3832 praeficeret,
2525 3776 2654 3813 eum
2704 3758 3051 3816 Lanfrancus
3096 3761 3166 3815 ad
3210 3763 3464 3834 regimen

1861 3847 2397 3912 West-Monasterii,
2413 3848 2528 3902 Deo
2550 3854 2799 3912 vocante,
2817 3849 3134 3919 provideret
3153 3869 3165 3918 ;
3193 3857 3464 3925 tantaque

1862 3936 2176 3992 sanctitatis
2226 3935 2430 4006 gratia,
2477 3942 2541 3991 ut
2567 3937 2868 4002 credimus,
2903 3938 3018 3992 Deo
3050 3944 3109 3993 et
3139 3940 3463 3997 hominibus

1863 4026 2073 4099 placuit
2119 4030 2184 4079 ut
2231 4024 2607 4080 humilitatem
2666 4043 2777 4095 prae
2822 4023 3036 4081 cunctis
3074 4026 3159 4082 sui
3192 4029 3460 4100 temporis

1863 4112 2113 4185 praelatis
2158 4121 2215 4167 et
2261 4112 2582 4183 specialiter
2627 4111 3020 4184 praetenderet,
3062 4122 3120 4168 et
3161 4114 3460 4171 sublimius

1863 4202 2217 4276 praedicaret.
2267 4201 2368 4255 llic
2409 4201 2643 4272 triginta
2671 4201 2889 4255 duObus
2918 4201 3081 4256 annis
3111 4202 3232 4258 loco
3280 4205 3461 4277 magis

181 4301 300 4366 tuit,
330 4302 615 4356 familiam
659 4305 718 4354 et
762 4298 971 4353 milites
998 4298 1055 4352 in
1100 4297 1221 4351 loco
1261 4296 1450 4368 posuit
1476 4303 1671 4350 contra
1699 4295 1845 4356 ir-D
1863 4291 2074 4362 profuit
2102 4307 2270 4362 quam
2301 4289 2539 4361 praefuit,
2572 4296 2629 4344 et
2650 4289 2706 4344 in
2735 4287 3021 4345 senectute
3069 4289 3234 4357 bona,
3265 4294 3464 4365 plenus

176 4390 466 4462 ruptiones
489 4390 867 4450 Francorum;
898 4403 1010 4458 qua
1036 4385 1106 4440 de
1136 4401 1196 4439 re
1224 4384 1446 4451 Franci,
1478 4385 1778 4439 vehemen-

174 4484 255 4533 ter
283 4478 445 4543 irati,
477 4478 539 4532 in
564 4481 787 4532 tantum
810 4473 998 4529 odium
1029 4479 1225 4528 contra
1254 4473 1414 4527 illum
1453 4479 1786 4527 exarserunt

175 4574 232 4622 ut
261 4574 515 4623 mortem
545 4567 666 4636 ejus
691 4571 809 4619 tota
828 4563 1093 4618 aviditate
1118 4567 1469 4634 appeterent.

238 4656 343 4709 His
374 4654 454 4709 de
474 4662 605 4708 ortu
636 4651 878 4723 Crispini
909 4649 1258 4721 cognominis
1280 4648 1602 4721 praelibatis,
1636 4665 1785 4704 nunc

167 4743 281 4814 jam
312 4743 389 4799 ad
433 4759 559 4797 rem
591 4740 901 4806 veniamus,
935 4755 1126 4810 quam,
1161 4742 1224 4792 ut
1253 4755 1286 4792 a
1314 4738 1602 4793 veracibus
1649 4738 1788 4792 rela-

173 4834 396 4888 toribus
430 4830 777 4901 accepimus,
811 4828 1144 4899 simpliciter
1191 4827 1399 4880 referre
1441 4824 1784 4881 curabimus.

174 4921 237 4977 Et
265 4936 357 4978 est.
388 4938 491 4975 res
514 4918 795 4973 memoria:
821 4917 1010 4988 digna,
1045 4920 1103 4971 et
1147 4914 1325 4971 beatae
1351 4915 1574 4970 Domini
1624 4915 1791 4970 Matri

172 5028 454 5083 congrua,
476 5025 600 5081 quae
631 5007 878 5062 humano
905 5006 1101 5078 generi
1131 5011 1260 5076 post
1286 5005 1461 5059 Deum
1490 5003 1791 5076 singulari-

174 5110 258 5156 ter
284 5107 380 5155 est
409 5097 682 5153 amabilis
708 5102 764 5151 et
788 5113 890 5167 per
919 5095 1122 5151 szecula
1151 5098 1358 5149 cuncta
1388 5091 1704 5148 laudabilis.

240 5190 583 5263 Inspirante
611 5184 848 5240 Domino
881 5184 995 5239 Deo
1022 5189 1217 5238 nostro
1238 5184 1371 5237 Jesu
1401 5181 1644 5249 Christo,
1668 5198 1790 5237 om-

176 5279 333 5334 nium
370 5278 658 5333 bonorum
687 5272 1187 5345 auctore,‘quidam
1220 5271 1400 5337 miles,
1433 5276 1698 5325 strenuus
1735 5276 1794 5325 et

174 5371 331 5424 dives
353 5365 698 5431 Herluinus,
723 5362 1034 5435 postposita
1054 5360 1348 5417 nobilitate
1377 5359 1790 5431 terrena,abje-

176 5466 265 5513 cta
284 5453 495 5513 saeculi
521 5470 747 5527 pompa;
770 5469 881 5524 qua
905 5457 1036 5507 ante
1059 5452 1221 5523 juxta
1242 5449 1468 5505 modum
1492 5466 1659 5505 suum
1680 5465 1795 5504 non

1864 4379 2108 4446 dierum,
2127 4383 2184 4433 et
2209 4379 2527 4439 sanctitate,
2546 4377 2801 4449 patribus
2826 4377 2944 4433 suis
2974 4380 3460 4453 appositus,hujus

1865 4468 1991 4523 vitae
2041 4466 2350 4523 terminum
2396 4467 2618 4524 clausit.
2671 4458 2735 4522 1h
2773 4467 2941 4538 hujus
2980 4467 3163 4524 Patris
3207 4469 3463 4541 genitore

1867 4556 2680 4628 Willelmo,scilicetCrispino,
2699 4557 2822 4626 jam
2841 4557 3100 4629 superius
3120 4576 3265 4632 saepe
3280 4559 3464 4616 nomi-

1867 4652 2020 4712 nato,
2049 4663 2140 4701 res
2156 4653 2317 4718 gesta
2347 4651 2451 4713 est,
2494 4638 2823 4701 excellentia
2850 4646 3107 4718 insignis,
3138 4647 3319 4704 relatu
3363 4649 3467 4705 mi-

1868 4737 2080 4805 rabilis,
2115 4746 2172 4793 et
2200 4755 2322 4810 quin
2352 4738 2547 4793 deceat
2595 4738 2820 4793 Domini
2851 4738 3094 4794 Matrem
3123 4741 3185 4795 B.
3228 4740 3462 4799 Mariam

1871 4845 2094 4899 semper
2121 4826 2435 4898 Virginem,
2460 4844 2628 4899 quam
2666 4844 2767 4898 pro
2796 4827 2913 4883 suis
2938 4826 3156 4902 magnis
3185 4837 3242 4885 et
3270 4832 3465 4888 multis

1871 4916 2176 4980 beneﬁciis,
2209 4916 2594 4971 indesinenter
2620 4910 2815 4972 laudat
2849 4917 3144 4974 universus
3182 4912 3466 4977 terrarum

1873 5005 2042 5060 orbis.
2075 5004 2178 5059 llic
2205 5009 2353 5059 enim
2384 5004 2588 5060 nobilis
2616 5004 2715 5072 vir,
2751 5012 2816 5061 ut
2834 5006 2956 5077 jam
2981 5007 3243 5073 diximus,
3265 5026 3300 5064 a
3327 5007 3467 5065 duce

1874 5090 2396 5150 Northmannorum
2442 5094 2730 5149 Willelmo
2759 5094 2816 5149 in
2858 5101 3042 5151 castro
3091 5092 3276 5152 Melfia
3319 5114 3470 5152 mar-

1880 5183 2069 5237 chisus
2099 5183 2280 5237 fuerat
2310 5181 2650 5237 constitutus
2674 5190 2870 5237 contra
2890 5169 3152 5251 Francos,
3169 5185 3264 5255 qui
3283 5190 3469 5241 trans-

1874 5277 2071 5325 euntes
2114 5271 2282 5325 Ittam
2331 5270 2584 5336 fluvium,
2619 5270 2820 5325 subitis
2867 5271 3082 5342 rapinis
3119 5269 3465 5329 Vilcasinum

1874 5358 2276 5418 devastabant;
2317 5350 2816 5431 ibiquelposuerat
2873 5375 3035 5413 suam
3082 5358 3357 5416 familiam
3396 5362 3467 5418 ad

1878 5446 2091 5503 castelli
2119 5440 2454 5503 custodiam.
2486 5446 2887 5504 Verumtamen
2918 5452 3130 5502 terram
3160 5466 3328 5522 quam
3366 5449 3470 5506 ha-

177 5565 388 5623 ραι-ωτι
410 5543 787 5610 deﬂoruerat,
804 5541 1057 5615 deposito
1086 5556 1309 5613 quoque
1337 5538 1554 5595 militiae
1571 5537 1798 5611 cingulo
1877 5534 2047 5593 bebat
2074 5536 2132 5592 in
2156 5534 2588 5625 Northma‘nnia,
2632 5532 2695 5592 in
2745 5535 3067 5594 Lexoviensi
3096 5553 3260 5615 pago,
3301 5539 3470 5597 certis
