3902 6166
475 292 585 378 έιθὸ

1430 302 1528 370 AD
1567 284 1807 369 deant
1843 288 1907 369 1‘3.
1947 284 2369 368 LANFRANCI
2404 283 2792 369 Artenam.

3601 308 3688 378 740

473 432 824 519 temporibus
866 440 1165 501 revisebat,
1208 444 1267 494 et
1301 436 1587 510 dispositis
1616 435 1786 491 rebus
1819 440 2066 523 reVerte-
2084 436 2394 508 Aefl'ugere
2413 456 2429 523 ;“
2461 441 2519 491 et
2539 436 2595 491 in
2615 437 2736 517 ipso
2764 435 2961 523 mortis
2983 434 3176 491 limine
3205 428 3689 523 interceptus,cogor

475 516 643 595 batur
669 522 944 598 Melﬁam;
977 531 1036 586 in
1059 529 1242 584 eundo
1281 528 1491 591 autem,
1517 527 1603 579 vel
1630 516 1917 599 redeundo
1946 525 2073 578 Bec-

475 639 602 695 cum
639 638 751 691 non
777 620 1073 695 transibat,
1102 619 1236 690 quin
1268 615 1640 672 venerabilem
1676 614 1901 668 Patrem
1935 614 2071 666 Her-

468 710 692 783 luinum
722 709 954 774 videret,
976 692 1034 763 et
1062 724 1187 761 cum
1216 724 1280 761 eo
1302 702 2066 776 loqueretur.Acciditautem

471 784 536 868 ut
592 797 815 873 rediens
853 799 1016 873 juxta
1062 813 1276 850 morem
1325 796 1395 849 de
1444 801 1595 863 terra
1650 808 1772 869 sua,
1828 791 2067 871 Domino

472 872 826 961 disponente,
857 878 1095 961 quadam
1121 885 1210 939 die
1237 880 1545 953 Dominica,
1580 879 1664 934 vir
1690 879 1784 933 ille
1812 880 2065 961 devotus,

471 954 809 1032 Dec'censem
851 960 1120 1029 inviseret
1173 966 1482 1033 ecclesiam,
1558 974 1615 1023 et
1676 964 1805 1029 eum
1870 946 2070 1029 abbate

462 1052 731 1119 lieentius
757 1056 826 1118 de
860 1050 1098 1135 negotiis
1129 1048 1245 1115 suis
1287 1060 1499 1131 ageret.
1542 1046 1648 1123 Qui
1678 1073 1802 1111 cum
1832 1057 1981 1110 inter
2005 1069 2065 1110 se

466 1140 823 1213 familiariter
850 1134 1220 1206 contulissent
1261 1149 1329 1203 de
1368 1138 1438 1202 iis
1467 1164 1588 1218 quae
1618 1164 1708 1225 res
1749 1138 2068 1225 postulabat

469 1228 808 1321 necessaria.
840 1226 1130 1294 licentiam
1172 1232 1415 1291 abeundi
1470 1234 1792 1311 postulavit,
1838 1239 1895 1287 et
1939 1251 2066 1287 cum

468 1316 655 1407 gratia
674 1316 910 1384 festinus
929 1322 1211 1393 discessit;
1236 1342 1475 1396 cumque
1504 1322 1914 1394 aliquantulum
1936 1322 2068 1392 pro-

467 1404 748 1485 ,ceSSisset,
768 1418 1038 1483 substitit,
1062 1420 1120 1470 et
1138 1413 1392 1486 protinus
1422 1414 1493 1487 ad
1531 1404 1787 1466 abbatem
1833 1410 2066 1471 reverti-

468 1493 582 1569 tur.
608 1508 687 1562 De
712 1498 872 1578 cujus
899 1486 1084 1560 reditu
1115 1503 1428 1557 admiratus
1449 1490 1616 1555 hoino
1640 1500 1760 1565 Dei,
1789 1494 2066 1553 resaluta-

467 1603 562 1651 tus
589 1596 658 1652 ab
673 1596 769 1650 illo
789 1598 889 1649 c‘ur
907 1590 1486 1671 rediissetinquisivit.
1499 1590 1613 1644 «Ad
1626 1590 1732 1644 hoc
1748 1587 2069 1648 redii,Cris-

468 1685 636 1758 pinus
654 1684 909 1749 ait,alme
923 1668 1181 1741 Pater.ut
1200 1699 1288 1761 me
1300 1680 1823 1761 benedicas,meque
1838 1678 1951 1731 tuis
1961 1677 2070 1730 fra-

2153 524 2222 578 de
2254 525 2369 579 Vita
2399 512 2715 607 desperare.
2743 514 2888 591 Quid
2921 525 3087 580 faciet
3114 525 3219 580 iste
3247 531 3374 583 tuus
3399 512 3639 595 servulus,
3662 549 3689 585 ο

2151 611 2359 668 intacta
2386 608 2598 697 Parens
2628 614 2749 680 Dei,
2780 614 3087 668 sacrarium
3120 615 3353 685 Spiritus
3380 617 3558 678 sancti,
3581 620 3688 689 quid

2149 700 2313 756 faciet
2338 721 2501 774 quem
2542 703 2761 758 hostilis
2812 720 3027 758 cuneus
3071 705 3277 759 lanceis
3323 704 3612 776 insequitur
3646 698 3691 764 et

2142 790 2375 879 gladiis.
2441 792 2711 846 Succurre
2741 782 2951 863 itaque,
3012 789 3246 847 Domina
3310 792 3561 865 piissima,
3614 815 3691 868 per

2152 876 2482 949 potestatem
2517 878 2628 951 qua
2648 898 2707 935 es
2739 882 2884 952 apud
2916 876 3165 937 cusléstes
3182 882 3436 953 gloriosa,
3460 885 3588 954 apud
3606 892 3692 939 ter-

2154 967 2377 1049 rigenas
2406 961 2727 1040 imperiosa,
2770 970 2919 1043 apud
2950 970 3156 1029 inferos
3185 970 3472 1039 terribilis;
3520 972 3690 1051 ubique

2152 1057 2418 1143 propitia,
2467 1053 2673 1129 ubique
2732 1059 3049 1128 magnifica,
3103 1050 3309 1130 ubique
3375 1050 3691 1133 praeminens

2150 1137 2484 1201 auctoritate
2513 1154 2569 1201 et
2598 1149 2891 1218 majestate
2918 1142 3090 1218 regia,
3124 1156 3181 1202 et
3206 1137 3405 1202 innova
3429 1142 3482 1203 in
3510 1168 3590 1204 me
3612 1168 3692 1204 an-

2149 1235 2318 1307 tiquae
2372 1226 2755 1303 subventionis
2811 1242 2921 1291 tuae
2966 1228 3252 1302 beneficia,
3279 1237 3407 1308 quia
3428 1255 3527 1291 non
3571 1245 3693 1309 patet

2151 1323 2450 1394 effugiendi
2488 1324 2595 1378 via.
2639 1317 2821 1403 Mater
2868 1324 3285 1395 misericordiae,
3336 1318 3433 1397 per
3459 1320 3693 1381 orationes

2148 1402 2434 1466 servorum
2466 1419 2693 1469 tuorum
2724 1400 2904 1478 Becci,
2936 1400 3211 1483 Herluini,
3245 1421 3302 1469 et
3326 1404 3548 1469 fratrum
3573 1417 3692 1487 ejus-

2151 1500 2279 1583 dem
2310 1500 2434 1565 loci,
2468 1519 2706 1576 quorum
2739 1502 3087 1557 orationibus
3132 1501 3222 1558 me
3259 1521 3419 1558 mane
3456 1521 3693 1559 commcn-

2151 1582 2296 1655 davi,
2317 1582 2496 1645 libera
2518 1608 2609 1645 me
2637 1590 2707 1645 ab
2727 1592 2831 1645 hac
2860 1593 3118 1662 praesenti
3150 1595 3270 1665 jam
3305 1593 3536 1665 imagine
3574 1610 3692 1647 mor-

2151 1678 2243 1732 tis.
2278 1700 2302 1729 »
2332 1680 2667 1751 Hujusmodi
2696 1681 2949 1735 oratiOne
2990 1676 3047 1735 in
3076 1674 3373 1753 conspectu
3404 1681 3620 1747 Domini,
3652 1688 3696 1735 et

465 1778 733 1857 trumque
755 1760 980 1827 tuorum
1000 1753 1349 1826 orationibus
1374 1754 2069 1838 commendem,quatenus
2085 1790 2132 1849 Β
2151 1769 2274 1839 ejus
2300 1770 2557 1840 gloriosae
2584 1756 2774 1826 Matris
2804 1764 2995 1826 Mariae
3023 1787 3150 1825 cum
3194 1766 3317 1825 tota
3351 1768 3540 1825 mentis
3568 1771 3695 1824 devo-

467 1850 571 1946 nos
598 1863 714 1917 Deo
743 1866 801 1916 et
828 1862 951 1945 ejus
993 1861 1098 1933 piae
1151 1859 1422 1914 Genitrici
1454 1875 1542 1911 me
1572 1854 1898 1935 suppliciter
1918 1848 2101 1910 com-7
2153 1859 2326 1922 tione,
2379 1864 2436 1913 et
2480 1848 2684 1929 magno
2714 1848 2943 1913 contriti
2987 1854 3171 1913 cordis
3212 1859 3424 1926 dolore,
3456 1860 3566 1913 sine
3588 1875 3695 1915 sono

468 1939 740 2007 mandare
755 1938 1050 2005 Studeatis.
1076 1946 1230 2003 »Μοκ
1257 1948 1338 2003 vir
1352 1946 1576 2001 Domini
1598 1945 1924 2012 Herluinus,
1952 1945 2072 2017 pie-

466 2030 602 2095 tatis
630 2037 929 2114 visceribus
969 2037 1029 2092 in
1068 2036 1375 2091 ferventem
1407 2035 1511 2088 viri
1549 2028 1899 2087 devotionem
1928 2034 2073 2087 miro

468 2120 759 2201 charitatis
779 2127 979 2181 affectu
996 2124 1436 2198 praicordialiter
1458 2130 1641 2176 motus
1658 2141 1706 2175 :c
1722 2121 2066 2192 Deo,inQuit,

467 2202 526 2272 te
548 2220 604 2271 et
623 2203 990 2272 sanctissimae
1001 2200 1169 2270 Matri
1191 2214 1310 2283 ejus
1324 2211 1801 2277 commendamus;
1829 2216 2068 2282 quorum

464 2292 526 2363 te
551 2300 717 2360 tuitio
748 2304 1023 2377 protegat,
1057 2294 1114 2355 et
1142 2294 1405 2356 acunctis
1426 2290 1856 2354 adversitatibus
1877 2290 2069 2369 poten-

465 2399 558 2451 ter
572 2376 854 2449 defendat.
868 2414 890 2445 ι)
907 2394 970 2446 ln
994 2393 1097 2446 hac
1119 2383 1504 2445 benedictione
1523 2389 1785 2451 conﬁsus,
1803 2376 2067 2442 osculatis

471 2474 676 2539 abbate
705 2484 762 2537 et
787 2481 1073 2537 fratribus.
1102 2497 1226 2534 cum
1271 2478 1436 2533 sociis
1462 2478 1530 2532 ad
1561 2479 1740 2532 locum
1781 2481 2062 2549 properat,

512 2564 584 2627 'uo
613 2572 696 2626 ire
724 2573 987 2642 coeperat.
1019 2569 1087 2623 ad
1115 2575 1382 2635 castrum,
1416 2584 1532 2621 suae
1563 2566 1774 2620 scilicet
1801 2564 2066 2619 cuStodiae

512 2590 584 2627 uo
613 2590 696 2626 ll‘e
724 2590 987 2642 coeperat,
1019 2590 1087 2623 au
1115 2590 1382 2635 casurum,
1416 2590 1532 2621 suae
1563 2590 1774 2620 scuuzct
1801 2590 2065 2619 cuswulw

469 2590 824 2735 deputatum.
853 2662 927 2715 At
964 2674 1091 2712 vero
1114 2656 1333 2722 Franci,
1368 2657 1463 2727 qui
1496 2673 1526 2709 e
1553 2656 1780 2726 regione
1813 2654 1959 2707 ultra
1987 2655 2065 2707 lt-

467 2756 585 2806 tam
608 2747 1057 2811 cotnmanebant,
1076 2746 1268 2802 audito
1290 2744 1758 2816 quodWillelmus
1778 2742 2068 2814 Crispinus

468 2826 751 2893 transiens
764 2834 1083 2910 sequanam
1100 2835 1155 2888 in
1173 2833 1645 2889 Northmanniam
1666 2818 2063 2897 descendisset,

468 2916 784 2998 eonglubati
820 2927 879 2983 in
901 2918 1100 2990 unum,
1133 2923 1369 2978 sollicite
1394 2914 1764 2977 observabant
1785 2921 1907 2992 ejus
1937 2920 2065 2977 red-

2153 1948 2302 2001 vocis
2342 1942 2568 2014 emissa,
2623 1942 2881 2002 anxiatus
2915 1953 3003 2013 est
3040 1948 3245 2020 spiritu
3272 1966 3415 2022 pene
3453 1942 3608 2020 usque
3642 1947 3695 2001 ad

2154 2035 2417 2090 sudorem
2441 2036 2658 2101 mortis,
2685 2054 2812 2091 cum
2850 2035 3033 2090 subito
3056 2026 3087 2091 a
3114 2028 3366 2092 sinistris
3394 2031 3556 2093 astitit
3579 2037 3620 2091 ei
3642 2036 3693 2090 ad

2153 2125 2277 2180 vita
2306 2122 2566 2179 solatium
2589 2126 2843 2196 quaedam
2864 2118 3054 2196 virago
3077 2126 3364 2198 praeclara,
3386 2112 3529 2181 vultu
3536 2128 3697 2197 jucun-

2151 2214 2244 2280 da,
2266 2220 2469 2269 ornatu
2491 2215 2644 2285 regio
2666 2210 2933 2285 speciosa,
2956 2198 3146 2270 subtili
3161 2222 3217 2269 et
3238 2210 3472 2270 candida
3507 2214 3696 2269 sindone

2149 2302 2373 2369 amicta,
2403 2320 2528 2373 quae
2559 2293 2833 2357 manicam
2864 2320 3023 2361 suam
3051 2304 3340 2360 dexteram
3362 2304 3602 2376 expandit
3622 2320 3697 2357 su-

2146 2409 2250 2471 per
2269 2409 2418 2457 eum,
2439 2398 2497 2447 et
2517 2393 2622 2446 hoc
2646 2390 2922 2447 velamine
2943 2390 3065 2464 ejus
3092 2382 3208 2447 fere
3233 2410 3432 2466 corpus
3457 2390 3699 2463 cooperuit

2149 2474 2353 2545 totum,
2381 2478 2511 2535 nam
2543 2482 2612 2537 ad
2638 2481 2808 2535 tibias
2838 2497 3015 2553 usque
3045 2482 3263 2537 medias
3283 2492 3384 2537 hoc
3396 2485 3599 2553 tegmen
3620 2481 3697 2534 de-

2148 2564 2467 2635 scendebat,
2502 2576 2559 2623 et
2587 2569 2736 2623 ultra
2764 2569 3082 2640 pertingere
3113 2587 3227 2637 non
3249 2568 3700 2642 valebatllabebat

2150 2666 2277 2739 55
2298 2665 2489 2712 autem
2520 2657 2722 2712 rubeas
2750 2657 2958 2729 caligas
2981 2667 3037 2713 et
3067 2659 3192 2713 ideo
3221 2656 3634 2713 contrahebatse
3657 2660 3701 2709 et

2147 2747 2480 2817 stringebat,
2515 2753 2572 2801 et
2609 2744 2762 2802 totus
2792 2746 2850 2801 in
2898 2748 3081 2819 seipso
3124 2754 3409 2811 curvatus,
3456 2744 3703 2801 laborabat

2150 2844 2428 2919 quatenus
2459 2834 2627 2890 tibias
2655 2841 2713 2890 et
2740 2834 2922 2917 pedes
2956 2836 3060 2891 sub
3101 2831 3325 2892 manica
3353 2833 3699 2919 regiaepuellze

2149 2914 2532 2988 absconderet,
2550 2943 2652 2980 nec
2680 2914 2918 2998 paterat.
2950 2926 3241 2981 Accedunt
3268 2914 3472 2992 hostes,
3487 2914 3539 2980 et
3552 2924 3700 2978 virum

467 3011 633 3103 itum.
654 3014 1092 3103 ςιιωίοηθ,ἰρεα
1110 3012 1201 3066 die
1231 3029 1342 3084 qua
1372 3010 1774 3073 revertebatur.
1807 3009 1866 3062 in
1886 3008 2068 3063 Vicina
2086 3068 2128 3103 ρ
2148 3015 2432 3087 inquirere
2477 3014 2685 3069 lanceis
2725 3020 2782 3071 et
2826 3032 3158 3070 mucronum
3187 3015 3505 3089 cuspidibus
3533 3013 3702 3069 accele-

469 3096 610 3187 silva
634 3098 690 3160 in
712 3104 931 3161 insidiis
955 3101 1210 3157 occultati
1232 3099 1651 3172 operiebantur,
1671 3104 1735 3152 ut
1752 3096 2062 3150 venientem
2086 3096 2129 3129 υ
2149 3111 2296 3171 γεω,
2328 3109 2385 3158 et
2414 3104 2714 3176 pungendo
2740 3103 2843 3158 sub
2872 3100 3168 3177 frontibus,
3194 3111 3254 3159 et
3282 3103 3533 3168 arbustis,
3563 3102 3702 3174 atque

470 3200 573 3275 aut
605 3199 888 3283 caperent,
927 3199 1027 3283 aut
1057 3188 1425 3269 trucidarent.
1459 3187 1752 3258 Crispinus
1780 3185 1850 3240 ad
1881 3186 2064 3239 locum
2145 3192 2363 3258 frueris,
2398 3186 2576 3264 usque
2605 3193 2675 3248 ad
2707 3195 2830 3264 ejus
2863 3192 3031 3264 pedes
3065 3194 3150 3248 vel
3180 3195 3251 3248 ad
3276 3212 3473 3267 corpus
3491 3190 3702 3261 undique

462 3274 794 3368 properans,
820 3276 945 3337 cum
970 3281 1086 3368 jam
1111 3295 1224 3332 non
1244 3279 1407 3348 longe
1429 3294 1463 3330 a
1482 3277 1680 3330 Castro
1701 3280 1868 3342 esset,
1884 3281 2067 3328 trans-
2144 3279 2434 3346 infestant,
2459 3282 2555 3335 sed
2579 3274 2903 3355 nulloinodo
2922 3280 3106 3354 ipsum
3128 3282 3583 3354 tangebant.lpse
3598 3295 3702 3333 vero

458 3363 567 3427 ῖνὶῐ
590 3364 752 3441 juxta
781 3371 997 3434 silvam.
1041 3366 1098 3422 in
1132 3380 1242 3438 qua
1270 3364 1469 3421 FranCi
1494 3364 1794 3418 latitabant
1829 3363 1897 3416 ad
1935 3378 2064 3416 eum
2148 3385 2247 3439 per
2276 3369 2644 3424 munitionem
2676 3366 2850 3443 beatae
2878 3368 2979 3425 Dei
3010 3370 3334 3436 Genitricis,
3354 3369 3585 3429 inimicis
3609 3367 3702 3421 suis

466 3448 905 3514 interimendum
964 3458 1189 3528 parati:
1244 3450 1339 3526 qui
1386 3470 1512 3507 mox
1563 3457 1855 3506 cernentes
1895 3468 2061 3523 quem

468 3534 811 3619 quaerebant,
858 3532 1152 3616 surgentes
1210 3545 1279 3597 de
1329 3542 1549 3597 insidiis
1597 3542 1864 3595 audacter
1900 3528 2060 3594 illum

463 3629 764 3691 invadunt:
800 3622 934 3689 tunc
962 3633 1096 3689 socii
1125 3632 1317 3686 relicto
1338 3649 1401 3686 eo
1421 3648 1615 3685 omnes
1631 3630 1895 3701 fugerunt
1923 3649 1936 3686 :
1967 3631 2060 3685 ille

461 3714 786 3799 praesidium
840 3714 984 3796 fugae
1034 3728 1317 3777 attentare
1355 3721 1562 3782 volens,
1593 3719 1871 3774 densitate
1910 3720 2059 3774 silvae

460 3794 945 3887 przepediebaturi;
980 3811 1172 3882 sicque
1203 3808 1707 3880 interceptus.quia
1723 3824 1825 3862 nec
1842 3808 2054 3878 fugere,

459 3898 565 3958 nec
595 3898 853 3956 resistere
876 3896 1114 3963 valebat,
1147 3899 1216 3955 de
1237 3915 1380 3971 equo
1404 3897 1608 3963 exiliit;
1640 3904 1697 3950 et
1726 3896 2059 3952 necessitate

459 3982 780 4065 compulsus
809 3997 979 4061 snper
999 3989 1245 4043 radicem
1288 3986 1479 4042 excisa:
1499 3985 1732 4045 arboris.
1755 4003 1877 4058 quae
1900 3988 2061 4056 juxta

459 4088 598 4159 erat,
652 4076 886 4146 insedit;
939 4066 1208 4137 habenas,
1243 4076 1447 4148 quibus
1478 4093 1685 4146 equum
1715 4074 1964 4145 regebat,
1998 4081 2060 4130 ut

459 4171 685 4245 quidam
707 4170 921 4229 dicunt.
940 4168 1131 4222 vicinae
1155 4166 1370 4221 arboris
1396 4165 1568 4220 ramis
1587 4164 1879 4236 appendit;
1909 4169 1966 4217 et
1996 4170 2061 4245 ut

2145 3457 2324 3523 factus
2354 3464 2440 3512 est
2468 3446 2781 3530 invisibilis,
2810 3462 2864 3514 et
2894 3456 3237 3514 admirantes
3267 3459 3546 3516 dicebant:
3566 3456 3703 3522 «Quo

2145 3546 2320 3601 abiit?
2353 3544 2494 3611 Quid
2524 3538 2782 3601 devenit?
2812 3540 3073 3620 Nunquid
3103 3565 3229 3603 eum
3264 3550 3534 3603 viventem
3578 3547 3702 3600 terra

2141 3634 2431 3690 absorbuit
2449 3635 2472 3689 ?
2490 3624 2610 3691 Huc
2632 3637 2801 3702 venit,
2821 3636 2912 3691 hic
2933 3632 3061 3692 fuit.
3077 3637 3198 3702 Quo
3218 3638 3365 3712 fugit
3382 3646 3438 3692 et
3452 3632 3702 3691 abscessit?

2144 3726 2280 3779 Ecce
2303 3742 2481 3796 equus
2505 3725 2654 3781 illius
2674 3726 3142 3797 dependet.quem
3164 3724 3513 3797 insequimur
3535 3743 3545 3778 :
3564 3725 3701 3779 hunc.

2142 3831 2206 3868 eo
2233 3830 2345 3868 non
2375 3814 2618 3873 invento.
2650 3814 2719 3868 ad
2743 3813 3145 3868 detrimentum
3168 3808 3327 3870 illius
3345 3813 3604 3886 subripiat
3627 3808 3704 3882 qui

2138 3903 2275 3957 vult.
2313 3924 2334 3954 ι
2368 3905 2442 3957 At
2468 3902 2547 3957 illi
2574 3898 2777 3973 quibus
2800 3909 2923 3957 erat
2940 3903 3130 3957 sanior
3149 3920 3313 3959 mens
3334 3903 3703 3976 responderunt

2141 4007 2253 4045 non
2282 4007 2341 4045 se
2373 3990 2585 4045 venisse
2611 4008 2820 4062 equum
2852 4008 3069 4064 rapere,
3119 3991 3216 4046 sed
3261 3980 3496 4055 hostem,
3529 3989 3570 4043 si
3605 4003 3704 4060 pos-

2142 4085 2285 4146 sent,
2319 4078 2582 4134 inl‘estum
2610 4080 2904 4151 jugulare.
2945 4080 3199 4152 Cumque
3229 4080 3330 4135 diu
3359 4066 3703 4150 investigando

2141 4166 2299 4221 illum
2330 4166 2678 4222 laborassent
2701 4167 2760 4223 in
2783 4184 3039 4232 vacuum,
3054 4176 3478 4240 vesperascente
3483 4169 3590 4239 jam
3610 4162 3698 4222 die.

457 4248 553 4314 alii
578 4252 789 4345 volunt,
819 4248 888 4315 ad
911 4260 1278 4329 augmentum
1299 4253 1574 4319 miraculi,
1591 4270 1762 4307 manu
1791 4240 2050 4312 retinuit;
2140 4254 2355 4309 confusi
2384 4254 2452 4308 ad
2475 4255 2703 4326 prOpria
2731 4254 3035 4310 redieruut.
3060 4256 3217 4311 Tunc
3242 4256 3345 4311 illa
3369 4246 3604 4329 piisSinia
3628 4252 3704 4306 do-

456 4347 565 4419 His
596 4340 846 4421 arctatus
871 4343 1170 4416 angustiis,
1206 4342 1526 4397 Willelmus
1548 4334 1838 4413 Crispinus
1867 4359 1961 4396 cor
1989 4342 2296 4421 adDmina
2331 4334 2342 4397 ἐ
2376 4364 2397 4394 ι
2435 4338 2646 4411 SCisrie,
2678 4344 2885 4415 inquit,
2916 4344 3104 4409 homo,
3138 4345 3195 4399 in
3220 4340 3420 4400 mortis
3454 4340 3698 4413 angustia,

455 4427 637 4509 Deum
671 4418 834 4501 levat,
868 4431 1220 4509 Matremque
1250 4430 1645 4485 misericordiae
1669 4447 1872 4507 magna
1901 4431 2062 4485 devo-
2140 4418 2289 4501 unde
2316 4431 2416 4486 tibi
2443 4426 2820 4509 provenerunt
2857 4424 2981 4487 vitae
3010 4431 3259 4488 subsidia
3280 4435 3306 4488 ?
3344 4428 3501 4489 Nosti
3532 4443 3704 4485 nomen

454 4522 610 4611 tione
640 4517 843 4578 mentis
866 4516 1139 4576 reclamat
1165 4537 1176 4572 :
1211 4520 1235 4569 (ξ
1260 4518 1496 4574 Domine
1526 4520 1659 4573 Jesu
1685 4518 1923 4584 Christe,
1957 4518 2055 4585 ait,
2144 4522 2481 4592 me‘um,quze
2507 4502 2610 4575 tibi
2636 4512 2953 4587 ,ministravi
2985 4522 3042 4576 in
3065 4516 3261 4576 mortis
3289 4522 3543 4593 angustia
3559 4515 3703 4588 respi-

456 4604 728 4673 iniSerere
777 4610 906 4673 mei,
950 4615 1007 4665 et
1064 4625 1164 4680 per
1223 4606 1426 4681 merita
1472 4607 1657 4661 Patris
1717 4607 1971 4661 Herluini
2002 4617 2059 4662 et
2140 4610 2301 4664 randi
2329 4610 2645 4665 solatium?
2688 4608 2809 4683 Ego
2847 4628 2974 4665 sum
3013 4604 3159 4665 bona
3194 4604 3298 4666 Dei
3335 4593 3526 4675 Mater,
3553 4607 3633 4662 cui
3657 4610 3703 4659 te

455 4700 693 4757 fratrum
724 4692 1076 4773 ejus,quibus
1109 4714 1198 4751 me
1220 4695 1550 4766 suppliciter
1576 4695 1742 4750 hodie
1771 4694 2056 4752 commen-

455 4784 601 4855 davi,
645 4789 823 4847 libera
853 4794 942 4841 me
970 4787 1040 4840 de
1086 4786 1193 4840 hoc
1220 4784 1539 4838 imminenti
1567 4785 1811 4857 periculo
1836 4784 2052 4840 mortis.

457 4879 504 4935 Ο
542 4870 818 4952 genePOSa
843 4872 1035 4951 Virgo,
1067 4874 1283 4929 intacta
1325 4866 1549 4928 Domini
1593 4874 1790 4939 Mater,
1838 4873 2056 4946 suscipe

453 4958 718 5039 indignas
772 4964 858 5024 tui
906 4962 1215 5037 peccatoris
1261 4961 1334 5036 [Γ.
1381 4960 1715 5035 precatoris]
1757 4979 1968 5033 preces,
2000 4969 2057 5017 et

455 5040 825 5113 contribulati
849 5044 1032 5108 co'rdis
1069 5052 1408 5106 sacriﬁcium
1450 5056 1580 5104 ante
1612 5044 1810 5113 Deum,
1840 5056 1898 5105 et
1925 5054 2055 5106 ante

454 5150 510 5202 te
543 5144 810 5201 ascendat
834 5143 894 5197 in
923 5140 1153 5196 odorem
1187 5138 1498 5193 Suavitatis.
1543 5138 1713 5208 Virgo
1734 5136 2051 5215 virginum,

452 5230 697 5295 Domina
719 5232 1070 5304 angelorum,
1104 5228 1296 5301 siqua
1325 5218 1425 5281 tibi
1447 5243 1581 5281 cura
1609 5227 1775 5282 estde
1794 5233 1892 5281 tuo
1921 5229 2060 5282 Bec-

453 5322 606 5389 Censi
659 5318 952 5387 Herluino,
1006 5314 1338 5390 suppliciter
1376 5314 1604 5371 obsecro
1635 5319 1697 5368 ut
1735 5332 1768 5369 a
1797 5318 2055 5387 praesenti

453 5430 545 5467 me
573 5398 820 5467 liberare
847 5402 1101 5480 digneris
1129 5400 1316 5460 eiitio.
1338 5404 1557 5464 Instant
1577 5397 1824 5480 undique
1842 5391 2049 5472 hostes,

447 5494 567 5571 jam
598 5501 668 5554 de
694 5498 818 5554 mea
847 5478 1049 5571 morte,
1081 5488 1169 5549 vel
1221 5490 1482 5549 eautlo’ne
1508 5478 1830 5549 insultando
1858 5490 2057 5571 trium-

454 5578 729 5661 Ρῖιῶἱῐεέξ
761 5585 961 5643 ιωωω“
806 5580 811 5583 ’
963 5568 1024 5643 et
1048 5574 1270 5641 Hostius
1317 5571 1542 5650 manus,
1573 5572 1743 5654 quasi
1784 5572 1898 5640 iion
1926 5566 2059 5641 licet

2137 4688 2310 4753 abbas
2341 4698 2643 4753 Herluinus
2689 4705 2817 4771 toto,
2843 4699 3010 4753 corde
3036 4692 3468 4763 commendavit,
3509 4693 3704 4769 quando

2136 4787 2242 4840 hoc
2271 4794 2371 4845 tua
2400 4787 2637 4841 intentio
2659 4788 2859 4855 devote
2875 4782 3190 4858 postulavit.
3205 4792 3227 4837 ἡ
3237 4788 3339 4843 His
3354 4774 3703 4857 dictis,Virgo,

2137 4866 2413 4933 discessit.
2445 4870 2536 4960 Sic
2564 4866 2781 4960 spargit
2813 4866 3026 4947 Regina
3054 4874 3177 4931 ἐσειί
3208 4860 3556 4949 sperantibus
3578 4876 3631 4927 in
3654 4887 3705 4925 se

2138 4965 2366 5019 odorem
2398 4965 2542 5030 vitae,
2586 4965 2666 5019 sic
2709 4966 2946 5037 attrahit
2986 4965 3056 5019 ad
3094 4982 3154 5020 se
3184 4964 3610 5022 innumerabiles
3634 4976 3704 5014 co-

2136 5046 2294 5125 piosa
2340 5044 2636 5118 chai'itate,
2675 5052 2732 5109 et
2782 5052 3065 5110 neminem
3106 5052 3375 5126 relinquit
3408 5050 3702 5126 inglorium,

2137 5141 2232 5213 qui
2247 5141 2443 5197 devote
2468 5140 2591 5215 ejus
2622 5143 2886 5217 implorat
2908 5143 3451 5198 auxilium.Comites
3466 5135 3702 5211 Crispini,

2139 5230 2237 5302 qui
2280 5220 2483 5286 timore
2522 5222 2768 5287 hostium
2799 5224 2867 5287 ab
2920 5234 2985 5286 eo
3030 5232 3411 5305 profugerant,
3448 5222 3705 5285 venientes

2139 5312 2377 5395 domum
2412 5320 2563 5374 tristi
2611 5316 2838 5375 rumore
2867 5322 3220 5393 repleverant
3257 5314 3540 5394 Oppidum,
3575 5313 3705 5389 quod

2138 5424 2331 5461 eorum
2349 5407 2608 5471 dominus
2628 5400 2937 5482 autcaptus
2957 5417 3120 5475 esset,
3139 5400 3237 5464 aut
3256 5412 3523 5463 mortuus)
3556 5403 3707 5460 Dolor

2361 5496 2633 5567 omnium,
2664 5500 2847 5554 luctus
2888 5493 3337 5573 incomparabilis
3379 5494 3500 5573 erat
3525 5497 3705 5573 perto-

2136 5570 2260 5642 tum
2289 5576 2611 5658 testeum,
2629 5580 2760 5645 cum
2795 5580 2981 5644 subito
3001 5570 3345 5662 prespiciu‘nt
3376 5570 3702 5642 Willelmus
