3864 6176
187 351 270 408 'lil

1182 312 1281 396 DE
1321 327 1574 397 NOBILI
1612 307 1900 396 censet
1935 315 2455 387 CRISPINGRUM.

3335 337 3440 396 742

189 464 484 547 Crispinum
517 489 686 543 super
711 469 918 541 equum
943 465 1282 529 venientem,
1308 472 1365 520 et
1403 481 1527 521 cum
1559 481 1764 542 magno
1781 462 1831 520 A
1852 456 2134 528 amplecti,
2162 469 2366 526 magna
2387 457 2679 511 devotione
2697 459 2968 514 venerari.
2997 460 3193 515 Vestes
3216 467 3271 516 et
3287 482 3438 542 quze-

187 564 367 638 gaudio
398 567 758 617 occurrentes
787 558 1100 627 suscipiunt
1130 556 1288 608 illum
1349 557 1628 610 laetantes.
1663 555 1766 608 Hic
1847 562 2066 616 cunque
2089 546 2141 598 in
2166 547 2510 599 ornamentis
2541 547 2785 616 pretiosa
2814 547 3071 608 habebat.
3105 549 3159 604 in'
3185 569 3320 607 usus
3350 573 3442 609 ec-

189 657 347 712 beros.
373 670 500 706 cum
529 657 690 704 antea
717 648 1020 719 plurimum
1048 646 1376 698 Beccensem
1411 650 1629 697 amaret
1665 645 1767 695 Ec-

189 743 413 800 clesiam,
445 730 712 810 deinceps
742 738 848 790 hac
871 737 938 788 de
956 751 1120 788 causa
1151 749 1526 803 superomnes
1556 731 1764 788 dilexit.

191 840 235 887 et
261 833 322 885 de
354 830 526 884 rebus
565 829 683 881 suis
711 827 889 880 multa
922 825 977 877 in
1011 841 1074 876 ea
1095 824 1209 875 Deo
1242 821 1610 875 servientibus
1636 837 1773 874 Con-

189 922 312 976 tulit.
350 921 534 983 Quam
569 916 923 971 dilectionem
955 912 1190 983 posteris
1220 911 1356 966 suis.
1389 907 1547 980 quasi
1599 910 1772 962 hazre-

193 1010 435 1065 ditariam
471 1006 718 1077 reliquit,
747 1005 821 1055 ita
858 1010 919 1056 ut
939 1001 1194 1054 videatur
1218 999 1364 1069 quod
1403 999 1662 1060 infantes,
1707 998 1775 1049 de

193 1101 287 1168 ejus
323 1095 596 1167 progenie
618 1093 922 1150 venientes,
945 1092 1276 1143 Beccensem
1301 1087 1777 1156 diligantnatura-

192 1190 297 1242 liter
330 1184 638 1240 Ecclesium
662 1201 674 1246 ;
709 1199 773 1234 ac
799 1181 846 1233 si
875 1196 1000 1244 cum
1033 1179 1176 1231 lacte
1202 1177 1387 1230 carnis
1415 1175 1660 1227 biberint
1687 1173 1774 1243 ip-

195 1277 287 1329 sius
313 1273 671 1328 dulcedinem
704 1269 945 1333 amoris;
981 1268 1158 1336 ipSam
1177 1282 1398 1335 quoque
1430 1257 1646 1318 Domini
1667 1263 1777 1314 Ge-

195 1364 451 1420 nitricem,
478 1378 601 1430 qua;
633 1375 730 1429 per
755 1364 936 1410 totum
961 1354 1230 1407 mundum
1256 1351 1584 1406 venerabilis
1615 1351 1779 1403 habe-

193 1461 285 1513 tur,
317 1451 484 1522 quasi
513 1450 696 1502 solum
743 1444 900 1500 Becci
957 1442 1192 1504 colatur,
1225 1448 1475 1495 sanctam
1543 1441 1775 1493 Mariam

194 1542 328 1596 Becci
378 1541 662 1592 invocant.
693 1542 749 1589 et
791 1535 1182 1604 deprecantur,
1216 1538 1273 1583 et
1323 1530 1611 1582 multoties
1657 1530 1777 1596 ejus

195 1631 441 1685 auxilium
463 1626 682 1696 eXperti
711 1629 843 1677 sunt
869 1623 924 1674 in
953 1619 1380 1674 necessitatibus
1411 1618 1632 1671 suis.De
1655 1617 1778 1687 qui-

195 1723 279 1776 bus
303 1721 516 1775 dicitur
543 1718 675 1789 quia
700 1718 1030 1770 Beccensem
1068 1714 1386 1775 Ecclesium,
1414 1728 1540 1765 mox
1573 1712 1627 1764 in
1661 1711 1779 1781 ipso

1850 635 2032 688 clesia:
2063 640 2118 687 et
2140 635 2378 686 fratrum
2414 635 2706 706 expendit;
2741 636 3033 707 ipsamque
3065 637 3287 694 Domini
3322 645 3442 697 Ma-

1852 729 2082 787 trem,et
2101 725 2218 792 ejus
2239 725 2563 776 Beccensem
2584 725 3021 780 ecclesiam.toto
3047 729 3212 782 corde
3228 729 3439 788 dilexit.

1854 814 2124 868 Defuncto
2149 811 2262 865 viro
2295 813 2413 881 ejus
2439 811 2720 866 Willelmo
2762 821 2932 867 totam
2961 833 3018 868 se
3045 817 3112 869 ad
3138 815 3234 870 Dei
3268 821 3444 874 servi-

1855 903 1996 956 tium
2028 905 2154 964 εἶθ
2183 900 2470 960 convertit,
2500 901 2688 954 vivens
2723 901 2778 955 in
2809 911 3002 957 sancta
3034 905 3320 973 viduitate,
3365 911 3448 979 je-

1853 990 2047 1060 juniis,
2073 989 2294 1057 vigiliis,
2317 996 2372 1042 et
2393 989 2738 1042 orationibus
2755 991 3267 1063 intenta,quantum
3283 1016 3448 1053 sexus

1863 1078 1941 1130 vel
1976 1083 2109 1131 tetas
2144 1077 2481 1146 patiebatur,
2517 1095 2761 1140 carnem,
2813 1087 2868 1132 et
2911 1084 3237 1151 sanguinem
3269 1104 3446 1158 usque.

1859 1165 1925 1217 ad
1961 1166 2124 1218 tinem
2148 1165 2270 1217 vitae
2297 1182 2405 1218 non
2429 1173 2687 1234 gustaris.
2711 1168 3095 1239 eleemosynas
3127 1174 3328 1227 multas
3359 1175 3448 1229 in-

1859 1254 2182 1323 digentibus
2217 1253 2421 1308 faciens
2450 1274 2460 1318 ;
2491 1262 2611 1324 post
2645 1256 2858 1326 aliquot
2889 1275 3066 1311 annos
3103 1277 3134 1312 a
3164 1262 3447 1318 Willelmo

1860 1340 2303 1411 Rothomagensi
2336 1344 2754 1414 archiepiscopo
2787 1347 2983 1411 velata,
3021 1348 3078 1400 in
3109 1349 3450 1418 subjectione

1861 1431 2149 1485 Beccensis
2170 1431 2402 1484 ccenobii
2433 1432 2742 1502 permansit
2773 1451 2946 1504 usque.
2978 1437 3048 1490 ad
3097 1444 3354 1508 mortem,
3395 1449 3454 1496 et

1859 1519 2122 1573 defuncta
2150 1520 2369 1590 sepulta
2398 1527 2482 1574 est
2503 1523 2662 1588 juxta
2688 1523 2866 1576 virum
2889 1542 3072 1578 suum.

1933 1609 2140 1660 Horum
2166 1625 2339 1678 nepos
2367 1610 2435 1661 de
2465 1611 2580 1662 ﬁlio
2611 1611 2894 1666 Willelmo
2920 1615 3121 1668 tertius
3137 1618 3454 1673 Willelmus

1863 1697 2175 1766 Crispinus,
2196 1697 2526 1765 originalem
2549 1716 2794 1753 amorem
2818 1702 3048 1756 trahens
3071 1721 3202 1773 erga
3222 1705 3456 1759 Beccen-

197 1820 320 1873 (πω,
346 1810 514 1880 quasi
570 1809 628 1861 in
688 1806 848 1859 cunis
895 1821 1075 1873 nuper
1107 1811 1292 1855 natam
1327 1807 1681 1871 exceperunt,
1720 1776 1840 1852 etB
1861 1803 1978 1838 sem
2011 1786 2300 1838 ecclesiam
2332 1787 2473 1840 miro
2504 1804 2626 1840 eam
2659 1789 2830 1842 coluit
2849 1791 3068 1845 affectu.
3103 1794 3212 1846 Iste
3242 1794 3456 1847 Willel-

196 1901 579 1958 educaverunt,
608 1903 775 1966 atque
813 1894 882 1946 ad
916 1893 1212 1963 perfectam
1245 1896 1464 1944 aetatem
1509 1889 1780 1966 perduxe-

196 1997 343 2055 runt;
377 1965 813 2056 sumptibusque
846 1982 961 2035 suis
990 1998 1087 2050 pro
1125 1996 1285 2050 posse
1317 1965 1654 2033 extulerunt.
1679 1976 1781 2030 Hic

197 2079 437 2148 egregius
462 2076 568 2137 vir,
588 2089 733 2144 stepe
764 2073 911 2125 fatus
936 2070 1254 2123 Willelmus
1276 2068 1584 2137 Crispinus,
1605 2066 1672 2118 ad
1696 2083 1784 2118 ex-

197 2178 420 2220 tremum
449 2164 698 2222 veniens,
735 2161 907 2218 misit.
935 2166 990 2212 et
1013 2159 1231 2227 rogavit
1271 2163 1526 2210 sanctum
1559 2156 1784 2208 Patrem

198 2257 520 2310 Herluiuum
552 2252 740 2306 venire
762 2251 829 2302 ad
851 2267 929 2313 se,
963 2255 1023 2302 ut
1053 2248 1214 2300 daret
1238 2245 1340 2299 sibi
1373 2243 1656 2313 religionis
1682 2244 1783 2296 ha-

197 2343 390 2401 bitum;
423 2341 690 2396 tardante
731 2346 917 2392 autem
967 2335 1184 2397 abbate,
1221 2335 1358 2388 vidit
1405 2333 1686 2388 daemones
1714 2331 1783 2384 ad

199 2451 249 2486 se
273 2433 514 2489 venisse.
549 2436 607 2482 et
643 2429 784 2482 duas
808 2426 1076 2480 macerias
1107 2424 1342 2477 nimium
1376 2421 1618 2474 excelsas
1640 2421 1787 2472 circa

196 2538 248 2575 se
276 2521 556 2574 aediﬁcare
610 2516 824 2582 Quibus
845 2515 922 2568 ita
952 2513 1276 2567 arctabatur
1307 2518 1368 2564 ut
1397 2527 1506 2563 non
1538 2527 1596 2562 sc
1631 2516 1786 2578 puta-

198 2617 275 2663 ret
300 2609 433 2663 inde
467 2623 630 2678 posse
663 2605 916 2667 evadere,
947 2619 1070 2655 cum
1103 2618 1228 2654 ecce
1267 2597 1572 2670 aspiciebat
1623 2614 1785 2650 sanc-

197 2709 302 2752 tum
336 2696 728 2758 Benedictum,
762 2693 982 2762 signum
1041 2689 1342 2744 Dominicze
1396 2688 1575 2742 crucis
1606 2688 1788 2741 mani-

200 2788 292 2841 bus
313 2789 615 2847 ferentem,
639 2783 708 2836 ad
748 2799 806 2835 sc
855 2780 1153 2844 accedere;
1203 2779 1268 2830 ad
1298 2779 1455 2845 cujus
1485 2778 1787 2831 adventum

197 2877 284 2929 illa
312 2875 629 2929 daemonica
663 2871 956 2942 phantasia
983 2877 1102 2922 tota
1126 2867 1506 2922 evanescebat.
1533 2867 1650 2920 Nec
1682 2883 1795 2920 mo-

1862 1891 1986 1927 mus
2016 1874 2304 1944 sanguinis
2336 1876 3104 1947 propinquitatejungebatur
3127 1882 3316 1935 comiti
3340 1884 3455 1935 An-

1862 1963 2230 2034 degavorum;
2265 1963 2502 2034 ideoque
2532 1965 2824 2020 familiaris
2869 1968 2947 2020 illi
2987 1975 3137 2035 erat;
3180 1971 3248 2023 ad
3288 1988 3456 2041 quem

1863 2068 1987 2104 cum
2017 2069 2074 2104 se
2105 2052 2406 2122 aliquando
2428 2054 2772 2117 contulisset,
2809 2062 2872 2108 ut
2891 2057 2960 2109 ad
2991 2059 3252 2120 amicum,
3277 2067 3334 2112 et
3363 2077 3458 2113 co-

1864 2157 1982 2194 mes
2009 2147 2203 2194 contra
2230 2142 2500 2211 quosdam
2554 2159 2684 2196 suos
2733 2143 2941 2198 bellum
2989 2153 3231 2216 gereret,
3267 2149 3360 2218 qui
3401 2149 3458 2202 in

1865 2237 2015 2283 terra
2047 2247 2149 2284 sua
2177 2236 2370 2284 contra
2395 2230 2554 2284 illum
2607 2231 2976 2294 rebellabant,
3007 2236 3291 2305 pugnabat
3316 2237 3461 2291 VVil-

1868 2319 2069 2372 lelmus
2109 2336 2206 2388 pro
2229 2337 2314 2381 eo,
2344 2327 2618 2388 quantum
2646 2327 2881 2390 poterat.
2908 2324 3158 2386 Quadam
3195 2326 3284 2379 die
3309 2343 3463 2397 repe-

1868 2424 2014 2460 riens
2046 2408 2252 2469 hostes,
2287 2407 2451 2476 irruit
2505 2407 2771 2461 audacter
2827 2409 2884 2462 in
2917 2427 3019 2464 eos
3039 2430 3051 2477 ;
3093 2419 3153 2465 at
3190 2412 3269 2465 illi
3303 2420 3464 2484 terga

1872 2503 2176 2550 verterunt.
2197 2496 2310 2549 sive
2329 2496 2549 2551 timore.
2577 2497 2923 2566 utfugerent,
2946 2516 3044 2553 seu
3079 2500 3371 2564 industria,
3400 2506 3466 2560 ut

1869 2602 1997 2638 eum
2058 2585 2274 2654 longius
2321 2585 2620 2638 abductum
2667 2602 2864 2655 capere
2907 2596 3152 2657 possent.
3183 2591 3333 2656 Quos
3370 2591 3465 2646 ille

1872 2675 2157 2726 insecutus
2175 2674 2551 2743 aliquantum,
2575 2691 2605 2726 a
2625 2675 2738 2727 suis
2763 2675 3074 2745 disjunctus
3105 2685 3191 2732 est
3216 2697 3227 2745 ;
3252 2679 3465 2734 inimici

1873 2763 2121 2815 videntes
2143 2762 2299 2815 illum
2322 2780 2381 2814 se
2413 2770 2837 2833 persequentem
2868 2766 3066 2829 solum,
3099 2783 3244 2821 unus
3271 2785 3466 2822 eorum

1876 2868 2174 2904 conversus
2204 2868 2432 2921 equum,
2477 2850 2882 2911 cuiinsidcbat,
2931 2855 3224 2923 percussit,
3258 2863 3314 2910 et
3366 2873 3467 2927 per

199 2982 271 3026 ra,
306 2965 608 3019 nuntiatur
642 2963 838 3015 adesse
895 2959 1185 3015 Beccensis
1232 2957 1404 3010 abbas
1458 2955 1792 3010 venerabilis
1819 3013 1854 3026 Α
1875 2940 2050 2993 latera
2083 2940 2464 2996 transforavit.
2506 2940 2624 3002 Ille,
2656 2940 2834 2993 sciens
2864 2959 3069 3012 equum
3127 2944 3196 2996 ad
3227 2955 3465 3002 mortem
3536 2950 3541 2955 ’

199 3055 525 3118 ΗΒΓΙΠίηυε’
557 3060 614 3105 et
661 3067 786 3104 cum
840 3066 904 3103 ρο
954 3048 1180 3116 quidam
1213 3047 1536 3108 monachus,
1567 3045 1792 3101 nomine
1815 3013 1856 3071 C
1878 3030 2251 3090 vulneratum,
2293 3046 2418 3082 mox
2448 3031 2617 3083 vertit
2662 3031 2926 3096 habenas,
2961 3038 3016 3084 et
3040 3048 3339 3087 conversus
3376 3051 3468 3088 re»

200 3143 536 3204 Willelmus,
585 3140 680 3209 qui
711 3146 901 3209 postea
935 3137 1040 3191 luit
1085 3135 1256 3189 abbas
1307 3133 1720 3196 Cormeliensis,
1763 3150 1796 3186 a

201 3249 301 3302 quo
335 3232 458 3285 haec
489 3229 993 3284 audita-dicuntur.
1018 3225 1278 3279 Narravit
1320 3240 1451 3293 ergo
1504 3223 1794 3292 Crispinus

198 3320 384 3374 abbati
417 3318 826 3373 ludiﬁcationcs
857 3317 1194 3372 dtemonum.
1222 3320 1277 3366 et
1310 3313 1409 3366 Dei
1451 3311 1792 3380 adjutorium

201 3426 294 3479 per
317 3415 576 3462 sanctum
614 3404 974 3459 Benedictum
1007 3402 1110 3456 sibi
1134 3403 1469 3471 impensum.
1501 3400 1656 3452 Tunc
1681 3398 1794 3451 fac-

200 3506 285 3551 tus
315 3506 407 3550 est
431 3495 740 3549 monachus
771 3499 827 3546 et
853 3499 979 3562 post
1007 3508 1212 3562 paucos
1241 3490 1359 3543 dies
1392 3489 1506 3540 vita
1525 3487 1794 3552 discessit,

203 3597 252 3638 et
274 3587 546 3638 humatus
571 3583 734 3651 juxta
765 3579 1048 3633 ecclesiam
1078 3579 1175 3631 ubi
1197 3579 1500 3630 claustrum
1525 3576 1799 3627 aedifican-

199 3675 327 3726 dum
364 3681 509 3734 erat,
541 3670 828 3724 conlidens
885 3685 943 3721 se
997 3684 1095 3737 per
1144 3672 1391 3718 sanctam
1425 3662 1645 3717 Domini
1680 3661 1798 3715 Ma-

199 3769 336 3815 trem
367 3761 612 3814 Mariam
637 3775 795 3811 suam
827 3757 1224 3818 liberatricem,
1248 3762 1302 3807 et
1329 3770 1427 3823 per
1448 3752 1672 3804 beatum
1699 3751 1800 3804 Be-

200 3853 486 3905 nedictum
512 3849 757 3919 gratiam
781 3845 1007 3911 Christi,
1041 3851 1098 3898 et
1135 3841 1573 3896 misericordiam
1603 3856 1799 3894 conse-

199 3947 484 3994 cuturum.

403 4041 730 4082 EPITAPHIUM
757 4037 1031 4077 \VIIJJ‘ILMI
1071 4037 1292 4075 CRISPINI
1325 4032 1593 4073 SENIORIS.

269 4121 550 4174 Nobiliter
583 4120 749 4168 natus
773 4115 928 4166 miles
954 4115 1066 4178 fuit
1094 4112 1182 4163 hic
1222 4112 1552 4172 tumulatus,

353 4207 659 4268 Providus,
693 4209 738 4256 et
771 4206 952 4269 fortis,
981 4202 1223 4254 moribus
1247 4204 1409 4266 atque
1432 4199 1654 4265 probus.

277 4301 388 4366 Qui
411 4313 478 4351 nc
503 4295 748 4347 mundus
777 4307 900 4345 eum
923 4294 1092 4358 posset
1113 4290 1458 4354 submergere
1475 4303 1676 4352 secum,

349 4389 470 4440 lluc
488 4389 718 4453 portum
738 4382 925 4444 subi-il,
958 4379 1258 4431 monachus
1284 4378 1372 4429 hic
1401 4378 1552 4429 obiit.

272 4479 414 4530 Jam'
438 4479 562 4544 post
588 4473 792 4534 Nonas,
822 4485 887 4522 ac
917 4474 1022 4520 tres
1051 4473 1096 4519 ct
1128 4472 1371 4533 quatuor
1392 4465 1576 4527 horas,

354 4567 494 4618 Cum
509 4567 635 4629 jam
667 4559 993 4626 complesset,
1026 4559 1326 4624 quintoque
1341 4557 1465 4622 jam
1489 4555 1657 4619 ﬁeret.

272 4657 498 4708 Parcus
519 4655 637 4703 erat
664 4651 866 4711 [ἔσει-υς,
904 4663 1028 4699 cum
1052 4661 1290 4713 parcum
1321 4645 1542 4696 nomine
1559 4643 1737 4706 rebus,

352 4740 681 4806 Sumptibus
707 4753 812 4789 esse
839 4737 974 4796 suis,
1008 4735 1208 4786 extulit
1238 4737 1298 4784 ut
1316 4733 1516 4799 potuit.

272 4831 421 4886 Noto
452 4829 744 4894 Crispinus
775 4827 959 4890 fuerat
980 4823 1297 4888 cognomine
1317 4821 1516 4882 dictus,

357 4918 596 4972 Nomine
636 4914 962 4973 Willelmus,
987 4912 1097 4975 cui,
1137 4911 1289 4973 Deus,
1323 4914 1426 4960 cslo
1455 4910 1602 4975 pius.

277 5008 404 5061 Iste
437 5003 756 5057 Willelmus
783 5000 1074 5069 Crispinus
1109 4997 1303 5050 habuit
1323 4993 1816 5061 uxorem,nomine

202 5099 413 5151 Evam.
441 5109 649 5162 genere
671 5097 726 5143 et
748 5088 994 5143 moribus
1014 5087 1118 5140 sibi
1145 5091 1574 5155 competentem,
1608 5084 1676 5136 de
1707 5100 1820 5153 qua

197 5180 830 5256 genuitGislebertum,
855 5177 1179 5248 praedictum
1197 5176 1357 5228 West
1370 5172 1696 5228 Monasterii
1727 5171 1820 5226 ab-

203 5276 433 5335 batem,
458 5281 513 5324 et
543 5269 685 5322 alios
713 5269 921 5338 plures.
959 5267 1088 5319 Haec
1119 5266 1237 5318 .Eva
1266 5263 1336 5316 de
1381 5269 1548 5332 gente
1578 5262 1819 5315 FranCo—

201 5381 372 5425 rum,
393 5360 557 5414 claris
575 5357 858 5411 natalibus
891 5354 1199 5426 progenita,
1233 5358 1530 5422 postquam
1563 5350 1823 5421 praedicto

1877 3125 2141 3181 trorsum,
2175 3117 2484 3171 calcaribus
2513 3135 2719 3188 urgens
2750 3119 3128 3190 cornipedem,
3154 3122 3316 3175 celeri
3335 3121 3472 3192 fuga

1877 3207 1947 3259 ad
1981 3224 2110 3260 suos
2141 3206 2344 3259 reverti
2376 3207 2703 3261 conabatur.
2729 3210 2959 3262 Beatam
2983 3210 3204 3264 Domini
3235 3214 3469 3267 Matrem

1878 3293 2255 3355 inclamitans,
2303 3312 2434 3348 voce
2479 3313 2722 3366 magna:
2763 3318 2784 3347 ι
2822 3299 3027 3352 Sancta
3073 3299 3251 3353 Maria
3288 3299 3466 3365 Becci,

1879 3384 2082 3453 adjuva
2132 3401 2240 3449 me,
2288 3390 2476 3438 sancta
2511 3387 2686 3439 Maria
2717 3387 2894 3450 Becci,
2926 3388 3128 3457 adjuva
3160 3406 3267 3443 me.
3314 3409 3337 3440 ι
3380 3389 3474 3446 Sic

1881 3474 2232 3528 vociferando
2284 3475 2536 3544 pervenit
2585 3476 2654 3528 ad
2703 3477 2980 3547 quoddam
3035 3479 3327 3544 fossatum,
3364 3496 3473 3550 quo

1881 3564 2096 3634 perpeti
2128 3563 2272 3616 saltu
2304 3565 2652 3624 transmisso,
2686 3567 2840 3635 quasi
2868 3567 2982 3634 jam
3011 3568 3308 3622 securitate
3337 3569 3478 3639 poti-

1880 3661 1973 3705 tus
2003 3651 2200 3730 cecidit
2223 3653 2640 3706 =l‘l101'tUUS.HOC
2670 3654 2818 3706 idem
2846 3655 3163 3710 Willelmus
3188 3658 3478 3728 Crispinus

1883 3758 1983 3812 pro
2006 3740 2513 3809 magnomiraculo.
2531 3742 2599 3794 ad
2627 3743 2890 3795 honorem
2917 3744 3012 3796 Dei
3037 3751 3092 3797 et
3119 3745 3241 3815 ejus
3271 3753 3477 3802 sanctae

1885 3830 2202 3888 Gcnitricis,
2238 3846 2468 3883 narrare
2515 3830 2714 3883 solitus
2771 3839 2910 3895 erat,
2944 3833 3091 3902 quod
3123 3850 3299 3903 equus
3337 3853 3480 3906 pene

1883 3926 2160 3983 mortuus,
2185 3920 2496 3988 proﬂuente
2537 3919 2666 3972 hinc
2699 3919 2828 3972 inde
2866 3920 3107 3974 ubertim
3139 3925 3412 3993 sanguine
3447 3942 3483 3980 ε.

1881 4006 2170 4069 lateribus,
2207 4023 2305 4075 per
2335 4006 2444 4059 duo
2473 4006 2588 4058 fere
2611 4007 2869 4060 milliaria
2888 4009 3128 4077 portavit
3147 4027 3272 4064 eum
3303 4013 3374 4066 ad
3398 4018 3484 4067 tu-

1884 4102 2002 4149 tum
2035 4096 2239 4148 locum.
2277 4095 2545 4163 Equidem
2577 4111 2754 4164 equus
2785 4096 2922 4165 ipse,
2957 4103 3021 4150 ut
3065 4097 3270 4160 aiebat,
3307 4100 3484 4156 nimia

1888 4184 2182 4237 velocitate
2211 4182 2450 4254 vigebat,
2474 4183 2570 4236 sed
2602 4189 2716 4236 tam
2747 4184 2987 4237 velocem
3037 4201 3324 4256 nunquam
3355 4205 3485 4246 eum

1887 4273 2193 4326 invenerat.
2229 4271 2383 4325 Idem
2405 4271 2738 4334 Willelmus,
2776 4278 2970 4342 postea
3005 4280 3221 4343 captus.
3271 4293 3396 4331 cum
3427 4278 3486 4333 in

1823 4372 2110 4431 Dcarcere
2138 4361 2233 4414 diu
2264 4366 2553 4415 teneretur
2603 4360 2748 4434 ferro
2805 4361 3160 4426 constrictus,
3198 4363 3401 4423 timore
3430 4373 3488 4423 et

1897 4468 2104 4520 angore
2130 4456 2371 4515 coactus,
2395 4453 2561 4511 vovit,
2609 4450 2652 4503 si
2685 4450 2834 4504 Deus
2855 4467 2984 4504 eum
3007 4451 3076 4506 de
3117 4452 3222 4507 hac
3249 4453 3488 4510 tribula-

1895 4541 2047 4594 tione
2069 4540 2348 4604 liberaret,
2375 4539 2522 4608 quod
2551 4538 2662 4592 iret
2687 4540 3014 4595 Jerusalem.
3039 4541 3154 4595 Nec
3177 4544 3352 4602 multo
3365 4553 3493 4616 post

1896 4647 2172 4701 egressus,
2197 4629 2337 4682 liber
2366 4629 2434 4682 de
2463 4645 2703 4693 carcere,
2739 4630 2951 4699 accepit
2997 4647 3237 4698 crucem,
3267 4633 3492 4704 signitm

1895 4720 2151 4773 videlicet
2165 4718 2335 4772 eundi
2356 4717 2686 4778 Jerusalem.
2710 4719 2832 4772 Mox
2853 4718 2931 4774 ita
2952 4725 3202 4776 mutatus
3223 4728 3310 4776 est
3329 4724 3494 4780 verbo

1897 4818 1954 4863 et
1983 4824 2149 4878 opere
2179 4814 2241 4860 ut
2269 4812 2421 4860 totus
2453 4805 2636 4860 subito
2662 4807 2944 4861 videretur
2957 4809 3252 4879 alteratus,
3281 4814 3496 4870 cunctis

1900 4897 1996 4968 qui
2018 4897 2122 4950 hoc
2137 4895 2400 4949 videbant
2414 4895 3167 4952 mirantibus.ProIiciscendi
3189 4902 3494 4958 terminum

1900 4986 2087 5057 posuit
2103 4985 2174 5039 ad
2193 4985 2432 5054 primam
2453 4984 2806 5038 festivitatem
2837 4987 3015 5041 sancti
3037 4987 3340 5056 Michaelis;
3362 5000 3499 5049 sane

1901 5075 2135 5145 rogabat
2153 5075 2329 5127 Deum
2363 5079 2420 5126 et
2449 5078 2700 5126 sanctam
2738 5073 2973 5128 Matrem
3025 5077 3164 5144 ejus,
3199 5084 3494 5148 quatenus,

1901 5166 1947 5220 si
1979 5165 2037 5217 in
2071 5163 2158 5218 via
2202 5162 2509 5216 moriturus
2546 5169 2685 5222 erat,
2720 5170 3020 5233 antequam
3057 5165 3328 5232 proﬁcisci
3359 5167 3499 5222 inci-

1904 5259 2082 5325 peret,
2117 5255 2449 5306 moreretur.
2480 5266 2588 5320 quo
2613 5251 2845 5312 Beccum
2876 5251 3128 5314 delatus,
3161 5252 3309 5307 inter
3335 5262 3501 5313 ante-

1907 5362 2155 5402 cessores
2185 5361 2317 5404 suos
2364 5344 2578 5413 jaceret
2623 5343 2908 5398 humatus.
2942 5343 3100 5406 Quod
3155 5343 3306 5398 Deus
3337 5347 3502 5416 juxta,

204 5451 419 5523 nupsit
466 5448 771 5510 Willelmo,
825 5447 946 5515 ejus
998 5461 1058 5496 se
1123 5450 1320 5512 aptans
1379 5440 1627 5494 moribus
1660 5437 1826 5508 coepit
1905 5435 2213 5488 bonitatem
2239 5449 2420 5492 suam,
2446 5431 2588 5485 sicut
2633 5430 2874 5501 petebat,
2911 5431 2988 5484 illi
3030 5433 3302 5488 concessit
3351 5436 3502 5498 Nam

205 5544 560 5597 Beccensem
593 5535 883 5590 ecclesiam
905 5527 1286 5604 praeomnibus
1324 5546 1535 5596 amare,
1567 5528 1824 5582 abbatem

205 5641 272 5687 et
337 5627 672 5693 monachos,
705 5623 867 5697 quasi
905 5639 971 5678 ex
1008 5638 1069 5676 se
1103 5618 1486 5692 genitostotis
1522 5616 1826 5678 visceribus

1909 5523 2237 5578 infirmitate
2251 5525 2558 5592 correptus,
2582 5520 2860 5576 hominem
2883 5519 3034 5573 exuit
3051 5519 3109 5573 in
3124 5520 3504 5596 vigiliasanqti

1908 5611 2198 5668 Michaelis
2222 5616 2424 5682 quarto
2453 5609 2692 5673 Kalend.
2722 5607 2996 5676 Qctobris,
3027 5613 3085 5668 et
3109 5610 3258 5672 sicut
3269 5614 3509 5678 deside.
