3864 6176
458 293 566 351 743
1405 287 1504 344 AD
1544 288 1784 367 opaea
1821 291 1885 347 Β.
1927 293 2011 348 LA

2107 292 2346 348 ‘RANCI
2382 293 2772 352 APPENDIX.
3584 298 3673 359 744

451 424 695 481 raverat,
725 420 898 487 utque
933 412 1180 468 moriens
1221 417 1581 484 praeceperat,
1622 415 1711 469 die
1762 433 1873 488 qua
1911 417 2377 489 pro-Aadduxit,
2405 424 2469 475 ut
2492 420 2731 475 ﬁrmiori
2766 420 2877 475 ﬁde
2914 425 2973 476 et
3009 420 3314 478 ardentiori
3365 440 3542 481 amore
3572 427 3675 497 ejus

451 508 729 563 fecturum
757 522 817 560 se
845 504 1078 558 dixerat.
1108 502 1400 555 Portatum
1444 507 1530 556 est
1574 520 1776 575 corpus
1820 507 1941 575 ejus
1979 507 2049 560 ad
2131 507 2377 562 audeant
2403 509 2704 580 implorare
2727 509 2784 563 in
2821 510 2941 564 suis
2964 511 3380 567 necessitatibus
3418 516 3671 579 auxilium,

453 596 739 651 dominam
799 610 959 649 suam
1013 596 1263 646 sanctam
1318 590 1648 646 Beccensem
1694 594 1950 659 Mariam,
1994 602 2053 650 et
2132 602 2410 666 quatenus
2434 615 2531 668 per
2561 598 2736 669 ipsius
2793 598 3245 655 intercessionem
3279 618 3584 674 recuperare
3604 622 3677 659 va-

443 686 750 756 juxtasuos
769 689 957 755 patres
979 678 1527 752 sepultum.Talibus
1574 680 1858 737 beneﬁciis
1886 684 2052 740 beata
2131 684 2288 739 leant
2328 687 2455 740 Filii
2483 687 2571 741 sui
2594 687 2816 742 Domini
2850 689 3026 743 nostri
3054 690 3178 744 Iesu
3212 690 3412 745 Christi
3448 693 3675 762 gratiam,

448 772 550 828 Dei
564 773 805 844 genitrix
819 789 999 843 genus
1012 768 1496 857 Crispinorum,et
1515 768 1654 823 alios
1683 774 2046 844 quamplures
2130 774 2226 844 qui
2257 774 2394 829 vivit
2422 781 2479 829 et
2534 784 2735 857 regnat
2772 794 2901 831 cum
2951 778 3137 846 Patre,
3192 786 3250 834 et
3289 779 3490 851 Spiritu
3514 790 3677 839 sancto

448 863 717 933 cujusque
738 860 969 929 ordinis,
994 866 1051 915 et
1062 856 1309 930 generis,
1329 857 1400 912 ad
1420 874 1580 912 suam
1603 859 2043 918 familiaritatem
2127 863 2276 917 Deus
2304 864 2364 918 in
2384 866 2610 920 saecula.
2636 867 2834 921 Amen.

1314 1189 1722 1315 VITA
1819 1189 1953 1321 S.
2061 1185 3055 1320 AUGUSTINI

444 1416 791 1482 HONACHI
840 1415 1363 1495 BENEDICTINI,
1420 1418 1643 1481 PRIMI
1713 1419 2422 1482 CANTUARIENSIUM
2498 1422 3097 1485 ARCHIEPISCOPI
3140 1423 3241 1486 ET
3279 1421 3674 1489 ANGLORUM

1882 1525 2264 1586 APOSTOLI
2277 1572 2292 1587 .

1562 1684 1673 1747 Ex
1716 1693 1824 1746 vet.
1838 1705 1942 1746 ms.
1981 1684 2292 1748 Beccensi:
2321 1686 2596 1752 abbatz'a’.

1463 1935 2051 2032 PROLOGUS
2107 1937 2225 2029 ΙΝ
2299 1938 2695 2034 VITAM.

516 2151 650 2214 Quae
677 2150 748 2204 de
769 2149 942 2222 ipsius
962 2148 1131 2220 primi
1154 2148 1459 2218 Anglorum
1491 2146 1830 2201 institutoris
1857 2147 2107 2217 Augu-B
2126 2153 2372 2219 paternae
2399 2148 2713 2204 dilectionis
2741 2150 2872 2204 ﬁliis
2899 2149 3422 2207 obsecundaremus.
3452 2153 3520 2206 At
3554 2152 3676 2206 hunc

441 2238 578 2293 stini
608 2238 725 2292 vita
746 2246 803 2293 et
826 2238 1001 2309 signis
1021 2236 1356 2291 venerabilis
1378 2236 1541 2291 Beda:
1564 2236 1845 2307 depromit
1870 2236 2043 2290 histo-
2126 2236 2375 2291 libellum
2409 2239 2701 2309 paululum
2731 2242 3131 2308 contraximus,
3190 2248 3259 2297 ut
3287 2243 3433 2296 inter
3456 2241 3606 2296 divini
3630 2245 3676 2295 et

441 2327 527 2382 ria
560 2325 711 2396 (79"),
743 2344 979 2399 quaeque
1005 2327 1075 2381 ab
1131 2327 1253 2398 ipso
1299 2325 1680 2397 praetermissa
1710 2325 1767 2379 in
1792 2325 1915 2380 aliis
1945 2342 2041 2380 co-
2122 2326 2606 2382 humaniconvivii
2627 2329 2920 2393 solemnia,
2956 2330 3219 2402 benignis
3239 2336 3298 2386 et
3314 2331 3558 2385 fraternis
3582 2328 3679 2411 (8'2)

444 2416 660 2471 dicibus
690 2417 923 2472 vetustis
954 2416 1285 2488 reperimus,
1320 2414 1643 2469 ﬁdelissime
1672 2420 1864 2469 nostro
1906 2414 2043 2468 mal-
2121 2415 2435 2487 hospitibus
2492 2417 2964 2489 obtemperemus.
3019 2420 3203 2475 Simul
3234 2420 3399 2475 etiam
3426 2420 3538 2475 alia:
3566 2436 3677 2475 con-

430 2505 584 2560 "leolo
615 2506 955 2561 recudimus.
987 2506 1122 2570 Quae
1179 2505 1348 2559 etiam
1403 2510 1531 2575 post
1560 2505 1679 2574 ejus
1731 2504 1803 2558 ad
1848 2504 2038 2559 sidera
2078 2505 2357 2585 fratrum
2389 2506 2668 2573 Ecclesize,
2716 2524 2819 2578 per
2860 2509 3009 2563 hunc
3055 2525 3330 2564 oceanum
3369 2509 3583 2572 diffusae,
3618 2506 3677 2561 ad

439 2595 793 2667 triumphum
829 2596 1112 2650 declarata
1149 2611 1213 2648 ac
1240 2594 1518 2664 descripta
1545 2593 1804 2664 legimus,
1838 2593 2032 2648 eadem
2120 2610 2259 2665 quas
2286 2595 2402 2649 haec
2428 2596 2728 2666 contigerit
2770 2597 3079 2668 pervenire,
3123 2599 3315 2653 nativo
3364 2596 3677 2669 congauth

438 2683 714 2754 probabili
741 2684 850 2738 ﬁde
870 2684 937 2751 ad
939 2684 1250 2755 jungimus.
1274 2683 1407 2747 Quae
1427 2699 1553 2737 vero
1584 2683 2030 2754 przesentialiter,
2118 2689 2605 2756 amore,tanquam
2627 2685 2713 2739 sui
2733 2686 3676 2758 protoparentisﬁliae.Verumtamen

435 2772 673 2827 testibus
723 2773 963 2844 populis,
988 2778 1044 2827 et
1096 2771 1619 2845 probatissimarum
1665 2788 2032 2842 personarum
2116 2789 2287 2844 super
2314 2772 2418 2827 hoc
2472 2774 2787 2845 compendii
2817 2775 3193 2846 propositum,
3228 2776 3386 2830 video
3428 2779 3676 2829 crescente

434 2860 710 2917 indicibus
739 2862 933 2927 oculis,
971 2862 1094 2916 luce
1132 2860 1337 2915 clarius
1382 2861 1634 2926 rutilant,
1684 2863 1802 2915 suis
1862 2861 2032 2916 radiis
2116 2862 2298 2917 Eliszei
2341 2861 2463 2917 oleo
2518 2865 2863 2933 superﬂuere
2905 2881 3004 2918 vas
3044 2880 3259 2920 meum.
3292 2867 3520 2920 Oremus
3567 2879 3677 2933 ergo

434 2951 724 3006 credentes
745 2951 1050 3017 illustrant,
1070 2951 1393 3005 haesitantes
1413 2949 1792 3004 reverberant.
1827 2950 2028 3005 Posse-
2112 2967 2309 3005 omnes
2343 2951 2753 3007 eruditissimos
2780 2969 2846 3007 ac
2875 2952 3307 3025 benignissimos
3334 2955 3587 3016 doctores,
3624 2967 3679 3005 ac

432 3057 557 3095 mus
572 3046 629 3095 et
648 3040 1125 3112 inspectorum,et
1142 3046 1465 3095 curatorum
1488 3040 1754 3110 pleraque
1774 3045 2031 3094 retexere
2109 3040 2415 3113 discipulos
2454 3040 3024 3107 Dominieaerscliolze',
3066 3048 3131 3098 ut
3177 3044 3315 3111 haec,
3357 3048 3470 3097 tam
3522 3039 3678 3096 lucide

431 3130 553 3184 loca
582 3136 640 3186 et
666 3130 916 3196 nomina,
940 3129 1049 3184 nisi
1099 3133 1315 3183 vetaret
1360 3145 1590 3183 nausea.
1627 3130 1810 3199 Super
1838 3129 2030 3183 omnia
2110 3128 2493 3201 comprobata,
2527 3144 2637 3183 non
2671 3130 2855 3183 solum
2893 3146 3006 3184 non
3050 3137 3301 3187 renuant
3342 3131 3572 3194 credere,
3599 3143 3683 3181 ve‘

429 3217 579 3274 beati
636 3219 892 3290 Gregorii
939 3218 1143 3273 cadent
1199 3217 1524 3272 testimonia
1566 3216 1677 3283 (80')
1710 3235 1722 3270 :
1757 3217 1853 3288 qui
1882 3219 2031 3273 hunc
2114 3235 2245 3275 rum
2262 3219 2432 3273 etiam
2472 3219 2638 3290 plena
2666 3217 3055 3275 benevolentia
3081 3220 3307 3292 paterni
3332 3221 3550 3276 allectus
3574 3234 3681 3273 sus-

428 3309 652 3380 scriptis
680 3308 929 3362 declarat
982 3306 1223 3378 plurima
1269 3311 1525 3378 patrasse
1550 3307 1729 3376 signa.
1767 3307 1897 3361 Haec
1926 3307 2028 3361 ita—
2115 3308 2322 3379 cipere,
2359 3308 2592 3380 jugique
2615 3308 2743 3377 ﬁde,
2772 3314 2968 3364 contra
3004 3309 3313 3381 improbos,
3343 3309 3589 3365 studeant
3611 3321 3683 3361 ce-

425 3413 535 3468 que
585 3414 707 3468 qua:
772 3396 1030 3463 lectione,
1072 3397 1158 3451 vel
1214 3395 1333 3449 visu
1398 3395 1673 3460 novimus,
1733 3396 1843 3450 alio
1887 3396 2028 3450 libro
2044 3439 2085 3468 ρ
2117 3397 2350 3452 lebrare.

423 3485 602 3540 fusius
654 3485 1014 3557 exposuimus
1077 3483 1214 3555 (8|),
1281 3489 1558 3556 quatenus
1617 3484 2028 3541 insatiabilibus

1499 3640 2009 3736 INCIPIT
2084 3609 2477 3789 VITA.

490 3829 712 3886 Fortem
739 3835 1020 3884 armatum
1070 3827 1231 3898 cujus
1271 3826 1505 3897 atrium,
1536 3828 1781 3883 mundus
1807 3846 1820 3895 ;
1862 3829 2023 3899 cujus
2107 3830 2368 3901 quihunc
2389 3826 2580 3882 divino
2594 3826 2866 3883 instinctu
2894 3834 3229 3898 segregaret
3256 3829 3482 3899 inopus
3505 3824 3669 3882 Domi-

422 3922 866 3985 ﬁrmamentum,
889 3935 1065 3989 regna
1090 3923 1393 3986 terrarum;
1429 3918 1591 3984 cujus
1622 3917 2022 3987 praeda,genus
2102 3919 2311 3977 nicum.
2336 3926 2400 3973 ut
2452 3918 2735 3989 quondam
2765 3918 2965 3971 Petrus
3009 3917 3325 3983 Barnabam
3381 3922 3437 3972 et
3463 3916 3669 3971 Saulum

418 4009 770 4064 humanum:
811 4014 1004 4062 noster
1033 4012 1286 4061 armatus
1311 4006 1369 4060 in
1396 4012 1591 4060 nostra
1637 4006 1810 4075 etiam
1859 4007 2019 4060 inﬁr-
2104 4006 2448 4077 (Actxmﬂ).
2480 4005 2937 4077 Intenderatipse
2958 4006 3361 4076 hancpalmam
3378 4006 3665 4078 praeripere,

418 4098 635 4164 mitate,
669 4098 830 4167 longe
858 4097 1060 4151 fortior
1108 4112 1442 4166 congressus
1477 4095 1878 4166 potentialiter,
1912 4112 2014 4166 pa-

417 4193 543 4242 rata
571 4189 629 4242 in
658 4204 720 4243 se
740 4203 922 4249 cruce,
946 4186 1110 4258 plaga
1137 4201 1428 4256 nunquam
1441 4184 1675 4239 sanabili
1708 4185 2010 4253 transﬁxit,

416 4282 475 4331 et
493 4276 683 4330 omnia
702 4274 1128 4347 opprobriorum
1147 4274 1260 4326 tela
1289 4289 1354 4326 ac
1377 4272 1567 4343 jacula
1579 4270 1685 4326 sibi
1716 4272 1923 4342 injecta
1952 4273 2009 4326 in

415 4365 575 4420 illum
599 4363 877 4419 retrorsit.
902 4362 1104 4418 Omnia
1117 4363 1413 4432 ejusarma
1438 4361 1690 4429 abstulit,
1716 4361 2012 4434 ipsumque

414 4459 627 4510 aeterno
653 4469 874 4507 carcere
892 4468 957 4506 ac
983 4451 1271 4523 suppliciis
1323 4451 1701 4521 mancipatum
1740 4452 1777 4504 ἰι
1794 4468 2011 4506 νενοθε-

414 4542 606 4597 biliter
626 4540 932 4596 damnavit.
966 4540 1392 4612 Omniaspolia
1446 4540 1623 4611 ipsius
1668 4542 1797 4610 jure
1817 4541 2013 4595 trium-

414 4631 607 4705 phata,
653 4629 972 4702 apostolicis
1028 4629 1262 4684 ducibus
1317 4629 1436 4684 suis
1464 4629 1754 4685 distribuit
1784 4630 2012 4685 electos-

2097 4097 2194 4152 sed
2225 4095 2517 4168 respondit
2543 4095 2811 4150 Dominus
2856 4096 2964 4149 hoc
2990 4096 3348 4166 privilegium
3399 4090 3669 4166 Augustini

2098 4203 2238 4240 esse.
2271 4187 2415 4240 Nam
2442 4201 2666 4257 pueros,
2701 4184 2860 4238 niveo
2895 4184 3137 4253 candore
3183 4201 3367 4256 nuper
3395 4185 3574 4239 Romae
3600 4179 3669 4233 vi-

2096 4291 2206 4341 sos,
2238 4275 2475 4329 audiens
2523 4274 2735 4345 Anglos
2754 4273 2957 4337 vocari,
2990 4280 3049 4327 et
3078 4275 3447 4345 provinciales
3475 4271 3664 4330 Deiros,

2095 4379 2162 4417 ac
2190 4380 2379 4434 regem
2411 4368 2574 4417 terra;
2603 4362 2726 4417 Alle
2765 4363 3115 4434 nuncupari:
3161 4386 3184 4412 «ι
3222 4364 3452 4434 Anglos,
3484 4357 3665 4431 inquit.

2095 4452 2312 4522 angelis
2335 4451 2558 4518 sociari,
2592 4457 2652 4506 et
2665 4451 2881 4513 Deiros.
2907 4452 2977 4505 de
2997 4452 3078 4506 ira
3111 4452 3215 4507 Dei
3235 4451 3476 4516 liberari,
3507 4466 3567 4506 ac
3581 4445 3667 4502 Dei

2096 4541 2318 4596 laudem
2340 4542 2399 4599 in
2428 4546 2581 4595 terra
2609 4540 2835 4595 alleluia
2864 4547 3088 4612 oportet
3110 4541 3414 4596 decantari.
3452 4560 3473 4592 ι

2165 4630 2384 4685 Paratis
2444 4630 2643 4701 itaque
2693 4629 2861 4684 rebus
2916 4631 3092 4685 mittit
3144 4631 3539 4701 Augustinum,
3576 4623 3664 4679 Dei

294 5592 319 5613 κ
405 5539 476 5594 ad
503 5538 839 5613 ﬂuenset!
880 5538 945 5613 ις
971 5554 1092 5613 σξιρ-
1121 5538 1176 5613 1η

415 4736 525 4792 que
566 4719 861 4791 principes,
921 4735 1093 4790 super
1116 4718 1639 4789 gentes,-nationes,
1699 4724 1756 4773 et
1811 4736 2004 4790 regna,
2091 4719 2606 4790 scientiaomnique
2627 4716 3661 4791 virtuteﬁorentem,cumquadraginta

411 4809 705 4864 constituit
759 4810 903 4877 (Luc.
958 4812 1053 4873 χι).
1110 4808 1403 4862 Remansit
1448 4807 1758 4862 Britannici
1798 4808 2004 4863 Oceani
2088 4808 2436 4863 electissimis
2498 4806 2818 4870 comitibus,
2886 4824 3026 4878 quos
3090 4797 3385 4879 religiosos
3437 4805 3580 4861 novit
3615 4807 3664 4856 et

412 4897 565 4952 orbis
606 4914 920 4969 aequoreus,
971 4896 1041 4951 ab
1096 4896 1398 4950 universali
1426 4896 1563 4951 orbe
1615 4896 1995 4952 circumcisus.
2085 4904 2373 4969 promptos
2396 4897 2454 4951 in
2511 4896 2711 4950 divinis
2751 4896 3126 4966 dogmatibus.
3156 4898 3342 4951 .Viam
3377 4896 3661 4950 salutarem

408 4987 573 5042 Hunc
595 4987 695 5042 illa
743 5004 837 5041 rex
889 4984 1448 5057 praepotentissimus,
1478 5018 1479 5021 η
1508 4986 1824 5057 Augustino
1853 4985 2004 5041 ﬁdeli
2086 4987 2299 5041 alacres
2325 4985 2732 5048 accelerabant,
2764 4991 2837 5040 ets
2873 5002 2975 5056 per
3026 4986 3242 5058 aliquot
3297 4987 3416 5040 dies
3457 4982 3658 5053 longius

408 5075 782 5148 dispensatori
804 5074 1212 5145 suo-quondam
1263 5080 1513 5140 venturo,
1564 5074 1885 5141 reservavit,
1909 5074 2005 5145 qui
2024 5081 2071 5140 D
2088 5081 2495 5149 processerant.
2523 5076 2658 5129 Ecce
2682 5080 2870 5129 autem
2900 5080 3133 5129 ventosa
3158 5075 3328 5139 fama,
3369 5091 3404 5128 a
3428 5072 3656 5142 maligno

406 5170 627 5221 noctem
658 5169 900 5219 verteret
926 5162 982 5217 in
1012 5163 1182 5225 diem,
1213 5167 1271 5216 et
1292 5178 1491 5217 novam
1536 5178 1601 5217 ac
1635 5178 1844 5229 veram,
1874 5168 2005 5233 post
2085 5164 2406 5219 adversario
2432 5163 2582 5234 vulgi
2607 5180 2708 5217 ore
2731 5164 3013 5228 ventilata,
3054 5164 3259 5219 terruit
3303 5164 3537 5218 athletas
3563 5160 3658 5214 Do-

388 5254 687 5320 ~tenebras,
707 5258 1036 5326 perpetuam
1053 5246 1874 5307 infunderetlucem.-Pollebat
1878 5253 1997 5323 jam
2085 5254 2242 5314 mini.
2276 5271 2399 5325 quae
2422 5253 2639 5308 diceret
2658 5294 2661 5299 .
2681 5258 2917 5322 gentem.
2938 5270 3108 5324 quam
3162 5252 3431 5324 petebant
3455 5248 3653 5305 cunctis

403 5360 551 5417 papa
570 5342 876 5415 Gregorius
890 5342 1125 5396 humani
1143 5342 1369 5412 generis
1384 5342 1992 5414 splendorimmensus,
2080 5343 2413 5399 mortalibus
2454 5342 2955 5409 ferocioremesse,
2994 5342 3324 5414 sanguinem
3360 5342 3650 5396 humanum

475 5466 605 5539 (79')
634 5468 895 5524 Historia;
921 5469 1073 5539 gent.
1116 5464 1448 5596 Anglorum,
1498 5466 1595 5523 lib.
1638 5466 1739 5535 1,8
1768 5485 1888 5542 cap.
1922 5464 1992 5526 23
2152 5468 2259 5553 (ὃς)
2289 5470 2499 5525 Auctor
2524 5466 2883 5541 prolixiOrem
2913 5466 3098 5523 Vitam
3121 5465 3489 5539 S.Augustini
3517 5476 3648 5518 como

475 5540 793 5615 ._ﬁnem,'et
821 5538 851 5615 l_r
880 5553 939 5615 πῃ
971 5554 1092 5615 cap.
1121 5538 1222 5615 ‘l_,_‘
1246 5579 1260 5606 ,
1294 5538 1346 5597 3.
1870 5560 1871 5563 η
2069 5551 2277 5615 posuit.
2318 5612 2331 5615 ξ
2479 5613 2492 5615 _
2623 5610 2637 5615 _
2677 5611 2688 5615 _
2910 5564 2911 5567 η

1246 5579 1260 5606 ν
1294 5579 1346 5597 υ·
2074 5579 2277 5606 μυουιι.

814 5581 1415 5684 ἲυῇἰὮδ
1512 5644 1545 5651 νο
1580 5642 1603 5649 η
1803 5648 1807 5652 -
2069 5581 2585 5684 ΙΝῖέξξς’Μθῐιειειιιιιι
2612 5610 2740 5667 fuit.
