3902 6166
178 241 261 298 745
1157 235 1326 292 VlTA
1353 235 1426 304 ,S.
1467 234 1863 292 AUGUSTINI
1903 234 2123 289 ANGL.
2161 234 2414 292 APOST.
3310 237 3414 299 746

173 365 322 428 sitire,
353 361 472 434 pati
498 377 611 417 non
641 377 802 433 posse
821 359 1169 416 Christianos
1191 361 1396 425 vivere,
1429 362 1584 416 nullo
1607 377 1734 415 vero
1753 359 2116 430 Alegationis
2145 377 2348 416 nomen
2369 377 2534 416 suum
2554 377 2894 434 causamque
2918 363 3138 420 itineris
3163 363 3415 422 scribens

174 453 313 508 modo
339 451 412 506 ab
431 451 594 506 idolis
623 450 739 506 suis
787 467 882 504 eos
912 451 1177 510 revocari,
1220 465 1321 504 nec
1349 450 1420 504 ad
1447 450 1735 505 Christum
1817 449 2016 504 baculo
2059 449 2120 504 in
2169 454 2321 504 terra
2351 451 2515 520 juxta
2561 451 2796 515 fontem,
2831 451 2918 506 his
2961 453 3208 509 litteris:
3248 474 3270 506 ι
3313 454 3416 510 Hic

176 541 394 597 converti
433 557 614 612 posse.
685 541 776 594 Sic
832 539 1114 610 quondam
1171 538 1459 610 discipulis
1515 537 1738 593 Domini
1818 537 2127 608 hospitium
2147 537 2344 593 habuit
2361 556 2552 594 servus
2571 557 2856 600 servorum
2880 541 3004 608 Dei,
3033 541 3410 614 Augustinus,

175 648 303 686 mare
337 629 732 700 navigantibus
773 634 971 682 ventus
1001 635 1125 691 εί,ςῇ
1155 628 1469 682 contrarius
1497 627 1733 693 obstitit,
1821 643 1986 697 quem
2037 627 2190 681 misit
2228 628 2298 681 ad
2337 631 2740 683 convertendos
2785 631 2994 701 Anglos
3026 631 3222 686 beatus
3269 649 3416 704 papa

177 721 341 784 donec,
377 719 667 790 increpata
697 717 918 772 modica
968 733 1162 770 eorum
1196 717 1322 775 lide.
1363 719 1567 770 ﬂuctus
1599 732 1738 786 quos
1821 716 2146 785 Gregorius.
2183 736 2204 766 ι
2237 717 2542 787 Ingruente
2575 718 2692 788 jam
2733 736 2956 786 aurora,
2984 727 3274 792 arreptum
3305 722 3416 775 iter

175 810 272 880 ipse
295 809 606 862 calcaverat
629 807 921 871 Dominus,
960 805 1197 876 imperio
1225 806 1466 859 sedaret.
1507 805 1741 859 Mittunt
1821 809 2110 858 maturant
2162 821 2489 876 percurrere
2537 807 2609 860 ad
2663 809 2950 862 Domintca
2995 811 3168 873 lucra,
3211 816 3416 881 agente

173 900 331 970 itaque
361 897 690 968 suppliciter
714 895 876 950 beato
909 896 1179 966 Gregorio
1204 895 1741 965 Augustinum,qua-
1820 893 2056 947 forsitan
2107 893 2297 948 divina
2339 895 2637 962 sententia,
2698 903 2762 950 ut
2807 897 2904 968 qui
2953 899 3104 953 ultro
3153 901 3413 954 collatam

172 993 310 1042 tenus
355 1003 453 1040 eos
508 985 800 1056 permittat
841 985 1026 1039 redire
1071 979 1321 1046 domum,
1371 1001 1474 1038 nec
1517 990 1739 1038 tantum
1820 980 2222 1036 benedictionis
2261 983 2503 1052 gratiam
2549 986 2609 1038 in
2651 985 2964 1056 hospitibus
2993 987 3297 1042 Dominicis
3333 1006 3416 1043 re-

175 1076 448 1130 discrimen
495 1074 684 1128 subire
733 1074 790 1128 in
829 1089 1092 1128 vacuum.
1121 1073 1227 1127 Sed
1257 1090 1289 1126 a
1330 1073 1622 1142 Gregorio,
1651 1089 1739 1126 se—
1821 1069 2143 1140 pulsissent,
2170 1070 2291 1140 jam
2345 1089 2456 1125 non
2499 1081 2952 1144 assequerentur,
3007 1093 3135 1130 cum
3186 1077 3411 1131 vellent.

174 1165 390 1220 cundum
413 1179 620 1217 nomen
638 1161 1123 1232 suum.pra)vigili,
1142 1161 1311 1215 missa
1337 1160 1570 1232 epistola
1590 1159 1739 1230 quod
1820 1158 1944 1212 Jam
1968 1159 2057 1212 die
2081 1159 2251 1223 claro,
2293 1166 2415 1214 tota
2459 1161 2589 1214 illuc
2621 1162 2819 1217 vicinia
2847 1165 3106 1228 accurrit,
3133 1164 3228 1220 ubi
3257 1182 3292 1220 a
3319 1184 3417 1220 su-

177 1270 414 1324 magnum
449 1252 698 1306 laborem
739 1253 918 1322 major
956 1251 1139 1322 gloria
1175 1253 1568 1320 consequatur,
1597 1255 1740 1304 etut
1822 1263 1994 1318 perno
2019 1247 2263 1312 cardine,
2291 1265 2469 1320 usque
2487 1249 2545 1304 in
2577 1257 2807 1315 terram,
2835 1251 3008 1322 jubar
3036 1253 3218 1308 solare
3248 1271 3418 1326 super

175 1342 485 1413 Augustino,
523 1357 688 1412 quem
719 1340 800 1396 eis
842 1341 962 1410 jam
1007 1338 1265 1393 abbatem
1305 1339 1664 1394 ordinaverat
1681 1340 1741 1393 in
1823 1336 1968 1390 cives
2008 1335 2130 1390 cceli
2159 1337 2342 1391 adhuc
2377 1339 2703 1409 peregrinos
2748 1347 2932 1406 terrae,
2967 1341 3155 1396 videre
3190 1342 3418 1414 plurimi

176 1430 408 1486 omnibus
465 1429 775 1494 obedirent,
811 1429 908 1500 qui
963 1427 1132 1482 etiam
1175 1427 1484 1498 apostolica
1529 1427 1743 1482 ferebat
1827 1424 2049 1478 radiare
2102 1425 2394 1496 Aspiciunt
2418 1427 2495 1480 ibi
2517 1428 2687 1482 etiam
2711 1429 2988 1484 mirabilia
3007 1431 3105 1485 Dei
3127 1429 3188 1486 in
3211 1432 3420 1487 sanctis

174 1519 351 1591 scripta
383 1518 456 1572 ad
487 1514 926 1584 Etherium_(83)
965 1516 1353 1570 Arelatensem
1383 1514 1747 1584 archipraasu-
1825 1513 1944 1567 suis
1977 1530 2271 1568 coruscare
2309 1515 2378 1569 de
2430 1522 2599 1580 terra,
2637 1517 2780 1571 sicut
2828 1525 2996 1573 noctu
3033 1519 3289 1576 viderant
3325 1539 3420 1576 ra-

177 1609 286 1668 lem,
309 1613 589 1678 quatenus
619 1606 707 1660 his
737 1605 839 1660 Dei
861 1604 1062 1675 legatis
1088 1603 1526 1658 solatiareturin
1550 1620 1744 1658 neces-
1763 1675 1800 1681 _
1825 1601 2076 1656 diantem
2119 1603 2437 1658 columnam
2489 1605 2558 1660 de
2600 1623 2728 1660 arce
2773 1624 3034 1678 superna.
3085 1609 3328 1681 Stupent
3363 1616 3421 1666 et

176 1697 437 1750 sitatibus.
487 1697 572 1750 lta
593 1696 718 1765 jam
747 1700 882 1748 sunt
929 1693 1246 1748 roroborati
1283 1699 1348 1748 ut
1383 1709 1510 1746 cum
1546 1675 2030 1762 majoriBnovum
2063 1692 2273 1746 fontem
2303 1692 2408 1746 sibi
2437 1701 2707 1764 perpetua
2733 1712 2799 1748 ac
2824 1675 2972 1750 dulci
3005 1714 3143 1752 vena
3179 1675 3415 1764 scatere,

177 1786 552 1856 gaudio.quem
581 1789 712 1838 ante
742 1783 1102 1838 vehementer
1130 1781 1747 1854 expaverant,laborem
1829 1785 1887 1833 et
1917 1780 2370 1851 incomparabilis
2399 1781 2665 1838 bonitatis
2704 1784 2947 1839 advenas
2991 1786 3108 1840 haec
3151 1786 3422 1842 beneficia

177 1879 565 1944 percurrerent.
1829 1868 1933 1924 sibi
1981 1886 2082 1940 pro
2129 1869 2436 1924 malefactis
2475 1872 2800 1927 reddidisse.
2835 1874 3120 1930 Discentes
3164 1876 3335 1931 etiam
3364 1884 3424 1931 et

235 1965 446 2018 Interea
477 1963 670 2017 multis
700 1961 876 2032 signis
926 1977 1026 2032 per
1063 1961 1440 2030 Augustinum
1477 1959 1746 2015 divinitus
1829 1957 2036 2012 litteris
2065 1975 2267 2012 nomen
2299 1959 2550 2030 przeclari
2572 1961 2834 2020 doctoris.
2864 1969 2922 2016 et
2935 1969 3052 2017 tam
3073 1965 3420 2020 salutiferam

179 2053 389 2120 collatis,
419 2053 860 2107 consolabantur
889 2052 1217 2124 plurimum,
1251 2068 1316 2104 ex
1342 2049 1563 2121 quibus,
1595 2049 1746 2104 verbi
1829 2063 2056 2101 causam
2086 2047 2322 2113 itineris,
2357 2048 2613 2102 nubilosa
2649 2051 2975 2106 confusione
3007 2059 3227 2108 reatum
3257 2071 3424 2110 suum

177 2142 352 2210 gratia,
391 2142 482 2194 hic
521 2141 821 2194 inserimus
850 2157 1048 2204 unum,
1091 2139 1203 2193 imo
1258 2139 1316 2192 in
1359 2155 1472 2192 uno
1510 2138 1742 2204 trinum,

181 2229 412 2284 omnibus
431 2231 556 2300 ejus
583 2229 690 2283 loci
713 2229 809 2283 ubi
839 2229 1048 2284 factum
1078 2233 1163 2282 est
1191 2244 1414 2298 semper
1453 2226 1750 2281 celeberri-

179 2335 330 2384 mum,
359 2324 534 2390 atque
561 2318 730 2372 etiam
753 2317 974 2388 scriptis
993 2316 1416 2370 creditumJam
1437 2315 1529 2368 ille
1549 2315 1754 2369 chorus

180 2416 500 2471 sanctorum,
550 2407 743 2477 legens
783 2406 890 2460 iter
919 2422 1022 2477 per
1043 2404 1500 2474 Andegavensem
1534 2405 1752 2474 provin-

1829 2135 2184 2205 deplanxere,
2208 2136 2356 2205 quod
2387 2136 2593 2190 Christi
2614 2138 2880 2206 legationi
2905 2146 2962 2193 et
2975 2141 3143 2194 saluti
3167 2142 3424 2212 gentium

1834 2230 1951 2278 tam
1985 2223 2238 2294 improbe
2265 2219 2542 2278 restitere.
2577 2226 2699 2280 Heu
2723 2243 2826 2280 nos
2847 2227 3105 2295 furiosos,
3143 2229 3422 2294 dicebant,

1837 2312 1984 2384 quod
2031 2318 2314 2367 tantorum
2353 2314 2680 2385 angelorum
2741 2333 2852 2370 non
2900 2319 3206 2373 meruimus
3254 2320 3430 2375 foveri

1834 2399 2240 2468 benedictione,
2273 2418 2374 2456 nec
2412 2402 2589 2456 imbui
2628 2403 2950 2459 dulcedine!
2983 2406 3293 2462 Condidere
3321 2409 3430 2463 ita-
3487 2445 3492 2448 -

179 2495 321 2562 ciam,
368 2496 616 2550 subeunt
656 2495 865 2560 villam,
919 2493 1012 2550 Sai
1062 2491 1170 2562 (84)
1199 2493 1557 2563 appellatam.
1600 2492 1752 2556 Quos
1835 2506 1943 2560 que
1971 2491 2261 2544 ecclesiam
2307 2490 2364 2544 in
2413 2491 2608 2546 eodem
2647 2492 2768 2546 loco
2821 2494 3074 2549 unanimi
3112 2495 3425 2563 devotione,

178 2584 525 2639 ruricolarum
554 2583 724 2638 turba
751 2583 1042 2648 indomita,
1075 2587 1140 2636 ut
1160 2581 1384 2652 ignotos
1423 2587 1481 2634 et
1511 2585 1748 2644 exteros,
1835 2584 1892 2632 et
1920 2579 1974 2631 in
2007 2579 2215 2632 honore
2267 2596 2332 2632 ac
2377 2581 2603 2634 nomine
2649 2581 2828 2635 sancti
2875 2585 3430 2652 Augustini—Christo

179 2672 356 2728 humili
405 2673 600 2727 habitu
647 2689 713 2726 ac
758 2671 1002 2743 pedestri
1038 2671 1260 2725 incessu
1291 2670 1602 2740 deSpectos,
1637 2668 1752 2722 risu
1839 2667 2182 2721 dcdicavere.
2229 2667 2418 2720 Altare
2459 2685 2607 2733 vero,
2640 2669 2735 2722 ubi
2763 2671 2883 2738 ejus
2911 2673 3118 2742 scripta
3153 2673 3426 2743 legerant,

181 2767 229 2814 et
250 2761 476 2832 apporia
505 2759 800 2814 afﬁciebat.
835 2760 904 2814 Et
928 2758 1027 2812 viri
1055 2757 1279 2829 quidem
1319 2757 1392 2810 ad
1419 2757 1754 2811 feminarum
1838 2761 2105 2820 statuere,
2129 2762 2192 2810 ut
2209 2756 2368 2825 cujus
2389 2772 2499 2810 non
2518 2757 2880 2812 merebantur
2897 2760 3172 2830 corporali
3182 2761 3434 2831 gaudere

180 2851 448 2904 vesaniam
497 2849 795 2904 indemnes
847 2847 1198 2902 videbantur.
1255 2847 1370 2901 Illae
1408 2863 1558 2908 vero,
1603 2846 1756 2900 velut
1839 2845 2156 2916 praesentia,
2205 2850 2478 2915 perpetuo
2515 2862 2647 2900 eum
2696 2854 3026 2918 praesentem
3059 2848 3331 2905 haberent
3372 2853 3432 2906 in

179 2931 484 3008 conjurataé,
511 2938 572 2992 in
600 2938 926 2992 innocentes
954 2937 1198 2990 advenas
1233 2941 1358 2989 tota
1389 2935 1751 2989 insultatione
1778 2989 1820 3012 η
1838 2933 1962 3004 ipsa
1982 2950 2087 2987 sua
2107 2933 2360 2988 ecclesia.
2393 2933 2477 2988 lbi
2507 2933 2676 2990 etiam
2711 2937 3086 3006 praecordialis
3119 2939 3287 2994 Pater
3303 2957 3435 3012 per-

180 2989 503 3082 ferebantur.
544 3028 784 3098 Jamque
831 3043 962 3080 rure
1009 3026 1232 3096 ejectos,
1260 3030 1324 3078 ut
1359 3023 1566 3078 rabidae
1590 2989 2018 3077 canescmulta
2055 3039 2115 3077 se
2157 3022 2513 3093 poscentibus
2542 2989 2908 3094 repraesentat
2935 2989 3440 3092 beneﬁcia—,vmruvlta

178 3115 400 3184 ululatu,
423 3115 615 3185 rugitu
639 3131 704 3169 ac
726 3115 951 3168 fremitu
971 3113 1412 3168 insectabantur.
1439 3111 1757 3167 Proximam
1839 3111 2147 3166 sanitatum
2191 3109 2414 3165 exhibet
2451 3111 2738 3167 miracula.
2786 3114 3188 3170 Verumtamen
3219 3117 3290 3171 ab
3331 3117 3439 3173 hac

179 3205 376 3260 ulmum
408 3211 543 3260 tunc
577 3210 860 3258 astantem
901 3203 1034 3257 lassi
1073 3203 1313 3256 viatores
1357 3206 1646 3272 captantes
1687 3200 1759 3254 ad
1840 3199 2072 3254 ecclesia
2099 3205 2368 3271 perpetuo
2397 3201 2629 3272 repudio
2668 3218 2835 3256 omne
2873 3209 3098 3260 arcetur
3131 3222 3312 3273 genus
3352 3207 3436 3260 fe-

178 3293 650 3364 requiescendum,
699 3292 830 3346 inde
887 3291 1059 3346 etiam
1109 3307 1142 3344 a
1193 3289 1498 3345 ludibriose
1546 3290 1760 3360 impetu
1841 3287 2144 3355 minarum,
2184 3295 2251 3342 ut
2313 3289 2572 3346 omnibus
2635 3297 2958 3348 sanctorum
3010 3293 3438 3364 injuriatoribus

179 3383 536 3438 exturbantur
593 3381 931 3452 viraginum.
974 3381 1046 3434 At
1081 3396 1254 3434 unam
1293 3379 1428 3432 almi
1466 3379 1624 3432 ducis
1664 3395 1759 3432 ve-
1840 3394 2064 3448 semper
2091 3377 2204 3432 sint
2235 3377 2292 3431 in
2322 3379 2659 3450 exemplum.

179 3470 352 3541 stigia,
380 3469 783 3525 irreverentius
832 3468 1260 3538 astringentem,
1306 3484 1407 3522 seu
1448 3467 1756 3534 colubram,
1912 3467 2177 3530 Quaedam
2201 3472 2461 3522 matrona
2490 3467 2642 3522 dives
2658 3469 2768 3524 huc
2803 3485 2930 3526 cum
2949 3487 3113 3526 cereo
3137 3471 3440 3544 appetebat

181 3574 294 3612 cum
329 3559 424 3614 ille
453 3563 727 3630 praetenta
755 3557 954 3612 baculo
985 3557 1149 3611 vellet
1166 3557 1454 3628 repellere,
1486 3563 1760 3626 tanquam
1843 3556 2179 3627 ingressum,
2250 3564 2308 3612 et
2351 3558 2846 3615 interminantibus
2897 3563 3156 3618 omnibus
3203 3565 3441 3636 urgebat

179 3648 364 3715 feram,
409 3649 560 3702 illico
599 3647 830 3702 baculus
867 3647 937 3700 de
963 3662 1136 3700 manu
1167 3647 1309 3715 ejus,
1353 3645 1501 3698 velut
1527 3644 1598 3698 ab
1626 3660 1760 3698 arcu
1843 3645 2213 3718 prOpositum,
2255 3645 2445 3700 dicens
2501 3664 2561 3702 se
2601 3665 2713 3702 non
2757 3666 3016 3720 peccasse
3059 3651 3116 3705 in
3155 3659 3434 3719 sanctum,

181 3739 394 3808 sagitta,
424 3737 724 3802 excutitur,
752 3743 809 3790 et
854 3753 957 3807 per
993 3735 1102 3788 tria
1143 3735 1261 3790 fere
1301 3735 1484 3789 stadia
1512 3735 1756 3798 evolans,
1841 3733 1938 3787 sed
1977 3734 2115 3788 velle
2137 3751 2196 3788 se
2229 3735 2502 3790 honorare
2524 3752 2672 3790 eum.
2707 3737 2810 3792 Vix
2837 3746 3027 3794 autem
3056 3739 3440 3798 inconcessum

181 3824 330 3880 humi
351 3826 613 3897 afﬁgitur.
647 3824 1023 3896 Subsequitur
1047 3823 1156 3878 dux
1191 3841 1316 3878 cum
1347 3824 1545 3878 devoto
1569 3824 1756 3884 choro,
1846 3829 2051 3876 metam
2069 3823 2355 3894 attigerat,
2381 3830 2437 3878 et
2464 3824 2648 3880 subito
2663 3827 2843 3898 ruptis
2865 3829 3150 3884 intestinis
3170 3832 3434 3902 exspirat;

179 3916 334 3984 quasi
363 3933 425 3970 eo
450 3933 512 3970 se
540 3919 772 3969 vocante
809 3913 1069 3968 Domino.
1115 3913 1464 3984 Augustinus
1503 3912 1763 3966 baculum
1845 3910 2106 3982 forasque
2147 3917 2394 3966 extracta
2439 3920 2682 3978 mortua,
2725 3932 2920 3970 omnes
2971 3919 3199 3974 credere
3249 3921 3440 3976 docuit

181 4003 377 4070 evellit,
403 4009 458 4059 et
494 4019 626 4058 cum
665 4001 926 4058 baculum
967 4008 1299 4075 perpetuum
1348 4017 1507 4071 aquae
1551 4001 1763 4054 fontem
1848 4001 1996 4072 quod
2049 4001 2187 4054 nulli
2223 4001 2558 4068 crediderat,
2605 4008 2662 4057 et
2696 4020 2820 4074 quae
2867 4022 3062 4060 omnes
3088 4007 3310 4062 vincere
3337 4027 3440 4064 sua

180 4092 429 4150 extrahit.
461 4093 584 4157 Quo
613 4092 830 4163 pariter
854 4108 890 4146 a
915 4091 1072 4163 gravi
1103 4091 1195 4144 siti
1239 4089 1490 4154 relevati,
1523 4095 1764 4142 {eternas
1847 4089 2064 4160 putavit
2109 4089 2564 4162 praesumptione,
2599 4092 2859 4148 omnibus
2905 4095 3092 4165 palam
3147 4095 3441 4153 interdixit

181 4179 464 4236 immolant
477 4181 695 4253 gratias
713 4181 911 4236 divinae
937 4179 1193 4234 bonitati.
1225 4178 1309 4232 Ibi
1329 4178 1576 4232 suaviter
1590 4177 1766 4230 fessos
1846 4179 1983 4233 talia
2006 4194 2292 4248 nunquam
2324 4195 2679 4248 praesumere.

182 4275 338 4324 artus
373 4272 683 4326 refoventes
737 4277 959 4326 noctem
1012 4270 1191 4341 ipsam
1243 4268 1303 4322 in
1358 4267 1456 4322 Dei
1504 4266 1827 4334 laudibusD
1917 4265 2139 4320 Habent
2193 4272 2382 4320 tamen
2435 4266 2511 4320 ibi
2556 4267 2776 4323 feminze
2827 4286 2931 4324 sua
2984 4273 3336 4344 receptacula
3381 4279 3441 4330 et

181 4372 423 4428 exegere.
460 4361 614 4424 Quos
641 4359 834 4430 pulsos
861 4357 1125 4429 hospitio,
1159 4357 1481 4426 residesque
1509 4353 1614 4409 sub
1634 4371 1764 4408 aere
1843 4355 2108 4418 sacraria,
2149 4355 2244 4408 ubi
2286 4371 2448 4409 orare
2477 4361 2534 4409 et
2567 4357 2781 4426 gratias
2816 4359 2929 4413 Deo
2970 4356 3156 4431 agere,
3184 4368 3315 4416 vota
3333 4380 3438 4420 sua

178 4447 349 4514 nudo,
371 4465 590 4520 semper
605 4447 882 4503 miserans
900 4447 1175 4501 altissima
1199 4445 1516 4516 benignitas
1546 4443 1767 4515 operuit

178 4535 360 4603 gloria
395 4555 494 4608 pro
540 4543 714 4604 tecto,
761 4537 888 4592 fuso
935 4535 1146 4590 scilicet
1185 4536 1426 4606 desuper
1470 4533 1766 4605 splendore

177 4625 546 4698 :ethereo,qui
582 4627 758 4681 solem
785 4625 1032 4680 vinceret
1063 4625 1279 4696 fulgore
1307 4641 1469 4690 novo,
1500 4641 1570 4678 ne
1599 4623 1767 4676 indu-

177 4721 263 4769 tos
292 4732 452 4770 arma
478 4715 619 4791 lucis
645 4715 1009 4771 tenebrarum
1037 4720 1270 4785 augeret
1298 4713 1767 4784 obsidio,pulchre

177 4805 352 4859 etiam
393 4805 650 4860 columna
689 4804 849 4870 lucis,
911 4820 1036 4876 quae
1091 4803 1372 4874 quondam
1422 4801 1770 4872 praecedebat

179 4895 326 4950 ﬁlios
363 4893 537 4951 Israel
579 4897 651 4951 ad
695 4901 904 4950 terram
938 4893 1408 4966 repromissionis,
1441 4909 1610 4964 super
1631 4891 1769 4945 istos

178 4984 415 5051 refulsit,
448 4985 543 5057 qui
573 4985 644 5040 de
679 4985 919 5057 Egypto
954 5000 1208 5045 erronea,
1246 4985 1410 5054 juxta
1449 4981 1538 5036 sui
1599 4981 1768 5035 inter-

176 5073 569 5144 pretationem,
593 5073 912 5139 tenebrosa,
942 5078 1030 5128 tot
1055 5079 1252 5143 gentes
1281 5073 1530 5134 eductas,
1562 5085 1768 5141 prince-

177 5161 354 5217 dente
398 5163 526 5218 ﬁdei
579 5163 704 5218 luce
745 5161 969 5217 Christo
1016 5158 1309 5216 credentes
1351 5160 1686 5214 inducerent
1713 5157 1769 5212 in

1844 4444 2096 4509 reddere,
2123 4443 2311 4498 divina
2336 4445 2606 4514 mysteria
2632 4446 2848 4510 audire,
2872 4454 2928 4502 et
2947 4449 3221 4505 salutaria
3247 4468 3437 4508 sacra-

1843 4538 2031 4587 menta
2061 4531 2276 4604 possint
2300 4533 2602 4604 percipere.
2637 4535 2860 4590 Habent
2883 4545 2942 4592 et
2967 4539 3345 4609 Augustinum
3376 4545 3436 4600 in

1847 4621 2107 4676 omnibus
2155 4621 2582 4677 necessitatibus
2621 4624 2740 4678 suis
2766 4623 3067 4697 benignum
3094 4631 3432 4698 auditorem,

1847 4726 2190 4783 precumque
2226 4727 2291 4764 ac
2340 4701 2745 4767 desideriorum
2773 4715 3058 4784 justorum
3117 4727 3438 4794 promptum

1849 4805 2226 4854 exsecutorem
2251 4840 2266 4865 ,
2321 4807 2526 4871 praeter
2585 4801 2959 4859 inviolabilem
3017 4808 3262 4866 ecclesia;
3325 4828 3441 4868 sua:

1849 4889 2246 4944 conditionem.
2299 4889 2674 4944 Vehementer
2715 4897 2905 4947 autem
2957 4893 3227 4953 admirari
3257 4901 3443 4956 solent

1851 4978 2282 5047 Andegavenses
2309 4977 2556 5043 advenae,
2583 4979 2792 5051 aliique
2829 4981 2994 5052 hujus
3028 4986 3260 5054 notitiae,
3303 4989 3439 5044 dum

1851 5067 1998 5138 apud
2012 5066 2186 5138 ipsius
2203 5067 2502 5137 Augustini
2521 5069 2866 5140 corporalem
2884 5072 3133 5143 requiem
3147 5075 3438 5146 aspiciant,

1855 5159 2133 5231 quaslibet
2177 5159 2416 5214 feminas
2465 5175 2644 5230 usque
2689 5160 2760 5214 ad
2798 5159 2975 5231 ipsius
3010 5163 3216 5218 tumba:
3255 5163 3445 5218 oscula

177 5267 419 5324 regnum
446 5251 720 5308 claritatis
755 5255 1048 5306 aeternum.
1090 5249 1392 5306 Adnotavit
1437 5255 1626 5304 autem
1665 5247 1774 5302 dux
1857 5247 2138 5312 accedere,
2182 5253 2240 5302 et
2283 5248 2493 5302 nullam
2539 5264 2786 5320 unquam
2825 5251 2974 5322 apud
3013 5250 3160 5322 ipsos
3202 5251 3445 5308 ecclesia:

253 5445 376 5519 (83)
401 5447 624 5504 Etherio
648 5445 964 5519 Arelatensi
992 5445 1162 5519 missa
1187 5445 1420 5519 epistula
1444 5463 1478 5498 a
1508 5445 1568 5519 Β.
1599 5445 1870 5516 Gregorio
1896 5449 2077 5500 exstat
2108 5443 2185 5500 lib
2232 5461 2282 5498 ιχ
2314 5443 2476 5519 epist.
2509 5441 2599 5503 63.

261 5516 374 5589 (8i)
401 5520 565 5576 Forte
589 5536 731 5592 pons
762 5518 1016 5586 Caesaris,
1048 5518 1172 5573 Gal.
1207 5516 1353 5572 Pont
1379 5517 1448 5570 de
1481 5516 1577 5573 (Σό.

429 5619 694 5682 ΡΑΤιιοι..
739 5619 857 5680 CL.
