3872 6168
510 231 616 294 ΉἿ

1461 229 1562 284 AD
1597 226 1841 283 OPIRA
1876 225 1942 283 Β.
1984 226 2403 283 LANFBANCI
2437 225 2827 282 APPENDIX.

3601 235 3680 292 748

503 375 622 417 sum
656 357 832 414 limen
873 370 1038 426 posse
1080 353 1381 425 attingere,
1419 369 1526 408 nec
1562 354 1632 407 de
1682 353 1835 407 fonte
1877 351 2439 422 potare.AAngliam
2459 350 2752 422 suscepisti
2771 348 3145 419 ﬁliam,quam
3165 348 3361 406 sidereo
3387 354 3684 425 Regiformo-

505 448 719 513 Quibus
745 444 1118 515 respondetur
1144 443 1281 497 istas
1310 443 1382 497 ad
1406 443 1556 501 hunc
1599 442 1706 496 rite
1738 441 1951 495 intrare
1979 457 2102 510 quae

508 552 639 592 eum
670 549 953 604 recepere,
994 531 1121 586 illas
1160 547 1289 585 vero
1321 531 1450 601 jure
1489 530 1689 601 repelli
1719 546 1842 601 quae
1871 545 1998 582 eum
2021 544 2105 581 re-

502 623 827 695 pudiavere.

577 710 857 782 Competit
883 709 1013 765 huic
1047 708 1279 779 antiquo
1300 707 1692 777 nuperrimum
1718 709 1840 777 ejus
1870 706 1949 759 ibi
1978 709 2106 770 59

501 810 724 872 gestum
754 799 1083 854 subnectere
1111 797 1796 867 miraculum,quanquam
1825 793 2103 848 morosius

502 904 913 961 prosequamur
940 887 1126 957 ipsum
1157 886 1454 940 luciferum
1497 885 1857 939 festinantem
1888 900 1953 937 ac
1979 885 2093 936 An-

500 978 712 1049 glicum
739 977 1044 1032 Oceanum.
1081 975 1326 1029 Venerat
1356 974 1574 1044 pridem
1611 973 2098 1027 revorentissimus

500 1065 919 1136 Andegavensis
942 1064 1145 1135 praesul
1174 1063 1477 1117 Goill‘ridus
1509 1061 1936 1123 Doroberniam,
1957 1076 2098 1130 gau-

505 1157 644 1214 dens
668 1155 850 1225 ipsum
881 1154 1179 1224 antiquum
1196 1169 1310 1206 suae
1331 1151 1524 1222 patriae
1554 1151 1831 1221 hospitem
1863 1150 2104 1203 revisere

500 1244 903 1315 Augustinum.
945 1242 1071 1308 Qui,
1118 1241 1352 1295 audiens
1390 1259 1425 1294 a
1470 1239 1741 1293 fratribus
1776 1235 2102 1293 monasterii

505 1333 835 1406 pmscripta
860 1331 1087 1386 recitari
1110 1330 1399 1395 miracula,
1433 1329 1643 1399 optime
1672 1327 2012 1398 recognovit,
2045 1331 2104 1379 et

506 1421 828 1479 testimonio
858 1419 1009 1476 fideli
1027 1418 1383 1489 astipulando
1398 1416 1796 1487 comprobavit,
1830 1416 2101 1470 recentis-

505 1528 616 1583 que
642 1510 774 1567 facti
806 1510 929 1579 ejus
970 1508 1119 1579 apud
1159 1524 1237 1561 se.
1269 1513 1327 1561 et
1374 1506 1525 1577 apud
1561 1506 1743 1577 ipsam
1789 1503 2099 1559 Ecclesiam

504 1600 715 1657 relator
739 1596 999 1667 egregius
1016 1596 1097 1650 ita
1127 1595 1377 1649 narravit
1408 1614 1420 1649 :

2185 457 2306 494 sam
2357 440 2609 495 enutrias
2651 454 2938 510 sponsam.
2973 438 3098 491 Jam
3139 445 3259 508 post
3282 456 3515 511 magnum
3538 447 3686 503 orbem

2185 534 2368 594 terrae,
2402 529 2635 584 intrasti
2662 529 2811 582 hunc
2834 526 3138 580 vastissimi
3169 526 3360 582 Oceani
3393 530 3556 585 orbem
3578 536 3688 591 alte-

2187 635 2333 684 rum,
2359 635 2559 673 serena
2586 618 2726 671 facie
2754 614 3196 687 pulcherrimum
3224 631 3283 669 ac
3308 616 3686 677 fecundissimum

2187 709 2353 772 arvis,
2389 708 2584 779 pratis,
2617 707 2863 778 pascuis,
2920 703 3124 768 fluviis,
3170 704 3318 758 fretis
3366 706 3689 777 uberrimum;

2184 795 2489 860 montibus,
2531 794 2762 865 campis,
2795 792 2947 847 silvis
2969 792 3340 862 gratissimum
3364 812 3376 861 ;
3403 794 3600 850 urbibus
3617 815 3693 867 po-

2184 885 2396 955 pulosis
2416 902 2482 938 ac
2506 882 2902 937 transmarinis
2930 881 3249 935 institorum
3275 884 3490 952 negotiis
3513 886 3695 940 festivis-

2182 975 2387 1028 simum
2412 994 2424 1039 ;
2446 980 2617 1043 gente
2637 971 2896 1031 candida,
2921 987 3221 1041 rerumque
3242 970 3427 1040 Opibus
3442 973 3694 1028 illustrissi-

2183 1079 2359 1116 mum.
2396 1064 2514 1116 Hoc
2543 1061 2755 1115 scilicet
2783 1066 2901 1113 tam
2931 1058 3149 1128 ingens.
3184 1064 3240 1112 et
3282 1060 3573 1128 praeclarum
3594 1061 3694 1132 Ely-

2185 1152 2470 1221 sium,jam
2502 1152 2637 1205 olim
2667 1149 2770 1204 tibi
2791 1149 2987 1203 electio
3012 1147 3233 1202 officiali
3252 1165 3365 1214 suo,
3387 1149 3602 1203 omnium
3618 1152 3696 1203 Ar-

2184 1240 2319 1293 tifex
2347 1239 2758 1311 praeordinavit.
2796 1237 2953 1302 Quia
2982 1237 3285 1307 primordio
3315 1238 3561 1291 mundum
3582 1238 3699 1291 omni

2184 1334 2386 1383 ornatu
2416 1345 2482 1381 ac
2502 1328 2700 1381 decore
2731 1326 3215 1397 perfectum,edito
3240 1325 3443 1379 homini
3469 1325 3701 1395 possiden-

2183 1417 2317 1470 dum
2348 1416 2619 1470 exhibuit.
2644 1417 2775 1468 Haec
2799 1431 2939 1484 gens
2965 1413 3103 1467 facie
3129 1414 3384 1475 formosa,
3414 1413 3501 1466 sed
3524 1413 3702 1467 idolola-

2182 1508 2302 1561 triae
2331 1506 2563 1574 fuligine
2591 1505 2905 1574 denigrata,
2932 1507 2996 1556 ut
3014 1502 3193 1572 Moysi
3222 1501 3560 1572 zEthiopissa,
3584 1507 3705 1572 parte

2181 1595 2241 1648 in
2272 1595 2516 1649 Jordane
2540 1593 2753 1653 abluta,
2785 1592 3049 1646 ascendet
3075 1598 3196 1645 tota
3223 1590 3483 1645 dealbata.
3507 1591 3629 1651 Jam,
3652 1588 3705 1641 ad

576 1688 735 1745 Hanc
788 1702 923 1741 sane
966 1684 1254 1739 ecclesiam
1302 1684 1361 1737 in
1411 1689 1605 1737 nostra
1646 1682 1965 1753 praesentia,
2033 1671 2164 1736 abB
2186 1685 2455 1751 majorem
2488 1684 2587 1737 Dei
2608 1689 2666 1737 et
2696 1698 2913 1735 coronae
2932 1688 3044 1734 tua:
3062 1679 3420 1750 gloriam,illa
3446 1677 3709 1732 novaelucis

504 1776 774 1834 amatrice
805 1774 951 1830 tanti
991 1774 1213 1844 patroni
1243 1773 1405 1844 plebe
1449 1772 1757 1826 solemnius
1802 1772 2103 1825 residiflca-

501 1870 643 1930 tam,
690 1879 794 1933 ego
833 1862 895 1917 in
940 1861 1119 1932 ipsius
1149 1861 1360 1914 honore
1387 1866 1443 1913 et
1472 1860 1718 1922 nomine,
1751 1865 1816 1912 ut
1841 1858 2101 1929 primitus

504 1958 640 2009 nata
671 1956 777 2016 est,
818 1950 1055 2005 Domino
1087 1949 1336 2019 proxime
1380 1948 1650 2002 dedicavi.
1695 1947 2102 2001 Adolescebant

498 2040 667 2111 longe
695 2040 919 2108 lateque
948 2037 1009 2090 in
1036 2036 1275 2091 circuitu
1322 2052 1584 2090 arvorum
1626 2044 1861 2104 segetes,
1894 2042 1950 2088 et
1977 2041 2100 2089 sata

492 2129 614 2199 jam
642 2127 702 2183 in
729 2126 910 2197 spicas
934 2131 992 2179 et
1009 2125 1210 2180 aristas
1225 2123 2099 2179 maturescentiainundantibus

499 2222 692 2275 autem
719 2215 791 2269 ad
820 2213 1228 2269 dedicationem
1245 2212 1484 2283 populis,
1518 2212 1667 2266 velut
1694 2212 1813 2282 ipse
1842 2212 2094 2265 ell'unde-

498 2312 659 2360 retur
712 2301 915 2358 ﬂuvius
979 2301 1214 2370 Ligeris,
1265 2301 1343 2355 ita
1385 2300 1742 2365 conculcatis,
1793 2300 1998 2353 attritas
2038 2306 2095 2353 et

497 2392 859 2451 comminutas
887 2394 1022 2445 sunt
1056 2390 1208 2445 illius
1246 2388 1450 2443 arvalis
1478 2389 1718 2458 aequoris
1745 2405 2002 2451 annonae,
2030 2394 2096 2443 ut

493 2497 609 2539 non
653 2480 818 2537 modo
845 2485 963 2533 tam
993 2495 1288 2549 percussae,
1321 2478 1407 2532 vel
1439 2477 1733 2532 confracta;
1763 2483 2097 2532 notarentur

492 2571 713 2640 stipula:
743 2585 911 2639 quam
956 2568 1161 2639 passim
1185 2567 1492 2627 exhaustae,
1527 2567 1610 2620 vel
1649 2574 1888 2637 scopatae
1926 2583 2089 2620 arcae.

489 2660 644 2717 Adeo
668 2659 729 2711 in
772 2658 876 2731 hoc
915 2655 1273 2712 desiderabili
1304 2672 1606 2726 congressu
1649 2656 2092 2725 Augustinensis

490 2745 888 2811 solemnitatis,
944 2760 1110 2800 nemo
1148 2743 1475 2798 attendebat
1512 2749 1790 2814 quatenus
1836 2744 1918 2797 vel
1940 2744 2086 2814 suis,

490 2836 579 2895 vel
606 2835 805 2895 alienis
845 2840 1100 2905 parceret
1141 2833 1382 2888 damnis.
1427 2834 1553 2887 Jam
1597 2832 1748 2888 illius
1797 2833 1933 2887 anni
1972 2833 2091 2886 vale

490 2924 674 3003 feriere
693 2924 965 2981 defuncta!
1000 2921 1119 2993 spei
1147 2928 1205 2977 et
1230 2922 1460 2985 fructui,
1493 2938 1669 2992 usque
1705 2922 1764 2976 in
1780 2921 1956 2976 alium
1979 2923 2093 2975 Au-

2183 1774 2466 1835 columna,
2499 1789 2622 1842 quae
2667 1770 2906 1842 priscum
2938 1769 3211 1839 populum
3237 1768 3419 1822 eduxit
3451 1768 3505 1821 in
3543 1766 3650 1831 fide,
3667 1770 3709 1819 et

2183 1878 2345 1915 cruce
2374 1860 2720 1930 resurgentis
2769 1858 2976 1913 Christi
3008 1864 3217 1921 erecta,
3250 1864 3312 1911 tu
3362 1856 3578 1910 educens
3606 1870 3711 1924 gen-

2185 1949 2324 2002 tium
2354 1950 2625 2019 pOpulum
2646 1948 2715 2001 de
2750 1946 3093 2018 Egyptiacis
3129 1945 3376 2000 tenebris
3403 1942 3708 2007 inﬁdelitatis,

2182 2043 2240 2091 et
2267 2038 2465 2092 umbra
2497 2037 2716 2102 mortis,
2750 2037 3071 2091 introduces
3124 2042 3255 2107 post
3298 2037 3480 2090 Iesum
3518 2034 3646 2088 Nave
3670 2032 3713 2085 in

2180 2133 2390 2181 terram
2422 2126 2897 2199 repromissionis,
2919 2131 3130 2179 terram
3158 2125 3321 2178 lactis
3345 2130 3400 2177 et
3418 2123 3595 2177 mellis.
3620 2119 3713 2175 Tibi

2178 2217 2328 2270 enim
2357 2216 2678 2285 evangelica
2696 2215 2825 2268 duci
2845 2214 3030 2284 gratia
3049 2213 3291 2267 contulit
3319 2209 3716 2282 Evangelii,un

2175 2313 2442 2374 negatum
2456 2311 2541 2358 est
2555 2303 2785 2374 legifero
2809 2303 3008 2374 Moysi,
3029 2303 3295 2372 quodque
3313 2302 3403 2355 ille
3421 2301 3476 2354 in
3489 2299 3618 2370 Lege
3633 2313 3718 2351 non

2178 2394 2360 2463 potuit
2390 2393 2674 2463 consequi,
2712 2400 2775 2446 tu
2806 2392 2864 2446 in
2908 2408 3037 2446 vero
3077 2391 3242 2445 illum
3290 2397 3386 2444 tuo
3415 2388 3612 2460 explere
3633 2402 3719 2439 me-

2177 2482 2361 2537 ruisti,
2394 2484 2516 2536 Jam
2541 2483 2610 2535 de
2639 2482 2835 2552 spoliis
2857 2481 3025 2535 vincti
3054 2480 3290 2550 tyranni
3311 2485 3368 2534 et
3392 2479 3459 2533 de
3482 2492 3633 2546 regno
3656 2491 3723 2527 ca-

2176 2569 2311 2640 ptivi
2338 2571 2634 2640 praedonis,
2667 2571 2837 2624 facies
2862 2570 2977 2624 Deo
3006 2575 3204 2623 nostro
3233 2584 3465 2637 regnum
3498 2569 3651 2633 (Apoc.
3677 2578 3718 2623 κ’,

2174 2654 2286 2726 10),
2316 2664 2374 2712 et
2422 2660 2691 2730 populum
2740 2657 3126 2730 acquisitionis
3178 2659 3223 2727 (1
3267 2661 3412 2713 Petr.
3452 2650 3723 2721 11,9).Jam

2175 2754 2304 2817 post
2329 2748 2556 2802 caeleste
2587 2765 2825 2818 regnum
2865 2755 2922 2802 et
2960 2748 3219 2803 laborum
3246 2746 3489 2819 praemia,
3515 2744 3618 2797 haec
3641 2738 3726 2792 erit

2172 2844 2445 2905 perpetua
2472 2837 2749 2906 possessio
2779 2843 2896 2901 tua,
2930 2853 3053 2907 quae
3088 2855 3195 2908 per
3224 2846 3282 2892 te
3312 2835 3541 2891 Domino
3563 2835 3729 2885 estac-

2174 2924 2400 2994 quisita.
2450 2926 2519 2979 Et
2539 2927 2700 2995 cujus
2730 2926 2922 2996 fugisti
2950 2927 3293 2997 temporalia
3317 2921 3612 2979 commoda.
3640 2919 3730 2987 iam

495 3020 725 3082 gustum
753 3010 1117 3069 irremeabili.
1154 3010 1470 3081 Sperabam.
1502 3010 1559 3066 in
1586 3010 1886 3081 Augustini
1914 3010 2146 3080 largi-0
2172 3012 2481 3082 possidebis
2510 3015 2870 3069 haereditaria
2914 3015 3089 3070 lucra.
3137 3017 3249 3070 Hic
3287 3014 3500 3086 positus
3526 3010 3581 3064 in
3605 3014 3733 3062 ante-

490 3108 630 3165 tate,
668 3101 769 3157 sed
797 3101 861 3159 in
883 3100 1015 3165 alia,
1039 3116 1213 3171 quam
1232 3116 1355 3169 qua
1381 3106 1516 3155 tunc
1546 3104 1877 3162 excesserat,
1916 3098 2087 3154 bene-

491 3190 755 3247 dictione.
787 3190 997 3249 Verum
1026 3206 1094 3243 ex
1121 3189 1223 3242 hac
1252 3188 1662 3260 desperatione,
1700 3190 1882 3259 major
1905 3188 2087 3243 admi-

488 3280 726 3337 rationis
767 3295 833 3334 ac
866 3278 999 3337 ﬁdei
1046 3284 1182 3335 nata
1218 3283 1305 3333 est
1348 3278 1565 3345 laetitia,
1598 3277 1732 3332 dum
1778 3277 1893 3331 haec
1923 3277 2089 3331 tellus

490 3373 609 3422 tam
640 3368 1001 3440 pessumdata
1044 3374 1101 3421 et
1136 3368 1511 3423 condemnata
1548 3382 1744 3421 omnes
1783 3371 1963 3420 terras
2003 3366 2091 3436 ip-

491 3457 609 3515 sius
640 3457 937 3528 provincize
958 3457 1015 3512 in
1037 3473 1219 3515 messe
1237 3457 1821 3527 supergrederetur,et
1848 3453 2093 3508 altitudi-

489 3563 563 3602 ne
591 3548 816 3617 frugum
845 3553 900 3603 et
939 3546 1118 3617 cepia.
1152 3546 1311 3603 Unde
1337 3546 1486 3600 circa
1511 3552 1734 3599 tantum
1760 3543 2089 3597 advocatum

490 3652 659 3695 suum
692 3636 1089 3706 Augustinum,
1116 3640 1276 3690 tanta
1311 3634 1563 3688 omnium
1588 3631 1829 3687 excrevit
1855 3648 2089 3685 venera-

489 3726 570 3783 tio
602 3743 666 3781 ac
700 3726 830 3783 ﬁdei
855 3726 1076 3783 devotio
1103 3731 1165 3782 ut
1192 3724 1428 3780 credant
1457 3739 1585 3778 eum
1628 3720 1807 3776 ubivis
1830 3721 2087 3790 gentium

488 3813 805 3875 invocatum
834 3815 1050 3880 adesse,
1082 3821 1140 3869 et
1167 3812 1441 3884 quidquid
1484 3827 1519 3865 a
1562 3810 1800 3865 Domino
1844 3810 2091 3880 postulet

487 3901 740 3963 obtinere
769 3910 827 3958 et
848 3904 984 3958 dare
1009 3920 1193 3975 posse.
1229 3902 1329 3957 His
1365 3902 1436 3956 de
1479 3899 1653 3955 veteri
1682 3905 1739 3953 et
1763 3916 1906 3953 novo
1934 3916 2090 3953 com-

486 3998 745 4063 petenter
771 3992 1053 4063 expositis,
1081 3993 1201 4061 jam
1233 3991 1519 4047 Oceanum
1539 3993 1904 4059 occupantem
1934 3988 2090 4058 lega-

486 4086 609 4136 tum
639 4080 862 4136 Domini
882 4079 1318 4150 subsequamur.
2066 4148 2069 4149 ν

558 4169 742 4223 Finito
756 4170 877 4239 jam
909 4168 1201 4239 principali
1223 4167 1356 4222 orbe
1371 4166 1624 4237 gentium
1646 4166 1903 4221 terrestri
1923 4166 2083 4231 calle,

485 4258 839 4328 Augustinus
866 4258 1093 4328 navigat
1112 4258 1169 4311 in
1192 4273 1513 4327 aequoreum
1540 4255 1731 4310 orbem
1761 4255 2082 4321 Britanniae,

2172 3102 2377 3155 murali
2404 3102 2667 3156 turritam
2687 3103 2935 3157 servabis
2949 3104 3265 3174 speculam,
3290 3103 3439 3157 unde
3460 3099 3733 3155 universam

2164 3191 2380 3261 jugiter
2402 3193 2615 3245 tuearis
2649 3192 2748 3245 tibi
2770 3193 3011 3247 dicatam
3041 3194 3319 3264 patriam.

2245 3279 2591 3334 Praesidebat
2636 3279 2754 3349 (85)
2795 3281 3159 3336 Doroberniaa
3192 3279 3547 3335 Edelbrithus
3572 3272 3737 3330 tertius

2174 3385 2372 3438 regum
2400 3370 2735 3440 Anglorum,
2766 3370 2863 3424 sed
2902 3370 2997 3440 qui
3033 3370 3261 3441 primus
3281 3370 3431 3423 foret
3454 3366 3580 3422 civis
3598 3376 3738 3432 ange-

2178 3457 2383 3511 lorum.
2418 3458 2570 3512 Uxor
2622 3458 2703 3512 illi
2732 3458 3245 3526 Christianissima,
3291 3458 3519 3512 nomine
3548 3452 3738 3509 Bertha.

2174 3546 2332 3615 regia
2382 3548 2587 3617 puella,
2633 3548 2801 3617 regiis
2830 3547 3167 3618 parentibus
3203 3565 3272 3602 ex
3302 3545 3528 3601 Francis
3552 3538 3740 3610 regibus

2173 3641 2486 3704 procreata,
2511 3637 2608 3690 tali
2630 3642 2981 3690 sacramento
2997 3642 3124 3691 erat
3149 3638 3741 3707 conjuncta,quatenus,

2172 3722 2232 3776 in
2288 3724 2733 3779 Christianitatis
2789 3725 3151 3780 observantia
3210 3727 3375 3780 nulla
3426 3723 3745 3778 infestantur

2172 3814 2440 3867 versutia.
2471 3815 2600 3868 limc
2639 3814 2869 3869 advenis
2897 3815 3107 3869 Christi
3134 3816 3327 3885 janua
3353 3814 3427 3868 ad
3454 3826 3632 3881 regem
3650 3808 3749 3860 erat

2171 3901 2381 3971 pervia.
2422 3904 2652 3957 Mandat
2680 3920 2812 3974 ergo
2841 3904 2959 3974 regi
2996 3904 3258 3975 prudens
3282 3901 3642 3974 Augustinus,
3667 3908 3748 3965 per

2171 3990 2401 4045 idoneos
2426 3993 2654 4046 nuntios
2684 4010 2743 4046 se
2770 3994 2839 4046 de
2869 3994 3052 4047 Roma
3069 4011 3192 4048 sua;
3216 4006 3564 4063 suorumque
3582 3982 3749 4041 salutis

2168 4080 2355 4148 gratia
2382 4081 2583 4135 missos
2611 4092 2645 4134 a
2673 4082 2927 4136 Romano
2957 4082 3244 4149 antistite,
3279 4083 3330 4136 si
3360 4080 3529 4135 modo
3554 4076 3752 4145 dignen-

2169 4180 2265 4223 tur
2320 4170 2574 4225 beatiﬁco
2622 4172 2841 4235 nuntio,
2874 4188 3044 4243 quem
3101 4171 3363 4227 aﬁerant
3410 4167 3749 4240 acquiescere-

2169 4259 2286 4312 Rex
2309 4260 2475 4330 jubet
2494 4266 2615 4313 tam
2642 4260 2988 4331 praestabiles
3012 4261 3292 4327 advenas,
3327 4261 3388 4314 in
3412 4259 3537 4330 ipsa
3562 4270 3663 4327 qua
3684 4266 3751 4304 re-

489 4352 548 4400 et
562 4346 991 4416 excipitur,cum
1005 4346 1386 4416 suprascripto
1398 4362 1633 4399 numero
1652 4345 1930 4401 sociorum
1954 4362 2086 4415 qua-
2104 4337 2151 4395 D
2172 4348 2318 4418 eepti
2335 4356 2469 4402 sunt
2488 4350 2864 4415 insula,suum
2893 4350 3207 4404 adventum
3236 4356 3535 4405 maturum
3560 4339 3752 4416 opperi-

486 4434 807 4499 terdeno,in
828 4435 1072 4504 opimam
1097 4440 1156 4488 et
1180 4434 1564 4504 praegrandem
1581 4435 1825 4488 insulam
1851 4435 2083 4500 Cantiae,

487 4523 766 4581 Tanetum
814 4522 1100 4576 vocabulo.
1152 4523 1281 4579 Haec
1321 4523 1558 4593 primam
1601 4539 1661 4577 se
1700 4523 1986 4577 Christum
2026 4522 2086 4577 in

489 4610 606 4665 suis
630 4610 917 4680 legatariis
963 4611 1275 4681 suscepisse
1316 4612 1518 4667 merito
1556 4612 1872 4682 triumphat
1899 4612 1957 4665 in
1986 4611 2084 4665 be—

487 4697 826 4763 nedictione,
858 4699 989 4755 felix
1014 4700 1181 4754 tellus
1200 4716 1304 4755 sua
1317 4699 1626 4765 fertilitate,
1650 4700 1747 4755 sed
1762 4700 2086 4755 felicissima

486 4791 574 4843 tot
613 4786 952 4842 deiferorum
1011 4805 1076 4844 ac
1119 4788 1323 4844 civium
1374 4802 1746 4860 supernorum
1803 4789 2087 4860 primitiva

485 4874 887 4947 hospitalitate.
922 4876 1032 4943 Sic,
1065 4877 1318 4948 inquam,
1344 4877 1625 4947 dirigente
1654 4877 1867 4948 Spiritu
1898 4878 2084 4933 Domi-

486 4964 546 5019 ni
565 4965 685 5035 ejus
714 4964 880 5031 viam,
913 4965 1185 5037 applicuit
1202 4965 1452 5037 proxime
1478 4965 1637 5036 quasi
1660 4965 1763 5020 sub
1793 4966 1972 5037 ipsam
1997 4983 2083 5022 re-

482 5052 590 5126 giae
616 5052 944 5125 metropolis
973 5060 1195 5125 portam
1220 5072 1234 5121 ;
1286 5053 1383 5109 ubi
1424 5055 1615 5110 sedem
1645 5055 1852 5109 habeat
1876 5072 2079 5127 perpe-

482 5147 660 5210 tuam,
695 5148 754 5197 et
774 5159 935 5197 secus
962 5143 1144 5212 ipsam
1183 5143 1434 5213 requiem
1457 5143 1876 5214 sempiternam.

552 5229 714 5297 Ecce,
774 5230 938 5287 beate
997 5239 1367 5302 protoparens
1404 5233 1844 5301 regenerationis
1892 5235 2077 5303 gentis

478 5319 745 5389 Anglicas,
777 5321 1100 5391 relinquens
1139 5328 1439 5390 augustam
1482 5328 1771 5390 parentem
1817 5322 2074 5390 Romam,

551 5494 657 5565 (85)
689 5498 1025 5554 Cantuarize.
1080 5498 1439 5554 Edelbrithus
1484 5499 1918 5553 Cantuariorum
1956 5517 2073 5557 rex.

2169 4437 2239 4502 ri,
2260 4437 2452 4509 eisque
2480 4438 2605 4491 vitae
2638 4439 2932 4492 commoda
2956 4439 3122 4509 plene
3150 4437 3500 4493 ministrari.
3531 4436 3653 4489 Haec
3674 4429 3751 4483 diu

2167 4535 2485 4581 remoratus
2507 4529 2660 4581 venit
2686 4528 2742 4581 in
2786 4528 3085 4592 Tauetum,
3127 4528 3535 4599 residensque,
3564 4520 3660 4578 sub
3684 4516 3756 4571 di-

2169 4631 2234 4668 vo
2257 4634 2269 4683 ;
2298 4633 2439 4670 vana
2468 4617 2618 4670 enim
2639 4617 2957 4688 suspicione
2984 4618 3199 4671 vetusti
3230 4615 3453 4671 erroris
3473 4607 3759 4682 auguraba-

2167 4709 2264 4757 tur
2299 4720 2360 4759 se
2397 4706 2550 4759 intra
2576 4706 2807 4760 domum
2838 4706 3030 4777 aliqua
3057 4705 3467 4760 incantatione
3505 4715 3659 4774 posse
3692 4710 3761 4750 $8-

2167 4792 2313 4857 duci,
2356 4793 2664 4849 forinsecus
2688 4812 2817 4850 vero
2846 4812 2958 4849 non
2998 4812 3169 4866 posse
3196 4795 3259 4849 in
3304 4797 3610 4864 conspectu
3636 4785 3761 4842 etali-

2167 4880 2325 4935 Foris
2381 4882 2665 4953 praebebat
2704 4883 2914 4949 sanctis
2967 4884 3339 4939 audientiam
3374 4882 3487 4939 sui.
3532 4874 3766 4936 Absurde

2164 4970 2370 5041 quippe
2394 4988 2503 5025 nox
2529 4971 2766 5027 timebat
2779 4972 3067 5027 obscurari
3086 4989 3124 5027 a
3144 4973 3417 5030 luciferis
3443 4972 3551 5028 Dei
3575 4975 3634 5025 et
3653 4960 3768 5023 ﬁliis

2162 5058 2297 5112 diei.

2230 5146 2602 5217 Augustinus,
2637 5149 2866 5204 amatus
2888 5150 3103 5221 Spiritu
3138 5157 3375 5217 saneto,
3405 5151 3666 5221 ingerens
3691 5160 3772 5215 Pa'

2159 5252 2280 5290 cem
2331 5243 2389 5290 et
2442 5238 2683 5293 salutem
2734 5239 2876 5309 regi,
2909 5240 3142 5310 suisque
3195 5241 3769 5307 omnibusetregnoy

2160 5325 2331 5379 refert
2352 5342 2412 5379 se
2441 5344 2684 5398 suosque
2715 5335 3002 5383 consortes
3032 5328 3249 5384 missos
3279 5331 3359 5386 ad
3390 5330 3774 5402 ipsum,seque

2868 5430 2880 5467 ἱ

2158 5504 2517 5561 Malmesbur.
2554 5504 2592 5560 l.
2627 5521 2650 5562 ι
2679 5505 2934 5577 Regnum
2974 5506 3172 5577 Angl.,
3204 5525 3343 5581 cap.
3380 5507 3434 5567 ι.
