3872 6168
172 201 256 259 749

1160 210 1331 264 VITA
1368 211 1426 268 Β.
1466 208 1860 267 AUGUSTINI
1899 203 2120 263 ANGL.
2160 203 2411 263 APOS’I‘.

3319 202 3429 271 750

170 330 318 383 etiam
346 329 611 385 ultronea
634 329 1023 388 benevolentia
1041 334 1278 395 venisse,
1295 342 1573 406 quatenus
1599 352 1736 406 gau-
1751 332 1804 392 A
1817 336 2024 400 portas,
2048 333 2098 383 et
2111 331 2469 396 ingrediatur
2480 311 2613 397 gens
2628 332 2807 399 justa,
2826 333 3130 386 custodiens
3141 335 3429 389 veritatem

171 416 323 482 dium,
343 422 400 469 et
418 416 658 486 gloriam
671 424 727 472 et
747 435 983 490 regnum
1005 422 1750 485 annuntientzeternummbi

171 504 518 559 obaudientes
553 507 669 560 suis
691 507 853 561 dictis
872 509 1350 580 sempiternaliter
1371 512 1557 565 vivant
1577 517 1633 565 et
1655 528 1748 564 ex-

173 595 379 649 sultent.
412 595 783 661 lndicatﬁo
812 598 1062 651 omnium
1089 606 1401 653 creatorem
1434 601 1611 654 Deum
1648 599 1750 654 Dei

174 684 595 755 omnipotentem
648 692 870 739 tantum
901 687 1156 741 homines
1184 704 1217 742 a
1247 705 1306 742 se
1335 688 1506 742 factos
1534 688 1754 742 dilexis-

175 790 239 838 se,
274 781 337 826 ut
373 773 546 827 homo
578 773 726 828 ﬁlius
771 774 1033 838 hominis,
1072 776 1229 829 salva
1270 793 1493 848 semper
1520 777 1747 843 deitate,

174 862 485 932 dignaretur
507 863 649 925 ﬁeri,
685 869 964 933 quatenus
997 864 1250 919 homines
1295 873 1475 919 morte
1514 883 1616 919 sua
1661 883 1753 921 re-

176 951 405 1021 demptos
450 951 663 1005 faceret
699 951 846 1005 ﬁlios
899 953 1018 1007 Dei.
1067 955 1243 1023 Cujus
1285 955 1564 1009 nativitati
1612 972 1755 1009 nova

176 1040 315 1093 stella
339 1040 559 1101 alluxit,
594 1040 751 1110 cujus
772 1041 1009 1112 pedibus
1039 1059 1193 1097 mare
1217 1043 1481 1097 calcabile
1507 1044 1752 1107 servivit,

176 1130 310 1196 cujus
335 1128 620 1199 passionis
665 1128 875 1198 injuria
923 1131 1005 1183 sol
1045 1131 1233 1185 radios
1272 1148 1403 1186 suos
1443 1132 1754 1194 abscondit,

178 1219 313 1287 cujus
340 1218 669 1288 sepulturae,
701 1224 759 1271 et
784 1220 1203 1283 resurrectioni,
1228 1221 1409 1283 omnis
1440 1227 1590 1275 terra
1629 1238 1757 1275 con-

178 1306 387 1360 tremuit
435 1313 496 1360 et
547 1307 845 1377 acquievit.
899 1304 1024 1379 Ipse
1080 1315 1182 1373 est,
1234 1309 1437 1380 inquit,
1487 1310 1756 1364 Dominus

179 1395 315 1448 lesus
345 1395 631 1463 Christus,
663 1395 732 1449 ab
763 1397 989 1451 exordio
1021 1399 1235 1464 mundi,
1270 1399 1339 1452 ab
1373 1398 1631 1453 omnibus
1657 1415 1758 1470 pa-

1832 417 2129 490 legationis
2140 434 2271 471 suae.
2292 419 2451 472 Verus
2463 434 2622 471 error
2636 420 2729 471 abi
2732 422 2772 472 il
2785 418 2950 473 idolol
2958 420 3132 485 atriae(
3142 414 3425 493 Isaz'.xxvr,

1831 507 1886 565 '2.
1912 506 1985 574 3),
2011 511 2076 560 ut
2094 506 2186 560 hic
2204 504 2407 560 amodo
2427 512 2682 560 servetur
2702 524 2806 577 pax
2828 508 3038 562 Christi
3071 514 3127 563 et
3147 511 3425 567 Ecclesiae.

1832 598 1957 652 Jam
1987 596 2077 651 hic
2103 611 2267 649 ruere
2303 594 2451 674 muri
2488 594 2821 649 videbantur
2857 597 3078 651 Jericho
3124 596 3219 652 ubi
3252 599 3430 655 aediﬁ-

1833 690 2031 740 centur
2057 683 2205 737 muri
2247 680 2584 737 Jerusalem.
2620 683 2814 738 Ruunt
2857 686 3086 752 scilicet,
3121 703 3233 741 non
3263 705 3431 744 saxea

1835 772 2061 835 moenia,
2079 771 2176 826 sed
2195 770 2514 825 daemonum
2536 772 2894 837 munitiones,
2921 780 2977 829 et
2994 777 3426 843 saxeanumina,

1836 877 1869 914 a
1889 867 2208 914 sanctorum
2231 867 2444 913 terrore
2464 860 2754 926 dissoluta,
2776 879 2897 934 quae
2914 864 3155 919 cultores
3184 882 3315 920 suos
3336 882 3430 921 ca-

1835 949 2092 1021 ptivitate
2122 955 2179 1002 et
2207 948 2493 1003 obsidione
2524 948 2927 1005 damnaverant
2939 958 3166 1007 aeterna.
3192 954 3316 1009 Jam
3338 955 3430 1011 hic

1839 1039 2090 1109 Sponsus
2109 1038 2320 1109 gloriae,
2355 1037 2549 1091 urbem
2592 1037 2696 1109 sibi
2733 1056 2933 1094 novam
2974 1042 3284 1098 Jerusalem
3330 1062 3434 1115 per

1838 1127 1989 1181 archi
1997 1128 2186 1198 polum
2211 1127 2589 1198 Augustinum
2604 1144 2846 1198 suosque
2871 1131 3168 1201 complices
3188 1132 3432 1189 artiﬁces

1840 1217 2089 1281 molitur,
2104 1218 2261 1286 cujus
2289 1216 2655 1269 fundamenta
2687 1223 2743 1269 et
2766 1218 2911 1271 muri
2943 1235 3009 1272 ex
3039 1236 3177 1275 auro
3201 1220 3428 1289 mundo,

1839 1312 1895 1361 et
1921 1306 2074 1360 omni
2105 1305 2288 1376 lapide
2316 1304 2598 1376 pretioso;
2631 1307 2792 1376 cujus
2818 1306 3221 1379 designatores,
3256 1310 3436 1380 patri-

1843 1396 2055 1461 archae;
2089 1395 2247 1464 cujus
2269 1410 2573 1457 mensores,
2598 1396 2910 1465 prophetae;
2945 1399 3103 1468 cujus
3132 1399 3437 1454 aediﬁcato-

180 1484 418 1538 triarchis
458 1490 516 1538 et
546 1485 855 1556 prophetis,
898 1487 997 1541 Dei
1040 1487 1213 1541 Filius
1242 1489 1657 1559 pronuntiatus,
1693 1488 1761 1543 de
1843 1502 1956 1553 res,
1978 1482 2271 1555 apostolici
2301 1483 2527 1548 Patres;
2561 1484 2721 1553 cujus
2746 1484 3117 1541 illustratores
3147 1492 3204 1542 et
3232 1487 3434 1560 polito-

183 1573 370 1643 Spiritu
394 1575 605 1628 Sancto
621 1582 941 1646 conceptus,
964 1577 1034 1630 de
1052 1577 1283 1647 Virgine
1312 1585 1498 1639 natus,
1518 1584 1575 1632 et
1602 1578 1765 1632 innu-

1855 1591 1934 1627 res
1958 1572 2273 1644 gemmarii,
2305 1577 2598 1642 martyres;
2629 1574 2789 1643 cujus
2820 1574 3237 1630 instructissimi
3266 1577 3440 1633 dicta-

185 1663 327 1715 meris
344 1662 527 1733 signis
551 1662 701 1718 Deus
722 1670 779 1718 et
798 1664 965 1718 homo
998 1665 1205 1737 ubique
1234 1667 1577 1733 declaratus;
1607 1669 1762 1737 jam-
1783 1649 2014 1727 Btores,
2053 1662 2436 1727 contessores;
2469 1661 2629 1731 cujus
2672 1662 3030 1732 pulchritudo
3078 1664 3135 1720 in
3176 1665 3438 1721 domibus

185 1768 271 1820 que
296 1751 364 1804 ab
378 1752 645 1806 omnibus
668 1753 932 1823 gentibus
946 1760 1009 1808 ut
1028 1755 1281 1809 omnium
1311 1756 1565 1811 Salvator
1589 1756 1764 1810 credi-
1845 1750 2127 1814 eburneis,
2160 1748 2439 1819 virgines;
2485 1750 2642 1818 cuius
2687 1758 3037 1817 οιήθτηθηίδς
3082 1769 3246 1808 omne
3289 1754 3439 1827 quod

186 1845 275 1903 tus,
315 1841 597 1911 cognitus,
647 1859 711 1896 ac
757 1848 1069 1914 susceptus.
1118 1845 1279 1898 Hunc
1324 1861 1478 1915 ergo,
1514 1845 1611 1899 illa
1661 1863 1764 1900 sua

187 1928 440 1983 charitate
475 1946 587 1984 non
626 1932 973 1999 stimulante,
1008 1950 1120 2003 qua
1166 1951 1266 2005 pro
1307 1934 1467 2002 nobis
1516 1934 1763 1989 animam

188 2019 371 2087 posuit,
388 2036 615 2092 quaque
628 2038 723 2074 vos
746 2022 800 2075 in
822 2028 1031 2076 aeterno
1046 2039 1218 2093 regno
1241 2040 1341 2077 suo
1364 2022 1569 2076 habere
1586 2023 1765 2077 socios

187 2107 304 2160 totis
328 2107 637 2163 visceribus
663 2110 1047 2165 desideramus
1073 2130 1084 2177 ;
1112 2111 1258 2165 sicut
1288 2128 1353 2165 ex
1382 2128 1494 2166 uno
1541 2112 1767 2165 homine

190 2211 363 2249 omnes
393 2200 670 2268 procreati
695 2216 917 2255 sumus:
939 2200 1108 2261 hunc,
1131 2201 1381 2271 inquam,
1410 2201 1767 2255 Conditorem

190 2295 238 2342 et
282 2285 624 2341 Salvatorem
675 2289 948 2352 omnium,
994 2289 1053 2342 in
1094 2306 1260 2359 quem
1303 2289 1595 2343 credentes
1631 2289 1769 2343 salvi

189 2378 318 2441 sitis,
343 2376 498 2430 vobis
522 2377 1089 2448 annuntiamus,quia
1108 2378 1226 2431 sine
1245 2379 1357 2431 ulla
1378 2377 1764 2447 ambiguitate,

190 2466 448 2538 promissa
480 2466 710 2537 praemia
730 2465 1063 2537 proveniunt
1090 2466 1463 2529 credentibus,
1483 2467 1770 2520 etinfmita

189 2555 448 2626 supplicia
469 2555 975 2609 contemnentibus.
1005 2556 1117 2609 Ista
1137 2560 1195 2608 et
1213 2555 1325 2609 alia
1342 2572 1508 2626 quam
1531 2556 1773 2625 plurima

192 2643 465 2696 Dominico
492 2643 677 2713 legato
716 2643 1105 2714 proloquente,
1137 2648 1194 2697 et
1219 2643 1532 2697 innumeris
1561 2644 1772 2697 divina-

189 2749 301 2785 rum
331 2732 598 2785 virtutum
612 2731 950 2785 testimoniis
980 2748 1110 2785 vera
1138 2731 1537 2801 comprobante
1572 2732 1771 2786 simul-

194 2838 289 2891 que
303 2821 605 2891 imaginem
619 2820 796 2873 sancti
810 2818 923 2874 Red
932 2837 1018 2874 em
1027 2821 1202 2891 ptoris
1214 2821 1476 2874 decorose
1497 2827 1555 2875 et
1571 2837 1771 2875 aurose

190 2909 240 2963 in
263 2909 451 2963 tabula
470 2909 751 2980 depictam
776 2909 1120 2979 praelibante,
1151 2927 1260 2980 quo
1290 2910 1569 2964 discerent
1599 2897 1768 2964 etiam

192 2999 507 3069 alienigena:
558 2997 610 3051 ei
664 2998 876 3068 gratias
926 2999 1240 3053 immolare.
1292 3000 1407 3054 Rex
1459 2999 1771 3052 admiratus

187 3086 367 3141 laudat
395 3087 621 3159 quidem
652 3095 708 3140 et
744 3087 1025 3143 beatiﬁcat
1056 3094 1216 3142 tanta
1258 3087 1552 3159 promissa,
1582 3087 1775 3141 simul-

191 3194 287 3247 que
313 3177 527 3248 gratias
559 3176 743 3230 reddit
770 3183 1095 3231 sanctorum
1127 3177 1523 3232 benevolentia;
1550 3176 1664 3248 qui,
1704 3176 1773 3229 de

190 3271 293 3317 tam
322 3265 631 3336 longinquo
662 3270 938 3318 venerunt
965 3282 1079 3319 suae
1117 3265 1410 3319 salvationi
1445 3266 1764 3321 consulere.

190 3357 255 3405 At
277 3371 402 3407 vero
433 3370 501 3407 ex
532 3353 720 3407 nativa
757 3354 1005 3408 caecitate
1043 3354 1406 3426 lippientibus
1431 3355 1626 3418 oculis,
1666 3354 1774 3407 im-

189 3452 395 3521 patiens
422 3456 599 3505 tantaa
637 3451 778 3505 lucis
821 3452 1176 3523 splendorem
1203 3453 1366 3514 ferre,
1398 3452 1689 3524 respondit
1715 3468 1774 3505 se

192 3564 295 3601 non
322 3564 482 3619 posse
506 3553 725 3602 veteres
757 3554 984 3618 patrum
1023 3566 1253 3604 suorum
1295 3550 1457 3615 ritus,
1491 3566 1630 3619 quos
1656 3554 1776 3603 tota

190 3646 380 3716 Anglia
405 3652 643 3700 eotenus
672 3646 956 3713 coluisset,
1006 3664 1245 3714 exuere;
1298 3665 1363 3702 ac
1412 3649 1569 3703 novis
1600 3649 1776 3703 incer-

190 3742 364 3813 tisque
390 3742 744 3799 caeremoniis
778 3745 1159 3814 juvenescere.
1192 3746 1599 3800 Verumtamen
1628 3745 1776 3815 ipsos

186 3855 285 3909 pro
312 3842 453 3895 bona
490 3857 598 3896 sua
624 3840 905 3896 industria
943 3860 1004 3897 se
1039 3844 1181 3898 velle
1214 3844 1271 3898 in
1300 3860 1462 3898 suam
1495 3843 1776 3897 civitatem

187 3936 585 3993 Doroberniam
644 3939 824 3993 amica
877 3941 1145 3996 eivilitate
1191 3942 1497 4013 suscipere,
1539 3942 1776 4012 vitasque

186 4034 444 4090 subsidiis
469 4037 818 4092 sufﬁcienter
836 4038 1082 4093 refovere
1100 4039 1264 4094 simul
1301 4040 1472 4095 etiam
1503 4044 1779 4111 quotquot

187 4140 412 4202 possent
436 4134 509 4189 ad
534 4150 699 4190 suam
745 4141 957 4191 sectam
1001 4144 1346 4204 convertere,
1393 4139 1543 4193 ultro
1583 4155 1643 4192 se
1700 4138 1781 4192 eis

189 4244 451 4287 annuere.

259 4328 351 4382 Sic
391 4346 522 4402 ergo
550 4331 654 4385 Dei
680 4330 1098 4404 dispensatione
1133 4349 1230 4388 cor
1257 4335 1406 4404 regis
1437 4334 1773 4398 illustrante,

178 4418 540 4488 Augustinus
558 4437 687 4474 cum
719 4421 918 4491 pusillo
946 4423 1372 4494 gregeDomini,
1406 4424 1607 4494 quibus
1634 4440 1782 4478 com-

179 4507 399 4576 placuit
421 4508 573 4561 Patri
599 4510 911 4580 gratiarum
941 4511 1076 4566 dare
1100 4529 1356 4583 regnum,
1390 4529 1515 4567 cum
1565 4512 1784 4566 canoris

175 4595 431 4652 laetaniis
476 4597 705 4652 veniens
748 4598 1173 4667 Doroberniam,
1224 4602 1370 4656 hanc
1417 4602 1782 4672 antiphonam

172 4690 482 4753 gratanter
497 4686 803 4754 inchoat,et
813 4705 941 4743 cum
962 4690 1222 4745 omnibus
1237 4691 1268 4744 d
1279 4691 1386 4745 ulci
1405 4691 1783 4745 modulatione

169 4772 451 4828 decantat
485 4792 497 4828 :
532 4775 912 4847 Deprecamur
955 4785 1027 4845 te,
1070 4780 1324 4846 Domine,
1349 4780 1408 4833 in
1435 4780 1584 4834 omni
1619 4780 1779 4834 mise-

168 4862 430 4918 ricordia
456 4869 572 4929 tua,
604 4872 667 4919 ut
685 4867 977 4922 auferatur
1005 4866 1160 4924 furor
1184 4876 1316 4923 tuus
1343 4876 1397 4923 et
1426 4869 1507 4923 ira
1538 4876 1635 4923 tua
1665 4869 1787 4923 aci-

166 4952 353 5007 vitate
383 4952 511 5019 ista,
546 4959 603 5008 et
630 4971 665 5009 a
693 4954 859 5011 domo
891 4962 1088 5011 sancta
1124 4964 1241 5023 tua,
1286 4958 1548 5029 quoniam
1589 4975 1786 5029 pecca-

166 5042 386 5096 vimus.
434 5065 452 5091 ι
493 5041 649 5097 Bene
677 5061 737 5098 se
766 5045 869 5099 tali
898 5045 1243 5101 confessione
1288 5047 1670 5118 peccatoribus
1697 5047 1786 5101 in-

166 5130 460 5197 ferebant,
506 5148 646 5203 quos
694 5134 810 5188 Deo
858 5135 1218 5189 reconciliare
1249 5141 1306 5189 et
1332 5136 1584 5190 relaxare
1628 5152 1789 5190 vene-

168 5218 464 5274 rant.Tali
480 5220 777 5276 devotione
800 5223 1305 5293 protodoctoribus,
1333 5232 1389 5279 et
1416 5224 1473 5278 in
1505 5226 1612 5279 ﬁde
1635 5224 1790 5279 Chri-

166 5310 241 5363 sti
292 5310 747 5381 protopatribus,
792 5312 1007 5382 Anglia;
1056 5313 1411 5384 metropolim
1454 5331 1614 5367 suam
1660 5331 1788 5368 cum

162 5399 517 5470 triumphali
555 5400 736 5454 crucis
782 5401 975 5456 labaro
1019 5402 1484 5473 ingredientibus,
1518 5409 1641 5457 erat
1688 5419 1791 5458 an-

160 5488 337 5559 gelos
384 5487 649 5546 custodes
695 5488 882 5547 dicere
921 5490 1220 5547 credituris
1254 5490 1467 5546 civibus

1844 1839 1963 1893 visu
2000 1838 2297 1909 pulchrum
2328 1841 2429 1900 est,
2460 1837 2724 1891 theoricis
2771 1839 2945 1893 oculis
2992 1840 3339 1898 delectabile.
3373 1844 3441 1898 In

1846 1927 2193 1991 summitate,
2227 1930 2283 1979 et
2312 1925 2527 1979 ambitu
2557 1942 2868 1992 murorum,
2909 1929 3062 2000 jugis
3110 1936 3167 1984 et
3209 1931 3443 2004 pervigil

1848 2021 1961 2070 stat
2010 2016 2265 2070 custodia
2320 2015 2669 2085 angelorum.
2710 2016 2892 2086 Hujus
2939 2023 3058 2071 tam
3113 2018 3443 2075 decorabilis

1850 2105 2005 2160 urbis
2050 2106 2263 2177 primus
2301 2103 2592 2157 institutor
2626 2104 2919 2160 asciscitur
2964 2109 3332 2179 Augustinus,
3379 2116 3446 2165 ut

1852 2194 2052 2266 Sponsi
2084 2212 2195 2266 prae
2224 2193 2355 2247 ﬁliis
2383 2192 2674 2246 hominum
2695 2195 2949 2264 speciosi,
2979 2197 3194 2252 amicus
3207 2202 3263 2253 et
3280 2214 3446 2270 spon-

1852 2302 1926 2338 sae
1955 2283 2137 2353 gloria
2175 2290 2233 2338 et
2273 2284 2484 2337 honore
2526 2290 2824 2349 coronatae,
2868 2288 3307 2360 paranymphus.
3342 2280 3448 2343 Hic

1855 2373 2019 2426 modo
2049 2373 2180 2426 dum
2215 2391 2315 2444 pro
2345 2375 2547 2429 castris
2594 2374 2901 2428 Dominicis
2931 2375 3356 2444 decertandum,
3390 2385 3450 2432 et

1853 2461 2096 2517 subactis
2138 2462 2438 2517 rebellibus
2474 2464 2737 2535 gentibus
2774 2464 2846 2517 ad
2890 2463 3087 2519 urbem
3116 2466 3225 2520 erit
3251 2466 3452 2523 trium-

1854 2551 2160 2622 phandum.
2191 2550 2305 2605 Iste
2336 2552 2690 2623 primicerius
2732 2553 2945 2615 consul,
2979 2559 3037 2607 et
3065 2554 3340 2610 Dominici
3369 2563 3451 2612 te-

1853 2641 2119 2695 stamenti
2147 2641 2400 2710 angelus,
2428 2647 2760 2713 perpetuum
2780 2641 3135 2697 haereditabit
3156 2645 3445 2713 thronum,

1855 2730 2222 2800 omniumque
2247 2747 2652 2795 successorum,
2681 2730 2817 2784 dum
2847 2731 3034 2784 veniat
3067 2728 3331 2804 Princeps
3354 2752 3451 2807 pa-

1854 2832 2090 2893 storum,
2114 2834 2178 2880 ut
2198 2833 2359 2898 pater
2379 2828 2621 2882 ﬁliorum
2644 2828 2859 2901 apicem
2881 2828 3084 2883 referet
3094 2830 3447 2900 primarium.

1854 2926 2156 2995 Postquam
2181 2930 2369 2979 autem
2392 2930 2645 2979 terrenos
2675 2925 2895 2980 labores
2928 2931 3449 2991 mutaveritccelesti

1854 3039 2079 3087 corona,
2109 3029 2243 3077 tunc
2269 3023 2354 3077 uti
2388 3040 2538 3079 nunc
2576 3024 2743 3089 lucet,
2777 3025 3065 3095 potentius
3103 3027 3366 3098 regnabit
3390 3029 3452 3087 in

1854 3136 1981 3173 arce
2009 3119 2163 3185 Sion,
2195 3134 2322 3174 arce
2350 3136 2454 3175 sua
2480 3120 2792 3190 splendida,
2845 3138 2969 3193 qua:
3009 3140 3185 3194 supra
3229 3125 3447 3195 urbem,

1856 3218 2126 3272 turritum
2156 3218 2367 3272 attollit
2396 3218 2656 3273 verticem
2685 3219 2744 3273 in
2769 3235 2924 3283 aera,
2955 3237 3080 3292 quia
3108 3227 3225 3277 tam
3250 3224 3454 3295 princi-

1856 3316 1999 3387 palis
2009 3315 2260 3370 thesauri
2276 3322 2471 3387 totque
2484 3318 2911 3377 conreconditor
2920 3318 3235 3390 principum
3246 3323 3451 3392 gratia,

1856 3418 1975 3468 tota
2005 3414 2063 3466 in
2089 3413 2318 3468 excelsis
2342 3413 2556 3483 fulgeat
2585 3430 2777 3480 aurea,
2813 3415 2963 3469 unde
3005 3432 3184 3488 usque
3213 3418 3273 3474 in
3301 3420 3454 3476 diem

1860 3511 2303 3582 regenerationis
2342 3512 2615 3578 omnium,
2648 3529 2809 3567 suam
2856 3520 3115 3585 protegat
3141 3515 3454 3574 Jerusalem

1858 3627 1984 3664 cum
2014 3616 2132 3664 tota
2162 3610 2362 3681 patria,
2395 3610 2619 3677 virtute,
2652 3617 2709 3665 et
2735 3612 2987 3667 oratione
3018 3620 3310 3686 perpetua.

1891 3699 1894 3703 ’
1929 3708 2111 3779 Igitur
2140 3709 2267 3762 novi
2292 3708 2561 3778 armigeri
2584 3708 2804 3763 Domini
2835 3711 3108 3766 sedebant
3138 3713 3198 3766 in
3228 3715 3453 3771 unitate

1858 3798 2148 3852 condenda
2193 3798 2434 3862 Christo,
2483 3797 2658 3851 donec
2712 3799 3084 3855 induerentur
3136 3804 3342 3859 virtute
3389 3822 3457 3861 ex

1860 3885 1992 3949 alto,
2028 3890 2085 3939 et
2120 3885 2328 3939 auxilio
2348 3894 2689 3956 opportuno.
2721 3886 2857 3950 Quis
2878 3894 3064 3942 autem
3097 3891 3333 3962 explicet
3352 3893 3455 3947 hos

1860 3973 2190 4044 nubigenas,
2232 3974 2443 4028 scilicet
2482 3980 2547 4028 ut
2590 3976 2767 4030 nubes
2809 3977 3080 4043 volantes,
3112 3982 3343 4049 angelos
3381 3983 3458 4038 vi-

1863 4070 2074 4128 ventes,
2099 4063 2266 4117 ﬂores
2297 4063 2489 4126 eremi,
2513 4064 2787 4118 Antonios
2813 4071 2871 4118 et
2888 4066 3222 4135 Macharios,
3241 4067 3299 4122 in
3317 4069 3455 4125 urbe

1864 4151 2188 4211 exhibentes
2230 4152 2419 4206 omnia
2460 4153 2653 4207 mundi
2684 4152 3095 4209 oblectamenta
3136 4157 3372 4227 pulchra
3399 4163 3459 4213 et

1864 4241 2078 4305 suavia,
2096 4243 2245 4295 velut
2264 4242 2580 4295 lethiferum
2599 4258 2881 4312 vaporem,
2907 4259 3018 4297 non
3035 4244 3218 4299 solum
3241 4245 3458 4316 fugien-

1868 4336 2168 4395 tes,verum
2193 4330 2359 4385 etiam
2383 4347 2578 4384 omnes
2601 4330 2888 4385 auditores
2911 4333 3250 4403 parturienti
3274 4335 3461 4390 chari-

1867 4427 2001 4485 tate,
2028 4425 2085 4474 et
2114 4419 2457 4491 prmeordiali
2476 4419 2866 4491 parturitione,
2897 4421 2963 4474 ad
2993 4421 3461 4481 inﬁnitaaeterno-

1866 4527 1990 4563 rum
2018 4509 2354 4580 gaudiorum
2385 4504 2587 4563 saecula
2625 4508 3010 4580 impellentes?
3032 4511 3123 4566 Nil
3156 4512 3226 4567 de
3255 4520 3461 4570 morta-

1864 4600 2001 4653 lium
2031 4597 2248 4670 opibus,
2287 4604 2489 4669 praeter
2515 4598 2809 4652 salvandas
2854 4599 3070 4653 animas
3115 4601 3459 4672 ambiebant,

1866 4689 1986 4743 sola
2015 4687 2203 4741 divina
2231 4692 2287 4741 et
2315 4704 2560 4758 superna
2596 4687 3008 4758 inexplebiliter
3029 4690 3387 4760 appetebant.

1938 4778 2111 4831 Lucet
2139 4777 2210 4830 ab
2240 4776 2498 4830 orientali
2531 4776 2694 4847 plaga
2722 4777 3054 4834 confessoris
3085 4779 3294 4836 Christi
3319 4781 3465 4838 Mar-

1866 4866 1971 4921 tini
2000 4864 2498 4929 basilica,dimidio
2520 4866 2638 4919 fere
2669 4867 2851 4920 stadio
2881 4867 2951 4921 ab
2980 4870 3215 4924 ecclesia
3243 4870 3466 4928 Domini

1869 4955 2173 5011 Salvatoris
2202 4959 2438 5020 remota,
2457 4954 2590 5008 olim
2614 4970 2647 5008 a
2676 4955 2943 5011 Romanis
2970 4957 3302 5014 Christianis
3329 4976 3466 5017 con-
3500 4990 3507 4993 τ

1869 5044 2004 5109 dita,
2032 5043 2308 5115 hodieque
2326 5042 2498 5097 sacris
2518 5043 2716 5098 ofﬁciis
2737 5045 2988 5116 praedita.
3028 5048 3172 5102 Nam
3206 5064 3307 5118 per
3335 5064 3471 5120 qua-

1870 5134 2197 5204 dringentos
2218 5132 2439 5186 circiter
2456 5148 2654 5199 annos,
2683 5149 2861 5205 usque
2882 5134 2952 5188 ad
2975 5124 3276 5190 Maximum
3297 5135 3372 5188 im
3377 5153 3470 5209 pe-

1871 5229 2141 5288 ratorem,
2189 5221 2542 5276 incoluerant
2585 5222 2824 5276 Romani
2854 5223 2972 5276 haec
3011 5223 3255 5287 climata,
3284 5223 3379 5293 qui
3403 5224 3474 5279 de

1873 5313 2142 5369 Gratiano
2208 5316 2265 5365 et
2322 5311 2718 5365 Valentiniano
2783 5310 3057 5380 augustis,
3123 5310 3267 5366 civili
3327 5312 3472 5369 bello

1871 5408 1985 5468 6|
2029 5401 2426 5472 triumphavit;
2471 5417 2580 5473 quo
2630 5399 2927 5454 abstractis
2958 5397 3229 5453 militibus
3265 5401 3476 5458 Britan-
3556 5422 3559 5425 ‘

1519 5510 1530 5544 :
1574 5494 1795 5562 Aperite
1875 5490 2030 5544 niam
2058 5491 2312 5546 Romano
2339 5488 2537 5543 robore
2561 5486 2837 5543 exhausit.
2853 5488 2919 5543 In
2942 5487 3065 5559 ipsa
3083 5486 3277 5577 itaque
3305 5490 3477 5547 eccle-
