3912 6166
483 266 588 326 ’151

1435 265 1532 319 AD
1572 263 1812 320 OPERA
1847 265 1912 320 B.
1953 261 2373 319 LANFRANCI
2411 261 2797 318 APPENDIX.

3603 274 3686 332 75‘.)

486 394 573 450 sia
601 391 1012 448 sacratissimus
1041 391 1288 462 pontifex
1300 388 1573 445 Letardus
1589 387 2081 443 Christianissimae
2101 391 2144 446 Α
2164 392 2598 458 persecutorem.
2613 388 2714 442 llle
2740 386 2908 440 etiam
2932 385 3207 455 subjectos
3230 388 3326 442 sibi
3340 407 3482 462 reges
3501 399 3550 448 et
3565 399 3682 467 opti-

489 481 700 553 reginaa
752 480 972 536 Bertha:
1022 497 1210 534 sacras
1261 479 1460 534 missas
1508 476 1641 546 (86‘,
1691 483 1749 530 et
1789 473 2080 532 Dominica

2169 482 2368 540 mates,
2401 493 2527 529 cum
2557 476 2776 547 pepulis
2807 475 2922 530 suis
2937 477 3158 530 Christo
3189 479 3426 549 acquirit,
3456 499 3684 556 suumque

485 571 669 625 ofﬁcia
695 569 1022 624 assiduabat
1045 587 1058 636 ;
1089 570 1184 640 qui
1209 569 1286 622 illi
1314 585 1346 622 a
1379 568 1532 639 regia
1550 567 1785 621 Francia
1813 567 1978 620 datus
1998 573 2084 620 est
2167 565 2321 634 prius
2341 565 2637 636 imperium
2653 567 2864 619 mavult
2877 583 2996 619 esse
3009 565 3288 620 dilatando
3313 574 3365 621 et
3384 575 3688 642 propagando

483 675 688 722 comes,
721 663 780 712 et
799 664 986 712 custos
1028 657 1456 729 probatissimus
1484 657 1541 710 in
1573 656 1725 710 omni
1755 661 1950 710 sancta
1978 655 2079 709 ob-

483 747 784 814 servantia,
816 764 886 801 ne
914 765 1022 818 qua
1054 747 1328 801 Dominici
1359 745 1610 817 prestigii
1641 745 1806 808 furia,
1837 745 2080 816 splendi-

483 837 716 891 dissima
735 837 864 890 ﬁdei
883 837 1090 890 Christi
1122 836 1178 890 in
1209 853 1276 890 ea
1301 836 1599 889 oﬁuscaret
1632 835 2076 904 monilia.thue

481 925 741 980 maximis
771 925 1148 980 assimilcmus
1181 924 1418 988 minora,
1455 929 1798 995 praevenerat
1830 923 1919 976 hic
1949 941 2078 994 apo-

481 1014 662 1068 stolici
687 1014 988 1085 Augustini
1019 1014 1470 1085 praedicamenta,
1497 1019 1562 1067 ut
1583 1013 2074 1075 luciferauroram,

483 1110 542 1158 et
563 1120 770 1158 aurora
787 1105 986 1170 solem,
1005 1103 1162 1156 illum
1179 1101 1439 1156 videlicet
1459 1102 1664 1167 Solem,
1687 1119 1850 1173 quem
1872 1102 2078 1156 clarius

482 1193 679 1246 extulit
708 1192 1058 1263 Augustinus
1081 1192 1322 1256 Oceano,
1346 1196 1614 1262 tanquam
1647 1208 1914 1261 sponsum
1944 1208 2075 1262 pro-

481 1281 771 1336 cedentem
793 1282 1120 1335 dethalamo
1142 1297 1242 1334 suo
1265 1283 1430 1348 (Psal.
1459 1295 1611 1345 xvm,
1643 1279 1717 1347 ti).
1745 1281 1798 1334 Is
1827 1297 2068 1351 quoque,

479 1374 546 1424 ut
572 1387 886 1442 przecursor
916 1375 972 1424 et
981 1369 1211 1439 janitor,
1245 1369 1528 1424 Christum
1559 1368 2073 1439 ferentibuslegatis

479 1460 630 1514 ultro
645 1460 885 1531 aperuit.
903 1460 1042 1513 Cum
1071 1460 1174 1513 hoc
1199 1475 1334 1512 sane
1363 1457 1527 1511 beato
1558 1457 1794 1527 praesule
1807 1457 2070 1518 Letardo,

479 1547 583 1602 Dei
612 1547 1450 1618 famulusAugustinus,suique
1481 1545 1634 1604 socii,
1663 1545 1852 1598 addito
1871 1561 2072 1614 magno

480 1636 679 1690 salutis
705 1637 932 1707 gaudio,
965 1637 1024 1690 in
1045 1636 1304 1690 omnibus
1331 1635 1639 1690 Dominicis
1662 1633 1941 1704 mysteriis
1960 1650 2073 1686 una

2165 652 2372 706 Christi
2405 669 2661 723 regnum.

2236 741 2486 795 Primum
2505 743 2694 813 itaque
2714 743 3113 813 Augustinum,
3137 745 3508 815 promptiorem
3524 749 3582 802 ad
3597 767 3690 804 om-

2159 830 2314 884 nium
2347 831 2586 886 salutem
2619 849 2785 904 quam
2818 834 2886 886 ad
2916 833 3002 887 sui
3025 833 3412 904 praelationem,
3442 838 3504 890 ad
3531 837 3690 892 xEthc-

2163 919 2308 973 rium
2363 921 2606 975 Arelatis
2654 923 3150 993 archiepiscopum,
3195 922 3293 977 sibi
3325 941 3531 996 sumque
3562 930 3687 996 genti

2161 1010 2601 1062 consecrandum
2632 1011 2946 1080 apostolum
3000 1011 3194 1074 mittit,
3227 1011 3462 1066 videlicet
3488 1021 3544 1068 ut
3570 1017 3686 1070 Deus

2161 1097 2354 1163 voluit,
2387 1103 2445 1150 et
2473 1097 2670 1154 beatus
2693 1117 2835 1170 papa
2856 1099 3165 1169 Gregorius
3193 1100 3392 1171 Spiritu
3409 1103 3499 1155 Dei
3523 1121 3687 1173 praero-

2155 1187 2326 1253 gavit.
2349 1186 2476 1252 Qui,
2491 1189 2676 1241 transf
2677 1193 2854 1242 retato
2875 1205 3118 1259 aequore,
3143 1196 3361 1260 accepto
3372 1193 3642 1262 apostolatu
3661 1213 3685 1248 a

2156 1275 2860 1341 domino,etbenedictione
2871 1277 3120 1332 omnium
3141 1279 3385 1348 gentium
3406 1279 3685 1350 primarium

2155 1364 2402 1433 Anglican
2421 1366 2575 1436 genti
2599 1366 2791 1420 retulit
2811 1367 3272 1437 patriarchatum,
3296 1372 3350 1420 et
3367 1368 3686 1438 patriarchale

2155 1454 2550 1522 patrocinium.
2586 1455 2761 1518 Quem
2795 1457 2909 1510 Deo
2938 1457 3195 1511 amabilis
3241 1474 3351 1515 rex,
3385 1463 3444 1510 ut
3468 1460 3684 1528 angelum

2153 1543 2480 1596 testamenti
2505 1543 2621 1606 Dei,
2656 1544 2984 1616 triumphali
3007 1547 3216 1616 gaudio
3248 1547 3526 1617 excipiens,
3544 1553 3685 1616 utque

2153 1631 2390 1700 pusillus
2403 1633 2662 1686 Zachazus
2681 1633 3002 1700 Dominum,
3027 1636 3226 1689 statuit
3245 1652 3368 1690 eum
3395 1651 3500 1690 suze
3523 1642 3689 1688 metro-

479 1729 641 1780 erant
672 1725 918 1780 Ecclesia
964 1729 1021 1779 et
1059 1725 1305 1789 collatio,
1345 1741 1492 1778 unus
1537 1723 1769 1794 spiritus
1809 1723 1865 1776 in
1907 1701 2296 1790 uniconolis
2345 1721 2780 1776 ecclesiasticum
2839 1723 3170 1794 praesidem;
3222 1724 3279 1778 in
3328 1741 3434 1796 qua
3473 1724 3690 1796 primitus

475 1813 717 1870 Domino
757 1831 879 1868 suo.
925 1814 994 1868 Hi
1036 1815 1206 1868 etiam
1259 1815 1406 1880 novi,
1449 1814 1602 1868 velut
1637 1830 1788 1876 suos,
1838 1811 2073 1882 przevios

474 1903 851 1974 prosecuti,et
865 1908 1135 1973 tanquam
1162 1919 1361 1956 aurum
1391 1901 1792 1973 superductum
1816 1905 2070 1970 argento,

478 1991 820 2046 decorabant
853 1991 1003 2062 ipsos
1046 2008 1412 2063 praecessores
1438 1990 1900 2061 superveniendo.
1936 1990 2074 2044 San-

476 2085 600 2134 ctus
613 2097 743 2134 vero
763 2079 1130 2150 Augustinus,
1147 2081 1348 2151 suique
1371 2080 1426 2133 in
1450 2079 1709 2133 omnibus
1739 2083 2068 2142 sectatores,

477 2185 682 2239 magna
730 2167 1018 2238 signorum
1051 2169 1237 2238 gratia
1269 2168 1507 2239 praediti,
1540 2185 1734 2222 omnes
1773 2166 2064 2230 curabant,

475 2257 564 2311 vel
599 2257 706 2311 sibi
747 2263 1134 2328 praesentatos,
1177 2257 1264 2312 vel
1303 2275 1336 2311 a
1383 2274 1443 2310 se
1489 2257 1744 2310 visitatos
1773 2255 1984 2310 debiles
2014 2260 2072 2308 et

475 2351 731 2415 aegrotos.
750 2345 1065 2417 Stupebant
1082 2350 1298 2416 gentes,
1317 2363 1352 2399 a
1365 2350 1522 2400 tanto
1541 2345 1810 2399 virtutum
1835 2345 2068 2398 fulmine

477 2434 774 2500 exterrita,
817 2434 1165 2504 ambigentes
1212 2435 1348 2504 quid
1395 2435 1781 2489 vehementius
1821 2434 2066 2487 admira-

473 2529 690 2590 rentur,
738 2541 812 2579 an
855 2525 1174 2594 terrigenas
1221 2531 1580 2578 transeuntes
1621 2525 1678 2578 in
1713 2523 1944 2588 caelites,
1995 2540 2067 2577 an

475 2614 742 2668 mortales
771 2613 1254 2667 immortalitatem
1293 2614 1612 2668 animamm
1657 2620 1714 2668 et
1749 2630 2066 2684 corporum,

479 2702 594 2756 vita
638 2707 694 2756 et
743 2701 1136 2773 praedicatione
1191 2701 1504 2756 certissima
1555 2701 1944 2772 astipulantes,
1995 2717 2066 2754 an

481 2791 862 2856 dilectionem,
893 2808 1016 2862 quae
1036 2791 1198 2846 fortis
1229 2798 1314 2846 est
1351 2797 1416 2845 ut
1441 2808 1591 2845 mors
1621 2792 1800 2846 Tant.
1842 2804 1956 2857 vIu,
1987 2789 2062 2856 6‘,

472 2896 584 2952 qua
627 2896 817 2934 secum
863 2897 1058 2934 omnes
1100 2880 1328 2934 trahere
1375 2880 1446 2934 ad
1497 2897 1742 2951 superna
1786 2879 2068 2933 consortia

473 2973 796 3034 aestuarent,
829 2985 940 3040 qua
969 2985 1068 3040 pro
1099 2969 1344 3024 hostium
1375 2969 1564 3033 etiam,
1601 2969 1762 3040 quasi
1809 2985 1909 3040 pro
1956 2968 2065 3022 fra-

469 3062 620 3112 trum
651 3058 852 3124 salute,
886 3075 946 3112 se
971 3059 1262 3113 traderent
1297 3079 1307 3112 :
1351 3075 1421 3112 an
1469 3059 1694 3112 tandem
1746 3059 1893 3128 quod
1940 3058 2063 3128 ipsa

473 3151 797 3202 sanctorum
843 3147 1120 3217 promissa
1155 3153 1269 3201 tam
1311 3147 1622 3218 perspicuis
1663 3147 2062 3200 miraculorum

467 3235 948 3290 coruscationibus
972 3253 1036 3290 ac
1063 3235 1402 3290 testimoniis
1443 3235 1732 3290 credibilia
1761 3236 1906 3290 facta
1931 3240 2064 3288 sunt

467 3324 654 3378 nimis.
688 3324 962 3379 Dicebant
978 3325 1202 3390 diversi,
1235 3330 1336 3378 aut
1360 3325 1616 3380 homines
1635 3325 1693 3378 in
1714 3326 1856 3379 Deos
1882 3331 2063 3378 muta-

463 3415 574 3476 tos,
603 3418 703 3467 aut
727 3413 878 3466 inter
914 3413 1170 3467 homines
1217 3414 1467 3466 humana
1513 3413 1696 3483 specie
1745 3413 2062 3467 conversari

463 3500 630 3556 Deos.
661 3501 792 3554 Haec
819 3517 884 3554 ex
903 3505 1022 3554 toto
1044 3500 1270 3554 fallebat
1291 3501 1444 3555 rudis
1462 3501 1609 3571 vulgi
1627 3501 1836 3572 opinio;
1860 3504 1927 3556 de.
1945 3501 2064 3556 suis

465 3587 740 3660 adoptivis
769 3587 987 3642 dicente
1016 3589 1255 3643 Domino
1292 3608 1302 3643 :
1339 3591 1449 3656 Ego
1485 3591 1612 3642 dixi
1645 3607 1658 3644 :
1706 3593 1798 3644 1)ίὶ
1825 3593 1970 3653 estis,
2009 3596 2058 3644 ct

460 3679 574 3745 ﬁlii
595 3677 803 3731 Επεῖεί
827 3693 1012 3731 omnes
1038 3679 1203 3736 iPsal.
1239 3691 1421 3742 LXXXI,
1453 3677 1528 3748 6).
1556 3678 1929 3733 Crediderunt
1956 3679 2060 3733 ita-

461 3781 574 3836 que
599 3765 824 3820 Christo
849 3766 1102 3837 plerique
1131 3765 1273 3820 victa
1303 3767 1534 3835 duritia,
1577 3773 1748 3822 tanta:
1792 3769 2055 3822 novitatis

459 3854 858 3910 admiratione.

529 3943 726 3998 Tantis
757 3943 930 3998 etiam
959 3959 1148 3999 rerum
1191 3943 1519 4014 fulgoribus,
1560 3961 1657 4000 rex
1693 3945 1811 4016 ipse
1851 3962 2054 4016 pavore

459 4035 517 4086 et
575 4031 949 4088 oblectatione
987 4033 1180 4088 divina
1227 4033 1521 4100 attonitus,
1569 4035 1886 4104 Augustino
1929 4035 2054 4106 jugi

457 4121 733 4178 instantia
781 4123 1176 4195 persuadente,
1209 4123 1457 4177 Ecclesia
1485 4129 1704 4189 orante,
1743 4124 1956 4194 regina,
1989 4131 2056 4178 ut

455 4213 630 4266 sacris
669 4212 876 4266 litteris
905 4211 1146 4278 erudita,
1181 4212 1583 4282 permulcente,
1623 4213 1832 4267 sanctis
1871 4213 2053 4266 Patri-

457 4299 558 4355 bus
584 4301 1033 4372 gratiﬁcantibus
1069 4307 1381 4372 opportune
1411 4301 1495 4354 vel
1526 4301 1864 4372 importune.
1901 4303 2050 4357 ultro

453 4388 726 4444 abdicatis
761 4389 1027 4444 feralibus
1071 4389 1378 4443 inferorum
1419 4388 1766 4451 numinibus.
1807 4391 2052 4446 efﬁcitur

454 4473 512 4528 in
527 4475 746 4530 Christo
775 4477 974 4531 divinae
1005 4477 1322 4547 adOptionis
1351 4477 1518 4531 ﬁlius.
1564 4479 1800 4551 Jamque
1831 4479 2048 4534 cunctis

453 4563 722 4616 caelorum
748 4563 1050 4617 virtutibus
1079 4562 1394 4618 sublimiter
1419 4567 1962 4636 congratulantibus,
1991 4571 2050 4622 et

450 4651 785 4720 populorum
806 4649 1009 4704 turmis
1040 4651 1112 4704 ad
1139 4657 1298 4706 tanta
1314 4652 1588 4707 solemnia
1600 4655 2038 4722 occurrentibus,

449 4737 698 4810 baptizat
725 4755 931 4792 novum
957 4740 1388 4794 Constantinum
1413 4741 1680 4796 Silvester
1716 4759 1908 4798 novus.
1939 4745 2050 4800 Un-

445 4827 604 4896 gitur
631 4828 982 4898 evangelicus
1012 4828 1186 4882 David
1213 4829 1336 4883 oleo
1357 4830 1586 4893 laetitiae,
1604 4837 1660 4886 et
1677 4832 2048 4889 intronizatur

445 4922 776 4971 mansuetus
803 4917 943 4970 solio
972 4917 1385 4973 misericordize.
1424 4920 1739 4975 Coronatur
1783 4923 2041 4977 ecclesia-

446 5003 622 5058 sticus
652 5003 914 5058 Salomon
952 5020 1158 5058 corona
1205 5006 1452 5076 pacifica,
1485 5006 1541 5060 in
1572 5010 1836 5076 aequitate
1869 5015 1926 5063 et
1946 5027 2037 5064 sa-

442 5091 676 5162 pientia.
712 5091 932 5146 Praebet
958 5109 1018 5146 se
1039 5093 1108 5146 de
1137 5093 1372 5164 imperio
1421 5111 1708 5150 servorum
1737 5097 1838 5152 Dei
1862 5099 2038 5152 famu-

393 5227 406 5233 -
441 5179 582 5248 lum,
631 5179 976 5234 convertitur
1011 5180 1270 5252 princeps
1308 5183 1513 5236 ducum
1557 5183 1613 5236 in
1649 5185 2033 5254 evangelicum

2137 1811 2476 1880 "susceperat
2501 1810 2778 1880 hospitem
2815 1829 2918 1866 nec
2935 1818 3154 1868 tantum
3187 1813 3360 1873 urbis,
3379 1814 3466 1867 sed
3487 1818 3538 1867 et
3554 1813 3690 1866 totius

2156 1897 2304 1951 orbis
2330 1899 2416 1952 sui
2441 1901 2842 1970 speculativum
2873 1902 3171 1972 praetendit
3198 1903 3494 1957 custodem.
3517 1901 3694 1956 Soliqu

2153 1987 2316 2056 regni
2348 1987 2404 2040 in
2453 1989 2830 2058 pontiﬁcalem
2883 1991 3230 2056 cathedram,
3273 1991 3453 2046 aulam
3497 1989 3689 2060 regiam,

2151 2075 2466 2144 Augustino
2495 2077 2835 2130 reiormante
2879 2095 2944 2131 ac
2991 2079 3306 2143 dedicante,
3355 2079 3412 2132 in
3455 2078 3692 2148 regiﬁcam

2154 2162 2363 2217 Christi
2388 2165 2555 2219 vertit
2585 2166 2896 2224 ecclesiam.
2915 2168 2998 2222 Ad
3023 2168 3298 2222 orientem
3314 2185 3436 2222 vero
3457 2185 3509 2222 1n
3531 2167 3693 2220 subur-

2153 2251 2298 2306 bano
2326 2253 2465 2308 colle
2492 2256 2678 2324 regale
2709 2261 2765 2308 et
2796 2257 3169 2327 apostolicum
3199 2257 3350 2312 Petri
3390 2262 3444 2310 et
3469 2249 3608 2309 Pauli
3632 2258 3696 2307 at-

2151 2341 2299 2395 tollit
2343 2344 2768 2406 monasterium,
2816 2351 3084 2416 tanquam
3127 2345 3285 2400 urbis
3323 2345 3614 2416 praesidium
3651 2347 3696 2394 et

2152 2430 2588 2493 munimentum,
2634 2433 2781 2503 quod
2814 2433 2871 2486 in
2900 2451 3106 2501 arcem,
3147 2441 3206 2489 et
3240 2435 3511 2506 speculam
3544 2431 3696 2502 regni,

2151 2519 2359 2572 exaltat
2389 2519 2664 2588 bravium,
2696 2523 2844 2592 quod
2889 2523 3299 2593 pretiosissima
3318 2526 3434 2594 jam
3459 2523 3568 2576 ραιιί
3602 2523 3698 2574 the-

2153 2609 2398 2662 saurizat
2415 2615 2764 2674 ornamenta,
2790 2611 3041 2667 videlicet
3061 2613 3242 2684 ipsius
3270 2611 3570 2683 Augustini,
3599 2625 3698 2663 san-

2149 2700 2480 2767 ctorumque
2533 2715 2919 2753 successorum
2978 2701 3101 2770 ejus
3163 2701 3504 2772 pontiﬁcum,
3561 2705 3700 2768 atque

2149 2802 2347 2856 regum
2374 2787 2822 2857 splendidissima
2852 2806 3104 2860 corpora,
3129 2807 3254 2861 quas
3303 2790 3360 2843 in
3405 2787 3700 2842 revelaticne

2145 2875 2339 2943 gloriae
2366 2877 2786 2944 magniChristi
2816 2878 3068 2932 resilient
3091 2879 3152 2932 in
3175 2880 3374 2950 gloria.
3408 2879 3487 2932 Tu
3517 2891 3703 2947 quoque.

2147 2961 2444 3018 Rhofensis
2483 2965 2819 3030 hierarchia,
2869 2968 3108 3022 Andreze
3154 2968 3393 3040 apostoli
3435 2972 3526 3020 tuo
3567 2963 3702 3017 titulo

2145 3051 2374 3123 inclyta,
2415 3058 2472 3106 et
2497 3053 2936 3111 Dorobernensis
2966 3057 3226 3112 Ecclesize
3255 3057 3447 3112 dextra
3473 3054 3706 3121 suffraga-

2147 3156 2279 3206 nea;
2313 3147 2487 3212 tuque
2515 3143 2818 3198 Lundonia:
2853 3145 3192 3215 pontiﬁcalis
3217 3145 3586 3217 praerogativa,
3612 3158 3704 3195 ma-

2142 3228 2236 3297 gni
2252 3230 2407 3283 Pauli
2420 3231 2619 3300 gloria,
2656 3240 2924 3288 coronata
2943 3234 3122 3289 beata:
3144 3236 3430 3290 memorize
3445 3232 3700 3288 Edelberto

2144 3319 2260 3388 regi
2291 3328 2484 3374 nostro
2521 3321 2816 3387 conditori,
2850 3331 3019 3394 atque
3050 3325 3370 3396 Augustino
3410 3319 3700 3383 institutori,

2143 3405 2357 3461 debetis
2379 3408 2436 3462 in
2467 3410 2704 3464 Domino
2733 3417 2944 3466 aeterna
2963 3412 3418 3469 benedictionum
3442 3409 3701 3484 przeconia.

2215 3499 2289 3550 At
2317 3515 2493 3552 novus
2525 3499 2747 3554 Domini
2778 3503 3040 3557 sacerdos
3082 3505 3294 3558 ardens
3339 3509 3493 3557 tanta
3530 3498 3705 3571 gaudia

2139 3587 2516 3641 attentissimo
2559 3588 2830 3658 Gregorio
2871 3591 3157 3659 nuntiare,
3189 3593 3247 3647 in
3281 3594 3400 3665 ipso
3430 3591 3601 3646 reditu
3619 3602 3702 3642 suo

2139 3675 2314 3729 mittit
2343 3676 2576 3730 Romam
2602 3677 2819 3732 eximite
2849 3681 3167 3736 sanctitatis
3185 3683 3352 3746 viros,
3377 3679 3703 3737 Laurentium

2139 3769 2272 3818 tunc
2295 3765 2705 3836 presbyterum,
2730 3773 2858 3838 post
2871 3768 2957 3822 sui
2987 3771 3134 3824 sacri
3160 3771 3439 3842 primatus
3465 3781 3704 3824 successo-

2139 3867 2258 3905 rem
2274 3853 2540 3924 primum,
2564 3855 2764 3926 suique
2783 3855 3095 3912 suburbani
3115 3859 3450 3915 monasterii
3471 3858 3702 3930 primum,

2137 3939 2395 3996 abbatem
2425 3943 2676 3998 Petrum.
2703 3945 2796 4010 Hi,
2829 3946 3037 4001 volucri
3068 3949 3266 4004 animo
3297 3965 3364 4004 ac
3391 3947 3566 4004 studio
3594 3959 3703 3998 san-

2137 4035 2226 4084 cto
2254 4047 2411 4102 papae
2442 4032 2695 4096 admissi,
2727 4033 2982 4089 referunt
3003 4044 3240 4106 gentem
3263 4039 3574 4109 Anglorum
3599 4048 3706 4088 cum

2135 4132 2268 4186 rege
2300 4135 2421 4185 suo,
2455 4119 2512 4172 in
2541 4119 2752 4174 Christi
2776 4121 3046 4192 populum
3075 4125 3362 4179 transisse
3389 4129 3447 4178 et
3475 4135 3700 4193 regnum.

2133 4207 2512 4276 Augustinum
2535 4207 2645 4262 illis
2675 4209 2996 4280 pontiﬁcem
3015 4217 3434 4278 consecratum,
3454 4226 3633 4266 verum
3649 4205 3705 4261 ad

2135 4301 2252 4348 tam
2276 4297 2511 4350 multam
2526 4313 2766 4352 messem
2789 4299 3388 4375 credentium.paucas
3409 4317 3600 4356 manus
3612 4311 3705 4352 non

2131 4385 2388 4439 sufﬁcere
2437 4386 2844 4456 operariorum.
2885 4388 3194 4446 Proferunt
3227 4397 3288 4446 et
3328 4391 3569 4446 diversas
3602 4383 3708 4442 novi

2131 4475 2400 4544 przeconis
2445 4475 2744 4545 Augustini
2785 4477 3286 4550 interrogationes,
3331 4481 3529 4553 quibus
3577 4474 3708 4531 rudis

2129 4565 2368 4634 populus
2397 4564 2604 4636 certius
2633 4565 2952 4626 erudiatur.
2990 4568 3151 4624 Tunc
3190 4567 3709 4642 praecellentissimus

2129 4652 2486 4723 apostolicus,
2515 4653 2873 4709 ineﬁabiliter
2893 4656 3268 4727 exhilaratus,
3302 4659 3444 4714 fusis
3470 4658 3579 4712 Deo
3605 4654 3708 4708 inﬁ-

2131 4728 2266 4795 nitis
2279 4747 2400 4806 62
2414 4741 2727 4812 gratiarum
2741 4745 3048 4812 sacriﬁciis,
3065 4753 3125 4801 et
3147 4753 3316 4804 orato
3327 4747 3560 4804 Domino
3579 4759 3706 4799 mes-

2129 4829 2207 4883 sis
2237 4839 2299 4884 ut
2327 4831 2516 4884 mittat
2545 4831 2832 4902 operarios
2861 4833 2920 4888 in
2949 4851 3199 4892 messem
3247 4854 3430 4904 suam,
3455 4831 3710 4904 ,exhaurit

2128 4920 2472 4974 monasteria
2499 4935 2602 4974 sua
2621 4927 2680 4974 et
2700 4923 2978 4991 ecclesias,
3011 4931 3068 4979 et
3087 4926 3374 4998 quidquid
3394 4930 3574 4998 potest
3595 4937 3710 4978 eru-

2121 5006 2366 5061 ditorum
2387 5026 2451 5062 ac
2475 5011 2868 5084 religiosorum
2897 5013 3149 5068 virorum
3182 5016 3246 5069 in
3273 5033 3418 5087 opus
3447 5010 3707 5083 Evangelii

2119 5097 2446 5166 efﬂagitare,
2483 5106 2602 5155 toto
2627 5103 2831 5157 mentis
2857 5105 3076 5169 aﬁ‘ectu,
3113 5108 3286 5162 unico
3315 5103 3639 5178 Augustino,
3659 5104 3708 5152 et

2118 5185 2295 5240 unicae
2344 5193 2548 5243 amatae
2586 5191 2742 5259 genti
2789 5197 2966 5246 certat
3005 5193 3300 5266 delegare.
3353 5196 3497 5250 Huic
3535 5194 3706 5247 sancto

439 5265 756 5335 parvulum,
794 5271 851 5318 et
891 5264 1214 5318 dominator
1242 5267 1576 5336 pOpulorum
1615 5269 1941 5341 sociumque
1975 5289 2034 5326 se

438 5355 735 5424 proﬁtetur
745 5369 1078 5424 pauperum.
1096 5355 1319 5408 Gaudet
1348 5356 1696 5425 Augustinus
1713 5363 1770 5413 et
1792 5359 2034 5415 Ecclesia

438 5442 681 5512 amplius
703 5459 762 5496 se
791 5441 1000 5497 habere
1025 5441 1340 5512 adjutorem
1371 5459 1540 5514 quam
1560 5452 1690 5500 ante
1709 5447 2035 5504 timuissent

2117 5274 2482 5331 contubernio
2507 5279 2912 5349 praepollebant
2934 5288 3185 5353 quatuor
3209 5281 3572 5340 ecclesiastici
3597 5292 3704 5352 pro-

2115 5378 2288 5426 ceres,
2341 5381 2440 5418 seu
2489 5375 2733 5436 quatuor
2773 5371 3150 5440 evangelista-3,
3195 5375 3469 5434 Mellitus,
3510 5373 3705 5431 Justus,

2117 5451 2410 5514 Paulinus,
2453 5455 2744 5511 Rulianus.
2787 5457 3032 5514 Mellitus
3057 5459 3239 5516 abbas
3257 5464 3562 5518 melliﬂuus
3585 5465 3703 5514 tunc

503 5543 619 5619 (86)
646 5549 899 5604 Pontifex
928 5549 1202 5605 Letardus
1229 5551 1450 5608 Bertha:
1473 5551 1684 5622 reginae
1712 5554 2031 5612 Chiistiana
2058 5557 2237 5614 ofﬁcia
2265 5559 2674 5618 subministrat.
2699 5563 3056 5622 Malmesbur.
3090 5567 3194 5623 ubi
3223 5585 3450 5645 supra,-
