3912 6166
201 291 290 349 753
1204 290 1375 345 VlTA.
1412 289 1469 344 Ξ.
1511 289 1904 345 AUGUSTINI
1945 288 2162 345 ANGL.
2203 291 2455 347 APOST.
3369 290 3474 352 754

188 414 516 490 praelucebat
553 414 848 487 splendido
880 415 1051 470 choro
1102 414 1463 486 Gregoriano.
1506 415 1682 471 Mittit
1719 417 1841 475 etA
1862 420 2237 472 convertatur.
2270 417 2569 485 Animalia,
2598 434 2824 491 quoque
2844 434 2969 491 quae
2988 417 3245 474 solebant
3267 415 3473 474 daemo-

189 506 544 577 apostolicum
615 505 933 575 Augustino
985 506 1238 576 pallium,
1300 506 1513 575 grande
1569 506 1782 561 scilicet
1861 505 2027 560 nibus
2054 507 2369 574 immolare,
2397 507 2516 576 jam
2550 525 2663 562 non
2693 509 2751 563 in
2779 509 2992 563 cultum
3022 506 3249 574 diaboli,
3279 508 3379 562 sed
3408 507 3467 562 in

190 597 379 651 Christi
396 601 454 649 et
474 595 731 649 Ecclesiae
749 604 1187 659 sacramentum,
1224 602 1493 665 tanquam
1524 595 1778 649 omnium
1860 594 2084 649 laudem
2114 596 2217 650 Dei
2248 596 2305 649 in
2334 613 2498 650 usum
2526 613 2690 651 suum
2725 598 2997 661 occidant,
3014 596 3352 651 etDonatnri
3375 596 3468 650 de-
3530 609 3534 612 ‘

187 686 441 740 virtutum
458 684 875 745 indumentum,
897 684 1044 755 quod
1059 689 1144 738 est
1157 684 1437 738 vinculum
1458 685 1780 738 dilectionis
1861 685 2121 739 satietate
2151 703 2254 739 sua
2281 686 2495 756 gratias
2552 692 2741 756 agant.
2796 687 2886 740 Sic
2924 686 3223 740 [sraelitico
3260 685 3466 757 populo

186 775 290 839 Dei,
322 779 380 828 et
409 774 674 840 fratrum,
705 779 769 827 ut
795 773 1003 828 Christi
1032 773 1273 827 vicarius
1304 773 1378 827 sit
1402 773 1620 827 medius
1649 790 1776 827 cono
1858 772 1917 827 in
1954 776 2194 845 Egypto
2221 775 2485 829 Dominus
2508 776 2567 829 in
2596 792 2697 829 suo
2728 775 3017 840 sacriﬁcio,
3052 775 3336 840 animalia,
3364 774 3465 827 im-

188 864 391 919 ciliator
430 863 535 918 Dei
563 868 622 917 et
646 862 959 929 hominum,
994 868 1051 917 et
1100 879 1239 916 zona
1269 870 1515 933 paternae
1540 862 1775 933 justitize
1858 865 2069 918 molare
2100 863 2380 935 praecepit,
2414 871 2477 918 ut
2496 881 2625 918 vero
2656 865 2770 918 haec
2798 863 2932 928 Deo,
2983 881 3094 918 non
3144 864 3307 918 idolis
3354 864 3463 918 im-

188 952 621 1018 circumcinctus,
675 953 904 1022 angelos
933 958 991 1005 et
1018 952 1292 1015 homines,
1321 958 1531 1005 terram
1565 952 1773 1006 confm-
1858 954 2156 1006 molarent.
2211 952 2355 1006 Data
2409 953 2498 1006 die
2554 952 2751 1023 quinto
2805 953 3021 1007 decimo
3080 953 3461 1007 Kalendarum

188 1044 328 1097 deret
348 1048 405 1096 et
425 1042 650 1095 ccelum.
685 1042 858 1095 Addit
885 1047 1239 1095 sacrosancta
1270 1041 1451 1100 xenia.
1487 1042 1771 1111 apostolo-
1856 1042 2116 1111 Augusti,
2150 1058 2297 1096 anno
2330 1042 2548 1113 imperii
2579 1041 2832 1095 Mauricii
2862 1042 3077 1095 decimo
3109 1059 3274 1096 nono.

187 1148 296 1186 rum
323 1130 534 1185 scilicet
562 1136 620 1183 et
648 1136 962 1201 martyrum
992 1130 1203 1183 viviﬁca
1226 1130 1457 1200 pignera
1483 1129 1767 1203 [pignora]
1928 1134 1989 1187 In
2023 1132 2190 1185 tertia
2215 1149 2345 1186 vero
2375 1132 2611 1203 epistola
2634 1131 2803 1185 missa
2820 1131 3235 1203 Augustino(D.
3258 1132 3457 1197 GREG.,

189 1238 242 1274 ac
267 1221 481 1274 diversa
509 1237 631 1290 qua":
657 1219 922 1283 ecclesiae,
956 1236 1078 1289 quae
1108 1220 1507 1282 sacerdotibus,
1535 1236 1658 1288 quae
1688 1220 1769 1272 al-
1853 1222 1949 1275 lib.
1983 1237 2058 1286 1x,
2095 1221 2241 1291 epist
2296 1222 2379 1289 58)
2409 1239 2419 1272 :
2452 1238 2515 1273 ex
2550 1237 2752 1290 magno
2788 1221 2995 1289 gaudio
3042 1237 3317 1275 conversae
3356 1237 3459 1291 per

189 1309 404 1373 laribus,
456 1326 523 1362 ac
573 1309 877 1363 Dominicis
908 1308 1179 1361 ministris
1210 1309 1566 1373 conveniant,
1601 1325 1769 1361 orna-
1855 1329 1983 1365 eum
2045 1311 2249 1381 gentis,
2292 1310 2349 1363 in
2393 1310 2613 1363 laudem
2661 1310 2883 1363 Domini
2931 1311 3205 1363 exclamat
3244 1309 3323 1364 sic
3370 1310 3459 1364 in-

188 1406 378 1453 menta.
414 1398 708 1453 Librorum
740 1414 962 1469 quoque
993 1398 1251 1467 adjungit
1279 1398 1529 1467 Opimum
1579 1397 1770 1450 eonvi-
1855 1401 2063 1453 choans
2145 1421 2164 1450 ι
2186 1401 2373 1454 Gloria
2404 1402 2466 1452 in
2496 1402 2714 1452 excelsis
2744 1400 2867 1463 Deo,
2901 1404 2949 1451 cl
2971 1402 3033 1451 in
3061 1404 3213 1451 terra
3232 1414 3349 1467 pax
3368 1398 3458 1451 ho—

234 1505 340 1549 um,
385 1493 442 1540 et
486 1487 812 1541 indeﬁciens
869 1487 937 1539 ad
1001 1487 1123 1540 vitae
1181 1487 1420 1557 patriam
1480 1486 1744 1540 viaticum
1856 1492 2103 1543 minibus
2129 1491 2275 1543 bona;
2305 1491 2610 1542 voluntatis
2638 1489 2791 1557 (Luc.
2824 1488 3024 1553 11,14);
3050 1487 3181 1557 quia
3211 1503 3454 1557 granum

192 1578 348 1632 Mittit
385 1576 556 1630 etiam
614 1577 975 1647 przefatarum
1026 1576 1296 1629 enodatas
1340 1582 1395 1629 et
1442 1577 1769 1646 explanatas
1854 1578 2117 1632 frumenti
2148 1579 2351 1631 cadens
2380 1577 2437 1629 in
2471 1582 2624 1630 terra
2654 1582 2936 1630 mortuum
2956 1582 3059 1642 est,
3090 1576 3252 1645 cujus
3273 1581 3453 1630 morte

191 1668 674 1736 interrogationum
701 1666 1060 1736 quaestiones,
1087 1682 1226 1735 quas
1248 1665 1303 1717 in
1332 1664 1576 1718 Historia
1608 1664 1770 1718 Beda:
1852 1668 2108 1723 vivimus.
2138 1668 2298 1737 cujus
2330 1666 2655 1719 inﬁrmitate
2688 1666 3038 1728 roboramur,
3070 1666 3232 1735 cujus
3261 1681 3454 1721 amore

190 1757 342 1810 lector
371 1755 613 1826 reperiet
638 1753 769 1823 (87).
831 1755 908 1808 Ex
950 1753 1153 1825 quibus
1200 1770 1375 1807 unum
1423 1754 1513 1809 hic
1552 1753 1911 1824 videturBin
1934 1757 2226 1811 Britannia
2250 1758 2451 1811 fratres
2472 1756 2793 1827 quaerimus,
2845 1773 2983 1827 quos
3027 1756 3452 1825 ignorabamus,

190 1845 657 1900 commentandum
717 1844 866 1914 quod
918 1844 1123 1897 diversi
1176 1860 1313 1897 usus
1367 1842 1757 1907 Ecclesiarum,
1844 1849 2004 1917 cujus
2037 1863 2268 1901 munere
2296 1863 2435 1917 quos
2456 1846 2769 1899 nescientes
2797 1845 3203 1916 quaerebamus,
3232 1846 3451 1901 inveni-

190 1952 523 2006 nequaquam
552 1934 757 1988 faciant
784 1935 931 2004 apud
976 1950 1147 1987 sanas
1181 1939 1398 1987 mentes
1437 1932 1762 1989 divortium.
1846 1954 1989 1990 mus.
2018 1936 2155 1999 Quis
2186 1943 2375 1989 autem
2409 1952 2640 1989 narrare
2664 1934 2923 1999 sufﬁciat,
2958 1940 3170 2005 quanta
3194 1935 3284 1988 hic
3312 1935 3467 2001 laetis

190 2025 320 2078 salva
350 2024 516 2078 modo
546 2024 675 2089 ﬁde,
690 2031 745 2077 et
769 2023 1152 2077 observatione
1184 2022 1478 2085 catholica,
1502 2022 1599 2075 sed
1618 2022 1765 2074 sicut
1846 2026 1923 2079 tia
1952 2025 2009 2078 in
2038 2024 2288 2077 omnium
2311 2024 2475 2078 corde
2503 2024 2748 2077 ﬁdelium
2802 2023 2973 2077 fuerit
3017 2024 3242 2077 exorta?
3286 2023 3449 2087 Quod

189 2115 335 2168 unius
360 2113 610 2185 corporis
635 2113 855 2166 diversa
883 2120 1012 2166 sunt
1054 2111 1309 2165 membra
1348 2117 1404 2165 et
1441 2111 1645 2178 ofﬁcia,
1685 2110 1764 2163 sic
1842 2132 1981 2184 gens
2011 2115 2320 2185 Anglorum
2339 2120 2606 2184 operante
2632 2113 3035 2183 omnipotentis
3061 2113 3161 2167 Dei
3178 2113 3455 2182 gratia,et

190 2204 363 2273 regina
388 2203 577 2273 sponsi
600 2203 824 2256 Domini
854 2201 1125 2255 varietate
1163 2200 1603 2259 circumamicta.
1643 2207 1760 2253 tam
1844 2210 1944 2258 tua
1966 2204 2320 2257 fraternitate
2351 2202 2660 2265 laborante,
2694 2202 2938 2272 expulsis
2987 2218 3240 2255 errorum
3290 2206 3449 2256 tene-

190 2293 684 2363 multimodaquam
712 2291 1019 2345 multifaria
1046 2290 1359 2360 triumphat
1380 2290 1763 2359 ingloria.Sic
1844 2292 1978 2358 bris,
2028 2299 2232 2347 sancta:
2272 2292 2401 2345 ﬁdei
2444 2292 2567 2346 luce
2623 2290 2849 2362 perfusa
2895 2295 2999 2357 est,
3052 2291 3199 2361 quod
3257 2297 3447 2346 mente

189 2389 236 2435 et
262 2399 365 2436 una
409 2398 616 2436 εοιόῐιεὶ
663 2380 1108 2435 ῐηυιίίουιονίῦυε
1156 2379 1367 2433 ῐθκίῑυν
1408 2378 1657 2439 ﬂoribus»
1706 2384 1762 2431 et
1842 2391 2205 2461 integerrima
2230 2393 2348 2461 jam
2379 2390 2555 2445 calcat
2588 2390 2757 2455 idola,
2792 2388 2993 2460 quibus
3040 2390 3197 2461 prius
3243 2406 3447 2445 vesano

190 2471 567 2561 “ngumgm‘rlfme
597 2487 831 2561 θυτέῗυηὶ
856 2469 1019 2561 ‘fariis
1055 2484 1412 2561 g¢"_'_‘nm_'“'_n
1436 2467 1761 2561 illusum“
1845 2491 2046 2545 timore
2062 2489 2409 2560 subjacebat,
2424 2489 2573 2561 quod
2594 2488 2964 2560 omnipotenti
2980 2488 3095 2542 Deo
3114 2505 3257 2559 puro
3277 2489 3445 2544 corde

186 2558 573 2627 splendoribus,
597 2565 653 2612 et
680 2558 913 2613 diversis
932 2574 1125 2611 vocum
1143 2555 1558 2610 discriminibus
1584 2572 1759 2609 unum
1842 2555 2257 2643 substerniu'lr?
2292 2608 2316 2640 ν
2373 2555 2585 2640 De'inde
2634 2555 2767 2657 Post‘
2805 2602 2982 2655 pauca
3035 2555 3395 2657 prgsequimr
3424 2606 3441 2641 _.

186 2656 494 2704 concentum
528 2650 836 2704 redd‘mus'
1846 2706 1872 2740 (ι
1906 2687 2049 2752 Scio,
2083 2688 2259 2739 frater
2296 2686 2642 2747 charissime,
2687 2684 2835 2754 quod
2875 2684 3229 2754 omnipotens
3270 2686 3436 2751 Deus,

244 2785 436 2839 Scribit
463 2786 635 2839 etiam
667 2784 983 2856 Augustino
1014 2783 1082 2836 de
1113 2799 1216 2836 sua
1244 2781 1477 2847 ditione,
1512 2780 1590 2835 sic
1618 2779 1757 2834 inci-
1839 2802 1941 2855 per
1969 2784 2322 2838 dilectionem
2362 2789 2541 2849 tuam,
2574 2783 2632 2837 in
2666 2788 2834 2853 gente
2868 2797 3038 2852 quam
3068 2781 3212 2852 elegi
3242 2783 3435 2847 voluit,

184 2873 322 2942 piens
352 2876 440 2941 (D.
468 2876 720 2930 GRBGOR.
756 2877 979 2944 cpistola
1008 2874 1083 2927 ad
1122 2874 1178 2926 ll.
1215 2871 1617 2939 Augustinum,
1656 2869 1753 2924 lib.
1838 2900 2045 2955 magna
2072 2882 2345 2936 miracula
2395 2879 2658 2935 ostendit,
2715 2898 2741 2931 n
2793 2879 2923 2933 Haec
2968 2878 3179 2946 dicens,
3232 2879 3440 2936 incutit

181 2968 432 3033 mne-pisi.
474 2963 556 3034 15)
594 2982 607 3017 :
654 3045 658 3048 ἠ

1894 2984 1939 3038 ei
1978 2982 2243 3053 signifero
2297 2979 2589 3050 gaudium,
2642 2984 2698 3032 et
2764 2977 3045 3043 timorem,
3091 2982 3156 3031 ut
3193 2977 3439 3048 gaudeat

245 3119 264 3150 ι
295 3099 756 3159 Reverentissimo
786 3106 839 3153 et
861 3096 1215 3152 sanctissimo
1236 3095 1395 3150 fratri
1416 3082 1790 3159 AUGUSTINO,(

1892 3082 2044 3151 nglos
2074 3097 2175 3151 per
2202 3079 2474 3133 miracula
2503 3076 2573 3131 ad
2600 3076 2886 3131 Christum
2916 3075 3182 3140 converti,
3237 3075 3437 3132 timeat

179 3187 499 3255 GREGORIUS,
533 3206 727 3243 servus
777 3204 1065 3242 servorum
1096 3186 1212 3240 Dei.
1255 3187 1394 3240 Cum
1435 3190 1649 3238 certum
1680 3183 1752 3236 sit
1833 3197 1964 3234 vero
1995 3196 2066 3233 ne
2093 3180 2343 3232 humana
2372 3175 2725 3229 imbecillitas
2784 3174 2841 3228 in
2892 3173 3133 3229 aliorum
3184 3174 3437 3245 profectu

178 3294 265 3347 pro
290 3280 670 3349 omnipotente
699 3274 1539 3332 Deolaborantibusinell‘abilia
1558 3273 1751 3327 zeterni
1833 3277 2068 3347 incipiat
2096 3275 2227 3329 labi.
2262 3272 2529 3344 Proponit
2584 3271 2663 3325 illi
2710 3287 2994 3325 summum
3039 3270 3283 3324 amicum
3330 3272 3434 3326 Dei

178 3369 318 3437 regni
343 3369 575 3439 praemia
604 3367 897 3433 reservari,
941 3366 1101 3420 nobis
1147 3371 1336 3419 tamen
1393 3366 1473 3417 eis
1526 3380 1752 3417 necesse
1834 3367 2063 3435 Moysen
2094 3365 2151 3418 in
2179 3363 2517 3434 exemplum.
2548 3360 2651 3414 Hic
2680 3376 2780 3431 per
2807 3365 2966 3413 tanta
2994 3358 3155 3428 signa
3192 3360 3434 3431 Egypto

176 3464 250 3511 est
271 3458 543 3512 honorum
571 3457 843 3511 beneﬁcia
878 3455 1144 3521 tribuere,
1187 3459 1251 3508 ut
1278 3455 1333 3507 in
1364 3452 1750 3524 spiritualibus
1833 3472 2097 3526 percussa
2126 3459 2319 3524 aperto
2348 3452 2493 3505 mari
2515 3449 2708 3504 eduxit
2735 3449 3003 3520 populum
3049 3447 3243 3515 Israel,
3273 3448 3433 3503 siccis

176 3549 341 3617 aperis
367 3548 555 3601 studio
584 3564 651 3600 ex
692 3545 1146 3601 remuneratione
1192 3544 1343 3597 velut
1388 3542 1750 3613 multiplicius
1836 3545 2247 3614 vestigiis,duce
2264 3542 2399 3597 lucis
2420 3540 2701 3594 columna.
2729 3558 2757 3588 ι(
2778 3540 3047 3609 Jejunans
3059 3538 3433 3609 quadraginta

174 3636 440 3692 insudare.
477 3638 547 3691 Et
575 3638 705 3708 quia
732 3654 877 3690 nova
904 3636 1214 3705 Anglorum
1248 3634 1508 3697 Ecclesia,
1542 3633 1608 3686 ad
1629 3650 1750 3686 om-
1831 3635 2028 3689 diebus
2057 3642 2113 3690 et
2141 3633 2418 3695 noctibus,
2450 3629 2673 3683 tabulas
2710 3622 2852 3698 legis
2876 3628 3106 3699 accepit.
3150 3628 3299 3681 inter
3336 3643 3430 3681 co-

174 3726 460 3796 nipotentis
490 3727 591 3780 Dei
621 3727 882 3796 gratiam,
917 3726 1110 3779 eodem
1129 3724 1369 3779 Domino
1393 3723 1751 3792 largiente,et
1832 3742 2023 3779 ruscos
2050 3725 2297 3779 tonitrus
2326 3720 2755 3793 pertimescente
2780 3718 3005 3789 populo,
3056 3717 3209 3771 solus
3257 3716 3430 3772 etiam

173 3821 220 3867 te
245 3814 526 3870 laborante
551 3816 819 3886 perducta
850 3819 953 3877 est,
985 3830 1151 3868 usum
1181 3812 1282 3865 tibi
1314 3811 1465 3882 pallii
1494 3811 1552 3864 in
1581 3826 1648 3863 ea
1675 3810 1745 3863 ad
1827 3814 2090 3868 familiari
2124 3812 2489 3868 collocutione
2541 3809 2641 3863 Dei
2682 3808 2832 3879 pasci
2874 3807 3098 3862 meruit.
3158 3808 3235 3861 De
3290 3806 3431 3861 coelo

170 3905 276 3958 sola
302 3906 596 3959 missarum
635 3904 906 3958 solemnia
930 3903 1148 3972 agenda
1177 3902 1555 3966 concedimus,
1580 3900 1660 3953 ita
1685 3906 1748 3953 ut
1829 3920 2057 3964 manna,
2089 3903 2225 3955 item
2256 3917 2451 3955 carnes
2466 3899 2533 3953 ad
2558 3898 2875 3953 satietatem
2895 3896 3127 3950 nimiam
3146 3896 3429 3949 ministra-

171 4009 260 4061 per
278 3994 392 4048 loca
406 3995 629 4064 singula
645 3993 934 4048 duodecim
958 3993 1243 4063 episcopos
1266 3990 1488 4045 ordines
1519 3990 1613 4061 qui
1639 3997 1747 4045 tua:
1830 3993 1925 4046 vit.
1953 3993 2037 4045 Ad
2054 3992 2271 4060 jussum
2300 3988 2543 4054 Domini,
2572 3988 2704 4041 licet
2725 3986 3006 4051 difﬁdens,
3030 3986 3187 4055 larga
3216 3986 3430 4039 ﬂuenta

168 4081 477 4151 subjaceant
504 4083 722 4136 ditioni.
745 4084 868 4136 Tua
894 4098 1023 4135 vero
1050 4080 1375 4134 fraternitas
1413 4096 1524 4133 non
1564 4080 1747 4133 solum
1830 4083 1899 4137 de
1928 4087 2088 4152 petra
2109 4079 2317 4134 eduxit.
2352 4078 2488 4132 Inde
2527 4091 2627 4146 per
2666 4074 2900 4143 triginta
2946 4079 3070 4127 octo
3113 4089 3291 4126 annos
3348 4072 3428 4125 si-

166 4186 253 4224 eos
281 4174 563 4243 episcopos
593 4189 733 4243 quos
768 4171 1127 4231 ordinaverit,
1160 4185 1343 4239 neque
1372 4169 1474 4223 hos
1502 4176 1749 4223 tantum«
1828 4171 1956 4241 gnis
1987 4169 2195 4224 elTulsit
2220 4167 2552 4221 innumeris.
2581 4166 2644 4218 In
2674 4163 2828 4217 omni
2861 4160 3212 4215 dubitatione
3239 4160 3428 4214 Domi-

166 4260 323 4314 modo
368 4261 458 4332 qui
507 4278 607 4332 per
644 4260 908 4315 Eboracae
968 4260 1147 4329 (vulgo
1213 4260 1371 4330 York)
1423 4258 1742 4329 episcopum
1829 4275 1962 4312 num
1995 4257 2312 4321 consulens,
2337 4255 2452 4309 Deo
2482 4255 2765 4323 loquente,
2799 4248 3119 4303 docebatur.
3150 4247 3235 4302 Illi
3282 4246 3429 4300 resi-

162 4350 636 4410 luerintordinati,
658 4350 755 4404 sed
773 4350 1152 4403 etiamomnes
1175 4347 1477 4402 Britannia:
1499 4348 1753 4401 sacerdo-
1834 4352 2046 4401 stentes
2099 4351 2262 4399 terra;
2320 4343 2507 4397 hiatus
2563 4339 2870 4405 absorbuit,
2931 4337 3179 4391 victoriis
3236 4336 3428 4390 hostes

161 4444 236 4491 tes
268 4439 483 4499 habeat,
536 4441 654 4494 Deo
701 4444 759 4493 et
806 4439 1045 4492 Domino
1097 4444 1288 4491 nostro
1331 4438 1463 4490 Jesu
1520 4437 1808 4503 CliristoD
1828 4434 2124 4507 oppressit.
2156 4434 2314 4487 Hunc
2332 4449 2465 4502 ergo
2495 4436 2783 4485 tantarum
2805 4427 3119 4499 gratiarum
3143 4431 3432 4481 exsecutu-

160 4535 394 4591 auctore,
439 4528 740 4599 subjectos,
774 4534 1050 4598 quatenus
1081 4543 1145 4579 ex
1176 4526 1371 4596 lingua
1410 4533 1467 4579 et
1498 4526 1607 4579 vita
1639 4533 1747 4580 tua":
1830 4544 1969 4591 rem,
2000 4542 2115 4579 una
2134 4522 2457 4577 difﬁdentiae
2484 4520 2665 4591 culpa,
2698 4535 2810 4589 qua
2838 4516 2909 4571 ad
2937 4533 3112 4587 aquas
3141 4514 3428 4570 contradi-

160 4619 484 4679 sanctitatis,
519 4625 577 4671 et
606 4624 755 4671 recte
785 4616 1068 4677 credendi,
1104 4621 1159 4669 et
1187 4615 1326 4669 bene
1371 4616 1588 4669 vivendi
1632 4615 1747 4668 for-
1828 4614 2028 4669 ctionis
2054 4619 2183 4667 ante.
2214 4610 2565 4682 praescriptos
2616 4607 2854 4678 triginta
2890 4610 3012 4659 octo
3059 4621 3237 4660 annos
3283 4605 3430 4659 deli-

161 4721 297 4759 mam
318 4708 644 4778 percipiant.
672 4707 812 4760 Data
835 4706 924 4759 die
944 4704 1747 4759 decimoKalendarumJulia-
1829 4710 2046 4776 querat,
2084 4710 2137 4757 et
2178 4703 2234 4755 in
2292 4704 2450 4755 tanto
2493 4705 2745 4769 tempore
2792 4696 2941 4749 inter
2981 4699 3141 4748 tanta
3197 4701 3428 4765 tamque

159 4811 295 4859 rum,
331 4813 478 4850 anno
531 4812 680 4849 nono
724 4796 939 4849 decimo
974 4794 1196 4865 imperii
1244 4792 1453 4847 Tiberii
1494 4793 1745 4847 Mauricii
1827 4794 2077 4849 beneﬁca
2105 4797 2162 4846 et
2191 4791 2371 4845 amica
2402 4787 2617 4842 Domini
2646 4785 2942 4856 colloquia,
2983 4783 3429 4853 recognitionem

158 4886 392 4955 augusti.
426 4904 454 4938 ι
1830 4884 2150 4953 neglexerat
2167 4882 2323 4950 justa
2359 4877 2462 4932 Dei
2492 4875 2790 4940 sententia,
2814 4873 3039 4928 tandem
3072 4889 3107 4925 a
3133 4877 3285 4927 terra.
3327 4872 3427 4926 illa

221 4976 465 5045 Longius
494 4974 777 5044 digressos
798 4973 1186 5044 praedictorum
1202 4989 1493 5027 sacrorum
1521 4973 1747 5042 gerulos
1832 4969 2280 5042 repromissionis
2312 4973 2492 5021 morte
2513 4963 2821 5037 praeripuit.
2855 4983 2881 5015 ι)
2917 4961 3144 5016 Talibus
3198 4960 3428 5015 monitis

157 5064 257 5117 alia
282 5065 542 5133 Gregorii
571 5063 933 5135 prosequitur
959 5062 1213 5133 epistola,
1247 5079 1355 5132 qua
1374 5078 1471 5132 per
1487 5061 1747 5115 abbatem
1830 5060 2061 5133 pervigil
2088 5058 2392 5128 Gregorius
2409 5056 2511 5111 Dei
2542 5054 2815 5109 famulum
2850 5093 2863 5118 ,
2891 5053 3010 5122 jam
3039 5050 3172 5104 olim
3198 5050 3255 5105 in
3273 5049 3431 5103 omni

158 5153 422 5208 Mellitum
461 5154 696 5208 mandat
728 5154 1066 5229 Augustino,
1096 5158 1160 5206 ut
1194 5174 1214 5202 ιι
1265 5152 1396 5205 fana
1442 5167 1564 5221 quae
1606 5151 1748 5205 bene
1830 5150 2127 5208 sanctitate
2155 5147 2451 5201 fundatum
2477 5184 2491 5209 ,
2522 5143 2689 5198 altius
2719 5141 2776 5195 in
2795 5141 2998 5195 timore
3022 5179 3035 5204 ,
3071 5144 3127 5192 et
3156 5138 3264 5229 fide
3293 5136 3429 5189 soli-

159 5250 474 5297 constructa
502 5243 617 5297 sint
644 5225 865 5297 tantum
899 5242 1060 5296 idolis
1092 5241 1391 5295 destructis
1409 5240 1467 5294 in
1488 5241 1748 5295 ecclesias
1832 5239 1965 5293 dare
1994 5237 2226 5291 curavit.
2263 5237 2440 5300 Quem
2460 5232 2690 5288 tandem
2716 5225 3426 5302 proﬁteturﬁzlelectum,

160 5340 211 5384 et
235 5334 448 5386 cultum
479 5332 594 5386 veri
626 5332 727 5385 Dei
774 5335 1193 5385 commutentur
1238 5336 1295 5384 et
1331 5336 1746 5392 consecrentur,
1833 5329 1927 5398 qui
1957 5327 2125 5381 etiam
2159 5326 2227 5379 de
2258 5326 2567 5379 multorum
2589 5319 2947 5375 conversione
2966 5313 3233 5385 gaudium
3247 5312 3430 5365 facere

159 5428 431 5490 quatenus
451 5438 591 5491 gens
619 5422 741 5492 ipsa
772 5421 829 5473 in
857 5420 1068 5475 eisdem
1115 5420 1259 5473 fanis
1298 5419 1415 5473 suis
1464 5420 1749 5473 Christum
1831 5422 2068 5471 conatur
2096 5415 2152 5469 in
2168 5416 2322 5469 cmlo.
2359 5414 2428 5467 Et
2447 5413 2503 5466 in
2521 5412 2622 5465 hoc
2640 5410 2831 5478 itaque
2853 5404 2998 5467 coeli,
3022 5407 3079 5492 et
3099 5400 3430 5492 angelorum

159 5488 480 5564 Dominum‘
498 5488 762 5573 adorans,
804 5510 874 5563 ad
920 5511 1041 5564 loca
1101 5514 1367 5563 consueta
1415 5508 1748 5562 familiarius
1830 5506 2037 5577 gaudio
2064 5505 2380 5576 praemissas
2411 5517 2570 5555 voces
2600 5496 2821 5569 repetit,
2843 5491 3137 5564 epistolam
3160 5488 3429 5546 ﬁniendo.

228 5616 335 5684 {Si}
380 5618 609 5672 Exstant
638 5618 785 5693 apud
815 5618 882 5671 V.
910 5617 1118 5671 Bedam
1150 5616 1243 5674 lib.
1278 5633 1314 5678 ι,
1343 5632 1390 5668 c.
1426 5615 1512 5681 1'8,
1539 5622 1592 5671 et
1622 5615 1718 5668 lib.
1753 5629 1851 5679 xu,
1885 5631 1973 5684 ep.
2010 5613 2098 5675 3|,
2131 5613 2197 5667 D.
2227 5609 2399 5679 Greg.
