3912 6166
447 312 554 383 755

1376 323 1473 409 AD
1512 320 1752 379 OPERA
1789 324 1853 380 B.
1894 320 2313 380 LANFRANCI
2352 316 2739 380 APPENDIX.

3558 319 3646 379 756

450 446 641 510 Gloria
671 456 732 511 in
756 453 973 508 excelsis
1004 452 1144 517 Deo,
1191 454 1239 507 et
1282 452 1345 505 in
1383 454 1537 510 terra
1572 466 1685 520 pax
1729 449 2201 511 hominibusAad
2231 449 2608 505 Christianam
2648 449 2817 503 ﬁdem
2844 448 3011 503 corde
3038 442 3402 504 Romanorum
3428 447 3662 511 accendit,

450 542 599 605 bona:
624 543 942 596 voluntatis.

522 624 730 701 Regem
750 630 1118 686 nihilominus
1130 630 1512 685 Ethelbertum
1531 626 1646 703 [seu
1670 629 2048 701 Aldibertum]

450 724 579 790 post
607 718 901 777 laudisona
939 719 1120 785 initia,
1152 719 1231 773 sic
1257 718 1519 774 hortatur
1574 718 1882 773 blandiﬁua
1938 720 2052 790 epi-

450 801 593 857 stola
616 802 698 869 (D.
725 800 895 865 Gneo.
924 807 1078 873 epist.
1112 807 1535 858 commonitoria
1563 806 1636 858 ad
1658 822 1832 872 regem
1864 805 2049 859 Ethel-

455 893 689 957 bertum,
717 892 808 958 60,
840 883 877 948 l.
901 893 998 963 Ix).
1028 893 1162 947 Eam
1220 892 1422 964 inquit,
1452 894 1693 964 gloriose
1747 894 1843 951 ﬁli.
1880 910 2049 965 quam

453 978 719 1052 accepisti
748 980 1015 1036 divinitus
1037 983 1301 1052 gratiam.
1336 983 1577 1037 sollicita
1606 989 1792 1037 mente
1809 982 2048 1037 custodi.

352 1080 359 1089 ’
455 1071 835 1127 Christianam
858 1070 1022 1133 fidem
1042 1069 1099 1124 in
1124 1073 1342 1143 pOpulis
1368 1072 1467 1126 tibi
1490 1072 1728 1126 subditis
1749 1073 2050 1126 extendere

456 1160 681 1225 festina,
713 1160 892 1214 zelum
934 1160 1281 1214 rectitudinis
1312 1170 1422 1215 tua;
1467 1162 1525 1215 in
1582 1179 1773 1215 eorum
1824 1178 2050 1215 conver-

457 1248 616 1303 sione
645 1248 976 1320 multiplica,
1018 1248 1293 1311 idolorum
1328 1251 1511 1304 cultus
1539 1251 1856 1321 insequere,
1903 1252 2056 1305 fano-

458 1355 588 1393 rum
618 1337 851 1393 mdiﬁcia
880 1346 1084 1401 everte,
1120 1339 1471 1393 subditorum
1504 1358 1686 1393 mores
1738 1340 1796 1393 in
1851 1357 2055 1410 magna

457 1427 584 1482 vitae
616 1426 895 1488 munditia
921 1429 1265 1482 exhortando
1317 1430 1600 1493 terrendo,
1627 1429 1977 1499 corrigendo.
2002 1434 2059 1483 et

460 1515 593 1571 boni
623 1514 807 1588 operis
837 1518 1089 1589 exempla
1118 1518 1503 1579 monstrando.
1536 1518 1748 1571 aediﬁca
1787 1525 1850 1572 ut
1896 1518 2054 1572 illum

462 1603 857 1658 retributorem
881 1605 1131 1659 invenias
1158 1606 1214 1659 in
1244 1606 1403 1663 coelo.
1436 1608 1597 1676 cujus
1648 1624 1851 1660 nomen
1888 1613 2057 1677 atque

462 1692 837 1762 cognitionem
868 1690 1190 1747 dilataveris
1214 1694 1269 1747 in
1310 1700 1465 1747 terra
1519 1696 1643 1766 Ipse
1671 1696 1820 1748 enim
1861 1703 2058 1749 vestias

2132 540 2208 593 ita
2241 546 2296 593 et
2326 557 2425 610 per
2450 538 2643 609 gloriae
2658 545 2856 592 vestrze
2869 536 3138 598 studium,
3158 536 3214 590 in
3231 536 3515 606 Anglorum
3525 540 3663 607 gente

2134 631 2255 700 ejus
2284 627 2722 683 misericordiam
2754 626 3084 681 conﬁdimus
3105 626 3335 699 operari.
3363 626 3424 683 Et
3439 626 3666 696 quoniam

2132 716 2442 790 prudentia:
2471 717 2637 782 bono,
2671 717 2815 770 sicut
2842 731 3035 770 revera
3071 712 3409 779 Christianae,
3453 719 3504 767 et
3544 715 3666 768 recti

2132 809 2262 866 ﬁde.
2284 807 2466 879 gloria
2503 812 2687 859 vestra
2718 804 2951 868 munita,
2980 810 3036 857 et
3074 804 3270 858 litteris
3323 802 3476 859 docta
3503 808 3596 865 est,
3624 808 3669 856 et

2133 898 2249 953 Deo
2279 898 2497 951 volente
2527 902 2719 967 aptum
2737 911 2884 949 nunc
2905 899 3129 967 tempus
3141 898 3240 956 est,
3257 892 3399 962 agite
3419 897 3495 954 ut,
3515 890 3670 945 divina

2129 988 2315 1059 gratia
2368 990 2721 1057 cooperante,
2766 1000 2892 1037 cum
2948 987 3249 1054 augmento
3306 976 3513 1054 possitis
3550 981 3671 1052 quod

2138 1077 2451 1147 neglectum
2496 1080 2578 1128 est
2632 1090 2913 1145 reparare.
2964 1072 3161 1144 Itaque
3211 1077 3446 1124 mentem
3483 1068 3674 1140 gloriosi

2139 1167 2389 1236 conjugis
2446 1164 2612 1217 vestri
2672 1164 2726 1216 in
2781 1162 3137 1217 dilectionem
3195 1159 3509 1214 Christianae
3571 1158 3676 1213 ﬁdei

2137 1255 2528 1310 adhortatione
2557 1252 2783 1306 assidua
2812 1251 3088 1306 roborate.
3149 1250 3348 1304 Vestra
3389 1248 3463 1301 illi
3513 1248 3678 1301 sollici-

2135 1345 2272 1399 tudo
2298 1345 2354 1397 in
2383 1347 2748 1413 augmentum
2779 1341 2833 1393 in
2866 1340 2981 1395 Deo
3011 1340 3216 1393 amoris
3244 1336 3518 1406 infundat;
3542 1342 3678 1408 atque

2140 1435 2221 1488 ita
2240 1433 2459 1487 animos
2482 1433 2603 1502 ejus
2623 1430 2793 1483 etiam
2817 1446 2914 1501 pro
2941 1428 3205 1498 subjectae
3218 1426 3503 1497 sibigentis
3518 1425 3682 1497 plenis-

2138 1524 2283 1577 sima
2313 1521 2672 1575 conversione
2703 1518 3025 1578 succendat,
3058 1523 3122 1570 ut
3152 1523 3208 1571 et
3256 1532 3507 1585 magnum
3541 1512 3684 1567 omni-

2139 1611 2354 1684 potenti
2381 1611 2494 1664 Deo
2521 1610 2589 1662 de
2617 1608 2925 1661 devotionis
2958 1613 3155 1660 vestrae
3182 1605 3366 1659 studio
3396 1603 3682 1657 sacriﬁcium

2140 1701 2408 1762 offeratis,
2433 1705 2489 1752 et
2522 1715 2587 1751 ea
2613 1714 2735 1768 quae
2772 1697 2841 1749 de
2873 1696 3024 1749 vobis
3053 1702 3286 1749 narrata
3315 1699 3457 1754 sunt,
3489 1699 3540 1745 et
3571 1708 3685 1744 cres-

461 1776 653 1850 gloriai
683 1798 888 1835 nomen
915 1782 1085 1835 etiam
1114 1783 1351 1854 posteris
1365 1783 1666 1851 gloriosius
1696 1783 1879 1837 reddit
1902 1787 2059 1854 cujus
2080 1808 2122 1866 Β
2141 1797 2271 1843 cant
2315 1796 2371 1841 et
2400 1803 2530 1840 vera
2549 1804 2669 1841 esse
2690 1786 2869 1839 modis
2898 1783 3554 1855 omnibusapprobentur,
3581 1781 3687 1851 quia

462 1886 559 1923 vos
590 1870 860 1936 honorem
883 1871 1151 1941 quaeritis,
1172 1880 1227 1928 et
1252 1873 1550 1928 reservatis
1579 1873 1635 1926 in
1655 1873 1937 1944 gentibus.
1971 1874 2061 1927 Sic
2147 1879 2289 1932 bona
2317 1883 2518 1938 vestra,
2556 1892 2667 1928 non
2699 1875 2878 1928 solum
2900 1874 3018 1943 jam
3037 1873 3184 1945 apud
3210 1868 3688 1941 Romanos.piovita

465 1957 616 2013 enim
641 1954 1044 2016 Constantinus
1069 1963 1351 2033 quondam
1392 1964 1677 2034 piissimus
1730 1963 2055 2034 imperator.

466 2040 783 2103 Romanam
814 2051 1234 2121 rempublicam,
1267 2068 1297 2104 a
1327 2052 1599 2122 perversis
1620 2052 1897 2106 idolorum
1941 2051 2060 2105 cul-

468 2126 619 2190 tibus
647 2154 929 2203 revocans,
965 2140 1335 2211 omnipotenti
1394 2141 1528 2205 Deo,
1584 2142 1813 2195 Domino
1871 2149 2063 2195 nostro

464 2224 597 2280 Jesu
628 2222 869 2293 Christo,
897 2244 1085 2282 secum
1115 2226 1380 2295 subdidit,
1429 2246 1599 2300 seque
1629 2248 1755 2284 cum
1799 2230 2065 2296 subiectis

468 2314 710 2386 populis,
738 2318 859 2370 tota
878 2316 949 2370 ad
980 2334 1107 2371 eum
1136 2324 1321 2372 mente
1348 2319 1639 2372 convertit.
1670 2320 1826 2374 Unde
1857 2321 2066 2374 factum

472 2408 560 2458 est
584 2408 647 2458 ut
696 2405 1057 2475 antiquorum
1096 2406 1412 2478 principum
1440 2425 1646 2463 nomen
1694 2409 1812 2463 suis
1866 2410 1948 2462 vir
1975 2408 2068 2462 ille

471 2493 734 2547 laudibus
752 2494 1010 2552 vinceret.
1034 2500 1090 2550 et
1108 2502 1266 2550 tanto
1290 2497 1345 2550 in
1360 2497 1619 2568 opinione
1636 2499 2068 2569 praedecessores

472 2598 622 2649 suos,
659 2591 869 2653 quanto
885 2592 943 2639 et
970 2585 1027 2639 in
1058 2585 1203 2639 bono
1234 2602 1402 2657 opere
1430 2593 1742 2657 superaret.
1801 2588 1869 2641 Et
1922 2604 2070 2642 nunc

474 2672 668 2742 itaque
696 2679 880 2727 vestra
914 2674 1095 2743 gloria
1122 2676 1495 2745 cognitionem
1527 2658 1692 2731 unius
1721 2677 1823 2731 Dei
1865 2678 2070 2744 Patris,

476 2766 537 2814 et
594 2760 740 2828 Filii,
800 2768 857 2816 et
894 2762 1135 2832 Spiritus
1204 2765 1401 2829 sancti,
1461 2766 1685 2835 regibus
1737 2782 1802 2820 ac
1853 2767 2075 2838 populis

2141 1969 2344 2023 fortius
2373 1964 2794 2029 oraverunt,sed
2823 1964 2989 2017 etiam
3017 1980 3118 2036 per
3138 1963 3360 2017 diversa
3389 1961 3575 2020 loca.et
3623 1974 3692 2011 us-

2147 2075 2253 2129 que
2285 2050 2827 2126 Constantinopolim
2861 2054 2930 2107 ad
2958 2052 3380 2108 serenissimum
3421 2049 3687 2122 principem

2146 2150 2535 2217 pervenerunt.
2615 2143 2773 2197 Unde
2830 2142 3071 2214 petimus
3120 2147 3205 2207 ut,
3267 2140 3409 2195 sicut
3456 2137 3597 2192 nobis
3640 2135 3694 2189 de

2147 2232 2588 2289 Christianitatis
2618 2239 2813 2286 vestra:
2850 2231 3063 2286 solatiis
3109 2228 3308 2287 laetitia
3337 2230 3477 2282 facta
3499 2233 3590 2291 est,
3634 2230 3695 2277 ita

2152 2340 2374 2395 quoque
2406 2323 2475 2377 de
2508 2321 2755 2392 perfecta
2779 2321 3104 2391 operatione
3143 2326 3332 2372 vestra
3384 2315 3579 2387 angelis
3620 2314 3698 2367 ﬁat

2150 2413 2420 2483 gaudium
2453 2411 2511 2465 in
2573 2410 2743 2463 caelis.
2800 2410 2891 2463 Sic
2930 2427 3025 2463 vos
3070 2410 3128 2463 in
3177 2407 3511 2479 adjuton'um
3562 2417 3700 2473 supra

2152 2500 2342 2572 scripti
2383 2498 2817 2553 reverentissimi
2846 2498 3054 2563 fratris,
3096 2504 3155 2552 et
3184 2495 3487 2570 coepiscopi
3535 2491 3697 2554 nostri,

2154 2595 2211 2643 et
2245 2605 2532 2643 servorum
2572 2587 2672 2641 Dei
2698 2604 2835 2658 quos
2866 2587 2998 2641 illuc
3027 2586 3286 2640 misimus
3320 2587 3374 2639 in
3392 2581 3703 2638 conversione

2152 2679 2337 2749 gentis
2365 2683 2577 2736 vestrae.
2607 2677 2802 2730 devote
2829 2693 2894 2729 ac
2913 2676 3044 2729 totis
3073 2675 3284 2729 viribus
3305 2673 3566 2729 exhibete.
3587 2670 3647 2724 Ut
3661 2674 3706 2722 et

2158 2769 2247 2821 hic
2276 2767 2513 2821 feliciter
2536 2780 2665 2819 cum
2693 2765 2937 2834 glorioso
2966 2764 3079 2818 ﬁlio
3098 2771 3295 2819 nostro
3307 2764 3533 2832 conjuge
3559 2764 3707 2812 vestro

477 2848 705 2907 sibimet
732 2850 1015 2922 subjectis,
1038 2851 1264 2907 festinet
1291 2854 1606 2923 infundere,
1640 2862 1703 2909 ut
1732 2861 1788 2909 et
1816 2856 2078 2926 antiquos
2158 2857 2427 2927 regnetis,
2462 2861 2517 2909 et
2544 2862 2670 2925 post
2697 2854 2865 2924 longa
2912 2870 3190 2907 annorum
3226 2858 3490 2923 tempora,
3543 2848 3710 2902 futura

477 2942 666 3025 gentis
694 2960 809 3007 sua;
835 2960 996 3021 reges
1019 2942 1279 2999 laudibus
1329 2961 1393 2998 ac
1444 2945 1663 3001 meritis
1718 2951 1992 3013 transeat,
2023 2949 2079 3001 et
2161 2963 2382 3018 quoque
2410 2944 2618 3015 gaudia
2647 2945 2790 3005 vitie,
2818 2960 2941 3013 quae
2994 2942 3164 2995 ﬁnem
3218 2942 3423 2996 habere
3472 2938 3708 2998 nesciunt,

483 3038 693 3105 quanto
719 3032 778 3087 in
815 3032 1044 3104 sujectis
1097 3031 1213 3095 suis
1261 3031 1443 3095 aliena
1482 3041 1711 3106 peccata
1757 3034 2075 3101 deterserit,
2160 3052 2285 3090 cum
2338 3035 2523 3088 fructu
2579 3038 2800 3087 aeternae
2857 3031 3130 3095 mercedis
3168 3030 3423 3102 capiatis.
3476 3028 3606 3082 Data
3642 3025 3713 3077 die

481 3128 641 3189 tanto
670 3123 839 3177 etiam
869 3126 938 3180 de
958 3124 1198 3199 peccatis
1251 3124 1492 3196 propriis
1522 3130 1652 3178 ante
1681 3123 2081 3196 omnipotentis
2100 3126 2144 3187 C
2162 3125 2376 3179 decimo
2398 3121 2779 3177 Kalendarum
2816 3121 3112 3188 Juliarum,
3144 3120 3458 3192 imperante
3487 3114 3716 3172 Mauricio

485 3215 586 3273 Dei
613 3210 867 3269 terribile
887 3233 1122 3269 examen
1144 3214 1395 3273 securior
1417 3215 1534 3269 ﬁat.
1560 3214 2079 3268 Reverendissimus
2158 3213 2425 3286 Tyberio,
2456 3226 2603 3265 anno
2623 3226 2771 3264 nono
2800 3210 3036 3264 decimo.
3075 3230 3100 3261 »

485 3310 676 3369 autem
706 3301 879 3367 frater
895 3305 1441 3374 nosterAugustinus
1466 3305 1524 3357 in
1549 3303 2083 3372 monasteriiregula

488 3393 739 3458 edoctus,
772 3409 941 3451 sacra:
970 3391 1273 3467 Scriptura:
1314 3393 1549 3447 scientia
1603 3393 1869 3464 repletus,
1923 3391 2083 3445 bonis

490 3486 722 3537 auctore
751 3472 866 3535 Deo
898 3478 1159 3557 Operibus
1189 3482 1478 3552 praeditus,
1511 3498 1744 3554 quaeque
1775 3498 1868 3535 vos
1899 3480 2087 3534 admo-

491 3574 608 3632 net,
640 3569 883 3625 libenter
914 3571 1124 3637 audite,
1155 3571 1350 3624 devote
1410 3571 1680 3653 peragite,
1729 3570 1977 3624 studiose
2028 3569 2087 3622 in

492 3658 825 3717 memoriam
859 3667 1157 3715 reservate.
1202 3659 1333 3731 quia
1387 3659 1433 3713 si
1484 3677 1579 3713 vos
1626 3676 1755 3713 eum
1803 3658 1949 3729 quod
1988 3675 2088 3728 pro

2233 3338 2314 3392 De
2346 3337 2429 3391 his
2450 3336 2620 3390 etiam
2641 3352 2772 3406 quae
2811 3336 3152 3390 Francorum
3208 3333 3479 3407 episcopis
3535 3328 3722 3399 scripsit

2166 3428 2315 3482 idem
2372 3441 2517 3497 papa
2571 3425 2876 3479 melliﬁuus
2936 3424 3055 3478 haec
3118 3440 3303 3495 pauca
3365 3420 3719 3492 excerpsimus.

2174 3538 2196 3569 ι
2252 3516 2407 3571 Sicut
2450 3514 2616 3586 ignis,
2645 3532 2783 3569 aura
2824 3515 3015 3578 ﬂante,
3040 3516 3105 3568 ﬁt
3135 3514 3427 3585 grandior,
3477 3512 3552 3567 ita
3596 3508 3723 3561 bona;

2169 3608 2376 3661 mentis
2438 3605 2627 3659 studia
2689 3603 3178 3659 commendatione
3246 3603 3555 3675 proﬁciunt.
3608 3595 3723 3660 Quia

2170 3697 2365 3767 igitur.
2386 3694 2775 3765 Redemptoris
2801 3692 2980 3748 nostri
3007 3692 3200 3763 gratia
3227 3696 3571 3763 cooperante,
3599 3691 3727 3740 tanta

495 3744 882 3817 omnipotente
907 3749 1023 3801 Deo
1045 3748 1295 3819 loquitur
1315 3744 1539 3813 auditis,
1563 3748 1711 3802 idem
1737 3748 2091 3818 omnipotens

495 3832 647 3893 Deus
679 3838 829 3894 hunc
873 3854 974 3915 pro
1023 3836 1177 3890 vobis
1206 3846 1527 3897 exorantem
1573 3838 1808 3892 celerius
1848 3836 2091 3892 exaudit.

495 3927 678 3983 Parva
708 3932 897 3992 autem
928 3927 1089 3981 xenia
1116 3927 1427 3989 transmisi.
1452 3944 1574 3998 quae
1603 3923 1757 3980 vobis
1781 3942 1950 3996 parva
1979 3941 2091 3978 non

498 4020 687 4077 erunt,
719 4032 847 4069 cum
877 4032 911 4070 a
939 4014 1091 4069 vobis
1118 4032 1181 4069 ex
1228 4016 1376 4069 beati
1408 4012 1559 4069 Petri
1606 4014 1843 4091 apostoli
1887 4013 2099 4067 fuerint

498 4096 888 4165 benedictione
918 4107 1195 4174 suscepta.
1226 4103 1595 4173 Omnipotens
1617 4104 1807 4173 itaque
1842 4105 2003 4169 Deus,
2037 4097 2096 4157 in

497 4188 657 4249 vobis
707 4193 953 4267 gratiam
1010 4209 1169 4249 suam
1201 4209 1367 4264 quam
1400 4193 1586 4263 coepit,
1622 4193 1893 4263 perﬁciat,
1927 4199 2097 4263 atque

498 4283 672 4341 vitam
705 4290 947 4337 vestram
974 4288 1031 4337 et
1054 4283 1144 4342 hic
1174 4300 1274 4357 per
1295 4283 1601 4336 multorum
1632 4298 1905 4335 annorum
1926 4282 2101 4335 curri-

501 4373 629 4427 cula
659 4364 941 4439 extendat.
970 4378 1027 4426 et
1054 4377 1181 4444 post
1236 4371 1401 4442 longa
1452 4377 1709 4442 tempora
1753 4370 1812 4424 in
1857 4371 2099 4425 caelestis

501 4477 599 4516 vos
628 4462 825 4537 patriae
853 4459 1286 4532 congregatione
1316 4461 1603 4530 suscipiat.
1639 4479 1664 4511 »

568 4548 839 4613 Gloriosa:
870 4565 1092 4620 quoque
1121 4548 1331 4618 regina:
1357 4549 1576 4604 Berthee
1608 4550 1731 4620 [al.,
1763 4549 2102 4620 Aldihregae]

505 4628 702 4693 scribit
733 4636 862 4709 (88).
894 4626 1053 4691 Unde
1078 4637 1195 4695 haec
1224 4638 1605 4708 excerpsimus
1631 4656 1641 4691 :
1683 4656 1704 4688 ι
1740 4638 2097 4703 Remeantes,

509 4724 914 4783 dilectissimus
944 4725 1093 4779 ﬁlius
1123 4732 1316 4780 noster
1347 4718 1682 4781 Laurentius
1703 4726 2013 4799 presbyter,
2048 4733 2105 4781 et

507 4806 708 4875 Petrus
759 4815 1084 4879 monachus,
1154 4814 1336 4891 qualis
1390 4832 1524 4886 erga
1592 4816 2103 4870 reverentissimum
2188 4806 2437 4891 ‘rrwi
2460 4806 2671 4831 "1"“
2695 4806 2964 4891 "ﬂvit"-
3000 4806 3025 4810 ﬂ
3311 4885 3326 4891 _
3396 4885 3408 4891 _
3492 4883 3502 4891 _
3657 4877 3667 4889 '

507 4892 740 4958 fratrem
775 4909 832 4957 et
856 4880 1243 4974 coepiscopum
1256 4880 1509 4958 nostrum
1524 4904 1900 4974 Augustinum
1923 4904 2107 4975 gloria
2260 4887 2388 4942 Ηδὲο
2424 4886 2614 4956 itaque
2660 4884 2976 4955 δΡοδίοῘίοδέ
3029 4883 3534 4939 commendationis

505 4998 693 5051 vestra
720 4965 998 5048 exstiterit
1016 4965 1339 5064 quantaque
1367 4986 1448 5046 illi
1500 4965 1718 5057 solatia,
1751 4994 1836 5048 vel
1882 4965 2106 5064 qualem
2189 4977 2493 5033 Britannia?
2520 4991 2729 5046 regem»
2760 4981 2815 5029 et
2844 4975 3094 5045 reginam
3121 4990 3250 5029 cum
3283 4984 3506 5029 summo
3534 4965 3753 5025 3mith

509 5082 842 5147 charitatem
867 5080 1224 5154 impenderit,
1255 5082 1590 5143 retulerunt.
1639 5080 1708 5136 Et
1758 5083 2109 5154 omnipoten-
2189 5076 2310 5131 suos
2344 5078 2456 5120 ηοη
2482 5068 2663 5121 50mm
2691 5065 2879 5120 ἀίνίηο
2915 5064 3121 5135 gaudio
3154 5065 3535 5154 ΓθΡῙθνθΓυηῐς
3591 5069 3753 5154 “cf?”

508 5179 625 5228 tem
660 5173 831 5233 Deum
858 5161 1262 5228 benediximus.
1297 5172 1392 5244 qui
1442 5171 1861 5226 conversionem
1916 5172 2072 5241 genti

2191 5157 2361 5210 etiam
2391 5156 2462 5209 ad
2500 5155 2745 5209 cmlestia
2804 5168 2979 5225 regna
3028 5154 3353 5224 appetenda
3402 5144 3753 5206 vehementius

506 5260 819 5336 Anglorum
842 5262 1083 5317 mercedi
1134 5241 1329 5316 vestrae
1377 5261 1639 5330 dignatus
1695 5265 1781 5314 est
1830 5260 2104 5332 propitius
2186 5246 2566 5300 ascenderunt
2591 5244 2688 5319 [fu
2717 5241 3141 5315 MCBDdel‘unt}
3574 5306 3581 5309 _

507 5352 815 5411 reservare.
863 5353 1006 5408 Nam
1064 5352 1210 5406 sicut
1260 5368 1359 5427 per
1418 5349 1774 5404 recordandae
1820 5351 2104 5406 memoriae
2255 5352 2841 5423 IntereaAugustinus
2858 5350 2927 5404 ab
2949 5350 3459 5404 ecclesiasticoritu
3476 5347 3761 5415 discrepan-

507 5440 782 5498 Helenam
822 5447 1058 5497 matrem
1081 5440 1314 5512 piissimi
1343 5439 1696 5495 Constantini
1745 5439 2102 5511 imperatoris
2185 5448 2271 5498 tes
2322 5440 2611 5499 Britonum
2658 5442 2969 5513 pontiﬁces,
3002 5440 3149 5510 regis
3182 5438 3533 5493 adminiculo
3560 5435 3625 5489 ad
3653 5430 3766 5486 alia-

504 5548 689 5692 ($88)
728 5550 1094 5689 Adrctzgispagn
1126 5548 1395 5604 Bertham
1435 5548 1639 5603 litterae
1683 5548 1751 5604 D.
1798 5550 2077 5623 Gregorii,
2133 5552 2338 5627 quibus
2375 5550 2589 5622 gratias
2612 5547 2802 5615 habet,
2829 5563 3066 5619 eamque
3095 5545 3437 5600 adhortatur
3460 5544 3533 5599 ad
3558 5539 3763 5597 meliora

615 5660 628 5673 .
660 5635 721 5678 ιχ
750 5637 871 5690 epis
902 5661 914 5675 .
983 5630 1035 5674 υ.

488 5630 628 5690 -(ub.
660 5635 721 5678 ix
750 5630 914 5690 epist.
950 5630 1035 5674 δυ.

2176 3786 2246 3840 de
2275 3785 2584 3854 Anglorum
2624 3794 2795 3853 gente
2850 3782 2921 3837 ad
2960 3782 3300 3837 Christiana:
3355 3779 3479 3836 ﬁdei
3521 3774 3727 3849 gratiam

2177 3869 2480 3924 multitudo
2510 3869 2872 3933 convertitur,
2904 3874 2969 3922 ut
2986 3867 3475 3923 reverentissimus
3510 3865 3665 3917 frater
3688 3862 3731 3909 et

2177 3959 2534 4030 coepiscopus
2562 3966 2753 4011 noster
2780 3957 3263 4029 Augustinus,eos
3294 3956 3390 4028 qui
3417 3967 3594 4011 secum
3607 3952 3730 4005 sunt,

2178 4049 2247 4104 ad
2271 4048 2374 4102 hoc
2412 4064 2551 4117 opus
2576 4048 3015 4118 exsequendum,
3037 4052 3260 4101 asserat
3291 4062 3405 4101 non
3434 4056 3583 4115 posse
3606 4034 3733 4091 suiﬁ-

2179 4154 2325 4201 cere,
2365 4136 2681 4207 aliquantos
2714 4137 2781 4190 ad
2815 4153 2944 4190 eum
2975 4136 3282 4190 monachos
3316 4151 3441 4189 cum
3487 4122 3735 4186 dilectissi-

2181 4227 2307 4291 mis,
2341 4231 2396 4279 et
2424 4224 2816 4279 communibus
2843 4224 2995 4282 ﬁliis.
3018 4224 3327 4278 Laurentio
3358 4219 3676 4294 presbytero,
3694 4217 3738 4265 et

2181 4314 2391 4371 Mellito
2430 4312 2631 4368 abbate
2662 4313 3018 4383 praevidimus
3044 4311 3531 4367 transmittendos.
3552 4308 3616 4362 Et
3640 4304 3739 4358 ideo

2116 4443 2168 4502 Β
2183 4404 2512 4457 fraternitas
2537 4414 2720 4455 vestra
2745 4403 3097 4461 charitatem,
3120 4418 3295 4471 quam
3318 4394 3738 4462 decet,exhibeat.

2184 4494 2467 4549 Praeterea
2499 4506 2622 4562 quas
2648 4490 2766 4562 regi
2787 4492 3130 4546 Francorum
3160 4490 3437 4545 Lothario
3467 4488 3533 4541 de
3560 4488 3741 4540 sancto-

2184 4599 2311 4637 rum
2341 4580 2710 4652 susceptione,
2754 4579 3109 4635 Brunechildi
3137 4579 3209 4634 de
3270 4579 3521 4650 ipsorum
3571 4571 3743 4641 ubique

2184 4671 2323 4726 fusis
2349 4669 2650 4733 miraculis,
2676 4670 2946 4740 gratiﬁcis
2969 4668 3192 4739 scriptis
3216 4664 3641 4739 suggesserit.in
3652 4657 3746 4713 suis

2185 4760 2433 4833 epistolis
2460 4759 2672 4831 liquide
2691 4759 2964 4813 clarescit.
3000 4779 3028 4810 ιι
