3912 6166
230 254 345 314 757

1260 261 1433 321 VITA
1470 265 1529 322 S.
1568 260 1966 324 AUGUSTINI
2001 259 2220 324 ANGL.
2258 258 2509 328 APOS’I’.

3422 253 3532 324 156

226 401 365 439 rum
384 386 762 441 Ecclesiarum
773 388 1025 444 omnium
1039 406 1393 445 communem
1407 393 1838 459 observantiam,
1857 395 1910 454 Α
1930 396 2174 448 nasterio
2210 395 2427 449 Bancor
2447 397 2747 468 plusquam
2774 397 2884 451 duo
2905 395 3081 450 millia
3100 396 3524 451 monachorum.

228 475 442 529 humili
472 490 637 547 prece
665 483 725 531 et
744 478 1126 534 admonitione
1156 481 1373 534 invitat.
1406 482 1508 536 Cui
1546 481 1649 547 illi,
1699 483 1852 537 velut

228 562 293 616 in
338 564 478 627 acie,
521 576 635 619 non
671 566 856 620 solum
900 575 1235 639 repugnant,
1269 586 1460 623 verum
1501 571 1669 624 etiam
1717 587 1848 624 suos

230 665 376 707 usus
401 654 665 709 omnibus
686 656 1168 725 prteminentiores
1195 659 1374 712 sancti
1395 675 1553 730 papa:
1582 660 1848 713 Eleuthe-

230 740 307 796 rii
376 743 719 798 auctoritate
758 747 1147 816 pronuntiant.
1192 748 1439 801 Tandem
1498 747 1846 819 signipotens

234 829 594 901 Augustinus
620 838 783 903 parat
800 834 858 887 in
883 834 1070 905 aliquo
1100 835 1269 889 debili
1312 837 1565 890 curando
1594 837 1845 891 veritatis

231 926 658 989 argumentum.
696 922 997 977 Assistitur
1022 920 1150 989 Μ
1192 940 1389 990 caecus,
1420 926 1705 995 Anglicus,
1741 926 1842 980 Dei

232 1008 510 1063 nimirum
543 1016 684 1065 nutu
711 1011 952 1079 oblatus,
976 1028 1047 1067 ne
1092 1014 1346 1067 Britones
1379 1014 1481 1067 sibi
1514 1019 1845 1085 arrogat-ent

234 1097 484 1167 signum,
519 1100 568 1153 si
587 1100 714 1170 quis
733 1100 801 1154 de
822 1101 938 1155 suis
964 1108 1113 1156 esset
1140 1104 1407 1159 salvatus.
1435 1103 1682 1158 Oﬂ'ertur
1709 1120 1842 1173 ergo

236 1186 581 1241 adversariis
615 1204 822 1255 caecus;
873 1190 985 1243 illis
1035 1191 1431 1253 abnuentibus,
1472 1193 1839 1262 Augustinus,

237 1275 377 1328 ﬂexo
405 1292 579 1346 genu,
611 1277 736 1331 fusa
755 1294 938 1349 prece.
970 1279 1206 1349 signatis
1227 1280 1453 1335 orbibus
1474 1283 1630 1336 caacis
1659 1284 1846 1338 Domi-

239 1365 360 1417 nica
388 1381 579 1419 cruce.
612 1388 638 1414 «
673 1367 737 1420 In
777 1368 1026 1432 nomine,
1070 1369 1274 1440 inquit,
1334 1371 1557 1425 Domini
1612 1372 1692 1425 sic
1739 1373 1845 1426 iste

236 1470 415 1507 caecus
438 1454 809 1515 illuminetur,
843 1457 990 1511 sicut
1012 1464 1205 1511 nostra
1231 1460 1467 1513 assertio
1478 1461 1669 1514 sanior
1694 1478 1844 1515 com-

238 1542 528 1612 probatur.
564 1561 591 1595 ι
617 1544 720 1597 Cui
750 1545 1006 1615 protinus
1035 1547 1377 1616 respondens
1405 1548 1556 1602 claro
1584 1550 1842 1603 testimo-

1933 496 2072 552 quos
2094 499 2288 537 omnes
2316 485 2474 538 labor
2503 501 2772 539 manuum
2795 485 2999 542 alebat.
3026 483 3138 539 Hos
3168 486 3380 556 pariter
3398 501 3528 540 ora-

1930 570 2098 635 tione,
2127 578 2185 625 et
2220 571 2498 627 triduanis
2541 574 2772 643 jejuniis
2822 575 2877 628 in
2922 575 3139 628 hostem
3188 578 3526 644 pugnantes,

1929 659 2146 714 hostilis
2169 660 2391 730 gladius
2410 662 2492 716 vel
2514 663 2757 717 acriores
2786 663 3135 717 adversarios
3154 654 3428 716 exhausit.
3461 662 3531 717 Et

1928 762 1993 801 ex
2026 749 2111 802 his
2140 749 2293 803 mille
2321 749 2568 819 ducenti,
2615 752 2848 822 reliquis
2893 751 3221 822 proﬂigatis,
3274 751 3531 805 exstincti

1927 842 2077 891 sunt.
2113 837 2252 892 Caesi
2309 845 2500 893 autem
2559 840 2752 910 populi
2796 856 2909 894 non
2966 845 3051 894 est
3090 855 3378 894 numerus.
3440 838 3530 894 Sic

1925 927 2223 996 Augustini
2255 934 2688 999 contemptores,
2722 934 2903 983 vatem
2933 929 3147 1000 experti
3191 930 3327 983 sunt
3368 945 3528 983 vera-

1925 1030 2066 1075 cem,
2095 1030 2262 1084 quem
2292 1016 2600 1087 supplicem
2622 1016 2946 1086 ahjecerant
2973 1024 3026 1071 et
3050 1016 3348 1074 minacem.

1997 1102 2296 1158 Confessor
2326 1104 2520 1175 itaque
2535 1105 2758 1160 Domini
2778 1122 2810 1160 a
2826 1121 2997 1177 supra
3010 1108 3334 1161 memoratis
3354 1105 3531 1161 rebel-

1927 1191 2073 1245 libus
2094 1193 2351 1249 tendens.
2384 1211 2509 1248 cum
2541 1199 2734 1249 sancto
2756 1195 2927 1249 choro
2957 1195 3257 1263 sociorum,
3290 1196 3360 1250 ad
3378 1196 3525 1251 Ebo-

1926 1296 2112 1334 racum
2145 1280 2449 1347 civitatein,
2476 1283 2628 1337 videt
2668 1284 2954 1338 hominem
2990 1300 3152 1339 secus
3186 1285 3330 1339 viam
3365 1292 3531 1341 accu-’-

1926 1369 2153 1424 bantem
2180 1372 2720 1442 paralysi,caecitate,
2742 1379 2911 1444 atque
2925 1379 3189 1443 aegestate
3207 1373 3534 1429 tcrmisera;

1925 1457 2296 1516 bilem.Audit
2308 1461 2454 1514 hunc
2467 1461 2646 1515 turba:
2663 1463 3039 1533 pretereuntis
3050 1472 3275 1518 causam
3294 1462 3533 1517 interro-

1921 1549 2579 1620 gantem;cognitnmque
2601 1551 2802 1605 famosi
2819 1552 3121 1622 Augustini
3138 1560 3342 1606 ndmen
3364 1551 3535 1606 incla-

238 1631 327 1685 nio
356 1628 514 1685 clara
543 1633 831 1687 oculorum
874 1634 1232 1701 illuminatio,
1285 1637 1384 1690 dat
1412 1643 1623 1691 certam
1671 1638 1839 1692 fidem
1924 1642 2193 1701 mantem,
2252 1653 2527 1708 opemque
2575 1645 2632 1692 et
2678 1639 3092 1711 eleemosynam
3147 1640 3293 1694 tanti
3349 1640 3534 1695 Patris

237 1722 377 1774 tanti
409 1723 560 1792 signi
603 1723 919 1794 splendore,
971 1726 1346 1795 congaudenti
1385 1727 1610 1796 populo,
1667 1711 1900 1797 quamB
1923 1723 2339 1795 implorantem.
2374 1727 2458 1781 Ad
2474 1743 2638 1798 quem
2652 1729 2920 1782 accedens
2944 1728 3531 1784 aamulatorDominici

240 1826 365 1865 vera
387 1811 465 1866 sit
489 1813 793 1882 Augustini
824 1813 1078 1867 assertio.
1139 1814 1251 1885 Ipsi
1304 1828 1526 1885 quoque
1587 1814 1840 1871 Britones
1930 1814 2226 1885 Clavigeri.
2258 1835 2279 1866 ι
2310 1817 2889 1888 Argentuminquit,et
2914 1832 3125 1872 aurum
3145 1834 3257 1873 non
3272 1818 3529 1872 estmt’ln':

240 1901 557 1971 approbant
585 1902 731 1972 quod
751 1901 987 1956 inﬁciari
1014 1909 1320 1973 nequeunt.
1346 1905 1611 1958 Attamen
1624 1903 1843 1958 dilatio-
1927 1906 2073 1971 quod
2099 1911 2284 1958 autem
2334 1906 2518 1970 habeo,
2552 1907 2648 1959 hoc
2677 1908 2744 1959 do
2775 1908 2877 1959 tibi
2907 1925 2923 1960 :
2958 1908 3023 1961 In
3049 1909 3274 1960 nomine
3302 1907 3533 1961 Domini

244 2004 366 2044 nem
400 1990 694 2060 postulant
721 2007 834 2060 qua
860 1993 1105 2062 majores
1144 2009 1275 2046 suos
1316 1992 1666 2055 conveniant,
1714 1992 1849 2046 data
1926 1996 2053 2047 Jesu
2113 1994 2337 2058 Christi,
2393 2008 2557 2060 surge
2601 1995 2745 2061 (Act.
2801 2008 2882 2048 ιιι.
2952 1994 3025 2059 6i,
3075 1996 3133 2048 et
3185 1995 3528 2059 illuminare,

246 2080 332 2133 die
362 2092 476 2149 qua
514 2080 811 2135 consilium
862 2084 1138 2152 repetant.
1195 2082 1411 2135 Venere
1442 2097 1575 2151 ergo
1629 2087 1842 2153 septem
1930 2082 2307 2152 praeditusque
2334 2083 2516 2137 salute
2545 2088 2599 2136 et
2636 2082 2777 2147 luce,
2812 2084 3084 2154 procede:
3110 2096 3212 2137 nec
3235 2085 3353 2154 jam
3382 2081 3532 2136 indi-

244 2168 542 2239 episcopia
569 2170 812 2239 quodam
843 2170 1003 2224 Justo
1040 2186 1158 2224 suae
1196 2170 1372 2241 partis
1408 2171 1527 2224 viro
1557 2171 1639 2224 ita
1667 2171 1848 2224 edocti
1927 2166 2063 2240 geas
2110 2177 2392 2240 gestatore
2444 2164 2531 2225 vel
2586 2172 2745 2226 duce.
2784 2191 2806 2223 ι
2863 2172 2982 2226 Hoc
3032 2171 3264 2226 verbum
3324 2168 3536 2227 Christi

244 2264 305 2311 ut
331 2258 381 2310 si
409 2258 763 2328 Augustinus
793 2258 945 2312 mitis
970 2264 1026 2312 et
1055 2259 1283 2313 humilis
1299 2259 1465 2313 corde
1489 2260 1841 2330 probaretur,

246 2346 390 2415 quod
413 2362 539 2400 esse
567 2346 615 2400 si
647 2347 780 2417 ipsis
809 2348 1085 2419 episcopis
1131 2348 1553 2402 advenientibus
1592 2362 1849 2418 assurge-

244 2442 327 2488 ret
354 2443 810 2506 cognosceretur,
835 2442 971 2491 tunc
1026 2438 1106 2491 illi
1155 2439 1309 2491 velut
1359 2438 1581 2491 Domini
1628 2438 1845 2501 nuntio,

245 2531 297 2578 et
314 2527 518 2595 jugum
538 2525 760 2580 Domini
774 2521 1282 2581 ferentiobedirent
1330 2528 1386 2581 Si
1408 2544 1534 2580 vero
1555 2527 1844 2598 episc0pis,

246 2613 336 2683 qui
365 2614 559 2684 plures
582 2622 787 2672 essent.
823 2632 936 2669 non
966 2619 1285 2686 assurgeret
1316 2616 1465 2669 velut
1486 2631 1777 2685 arrogans,
1796 2622 1853 2671 et

246 2710 598 2775 contemptor
623 2703 693 2758 ab
716 2706 801 2759 his
831 2705 1441 2759 contemneretur.Tali
1459 2722 1722 2760 mucrone
1736 2721 1846 2776 quo

246 2792 497 2862 perirent
509 2794 1136 2865 praecincti,Augustino
1153 2794 1260 2848 sibi
1278 2810 1385 2847 non
1409 2795 1853 2865 assurgente,fu-

252 2881 391 2935 riose
420 2882 718 2952 indignati,
736 2883 918 2954 ipsum
932 2889 992 2936 et
1009 2883 1198 2936 omnia
1231 2884 1353 2953 ejus
1364 2883 1513 2936 dicta
1524 2883 1843 2954 repudiauit,

1931 2258 2193 2321 nominis,
2255 2260 2415 2329 quasi
2460 2277 2524 2314 ex
2576 2276 2673 2315 ore
2719 2261 2924 2315 Christi
2976 2262 3278 2332 prolatum,
3351 2260 3538 2316 subito

1931 2348 2108 2400 erexit
2139 2349 2529 2420 paralyticum.
2565 2350 2903 2404 illuminavit
2921 2362 3152 2419 caecum,
3172 2349 3339 2404 simul
3368 2351 3541 2404 etiam

1934 2436 2021 2489 his
2084 2438 2296 2507 apertis
2363 2438 2539 2492 oculis
2595 2439 2796 2502 cordis,
2861 2439 3108 2510 suscepit
3173 2438 3538 2511 baptismum,

1936 2524 2258 2597 pariterque
2287 2541 2413 2580 cum
2443 2528 2691 2598 corporis
2721 2528 2926 2591 officio,
2958 2528 3159 2582 animae
3189 2528 3529 2598 profectum.

2009 2614 2054 2669 Ο
2085 2614 2263 2668 virum
2294 2614 2498 2685 spiritu
2527 2615 2630 2668 Dei
2659 2616 2911 2685 plenum.
2943 2615 3055 2684 cui,
3082 2615 3179 2669 ubi
3223 2632 3313 2669 res
3352 2615 3542 2671 divina

1934 2702 2217 2774 poscebat,
2257 2708 2373 2756 tam
2415 2711 2613 2774 parata
2672 2709 2835 2757 erant
2878 2704 3037 2774 signa
3092 2704 3164 2758 ad
3211 2702 3543 2759 salvandum

1936 2806 2104 2862 quam
2136 2790 2302 2845 verba
2329 2792 2399 2845 ad
2421 2785 2733 2846 docendum
2756 2793 2768 2845 !
2792 2793 2937 2847 Nam
2976 2793 3101 2864 quis
3129 2794 3338 2848 referat
3367 2809 3538 2864 quam

1940 2881 2151 2935 crebris
2181 2881 2582 2935 miraculorum
2628 2881 3106 2936 coruscationibus’
3159 2880 3368 2952 ubique
3403 2881 3542 2935 emi-‘-

244 2986 418 3040 eoque
440 2948 683 3026 ferdcius
704 2948 999 3038 rebellant,
1019 2988 1129 3042 quo
1142 2972 1238 3026 ille
1249 2948 1324 3025 hu
1334 2972 1541 3031 milius.
1563 2948 1620 3026 et
1633 2948 1849 3025 amabié
1871 2948 1913 3007 Ο
1934 2969 2114 3023 cuerit
2136 2968 2161 3021 ’I
2186 2969 2436 3033 Quantas
2467 2969 2716 3024 ﬁdelium
2744 2969 2941 3023 turbas
2960 2975 3017 3023 et
3032 2969 3091 3025 in
3112 2968 3210 3023 illo
3239 2948 3459 3035 itinere,
3483 2966 3542 3021 et

244 3059 346 3113 lius
368 3060 729 3131 deprecatur,
753 3066 818 3114 ut
841 3062 1171 3114 concordem
1194 3061 1573 3127 Ecclesiarum
1593 3076 1848 3114 normam
1933 3057 1993 3109 in
2018 3057 2224 3111 finibus
2251 3057 2478 3112 Eboraci
2520 3064 2577 3111 et
2607 3057 2665 3111 in
2697 3058 2960 3112 omnibus
2982 3074 3093 3129 quo
3122 3068 3183 3111 se
3202 3054 3533 3123 vertitlocis,

243 3154 547 3203 sectentur.
581 3149 696 3203 Hac
724 3166 860 3204 sane
886 3149 1342 3203 mansuetissima
1361 3150 1632 3204 charitate
1653 3156 1709 3203 et
1724 3151 1851 3203 cha—
1932 3145 2049 3199 Deo
2077 3145 2330 3200 lucratus
2386 3146 2494 3200 sit?
2531 3153 2807 3218 quantum
2852 3147 3025 3201 etiam
3062 3147 3189 3201 aliis
3219 3146 3436 3211 diebus,
3468 3162 3535 3200 ac

245 3237 468 3291 ritativa
490 3238 923 3292 mansuetudine
944 3243 1084 3295 erat.
1110 3238 1444 3309 discipulum
1473 3237 1681 3292 Christi
1702 3244 1760 3292 et
1774 3239 1851 3292 fa-
1932 3235 2279 3305 temporibus
2308 3235 2620 3306 profecerit,
2655 3251 2782 3290 cum
2814 3235 2870 3289 in
2898 3248 3012 3290 una
3037 3228 3339 3291 Dominicis
3375 3232 3540 3290 Nati-

246 3327 462 3380 mulum
490 3327 734 3381 lucidius
762 3344 1118 3397 cognoscere,
1141 3344 1309 3397 quam
1328 3327 1375 3381 si
1396 3327 1652 3398 superbis
1667 3344 1859 3390 assur.
1941 3324 2134 3378 vitatis
2154 3325 2260 3387 die,
2296 3340 2464 3395 quam
2494 3325 2754 3379 universa
2809 3326 3138 3395 angelorum
3195 3325 3377 3395 gloria
3419 3339 3545 3396 per-

242 3414 422 3482 gendo
454 3415 704 3485 ipsorum
736 3415 1024 3469 videretur
1050 3416 1410 3471 obstinatiam
1438 3417 1736 3481 honorare,
1796 3426 1857 3474 et
1941 3419 2110 3484 petuo
2139 3414 2508 3477 concelebrat,
2537 3414 2661 3484 plus
2687 3428 2856 3483 quam
2879 3406 3070 3467 decem
3090 3413 3272 3467 millia
3294 3413 3541 3467 virorum

246 3501 577 3558 honorando
600 3504 932 3575 approbare.
962 3506 1227 3560 Perverse
1255 3524 1388 3576 ergo
1419 3507 1643 3578 superbi
1662 3508 1845 3561 humi-
1938 3511 2145 3573 praeter
2170 3502 2638 3557 innumerabilem
2667 3502 3085 3556 multitudinem
3107 3501 3443 3555 feminarum
3475 3514 3540 3556 ac

245 3591 347 3645 lem
406 3592 685 3646 famulum
741 3593 962 3647 Domini
1010 3594 1499 3648 calumniabantur
1575 3596 1849 3666 superbiae
1931 3593 2290 3662 parvulorum
2349 3593 2502 3646 vitali
2533 3592 2884 3662 baptismate
2924 3590 3362 3660 regeneraverit.
3403 3591 3540 3655 Quae

240 3678 572 3744 insessione,
603 3694 730 3732 cum
761 3679 880 3749 ipse
906 3680 1198 3745 Dominus,
1241 3680 1336 3751 qui
1362 3680 1532 3735 dicit:
1585 3682 1777 3734 Discite
1812 3699 1847 3735 ιι
1936 3696 2066 3733 vero
2082 3680 3076 3743 sacerdotum,aliorumvesacrorum
3091 3668 3352 3733 ordinum
3373 3679 3535 3750 copia

246 3771 491 3838 mequia
529 3770 682 3821 mitis
741 3784 865 3821 sum
915 3774 965 3822 et
1010 3770 1243 3823 humilis
1291 3772 1448 3824 corde
1506 3771 1719 3837 (Matth.
1768 3783 1843 3831 x1,
1928 3769 1997 3823 ad
2017 3776 2237 3825 tantum
2256 3764 3216 3841 populumabluendumsuﬂiceret?
3236 3768 3536 3824 Benedicto

249 3855 366 3924 29);
445 3857 649 3911 sedens
706 3855 978 3923 docuerit,
1033 3872 1309 3928 pauperes
1384 3858 1587 3928 spiritu
1651 3858 1845 3913 beatos
1929 3859 2125 3928 itaque
2163 3860 2350 3925 ﬂuvio,
2394 3858 2626 3930 Anglice
2681 3859 2921 3913 Suatvus
2976 3865 3319 3928 nuncupato,
3368 3857 3531 3928 jubet

247 3962 396 4012 esse;
453 3944 605 4015 quod
662 3945 743 3999 illi
790 3962 912 3999 esse
986 3945 1315 4016 nequibant,
1380 3952 1516 4017 typo
1589 3946 1847 4001 elationis

245 4051 373 4087 suae.
432 4034 542 4088 Sed
585 4050 711 4088 cum
755 4034 937 4088 adhuc
982 4034 1360 4105 praecordialis
1418 4043 1577 4105 pater
1620 4036 1846 4089 illorum

247 4123 444 4177 salutis
465 4122 821 4177 avidissimus
851 4130 1059 4187 oraret,
1101 4130 1158 4177 et
1200 4124 1397 4177 saltem
1440 4124 1495 4177 in
1538 4124 1625 4178 his
1666 4124 1848 4178 tribus

248 4213 545 4266 universali
568 4213 821 4267 Ecclesiae
844 4215 1239 4283 jungerentur,
1283 4214 1387 4266 hoc
1441 4219 1527 4267 est
1562 4214 1618 4266 in
1663 4214 1849 4285 bapti-

1928 3962 2186 4001 summus
2216 3947 2465 4018 pontifex
2483 3964 2583 4018 per
2596 3963 2898 4018 praecones,
2923 3950 2980 4000 et
3002 3947 3325 4016 magistros,
3342 3960 3538 4000 omnes

1929 4035 2108 4100 binos,
2138 4042 2197 4089 et
2252 4036 2431 4102 binos,
2480 4037 2828 4090 conﬁdenter
2873 4035 3139 4105 ingredi;
3190 4039 3249 4089 et
3289 4035 3348 4088 in
3388 4035 3540 4089 trino

1928 4125 2167 4179 Deitatis
2196 4126 2442 4190 nomine,
2473 4125 2715 4178 alterum
2748 4124 2818 4177 ab
2836 4124 3014 4177 altero
3067 4122 3307 4177 vicissim
3346 4123 3532 4194 bapti-

1929 4214 2064 4267 zari.
2119 4214 2322 4284 Sicque
2371 4228 2566 4267 omnes
2621 4212 2803 4266 renati
2855 4227 2967 4265 non
3012 4211 3219 4265 minori
3258 4211 3529 4265 miraculo

248 4302 437 4365 zando,
470 4308 529 4355 et
556 4302 771 4355 Pascha
798 4302 1022 4357 Domini
1050 4302 1402 4367 celebrando,
1433 4310 1603 4373 atque
1634 4316 1743 4356 una
1764 4308 2100 4373 se-unam
2128 4303 2410 4372 quondam
2442 4302 2679 4373 pepulus
2709 4301 2882 4355 Israel
2908 4300 3145 4354 divisum
3168 4300 3532 4367 mare;item-.

246 4405 367 4443 cum
396 4391 592 4460 Anglis
620 4390 903 4445 Christum
927 4392 1378 4461 evangelizando,
1406 4392 1595 4446 omnia
1622 4404 1850 4463 prorsus

243 4478 522 4543 abdicant,
574 4480 708 4549 quin
742 4480 911 4533 etiam
952 4494 1172 4534 omnem
1214 4482 1337 4550 ejus
1383 4481 1653 4534 ditionem
1702 4497 1736 4534 a
1789 4498 1849 4535 se

247 4568 646 4623 exterminant.
695 4567 847 4632 Quos
884 4569 982 4622 ille
1025 4570 1342 4639 prophetali
1394 4569 1689 4639 increpans
1734 4586 1875 4624 [ηε-μ

243 4658 451 4710 chaere:
483 4657 571 4710 Ab
602 4656 735 4719 illis,
767 4658 969 4728 inquit,
1012 4657 1269 4712 hostibus
1299 4659 1571 4729 peribitis.
1593 4660 1849 4730 quosfra-

243 4741 358 4800 tres
386 4744 595 4800 habere
617 4747 677 4799 in
698 4760 873 4817 regno
908 4747 1007 4800 Dei
1030 4747 1366 4813 abhorretis,
1400 4754 1457 4801 et
1485 4748 1555 4802 ab
1573 4749 1662 4802 his
1673 4749 1847 4802 vitam

243 4834 507 4905 perdetis,
541 4834 745 4906 quibus
774 4837 1008 4889 effusam
1039 4835 1299 4891 omnibus
1345 4837 1589 4907 gratiam
1640 4837 1847 4892 Christi

240 4925 519 4981 invidetis.

310 5015 495 5085 Igitur
524 5018 652 5085 post
670 5013 1072 5084 triumphalem
1120 5015 1290 5085 hujus
1320 5015 1464 5069 vatis
1500 5017 1844 5086 assumptio-

242 5119 371 5157 nem
401 5104 472 5157 ad
497 5103 819 5169 Dominum,
854 5118 947 5156 rex
977 5104 1283 5172 Anglorum
1330 5104 1643 5158 Edelfridus
1691 5104 1844 5159 belli-

240 5192 579 5257 cosissimus,
614 5191 869 5245 Britones
899 5192 1310 5246 immanissima
1338 5193 1487 5247 caede
1528 5208 1666 5264 pene
1696 5194 1844 5248 deie-

240 5281 352 5346 vit;
386 5286 549 5351 capta
576 5280 802 5334 civitate
822 5281 1334 5352 Legionum,quam
1365 5283 1565 5352 Angeli
1607 5284 1841 5353 Lagace-

240 5376 436 5435 stram,
473 5369 728 5424 Britones
759 5369 1057 5440 Karlcgion
1093 5371 1381 5441 appellant
1424 5372 1675 5426 Inruerat
1710 5372 1843 5426 illuc

242 5459 581 5513 inaestimata
611 5458 914 5513 multitudo
944 5459 1299 5514 sacerdotum
1337 5466 1392 5514 et
1437 5461 1841 5516 monachorum

243 5555 438 5602 contra
460 5547 685 5602 hostem
714 5553 963 5605 oratum.
993 5548 1353 5603 Confluxerat
1380 5549 1551 5605 etiam
1599 5550 1669 5604 de
1719 5565 1843 5603 me-

1932 4406 2040 4463 que
2055 4392 2355 4446 Jordanem
2375 4398 2523 4445 retro
2533 4400 2859 4445 conversum
2876 4389 3202 4456 transierat,
3217 4388 3277 4442 in
3292 4389 3529 4443 alteram

1932 4481 2113 4550 ripam
2143 4485 2277 4534 sunt
2292 4478 2642 4550 transpositi.
2677 4480 2741 4533 In
2786 4484 2904 4532 tam
2959 4477 3234 4549 profundo
3281 4477 3526 4548 gurgite,

1929 4571 1984 4624 in
2013 4574 2171 4624 tanto
2198 4574 2427 4638 tamque
2465 4569 2682 4622 diverso
2704 4578 2868 4621 sexus
2918 4573 2976 4621 et
3018 4568 3203 4621 etatis
3249 4567 3525 4633 etamine,

1928 4672 2096 4712 nemo
2124 4658 2288 4729 perit,
2325 4673 2490 4713 nemo
2512 4656 2768 4723 laeditur;
2801 4670 3071 4726 magnum
3094 4655 3199 4710 hoc
3215 4660 3339 4710 erat
3354 4656 3528 4710 mira-

1928 4747 2135 4802 culum.
2172 4744 2280 4802 Sed
2311 4747 2416 4800 hoc
2444 4758 2733 4816 magnum,
2775 4746 2979 4815 majori
3016 4745 3326 4800 eminentia
3360 4760 3530 4818 supe-

1927 4842 2106 4902 ratur,
2158 4850 2283 4890 cum
2328 4836 2511 4890 omnis
2556 4834 2813 4890 debilitas
2860 4840 2917 4888 et
2966 4834 3268 4890 inﬁrmitas
3318 4834 3379 4889 in
3429 4830 3529 4891 illo

1928 4940 2093 4979 amne
2117 4918 2419 4996 deponitur
2444 4944 2461 4995 ;
2495 4924 2679 4978 omnis
2721 4924 3026 4995 languidus
3073 4929 3131 4978 et
3164 4925 3532 4981 deformatus

1926 5028 2096 5068 sanus
2126 5019 2186 5068 et
2208 5015 2547 5067 reformatus
2566 5012 2877 5083 egreditur.
2927 5013 2973 5068 Ο
3022 5011 3279 5068 festivum
3318 5019 3532 5084 specta

1924 5104 2113 5157 culum
2134 5103 2465 5173 angelorum
2477 5108 2536 5156 et
2555 5102 2847 5156 hominum
2862 5103 2879 5156 ἔ
2902 5116 3027 5157 cum
3040 5107 3127 5157 tot
3146 5101 3323 5156 millia
3338 5102 3526 5156 candi-

1925 5192 2069 5247 date:
2096 5191 2281 5262 gentis
2313 5207 2379 5245 ex
2406 5191 2574 5245 unius
2609 5190 2856 5245 ﬂuminis
2883 5191 3059 5255 alveo,
3091 5188 3245 5244 velut
3267 5202 3331 5243 ex
3359 5190 3528 5244 unius

1923 5281 2233 5353 genitricis,
2277 5280 2569 5352 prodirent
2597 5281 2754 5351 alvo;
2780 5284 2838 5333 et
2865 5280 2935 5333 de
2971 5295 3084 5333 uno
3127 5284 3326 5347 stagno
3365 5283 3528 5333 tanta

1923 5370 2219 5442 progenies
2230 5370 2286 5423 in
2300 5386 2361 5423 su
2370 5386 2601 5441 pernam
2613 5368 2934 5422 civilitatem
2949 5371 3271 5421 nasceretur
3280 5366 3527 5438 olympo!

1924 5459 2073 5514 Hinc
2102 5459 2495 5513 serenissimus
2540 5474 2684 5528 papa
2732 5454 3054 5524 Gregorius,
3100 5470 3228 5508 cum
3269 5456 3532 5535 omnibus

1930 5562 2306 5620 supernorum
2335 5545 2719 5602 contuberniis
2744 5556 3051 5615 erumpens
3069 5543 3130 5597 in
3152 5536 3387 5616 gaudia,
3412 5560 3533 5606 non
