3872 6168
397 245 504 306 759

1344 249 1442 304 AD
1480 249 1720 304 OPERA
1758 250 1824 311 Β.
1865 249 2280 306 LANFRANCI
2321 251 2708 308 APPENDIX.

3548 251 3711 310 760·

390 373 520 430 tulit
553 373 658 429 hoc
671 373 906 429 reticere
919 379 1114 430 sancto
1133 373 1462 446 patriarcha:
1491 380 1620 440 65
1639 375 1989 430 Alexandriae
2009 378 2058 436 Α
2075 391 2270 430 omnes
2306 376 2375 430 ad
2399 376 2603 430 Christi
2621 375 2814 430 famuli
2832 373 3082 445 vestigia,
3106 373 3201 446 qui
3220 373 3426 430 Christi
3448 377 3650 446 repule-

396 463 664 533 Eulogio;
695 462 1028 534 scripsitque
1053 463 1376 534 gratissime
1413 465 1889 536 congratulaturo,
1923 465 1992 519 de

395 556 554 606 tanto
583 551 827 605 exercitu
855 551 913 605 in
933 551 1031 606 illa
1059 569 1174 606 una
1199 553 1414 608 Natalis
1441 555 1662 608 Domini
1691 555 1782 609 die
1810 553 1993 624 bapti-

393 649 535 696 zato.
560 641 802 696 Ecclesia
839 649 1029 697 autem
1071 643 1128 698 in
1163 645 1333 714 hujus
1384 643 1652 716 Baptista:
1695 645 1994 716 Augustini

394 734 667 800 perpetua
692 731 967 784 memoria
994 736 1053 786 et
1069 731 1314 795 nomine,
1340 733 1502 802 juxta
1524 734 1991 804 praenominatum

395 817 645 873 ﬂuvium.
678 817 905 872 condita
933 837 1000 874 ac
1027 820 1302 887 dedicata,
1344 821 1596 892 prtebens
1636 823 1993 877 credentibus

393 907 695 979 postulata,
725 907 972 978 praedicti
1001 925 1157 980 papae
1185 909 1512 980 comprobat
1539 911 1882 964 testimonia.

467 995 744 1066 Regresso
773 1015 907 1069 ergo
951 999 1248 1069 Evangelio
1305 999 1532 1054 Domini
1595 1000 1664 1054 ab
1721 1000 1988 1068 Eboraco,

395 1082 566 1138 homo
593 1084 876 1138 horrenda
903 1085 1057 1158 lepra
1081 1093 1232 1141 totus
1259 1088 1564 1152 ulcerosus,
1607 1105 1774 1142 orans
1820 1107 1854 1142 a
1897 1089 1992 1142 he-

393 1173 573 1227 nefico
618 1173 786 1227 Patre
843 1190 1006 1244 opem
1065 1175 1282 1234 salutis.
1357 1177 1542 1230 infusa
1610 1177 1996 1234 benedictione

394 1261 714 1332 apostolicae
730 1261 958 1328 dextrae,
989 1281 1116 1318 cum
1147 1265 1434 1336 signaculo
1464 1265 1768 1320 salutiferae
1793 1267 1991 1330 crucis,

395 1353 454 1404 et
481 1351 708 1404 nomine
739 1351 840 1406 Dei
869 1353 1200 1422 majestatis,
1225 1354 1490 1407 continuo
1519 1355 1697 1409 sensit
1725 1355 1831 1409 sibi
1873 1373 1995 1411 om-

397 1453 528 1490 nem
559 1438 808 1494 dolorem
855 1440 1214 1495 velutaluce
1268 1441 1528 1496 tenebras
1584 1444 1890 1514 aufugisse,
1941 1452 2000 1498 et

397 1527 558 1597 quasi
579 1532 744 1582 exuto
775 1533 964 1583 vetere
990 1530 1214 1584 homine
1242 1531 1512 1586 fceditatis
1539 1533 1756 1594 luridae,
1793 1549 1997 1587 novum

396 1615 1098 1672 hominemincolumitatis
1115 1637 1339 1691 suaeque
1357 1621 1719 1677 formositatis
1745 1623 2002 1677 solemni-

2076 473 2206 520 rant
2219 467 2518 532 .mandata,
2563 467 2718 535 justo
2747 465 3020 536 snpplicio
3046 464 3162 533 jam
3190 463 3419 529 eruditi,
3449 465 3574 536 quia
3598 466 3650 522 in

2075 553 2284 609 Christi
2313 555 2647 626 baptismate
2665 541 3152 625 perAugustinum
3177 555 3653 625 possentasuppli-

2075 643 2161 698 cio
2189 643 2436 698 liberari.
2471 645 2561 700 Sic
2590 644 2685 698 ille
2715 643 2912 698 laetifer
2940 641 3088 713 ignis
3115 641 3342 696 faetidas
3367 658 3654 697 carnesex-

2075 729 2267 796 edens,
2293 749 2456 804 quem
2469 733 2656 787 omnia
2668 733 2879 786 ﬂuenta
2890 747 3002 786 non
3025 731 3465 802 exstinguerent,
3485 732 3656 787 omnia

2076 820 2485 877 medicamenta
2512 839 2624 876 non
2662 822 3028 893 expellerent,
3083 820 3202 875 solo
3241 820 3467 875 Domini
3495 821 3652 880 fonte.

2075 909 2376 981 Augustini
2401 927 2523 982 ope,
2561 909 2632 964 ab
2663 910 2922 964 omnibus
2949 907 3252 980 baptizatis
3284 907 3579 964 exstinctus
3603 916 3656 964 et

2075 1000 2338 1071 expulsus
2365 1003 2469 1061 est,
2501 1009 2670 1068 atque
2698 997 2768 1051 ab
2791 995 2944 1052 onmi
2970 994 3276 1067 Augustini
3305 995 3522 1050 climate
3546 1012 3654 1068 per-

2076 1097 2246 1163 petuo
2269 1087 2612 1142 eliminatus.

2150 1177 2233 1232 Ab
2255 1177 2363 1231 illis
2401 1182 2611 1240 autem,
2640 1191 2780 1246 quos
2801 1191 2972 1246 supra
2999 1175 3320 1242 retulimus,
3352 1191 3453 1228 suo
3475 1190 3655 1244 oppro-

2084 1268 2203 1322 brio
2229 1266 2618 1329 sententiatos,
2651 1265 3026 1334 Augustinum
3057 1281 3305 1335 suosque
3333 1262 3518 1318 beatos
3543 1279 3653 1318 con-

2077 1363 2275 1416 sortes,
2309 1370 2408 1424 per
2437 1352 2686 1424 quinque
2718 1351 2982 1405 milliaria
3009 1368 3354 1422 progressos,
3385 1356 3442 1405 et
3460 1367 3552 1421 per
3575 1349 3656 1403 de-

2079 1451 2228 1498 serta
2248 1450 2420 1514 atque
2440 1442 2530 1496 ina
2539 1457 2710 1512 quosa
2733 1441 2855 1494 loca
2871 1441 3250 1510 vagabundos,
3275 1447 3459 1494 aestus.
3485 1445 3537 1494 et
3549 1437 3656 1493 sitis

2080 1551 2145 1588 ac
2171 1532 2444 1586 lassitudo
2468 1529 2776 1602 premebat.
2799 1545 3036 1600 quorum
3055 1545 3232 1582 unum
3263 1529 3655 1584 incommodum

2082 1621 2574 1690 viatoresgravare
2602 1625 2841 1690 poterat.
2897 1619 3104 1672 Verum
3149 1618 3248 1672 ille
3305 1618 3402 1689 qui
3451 1617 3658 1672 sedebat

393 1709 483 1759 ter
510 1721 570 1759 se
599 1704 866 1760 induisse.
899 1707 1043 1762 Nam
1061 1709 1290 1764 dicente
1308 1711 1429 1782 ipso
1453 1727 1686 1766 summa:
1705 1711 1996 1767 Trinitatis
2015 1693 2062 1752 Β
2082 1709 2313 1763 meridie
2343 1724 2513 1778 super
2542 1708 2750 1760 fontem
2782 1706 3048 1776 fatigatus
3100 1723 3161 1760 ex
3231 1707 3435 1760 itinere
3493 1712 3656 1760 motus

394 1793 754 1850 confessore:
792 1814 817 1845 α
840 1795 904 1850 In
954 1796 1182 1850 nomine
1233 1797 1440 1853 Christi
1486 1801 1797 1868 mundare;
1829 1821 1854 1854 )›
1891 1801 1996 1854 hoc

391 1882 544 1938 trino
577 1883 840 1938 videlicet
863 1884 1270 1941 benedictionis
1305 1888 1506 1946 crucis.
1535 1898 1592 1944 et
1614 1891 1860 1945 nominis
1883 1891 1992 1945 Dos

395 1971 534 2026 mini
563 1973 956 2039 medicamine,
990 1991 1138 2043 aeger
1154 1981 1505 2030 restauratur
1520 1979 1682 2048 plena
1701 1981 1990 2052 sospitate.

395 2061 674 2116 Residunt
701 2062 938 2132 turgidae
969 2079 1168 2117 manus
1207 2072 1263 2117 et
1290 2065 1472 2134 digiti,
1503 2067 1672 2121 facies
1701 2075 1758 2122 et
1805 2070 1995 2124 omnia

395 2151 650 2206 membra
670 2168 771 2206 suo
800 2152 998 2207 decore
1028 2161 1086 2208 et
1111 2153 1293 2207 ofticio
1322 2155 1694 2211 deducuntur.
1731 2159 1856 2212 Jam
1887 2158 1996 2214 cla-

396 2256 552 2294 mose
607 2240 874 2310 eloquens
909 2241 1126 2312 lingua,
1177 2243 1348 2298 abicit
1403 2244 1644 2318 [abjicit]
1685 2253 1994 2302 mrataram

398 2329 532 2398 [at.,
567 2331 942 2400 taratantara]
1003 2329 1111 2400 (89)
1161 2332 1431 2387 hactenus
1485 2352 1795 2406 suppressae
1855 2338 2000 2392 vocis

400 2417 790 2488 interpretem.
837 2419 902 2474 In
931 2425 1090 2474 tanta
1145 2420 1435 2490 signorum
1455 2423 1654 2493 gloria,
1689 2425 1996 2479 Christiani

399 2505 457 2560 in
483 2505 705 2560 laudem
737 2506 946 2562 Christi
1013 2517 1405 2580 prorumpunt,
1456 2512 1662 2582 pagani
1710 2514 1778 2568 ad
1827 2515 1991 2568 tidem

396 2593 716 2666 proficiunt.

470 2683 614 2738 Hinc
641 2683 922 2740 divertens
949 2685 1062 2741 dux
1099 2686 1252 2742 verbi
1282 2687 1532 2750 Domini,
1565 2690 1832 2744 successit
1868 2697 1994 2744 tan-

397 2772 527 2827 dem
557 2773 780 2828 cuidam
810 2775 1055 2846 profante
1077 2776 1278 2832 villulae
1309 2777 1366 2830 in
1397 2777 1679 2850 provincia
1709 2795 1831 2850 qua:
1859 2779 1998 2832 dici-

394 2867 492 2916 tur
539 2862 852 2931 Doreseta;
911 2863 1008 2918 ubi
1054 2865 1399 2921 daamoniaca
1448 2866 1725 2938 plebicula
1775 2875 1998 2923 sanctos

396 2951 500 3006 Dei
519 2951 780 3006 omnibus
809 2952 1123 3024 Opprobriis
1169 2971 1234 3008 ac
1263 2955 1517 3010 ludibriis
1544 2957 1948 3012 dedecet-avere
1981 2977 1994 3026 ;

395 3039 536 3094 adeo
566 3045 630 3095 ut
654 3041 826 3112 (quod
858 3042 1029 3096 etiam
1055 3043 1262 3097 referre
1293 3044 1498 3114 injuria
1546 3052 1672 3112 est),
1700 3045 1999 3116 productas

396 3127 633 3199 piscium
665 3130 874 3184 caudas
903 3130 1244 3202 ingererent.
1278 3133 1438 3188 Unde
1467 3133 1792 3204 indignatus
1823 3133 1998 3204 Spiri-

397 3223 492 3272 tus
512 3218 759 3287 Domini,
789 3218 851 3273 in
881 3219 1051 3290 hujus
1079 3227 1334 3276 auctores
1353 3221 1597 3284 sceleris,
1615 3228 1674 3276 et
1692 3221 1750 3276 in
1772 3239 1998 3276 onmem

397 3305 623 3360 illorum
661 3307 1006 3378 progeniem,
1034 3325 1199 3364 suum
1237 3311 1499 3375 dedecus,
1540 3327 1640 3381 per
1698 3326 1761 3364 os
1803 3312 1998 3382 Augu-

399 3393 536 3448 stini
559 3394 700 3448 vatis
730 3396 1134 3466 perpetualiter
1161 3399 1538 3462 sententiavit,
1568 3405 1626 3452 et
1652 3399 1839 3469 pravis
1867 3415 1998 3470 pro-

399 3483 582 3554 priam
611 3483 1001 3556 ignominiam,
1027 3487 1235 3541 sanctis
1261 3505 1386 3542 vero
1417 3504 1720 3558 perennem
1761 3489 1998 3558 gloriam

395 3571 624 3634 refudit.

469 3661 608 3715 Erat
631 3659 830 3720 et'alia
872 3678 1012 3732 gens
1040 3663 1096 3718 in
1123 3664 1382 3719 orientali
1427 3666 1595 3736 plaga
1631 3666 1865 3736 Anglize,
1914 3667 1996 3721 ita

399 3747 456 3803 in
487 3749 773 3804 sacriﬁciis
827 3751 1144 3806 daemonum
1183 3769 1218 3807 a
1269 3755 1538 3822 gehenna:
1594 3755 1852 3810 incendio
1906 3757 1996 3811 in—

399 3837 706 3899 ﬂammata,
739 3843 804 3892 ut
829 3839 1056 3894 nuntios
1084 3840 1554 3896 Christicoelestia
1565 3859 1738 3912 regna
1759 3844 1994 3914 promit-

397 3928 600 3990 tentes,
635 3941 746 3980 non
766 3927 932 3980 modo
961 3927 1574 3996 audire‘abhorrerent,
1608 3948 1798 3985 verum
1825 3932 1996 3986 etiam

396 4019 518 4068 tota
546 4015 752 4070 mentis
796 4015 1032 4079 insania,
1083 4033 1178 4070 eos
1227 4018 1446 4087 punire,
1490 4019 1578 4072 vel
1623 4021 1998 4076 exterminare

399 4109 722 4163 aestuarem.

467 4195 559 4248 Nil
581 4211 792 4266 preces,
815 4197 894 4250 nil
915 4195 1202 4250 blanditiae
1220 4196 1440 4250 valuere
1464 4215 1476 4261 ;
1501 4202 1746 4252 terrores
1767 4198 1999 4270 superni

391 4285 608 4356 judicii,
643 4287 728 4340 vel
775 4286 980 4342 inferni
1034 4287 1384 4352 deridebant,
1437 4289 1692 4359 prodigia
1733 4295 1790 4342 et
1835 4289 1996 4359 signa

398 4373 786 4430 exsufﬂabant.
812 4375 951 4430 Tam
981 4377 1357 4447 desperabiles
1386 4384 1444 4432 et
1471 4377 1736 4448 perditos,
1763 4378 1901 4432 fides
1939 4387 1996 4432 et

398 4464 716 4537 benignitas
742 4463 1046 4534 Augustini
1077 4465 1260 4536 perire
1290 4482 1400 4520 non
1430 4466 1680 4537 pertulit.
1705 4465 1996 4522 Resistens

398 4569 654 4624 supernae
675 4552 792 4616 irae,
822 4559 948 4606 orat
977 4553 1200 4606 Patrem
1223 4552 1633 4610 misericordiae.
1660 4554 1998 4632 ut'ingratos

399 4633 710 4696 clementiae
741 4641 987 4712 corrigat
1027 4642 1388 4697 correctione.
1431 4644 1628 4713 Itaque
1675 4642 1746 4697 ab
1795 4642 1996 4697 arbore

400 4731 754 4803 profanitatis
795 4747 930 4798 suae,
963 4731 1166 4785 ardent
1208 4749 1402 4786 omnes
1437 4731 1702 4786 invisibili
1741 4731 1892 4802 igne,
1943 4737 2000 4784 et

402 4821 706 4892 sulphureo
735 4825 887 4874 torre
921 4837 934 4886 ;
966 4836 1132 4890 quam
1161 4835 1382 4890 poenam
1407 4837 1696 4891 nunquam
1724 4828 1876 4886 ante,
1895 4837 1998 4874 nec

400 4914 598 4982 postea
627 4915 880 4964 senserat
909 4909 1024 4963 haec
1054 4910 1253 4980 patria.
1290 4909 1467 4964 Nemo
1495 4909 1688 4966 evasit.
1713 4909 1808 4964 ubi
1831 4927 1995 4964 nemo

402 5000 670 5056 innocens
697 4999 928 5054 exstitit.
961 4999 1178 5070 Ubique
1201 4999 1464 5069 ejulatus,
1509 4999 1728 5068 vagitus
1775 5017 1994 5064 senum,

393 5087 686 5158 juvenum.
712 5087 1040 5143 laetantium
1066 5105 1181 5144 una
1210 5087 1530 5143 ardentium
1561 5087 1914 5154 inhorrebat;
1943 5094 2007 5142 ut

401 5183 458 5232 et
482 5186 743 5250 parentes
769 5177 829 5232 in
843 5178 962 5234 suis
979 5178 1250 5250 partubus
1270 5177 1673 5232 cruciarentur.
1691 5178 2003 5232 Convolant

469 5315 582 5390 (89)
617 5321 1016 5376 Taratantara.
1052 5321 1207 5374 Hanc
1235 5336 1420 5374 vocem
1461 5319 1748 5373 adinvenit
1789 5319 2000 5374 Ennius

401 5391 472 5447 ad
501 5392 931 5474 gprimendum
952 5393 1198 5448 sonitum
1230 5391 1397 5456 tubae,
1438 5391 1624 5462 inquit
1667 5391 1892 5470 Servius
1941 5391 2000 5445 in

407 5463 858 5606 “(ggeégrnhel
905 5533 1036 5589 huic
1081 5533 1203 5588 loco
1254 5547 1459 5593 nomen
1511 5532 1734 5590 indidit.
1790 5533 2004 5590 Ibidem

2075 1815 2362 1854 servorum
2392 1813 2620 1851 suorum
2643 1795 2853 1859 labore,
2885 1801 2942 1849 et
2971 1796 3246 1859 oratione,
3280 1813 3392 1850 non
3417 1795 3655 1864 dedigna-

2075 1894 2168 1943 tus
2196 1893 2284 1942 est
2310 1885 2604 1940 visibiliter
2631 1902 2733 1940 suo
2763 1885 2930 1939 charo
2963 1901 3028 1938 ac
3055 1886 3208 1940 ﬁdeli
3239 1885 3658 1940 condescendere

2075 1976 2469 2050 dispensatori,
2497 1991 2710 2046 suoque
2739 1973 2888 2028 dulci
2943 1975 3119 2028 aifatu
3175 1975 3332 2028 hunc
3373 1973 3649 2028 consolari.

2081 2088 2102 2118 ι
2145 2069 2422 2121 Constans
2451 2069 2592 2130 esto,
2626 2063 2724 2127 ait,
2768 2069 2825 2116 et
2868 2061 3206 2116 fiducialiter
3242 2079 3371 2133 age,
3401 2078 3550 2116 serve
3589 2063 3656 2116 mi

2075 2154 2424 2226 complacite,
2454 2153 2586 2224 quia
2616 2158 2800 2206 tecum
2857 2167 2985 2205 sum
3035 2157 3334 2223 promptus
3363 2151 3577 2220 adjutor
3606 2151 3654 2204 in

2077 2245 2228 2298 omni
2259 2243 2618 2305 necessitate,
2651 2258 2716 2295 ac
2742 2241 2891 2294 bona
2939 2245 3040 2294 tua
3074 2240 3382 2295 voluntate.
3418 2242 3520 2296 Pro
3547 2241 3658 2312 qui-

2081 2335 2412 2403 huscunque
2440 2330 2682 2385 volueris
2729 2335 2874 2400 pete.
2902 2329 3082 2384 sciens
3125 2346 3217 2384 me
3246 2329 3432 2384 favere
3459 2345 3658 2400 semper

2080 2411 2321 2491 benigne
2367 2419 2626 2474 charitati
2670 2424 2800 2472 tute.
2842 2417 2964 2472 Tibi
3025 2417 3234 2489 quippe
3285 2423 3532 2488 apertum
3584 2423 3658 2470 est

2077 2511 2281 2565 ostium
2322 2507 2480 2578 regni
2521 2507 2650 2570 mei,
2705 2505 2796 2560 ubi
2834 2505 3011 2560 intres
3047 2506 3105 2560 in
3135 2505 3414 2575 gaudium
3455 2503 3657 2559 Domini

2077 2599 2178 2654 tui.
2216 2617 2242 2651 ι)
2277 2599 2404 2651 Haec
2431 2596 2622 2650 dicens
2653 2595 2924 2649 Dominus
2953 2594 3092 2648 omlo
3121 2599 3384 2665 receptus
3411 2598 3509 2647 est.

2149 2731 2286 2786 Tam
2317 2729 2465 2784 dulci
2492 2729 2645 2782 fonte
2667 2727 2901 2780 saliente
2940 2725 2998 2780 in
3027 2727 3200 2781 vitam
3219 2732 3485 2780 aeternam
3515 2723 3660 2778 uber-

2079 2820 2180 2874 tim
2223 2825 2447 2891 potatus
2487 2817 2856 2886 Augustiuus,
2903 2815 3078 2870 nescit
3119 2815 3278 2869 sitire
3325 2815 3528 2869 fontem
3561 2830 3657 2884 quo

2080 2907 2234 2962 sitiat
2261 2906 2487 2972 iterum,
2519 2921 2623 2958 nec
2645 2903 2866 2974 operari
2905 2901 3088 2956 cibum
3121 2903 3219 2973 qui
3259 2902 3424 2974 perit,
3456 2901 3548 2955 sed
3574 2899 3658 2970 qui

2015 3011 2058 3072 ς,
2080 3001 2374 3067 permanet
2397 2995 2456 3048 in
2485 2994 2654 3048 vitam
2681 2997 2968 3046 aeternam.
3009 2991 3134 3046 Una
3162 2998 3288 3046 erat
3311 2989 3656 3045 intentiotam

2080 3084 2508 3138 desiderabilem
2537 3090 2824 3152 aspectum
2857 3081 3119 3152 lacrymis
3157 3081 3320 3152 sequi
3353 3080 3654 3141 abeuntem,

2081 3172 2282 3244 quibus
2307 3170 2560 3244 purgatis
2591 3169 2767 3224 oculis
2795 3169 3106 3240 attingeret
3120 3169 3449 3238 angelorum
3472 3167 3654 3220 lucem.

2082 3261 2360 3316 Continuo
2388 3259 2544 3314 ﬂexis
2571 3257 3088 3329 genibus,adorans
3117 3257 3174 3310 ia
3207 3258 3331 3310 loco
3362 3255 3454 3310 ubi
3499 3259 3658 3308 stete-

2081 3356 2215 3404 runt
2240 3348 2410 3420 pedes
2438 3347 2682 3411 Domini,
2714 3353 2768 3400 et
2799 3346 2956 3417 quasi
3005 3346 3130 3417 ipsa
3169 3345 3400 3399 Domini
3444 3342 3660 3412 vestigia

2081 3433 2428 3505 exosculans,
2463 3439 2808 3509 Magdalenaa
2848 3438 3070 3493 ﬂetibus
3117 3437 3360 3507 rigabat,
3391 3443 3660 3492 zeternam-

2082 3548 2190 3604 que
2220 3531 2578 3584 dilectionem
2611 3529 2665 3582 in
2685 3528 2770 3581 his
2789 3526 3212 3582 aromatizabat.
3267 3559 3286 3573 ο

2151 3661 2508 3733 Perpendens
2534 3661 2702 3714 etiam
2733 3661 2878 3714 hanc
2901 3665 3112 3714 terram
3143 3659 3387 3722 caelestis
3425 3654 3658 3712 beneﬁcii

2079 3753 2300 3824 plenam
2327 3750 2710 3812 inundatione,
2735 3749 2830 3803 ubi
2849 3748 3080 3803 emicuit
3105 3749 3228 3802 fons
3253 3748 3400 3808 vitae,
3423 3745 3656 3801 baculum

2076 3842 2185 3912 ipsi
2216 3842 2336 3896 loco
2368 3839 2668 3910 impressit,
2682 3855 2808 3892 cum
2840 3854 2950 3908 quo
2972 3853 3101 3892 mox
3124 3843 3460 3892 testuantem
3491 3832 3654 3888 laticis

2081 3931 2204 4004 puri
2252 3929 2564 3984 scatebram
2611 3927 2820 3982 elicuit.
2872 3927 3032 3982 Unde
3074 3943 3268 3994 omnes
3314 3928 3428 3981 Deo
3465 3923 3660 3996 gratias

2080 4019 2321 4074 libantes
2349 4018 2418 4071 ad
2457 4017 2776 4070 satietatem
2827 4015 3038 4070 refecit.
3094 4015 3202 4080 Qui
3257 4015 3320 4071 in
3371 4031 3556 4070 amnes
3609 4017 3658 4064 et

2082 4108 2290 4162 rivulos
2329 4107 2598 4160 hactenus
2627 4107 2880 4166 ditiusus.
2913 4105 3029 4159 haec
3055 4105 3179 4158 loca
3205 4105 3364 4175 prius
3407 4099 3656 4162 solitaria,

2083 4199 2515 4273 pepulosissima
2552 4198 2806 4270 praebuit.
2865 4197 2972 4252 Ubi
3031 4197 3354 4267 Theologus
3403 4195 3662 4250 confessor

2089 4287 2310 4344 Domini
2345 4305 2379 4342 ιι
2408 4288 2686 4342 cernendo
2729 4288 2928 4351 Deum,
2970 4302 3138 4358 quem
3186 4286 3263 4340 ibi
3327 4285 3502 4352 vidit,
3540 4283 3660 4338 Cer-

2079 4380 2211 4434 nhel
2280 4375 2385 4444 ‘90)
2439 4377 2558 4430 loco
2613 4392 2818 4430 nomen
2872 4375 3113 4430 indidit:
3171 4375 3319 4446 quod
3365 4391 3431 4428 ex
3483 4371 3662 4427 Latino

2080 4468 2427 4538 Hebr-deoque
2443 4472 2764 4520 contextum
2789 4464 2848 4519 in
2871 4481 3044 4518 unum
3061 4465 3288 4520 coaluit.
3315 4465 3500 4520 Prima
3525 4460 3660 4515 enim

2079 4557 2294 4628 syllaba
2315 4571 2466 4619 cern,
2501 4555 2700 4616 visum,
2734 4553 2980 4608 secunda
3023 4555 3136 4619 hel,
3189 4554 3442 4608 declarat
3479 4553 3658 4606 Deum.

2081 4646 2162 4701 lbi
2193 4661 2414 4716 quoque
2445 4643 2774 4702 oratorium.
2810 4643 2868 4697 in
2885 4657 3191 4714 perennem
3219 4641 3542 4696 memoriam
3566 4639 3662 4692 Do—

2080 4734 2298 4788 minicae
2341 4732 2592 4798 visionis,
2635 4732 2865 4786 molitus
2910 4738 3018 4796 est,
3083 4731 3139 4785 in
3183 4731 3410 4786 nomine
3463 4725 3666 4785 Domini

2081 4822 2402 4878 Salvatoris.
2429 4822 2567 4876 Inde
2603 4821 2774 4875 etiam
2816 4821 3290 4876 monasteriumin
3309 4821 3514 4874 honore
3535 4815 3666 4886 prin-

2079 4912 2264 4982 cipum
2297 4911 2676 4982 apostolorum
2719 4910 3061 4971 dedicatum,
3097 4909 3417 4964 Cernelium
3461 4912 3542 4960 est
3583 4919 3666 4973 ap-

2083 5001 2372 5072 pellatum,
2415 5015 2525 5070 quo
2551 5005 2811 5053 constant
2841 4999 3244 5052 monachorum
3276 4998 3442 5053 choro
3465 4996 3666 5049 decora-

2087 5098 2231 5144 tum.
2263 5089 2428 5143 llluin
2459 5095 2646 5142 autem
2705 5087 2932 5148 fontem.
2961 5086 3264 5156 Augustini
3291 5085 3510 5140 nomine
3545 5096 3664 5136 con-

2083 5185 2383 5240 secratum,
2416 5176 2771 5232 credentibus
2782 5193 2903 5231 esse
2933 5175 3386 5244 saluberrimum,
3407 5175 3492 5228 hic
3507 5185 3661 5227 unum

2083 5320 2484 5374 monasterium
2517 5319 2837 5373 Cornelium
2865 5318 3206 5390 appellatum
3220 5307 3662 5390 construiturrdi-

2084 5398 2356 5461 caturque
2377 5392 2440 5449 S.
2479 5391 2676 5451 Petro;
2707 5391 2776 5443 de
2806 5376 2919 5460 quo
2942 5376 2975 5440 ἲν
3031 5387 3320 5461 ΜΑειΙῐηθεὶ).
3350 5387 3429 5440 De
3463 5376 3654 5461 Pontif.

2084 5449 2350 5590 lib.
2389 5477 2451 5529 ιι,
2510 5463 2591 5516 De
2649 5449 2893 5516 Monast.
2955 5459 3345 5525 Shirbunens.,
3407 5463 3532 5520 etc.,
3577 5449 3659 5504 fol.
