3912 6166
208 290 302 351 761

1205 295 1378 351 VITA
1415 296 1472 353 S.
1514 296 1907 355 AUGUSTINI
1945 299 2162 355 ANGL.
2206 296 2453 353 APOST.

3361 286 3467 342 762

207 417 416 473 docebit
435 417 791 486 miraculum,
823 424 965 475 teste
993 420 1295 490 provincia,
1326 438 1506 494 nuper
1533 422 1784 477 declara-
1802 425 1856 484 Α
1872 424 2020 491 diae,
2044 425 2184 479 adeo
2201 425 2256 478 in
2276 437 2498 477 omnem
2518 416 2751 473 deﬂuxit
2777 416 3079 470 vanitatem
3119 417 3183 469 ut
3204 429 3306 468 sua
3328 428 3461 483 gar-

208 511 335 560 tum.

269 601 393 660 63
411 597 593 651 Notus
627 602 713 651 est
741 597 844 652 sub
885 598 1087 653 abbate
1115 600 1459 655 Cerneliensi
1493 600 1788 674 presbyter

207 684 587 755 parochianus,
646 702 805 740 sacra
845 688 1114 758 mysteria
1145 690 1351 760 populo
1382 690 1665 745 celebrare
1694 708 1786 745 as-

206 773 405 827 solitus.
432 775 488 828 Is
501 775 772 844 languore
793 775 1050 839 detritus,
1069 778 1371 847 vigilanter
1385 778 1788 834 observabatur

199 863 303 932 jam
316 862 643 917 moriturus.
659 864 800 930 Nox,
825 870 882 919 et
898 865 1190 935 aegritudo,
1216 884 1475 922 somnum
1507 869 1789 938 suggessit

205 950 421 1004 defesso.
464 951 632 1006 Videt
669 954 1047 1023 Augustinum
1105 956 1369 1011 assistere
1416 958 1786 1013 clementissi-

205 1056 341 1093 mum
365 1041 783 1111 pontiﬁcalibus
812 1044 1175 1109 iedimiculis,
1196 1052 1252 1099 et
1268 1046 1599 1117 przefulgida
1626 1047 1785 1118 virga

204 1128 470 1185 festivum.
498 1128 616 1195 Ille,
647 1135 983 1186 trementem
1016 1132 1220 1188 blando
1259 1135 1505 1206 alloquio
1541 1138 1783 1206 permul-

207 1232 340 1282 cens,
366 1217 531 1287 jubet
545 1235 758 1288 aegrum
779 1237 1028 1297 surgere,
1056 1224 1357 1292 Augustini
1376 1225 1585 1279 fontem
1604 1226 1780 1292 adire,

207 1305 378 1376 ibique
403 1308 553 1361 trina
601 1309 900 1363 iteratione
937 1311 1214 1381 psalmum
1254 1313 1780 1385 quinquagesimum

208 1411 291 1449 ore
314 1396 462 1450 ﬁdeli
504 1397 802 1463 revolvere,
837 1398 986 1453 inter
1040 1401 1392 1471 psallendum
1435 1420 1566 1458 vero
1620 1409 1784 1458 terna

208 1483 520 1539 intinctione
565 1502 768 1557 corpus
814 1488 1049 1554 diluere,
1089 1489 1167 1543 sic
1217 1490 1400 1561 ipsum
1430 1493 1536 1546 vita
1568 1493 1783 1548 donan-

206 1572 323 1625 dum
354 1590 420 1627 ac
446 1574 735 1644 sospitate.

267 1662 329 1716 Et
344 1679 433 1729 ne,
461 1663 666 1734 inquit,
693 1664 1053 1731 dubitaveris,
1073 1666 1189 1721 haec
1205 1667 1387 1738 ipsum
1406 1670 1781 1739 Augustinum

1867 515 2115 579 rulitate,
2151 519 2209 568 et
2234 508 2642 582 inquietudine,
2673 508 2821 561 inter
2849 521 3009 560 sacra
3040 505 3208 560 etiam
3256 502 3460 564 ofﬁcia,

1868 603 2155 657 ecclesiam
2186 601 2444 656 turbaret
2472 603 2529 652 et
2551 596 2787 668 plebem.
2814 594 3249 649 Murmurabant
3268 607 3465 646 omnes

1869 691 2014 761 quod
2036 688 2398 761 perniciosior
2416 685 2521 741 sibi
2551 691 2700 739 esset
2735 684 2979 755 sospitas
3004 698 3267 737 concessa
3290 695 3461 751 quam

1868 781 2023 852 prior
2047 795 2230 851 pcena.
2256 779 2400 833 Hinc
2426 777 2756 844 indignante
2782 790 2882 844 per
2910 771 3294 843 Augustinum
3335 785 3461 823 cor-

1866 869 2107 941 reptrice
2138 867 2358 922 Domini
2392 863 2706 928 clementia,
2741 863 2912 934 pedes
2940 859 3235 923 saltatorii,
3263 863 3321 912 et
3349 857 3461 911 lin-

1866 975 1979 1029 gua
2008 975 2229 1029 procax,
2259 962 2315 1010 et
2360 973 2525 1010 aures
2576 952 2931 1009 scurrilitatis
2959 950 3152 1005 amicas
3182 946 3462 1020 prioribus

1868 1048 2107 1101 \‘inculis
2144 1047 2352 1100 arctius
2380 1045 2704 1115 alligantur,
2760 1043 2935 1095 donec
2965 1041 3182 1111 placato
3219 1036 3461 1092 Domino

1866 1137 2267 1197 satisfactione,
2300 1152 2401 1206 per
2416 1134 2791 1203 Augustinum
2813 1131 3220 1185 relaxarentur.
3253 1126 3344 1181 Sic
3366 1125 3461 1179 ille

1865 1226 2047 1279 denuo
2082 1225 2323 1278 triformi
2356 1224 2607 1278 redditus
2650 1220 2898 1292 corporis
2954 1219 3205 1284 sanitati,
3262 1214 3462 1286 majori

1865 1315 2034 1369 etiam
2065 1314 2307 1368 donatur
2325 1320 2560 1367 sensata:
2591 1311 2794 1365 mentis
2824 1307 3236 1363 incolumitate.

1935 1403 2122 1458 Vitam
2156 1410 2212 1457 et
2226 1402 2542 1473 passionem
2566 1398 2795 1471 pretiosi
2816 1396 3096 1469 pontiﬁcis
3119 1400 3177 1449 et
3199 1392 3462 1464 martyris

1866 1491 2064 1557 Livini,
2098 1492 2337 1560 legimus
2393 1507 2423 1543 a
2473 1490 2678 1543 sanctis
2717 1487 3014 1541 comitibus
3045 1484 3162 1539 suis
3198 1482 3452 1548 Foliano,

1868 1581 2007 1645 Elia,
2034 1588 2091 1635 et
2103 1580 2343 1651 Kyliano
2360 1578 2682 1633 ﬁdelissime
2698 1594 2799 1631 suo
2819 1574 3077 1646 scriptori
3096 1572 3407 1644 expositam
3444 1588 3457 1635 ;

1866 1671 1935 1724 de
1966 1685 2078 1741 qua
2113 1685 2292 1740 pauca
2328 1668 2417 1722 hic
2461 1668 2779 1727 inserimus,
2835 1665 2903 1718 ad
2958 1663 3106 1717 beati
3164 1658 3463 1730 Augustini

206 1750 294 1804 tibi
313 1752 496 1807 dicere
510 1754 748 1808 noveris.
769 1754 842 1808 ad
863 1756 1025 1824 cujus
1037 1755 1249 1810 fontem
1267 1757 1546 1828 dirigeris.
1572 1759 1777 1815 Mirum
1802 1779 1849 1838 B
1868 1758 2203 1831 pertinentia
2215 1758 2471 1828 gloriam.
2487 1758 2974 1811 Commemoratur
2989 1752 3062 1806 ibi
3081 1749 3462 1848 Apgustinum

207 1839 366 1895 dictu!
396 1842 658 1896 Protinus
674 1843 1067 1913 expergiscens
1085 1845 1780 1918 semimortuus,tanquam
1865 1848 2125 1903 omnibus
2168 1847 2582 1918 profectuosum
2627 1845 2714 1914 [[2,
2740 1839 3172 1915 profecturum],
3204 1838 3273 1892 ad
3303 1838 3458 1908 pium

206 1946 383 2000 sospes
413 1921 683 2001 exsurgit,
714 1931 1073 2003 innitensque
1094 1933 1312 1999 baculo,
1363 1937 1435 1989 ad
1467 1937 1683 2006 jussum
1706 1939 1783 1992 la-
1864 1955 2051 2008 regem
2093 1936 2291 1991 Scotize
2319 1936 2726 1989 Culomannum
2758 1932 3007 1997 venisse;
3037 1930 3291 1985 Livinum
3319 1943 3457 1997 pue-

206 2034 411 2072 vacrum
439 2021 700 2077 tetendit.
742 2021 1028 2076 Putabant
1068 2024 1325 2077 custodes
1354 2025 1503 2079 hunc
1526 2027 1664 2080 lethi
1692 2027 1782 2081 in-
1865 2044 1989 2081 rum
2016 2026 2093 2080 ibi
2121 2042 2247 2079 cum
2277 2033 2470 2079 sancto
2501 2023 2815 2077 Menalchio
2842 2018 3261 2090 archipontiﬁce
3280 2014 3461 2086 bapti-

207 2109 395 2161 stantia
424 2109 505 2162 sic
540 2109 823 2164 aberrare.
860 2110 1171 2181 Sublegunt
1215 2114 1335 2183 ejus
1390 2114 1625 2185 vestigia
1669 2133 1782 2171 non
1863 2132 2047 2179 zasse;
2080 2131 2289 2184 regem,
2314 2119 2372 2167 et
2400 2112 2652 2183 reginam
2694 2111 2842 2165 inter
2884 2106 3281 2180 baptizandum
3313 2105 3460 2157 hunc

206 2196 518 2263 resistendo,
558 2199 653 2252 sed
685 2199 872 2269 potius
901 2216 1030 2271 quo,
1059 2202 1136 2254 vel
1173 2202 1241 2254 ad
1272 2202 1405 2272 quid
1426 2205 1778 2273 processerit,
1864 2205 2194 2274 suscepisse,
2222 2204 2476 2256 dextram
2507 2217 2738 2255 auream
2794 2200 2919 2253 fuso
2974 2199 3215 2267 desuper
3259 2193 3461 2264 jubare

207 2287 541 2355 esplorando.
574 2288 745 2359 {Eger
781 2288 839 2343 in
872 2289 1275 2344 fontislavacro
1294 2291 1462 2345 tertio
1485 2294 1778 2363 mergitur,
1864 2310 2201 2357 coruscasse,
2265 2298 2323 2346 et
2375 2291 2719 2363 baptizatum
2757 2290 2945 2343 divina
2973 2304 3155 2352 cruce,
3197 2301 3324 2340 cum
3355 2284 3460 2337 hac

207 2373 494 2443 injunctum
518 2378 796 2447 psalmum
824 2377 992 2432 tertio
1015 2379 1354 2436 modulatur.
1381 2381 1467 2445 Et,
1487 2398 1520 2435 o
1541 2382 1778 2436 celerem

209 2463 463 2518 medicum
494 2466 695 2519 suum!
726 2468 1049 2537 aegerquasi
1086 2468 1155 2521 de
1189 2474 1369 2524 morte
1396 2471 1783 2541 resuscitatus,

207 2571 379 2626 sospes
394 2557 619 2610 domum
639 2559 974 2627 regreditur.
1004 2560 1160 2623 Quod
1183 2578 1316 2630 ergo
1334 2561 1565 2618 Elismus
1603 2564 1788 2633 exegit

208 2642 256 2695 in
285 2644 494 2715 leproso
517 2653 748 2716 septeno
770 2647 1008 2713 lavacro,
1043 2648 1386 2719 septiformis
1424 2651 1785 2723 DominiSpi-

208 2731 336 2786 ritus
364 2742 733 2799 sacramento,
795 2736 899 2789 hoc
935 2737 1284 2807 Augustinus
1332 2740 1783 2810 compendiosius

209 2822 427 2891 explevit
452 2823 511 2876 in
539 2824 838 2894 languido;
870 2830 1033 2880 terno
1063 2826 1320 2881 videlicet
1347 2828 1572 2883 viviﬁcae
1591 2830 1783 2884 Trini-

207 2910 322 2963 tatis
351 2908 736 2982 probamento.
767 2914 891 2967 Jam
923 2931 1052 2968 vero
1082 2915 1209 2986 quis
1236 2933 1512 2987 exponere
1541 2919 1782 2974 sufﬁciat

206 3003 403 3053 tantam
431 3006 660 3072 tamque
683 3003 989 3071 jucundam
1027 3005 1277 3058 omnium
1328 3005 1778 3073 admirationem,

206 3103 316 3141 cum
349 3106 509 3144 mane
532 3089 704 3145 abbas
738 3097 794 3145 et
828 3091 1032 3147 fratres
1078 3110 1204 3147 cum
1235 3094 1516 3165 frequenti
1573 3096 1781 3167 populo

206 3176 474 3231 audissent
503 3178 689 3248 ipsum
718 3181 1065 3234 sacerdotem
1087 3181 1306 3244 missas,
1341 3188 1398 3236 et
1426 3183 1593 3237 horas
1625 3183 1781 3238 debi-

205 3269 297 3327 tas,
324 3266 530 3320 astanti
557 3267 739 3322 turbae
776 3269 1193 3335 decantantem,
1252 3273 1414 3342 cujus
1453 3288 1648 3327 omnes
1687 3290 1783 3327 ex-

206 3354 514 3422 spectabant
563 3355 1050 3412 internecionem?
1105 3359 1205 3413 lllo
1243 3376 1527 3431 exponens
1568 3361 1784 3432 publice

208 3457 296 3510 per
345 3443 599 3496 ordinem
656 3445 1037 3514 Augustinum
1082 3463 1197 3501 suae
1255 3449 1696 3519 recuperationis
1727 3450 1785 3503 in

208 3528 410 3585 Christo
448 3532 622 3586 fuisse
673 3540 979 3599 auctorem,
1032 3552 1228 3590 omnes
1263 3537 1323 3590 in
1364 3539 1635 3608 majorem
1688 3537 1787 3593 Dei

210 3620 393 3673 excitat
414 3620 660 3685 laudem,
695 3624 984 3694 sanctique
1004 3625 1091 3678 sui
1121 3626 1557 3680 venerationem.

276 3708 401 3763 Post
427 3711 826 3780 pel-lustratam
857 3728 985 3766 cum
1005 3714 1215 3767 crebris
1245 3714 1563 3787 virtutibus,
1590 3732 1656 3770 ex
1678 3732 1796 3772 ma-

211 3812 310 3863 gna
331 3806 488 3868 parte
512 3799 878 3867 Britanniam,
924 3818 1179 3871 regresso
1217 3804 1530 3873 Augustino
1579 3805 1650 3858 ad
1700 3823 1791 3875 pe-

1868 2400 1998 2437 voce
2024 2391 2112 2437 ter
2137 2382 2497 2450 consignasse
2535 2399 2546 2433 :
2589 2382 2826 2435 Dilectus
2871 2380 2972 2432 Deo
3020 2382 3071 2429 et
3120 2375 3457 2438 hominibus,

1868 2477 2026 2541 cujus
2077 2475 2348 2525 memoria
2378 2473 2439 2523 in
2466 2471 2829 2523 benedictione
2858 2473 2932 2520 est
2964 2468 3149 2535 (Eccli.
3203 2477 3332 2526 XLV,
3381 2462 3459 2529 1).

1869 2562 2031 2615 llunc
2048 2578 2174 2614 cum
2208 2560 2568 2623 adolesceret,
2613 2563 2670 2611 et
2715 2555 3019 2610 mundialis
3046 2553 3241 2623 gloriae
3289 2567 3463 2606 nexus

1867 2650 2202 2720 abrumpere
2215 2654 2498 2713 aestuaret,
2513 2647 2748 2717 angelus
2771 2644 2992 2700 Domini
3011 2643 3194 2714 palam
3208 2642 3463 2695 salutans

1865 2757 1928 2794 ex
1961 2738 2205 2802 nomine,
2243 2737 2573 2804 dicensque:
2603 2758 2625 2785 ι
2648 2736 2783 2799 Ave,
2816 2734 2991 2788 frater
3020 2731 3241 2796 Livine;
3280 2748 3302 2778 ι
3338 2729 3465 2783 hor-

1863 2834 2020 2882 tatur
2040 2833 2103 2881 ut
2131 2826 2200 2880 ab
2221 2825 2434 2895 Anglia:
2481 2823 2733 2879 antistite
2782 2819 3098 2892 Augustino
3128 2817 3464 2889 praesidente

1864 2915 2245 2982 Doroberniae,
2286 2915 2459 2970 totius
2500 2913 2814 2967 sanctitatis
2842 2911 3179 2964 documenta
3206 2910 3465 2977 pergeret

1864 3005 2135 3076 accipere.
2157 3005 2332 3068 Quem
2348 3004 2710 3058 festinantem
2743 3001 2811 3055 ad
2846 3015 3020 3065 mare,
3053 2996 3285 3067 angelus
3316 2995 3465 3048 exci-

1864 3095 2022 3166 piens
2039 3093 2395 3147 serenissima
2416 3090 2831 3164 pulchritudine
2844 3106 2907 3143 ac
2930 3087 3197 3142 melliﬂua
3210 3085 3470 3139 exhorta-

1863 3185 2037 3245 tione,
2072 3200 2197 3237 cum
2216 3181 2636 3253 praenomiuatis
2652 3179 2829 3234 tribus
2852 3177 3018 3232 sociis
3044 3175 3222 3240 duxit,
3256 3190 3464 3244 praece-

1864 3273 2048 3326 dendo
2065 3288 2165 3343 per
2178 3272 2374 3340 longos
2389 3276 2603 3324 tractus
2619 3269 2822 3341 pelagi.
2844 3266 3010 3349 Ibant
3036 3269 3196 3318 tanta
3216 3262 3461 3317 oblecta-

1864 3363 2017 3417 tione
2041 3366 2102 3415 ut
2127 3365 2391 3433 putarent
2414 3377 2474 3414 se
2504 3376 2615 3414 non
2653 3359 2820 3425 freta,
2868 3356 2965 3410 sed
3023 3353 3360 3408 solidissima
3400 3367 3466 3406 ac

1868 3450 2268 3505 ﬂorentissima
2296 3455 2459 3519 prata
2487 3449 2719 3501 calcare.
2753 3443 3085 3500 Gaudebant
3114 3459 3175 3497 se
3196 3440 3355 3512 quasi
3407 3439 3467 3495 in

1870 3544 2061 3592 monte
2089 3537 2472 3607 transﬁgurati
2495 3531 3179 3603 Dominisplendidissimo
3199 3527 3466 3584 deambu-

1875 3628 2011 3692 lare,
2048 3627 2143 3682 ubi
2177 3629 2378 3681 Petrus
2424 3642 2548 3679 cum
2607 3625 2896 3695 discipulis
2949 3619 3178 3692 optabat
3237 3633 3467 3671 manere

1876 3718 2089 3789 (Matth.
2120 3732 2247 3780 xvn,
2279 3720 2353 3769 ω.
2387 3717 2503 3769 Hac
2528 3730 2728 3784 nempe
2770 3711 2970 3766 ﬂorida
2999 3715 3057 3764 et
3098 3724 3320 3762 amoena
3344 3723 3469 3761 sua-

1874 3806 2066 3867 vitate,
2102 3804 2446 3860 docebantur
2474 3804 2632 3857 illum
2668 3802 2953 3856 doctorem
2983 3804 3266 3870 appetere,
3287 3796 3356 3850 de
3376 3812 3469 3849 cu-

208 3899 421 3940 rennem
440 3887 846 3942 habitationem
877 3906 1038 3944 suam
1067 3891 1495 3959 Doroberniam,
1542 3894 1791 3964 undique
1868 3897 1960 3965 jus
1992 3895 2158 3948 corde
2189 3900 2248 3948 et
2273 3910 2369 3947 ore
2394 3893 2690 3947 haurirent
2717 3897 2911 3945 nectar
2933 3886 3249 3943 dilectionis
3275 3891 3466 3956 pater-

213 3976 507 4030 occurritur
535 3993 569 4030 a
597 3977 903 4032 domestico
931 3980 1158 4049 populo,
1186 3993 1456 4051 tanquam
1487 3998 1603 4036 sua:
1637 3983 1789 4053 pacis
1874 4000 1977 4041 na).
2003 3992 2060 4038 et
2090 3985 2201 4037 mel
2239 3982 2552 4037 dulcedinis
2588 3987 2809 4035 aeternae
2834 3999 2848 4048 ;
2884 3980 2954 4032 de
2982 3994 3142 4046 enjus
3189 3974 3468 4029 nardiﬂuo

210 4064 410 4132 angelo,
433 4072 489 4119 et
516 4072 784 4136 tanquam
828 4067 933 4120 soli
987 4068 1058 4121 ad
1100 4074 1292 4123 ortum
1324 4086 1490 4124 suum
1524 4070 1784 4137 reducto,
1873 4072 2036 4125 horto
2066 4077 2362 4141 carperent
2380 4075 2633 4123 aromata
2672 4069 2796 4121 vita:
2820 4108 2834 4131 ,
2868 4082 2978 4136 quo
3007 4065 3149 4118 duce
3178 4068 3470 4118 currerent

211 4150 297 4204 ubi
325 4155 665 4224 recolligitur
708 4172 741 4208 a
774 4156 987 4210 cunctis
1037 4157 1368 4227 triumphali
1402 4158 1603 4227 jubilo.
1636 4160 1791 4213 Tunc
1873 4178 1973 4231 per
1996 4160 2186 4214 omnia
2212 4160 2411 4212 ﬂoreta
2450 4157 2692 4211 caelestis
2722 4154 3103 4227 philosophiae,
3156 4157 3219 4205 et
3260 4149 3472 4205 uberri-

212 4243 504 4296 contluente
526 4242 693 4296 turba
713 4244 979 4298 debilium
999 4245 1068 4298 ad
1089 4251 1204 4299 tam
1224 4246 1422 4300 salutis
1444 4247 1787 4317 prodigium,
1873 4265 1995 4302 mos
2024 4264 2251 4318 campos
2277 4245 2541 4301 theoricze
2562 4244 2849 4298 doctrinae.
2874 4240 3165 4296 Perductis
3184 4242 3304 4309 jam
3329 4254 3470 4291 san-

212 4326 496 4384 intervenit
548 4332 771 4400 juvenis
814 4333 1113 4404 tripliciter
1159 4335 1528 4398 miserandus,
1584 4336 1977 4428 tripliciDctis
1999 4337 2070 4390 ad
2099 4335 2301 4390 Cantia
2348 4331 2608 4405 [Cantize]
2656 4333 2866 4394 littora,
2917 4328 3472 4428 dus-angelus.

210 4431 345 4469 nexu
365 4419 695 4473 calamitatis
725 4419 1043 4475 obstrictus.
1077 4423 1327 4477 lncurvis
1356 4424 1601 4493 vestigiis
1636 4413 1852 4493 geni-u
1872 4427 1995 4479 luce
2024 4423 2332 4495 splendida,
2386 4438 2495 4492 quo
2552 4425 2864 4490 sequantur
2917 4417 3165 4479 comites,
3222 4414 3371 4469 redit
3397 4413 3470 4468 ad

209 4502 306 4557 bus
328 4506 689 4574 gradiebatur
724 4525 825 4578 pro
868 4509 1120 4579 pedibus,
1153 4511 1550 4582 Obstructoque
1585 4527 1700 4576 ore,
1735 4515 1793 4565 et
1871 4514 2101 4567 aethera.
2136 4512 2225 4566 Sic
2254 4511 2450 4565 beatus
2504 4509 2733 4563 Livinus
2779 4506 3032 4578 pervenit
3080 4505 3149 4559 ad
3180 4503 3470 4558 desidera-

211 4593 422 4648 auribus
438 4612 541 4649 nec
556 4596 730 4667 loqui,
754 4614 857 4651 nec
871 4598 1067 4652 audire
1082 4599 1375 4669 loquentes
1398 4605 1637 4671 poterat,
1662 4616 1789 4653 sur-
1873 4602 2152 4657 tiSSimum
2175 4600 2583 4669 Augustinum;
2615 4597 2764 4668 apud
2804 4612 2969 4667 quem
2986 4600 3109 4659 60
3130 4595 3207 4648 ita
3238 4592 3474 4665 profecit

211 4681 326 4746 dus,
353 4691 405 4737 et
435 4692 644 4739 mutus.
694 4686 803 4740 Dat
846 4688 1122 4756 gemitum
1155 4706 1256 4759 pro
1286 4688 1561 4759 precibus.
1605 4688 1791 4759 Signis
1873 4709 1974 4762 per
2011 4688 2454 4761 quinquennium
2508 4693 2573 4742 ut
2623 4686 2766 4740 tanti
2800 4685 2977 4758 patris
3007 4683 3212 4738 filiolus
3249 4681 3318 4736 ab
3348 4683 3472 4754 ipso

212 4770 554 4843 depreCatur;
586 4774 763 4844 signis
792 4775 1195 4844 interrogatur,
1229 4777 1407 4847 signis
1428 4778 1677 4848 poscenti
1699 4795 1791 4831 re-
1874 4781 2114 4837 donatus
2143 4776 2583 4833 sacerdotalibus
2606 4773 3292 4844 indumentis,susciperet
3313 4772 3470 4839 (ado—

212 4860 520 4928 spondetur.
560 4862 736 4916 Audit
768 4864 1119 4934 Augustinus
1149 4881 1259 4918 non
1285 4865 1629 4936 loquentem.
1662 4867 1794 4920 allo-

214 4947 390 5016 quitur
416 4966 531 5004 non
551 4951 893 5015 audientem,
928 4952 1122 5023 dirigit
1138 4969 1247 5006 non
1272 4953 1676 5007 ambulantem.
1700 4952 1795 5009 Sic

211 5032 443 5106 inquam,
475 5037 810 5092 triformiter
837 5039 1127 5108 miserum,
1161 5041 1217 5094 in
1247 5040 1411 5095 trime
1431 5040 1669 5097 Deitatis
1698 5058 1795 5096 no-

215 5122 366 5189 mine,
394 5126 600 5197 triplici
633 5127 813 5180 donat‘
835 5128 1043 5185 salute.

276 5210 488 5268 Reform
497 5215 605 5268 atis
617 5215 1112 5284 gressibus,erexit
1120 5216 1279 5270 claud
1288 5234 1378 5271 um
1387 5218 1698 5288 ,loquacem
1711 5218 1793 5272 fe-

216 5299 284 5353 cit
304 5304 715 5369 mutum,surdo
729 5304 935 5360 infudit
951 5306 1145 5360 auditu
1154 5307 1314 5361 m.De
1331 5306 1576 5361 trimoda
1594 5323 1798 5377 angus-

218 5387 549 5455 tia,trimoda
563 5400 760 5447 curato
774 5394 1022 5448 nascitur
1040 5395 1247 5449 laetitia.
1288 5394 1478 5449 Currit
1502 5395 1790 5455 inoffense,

218 5475 450 5548 loquitur
468 5483 996 5553 plane,auditclare;
1018 5483 1116 5537 sed
1139 5500 1295 5538 mens
1305 5484 1549 5538 hominis
1564 5488 1796 5538 ventosa

221 5562 500 5627 immemor
518 5572 771 5642 pristina}
801 5572 1040 5628 miserize
1060 5578 1118 5626 et
1135 5572 1435 5645 impatiens
1453 5572 1649 5627 salutis
1673 5571 1797 5627 red-

1874 4870 2117 4923 lescente
2151 4865 2373 4936 quidem
2404 4881 2538 4927 aevo,
2586 4864 2686 4917 sed
2717 4863 2907 4918 animo
2935 4862 3260 4933 gi'andazvo)
3282 4877 3472 4916 sacer-

1875 4957 2108 5021 dotium;
2151 4955 2343 5024 sicque
2389 4953 2459 5006 de
2505 4952 2776 5024 discipulo
2810 4953 3078 5022 magister
3129 4952 3315 5022 gentis
3357 4966 3472 5005 sua:

1874 5050 2311 5115 consequeretur
2357 5056 2645 5096 summum
2700 5042 3050 5112 pontiﬁcium
3101 5048 3159 5096 et
3214 5038 3473 5111 martyrii

1874 5134 2149 5188 bravium.

1948 5221 2215 5293 Sequitur
2245 5219 2532 5274 attestatio
2561 5218 2850 5290 cujusdam
2862 5215 3470 5286 veternosi,quihacte-

1877 5328 1985 5365 nus
2013 5310 2223 5364 durans
2241 5309 2443 5362 asserit
2468 5324 2631 5362 avum
2663 5324 2825 5362 suum
2846 5306 3070 5360 beatum
3090 5301 3471 5372 Augustinum

1876 5394 2100 5458 vidisse,
2131 5399 2189 5447 et
2207 5393 2389 5465 ipsum
2419 5409 2584 5446 avum
2613 5392 2681 5444 de
2702 5391 2915 5444 lubrico
2948 5405 3015 5442 ac
3040 5384 3468 5441 nebulosissimo

1878 5483 2257 5538 Christianum
2283 5481 2600 5536 modestum
2655 5478 2725 5533 ab
2771 5479 2894 5548 ejus
2928 5474 3256 5546 baptisteria
3284 5490 3471 5529 surre-

1876 5571 2056 5637 xisse;
2107 5573 2290 5644 ipsum
2341 5587 2469 5625 vero
2516 5575 2795 5636 sanctum,
2854 5562 3307 5630 innumerabilia,
3344 5562 3469 5633 jugi
