3872 6168
444 263 546 331 763
1393 276 1491 330 AD
1526 277 1768 333 OPERA
1804 278 1868 333 B.
1907 277 2327 335 LANF'RANUI
2364 276 2751 333 APPENDIX.

3584 279 3673 340 γει

442 401 608 457 turba
628 402 887 463 vallente,
909 403 1071 473 signa
1099 410 1374 474 patrasse.
1415 406 1712 461 Referebat
1740 408 1885 462 idem
1919 407 2378 465 mo-Aomnibus
2422 413 2705 479 perpetuae
2765 403 3080 458 dilectionis
3129 401 3378 473 pignora,
3431 410 3678 474 prasente

442 492 652 547 demus
680 497 983 562 superstes,
1017 492 1087 546 ab
1114 509 1218 547 avo
1256 505 1313 548 et
1360 502 1518 565 patre
1572 498 1806 551 relatam
1854 499 2031 551 sancti
2115 497 2236 567 ipso
2266 513 2396 566 rege
2416 513 2539 550 cum
2593 496 2856 566 pontifice
2904 494 3223 556 Laurentio,
3265 492 3408 546 inter
3452 495 3675 548 omnium

392 624 404 633 .
442 581 699 643 formam,
727 596 1021 651 personam
1064 582 1376 652 patriciam,
1404 590 1676 638 staturam
1719 602 2029 655 proceram,
2116 587 2428 656 lacrymosa
2457 585 2732 647 examina,
2777 584 3019 636 vallante
3045 598 3175 636 eum
3225 582 3502 635 lmtissima
3534 583 3670 636 caele-

436 669 738 740 ipsumque
774 669 941 723 nudis
967 670 1199 740 pedibus
1229 673 1470 742 patriam
1512 674 1821 738 lustranda,
1863 676 2033 728 callos
2116 675 2284 729 stium
2316 675 2537 737 chorea,
2575 672 2802 727 transiit
2829 672 2899 725 ad
2926 678 3135 725 aeterna
3182 670 3386 723 Christi
3416 670 3675 724 solemnia.

441 758 500 811 in
513 758 718 828 plantis
734 760 1049 812 attraxisse.
1078 760 1412 816 Affirmabat
1431 779 1558 816 eum
1585 764 1844 817 eumdem
1866 780 2030 817 avum
2116 764 2269 828 Quos
2290 763 2471 817 inﬁmi
2499 762 2821 816 laudatores
2848 775 3276 831 prosequamur.
3307 775 3416 812 non
3442 774 3503 812 ex
3519 775 3681 829 eaqua-

442 862 508 900 ex
555 845 947 901 benedictione
986 847 1347 918 baptizatoris
1376 852 1695 920 Augustini,
1729 853 2034 923 plurimum
2116 853 2266 907 libus
2299 851 2634 923 planctibus,
2676 851 2771 903 sed
2801 851 2889 903 his
2917 841 3394 919 triumphantibus
3428 847 3676 901 cantibus.

441 935 593 988 ultra
618 940 841 990 centum
869 953 1047 991 annos
1077 938 1274 993 vixisse
1299 938 1466 1011 (107i.
1501 941 1791 1011 ipsamque
1835 942 2037 1011 longaz-
2117 942 2357 1011 Regnas,
2382 940 2715 1009 Augustine,
2748 938 3018 1007 Augustis
3037 936 3479 996 saacuiinomine.
3502 943 3554 989 et
3573 936 3680 1005 dig-

438 1024 629 1077 vitatis
657 1024 1103 1079 benedictionem
1136 1027 1191 1079 in
1216 1034 1430 1097 patrem
1458 1045 1623 1083 suum
1663 1030 2034 1090 descendisse,
2118 1031 2297 1084 nitate
2328 1029 2649 1089 sublimior;
2685 1028 2780 1098 qui
2807 1027 3011 1081 auxisti
3039 1042 3157 1079 rem
3187 1025 3395 1079 Christi
3411 1024 3677 1094 publicam,

440 1112 500 1166 in
516 1130 576 1166 se
601 1113 771 1167 etiam
799 1115 1151 1168 centenarias
1178 1117 1601 1186 progenitorum
1650 1135 1827 1172 annos
1874 1120 2039 1189 longe
2122 1125 2178 1173 et
2215 1120 2480 1173 Romanae
2512 1117 2767 1171 Ecclesiae
2814 1115 3068 1184 adjecisti
3110 1113 3477 1178 Britanniam,
3508 1114 3681 1167 melius

442 1202 767 1256 excrevisse.
2114 1225 2283 1279 quam
2328 1207 2516 1261 Caesar
2570 1209 2857 1275 Augustus
2902 1203 3171 1258 Romanis
3220 1202 3416 1272 apibus
3480 1202 3683 1261 Alexan-

513 1291 634 1343 Jam
666 1292 891 1345 aeternis
920 1293 1203 1346 amoribus
1224 1299 1374 1347 totus
1398 1297 1641 1359 saucius,
1662 1296 2029 1366 Augustinus,
2114 1298 2317 1352 driain.
2344 1298 2422 1350 Te
2440 1312 2619 1365 reges,
2646 1300 2702 1348 et
2726 1293 3023 1364 principes,
3048 1298 3105 1344 et
3127 1296 3359 1344 senatus
3379 1290 3674 1360 Anglorum.

437 1379 555 1447 jam
605 1395 639 1431 a
684 1381 925 1434 terrenis
955 1382 1289 1436 tumultibus
1318 1384 1373 1436 in
1406 1385 1656 1454 requiem
1703 1386 1919 1438 Domini
1943 1385 2036 1438 ab-
2121 1392 2179 1440 et
2206 1385 2371 1439 turba
2398 1385 2653 1455 gentium
2676 1383 3018 1436 comitantur
3046 1381 3105 1433 in
3128 1380 3352 1433 coelum.
3414 1380 3487 1432 Te
3523 1379 3681 1448 angeli

441 1474 686 1538 sorptus,
713 1468 820 1521 vim
851 1469 1088 1524 faciebat
1111 1472 1249 1524 cmlo
1270 1472 1480 1525 crebris
1498 1490 1746 1543 precum.
1767 1474 2038 1545 suspirio-
2122 1482 2179 1529 et
2203 1474 2543 1544 archangeli,
2574 1472 2762 1526 throni
2796 1478 2854 1524 et
2879 1469 3296 1524 dominationes
3321 1467 3604 1538 excipiunt,
3634 1473 3682 1521 te

443 1571 590 1615 rum,
616 1560 673 1608 et
696 1557 1070 1627 lacrymarum
1105 1560 1373 1630 pulsibus.
1421 1561 1670 1615 Tandem
1720 1562 2039 1631 intelligens

444 1660 509 1697 ex
539 1645 776 1714 Spiritus
808 1647 986 1700 sancti
1004 1664 1271 1718 responso
1293 1666 1355 1703 su
1371 1667 1461 1703 um
1487 1651 1807 1704 exauditum
1826 1652 2041 1705 deside-

2121 1570 2353 1618 coronat
2376 1564 2492 1617 Rex
2522 1578 2745 1631 regum.

2193 1652 2256 1706 In
2291 1651 2632 1705 monasterio
2656 1666 2786 1703 vero
2820 1647 2969 1718 quod
2998 1645 3270 1708 condidit,
3302 1661 3337 1698 a
3365 1649 3545 1698 sancto
3558 1644 3682 1698 Lau-
3778 1706 3783 1711 _

442 1732 610 1799 rium,
643 1735 1083 1790 sacratissimum
1107 1737 1493 1803 Laurentium,
1513 1740 1840 1809 apostolicis
1870 1741 2041 1794 virtu-
2058 1724 2102 1782 Β
2122 1741 2323 1802 rentio,
2358 1741 2479 1810 ipso
2504 1756 2635 1807 rege
2661 1738 2974 1797 Edelberto,
2994 1743 3049 1789 et
3070 1734 3257 1805 patria
3285 1735 3585 1787 conﬂuente
3602 1733 3683 1785 de-

442 1820 594 1874 tibus
613 1823 941 1892 praeclarum
966 1832 1022 1878 et
1050 1825 1199 1880 inter
1212 1834 1432 1881 sanctos
1453 1830 1683 1881 comites
1696 1830 2037 1899 praecipuum

443 1927 575 1980 rege
603 1927 728 1964 cum
771 1914 992 1967 conﬂuo
1030 1916 1237 1985 popula
1268 1917 1326 1969 in
1355 1917 1690 1971 immensum
1740 1927 2043 1988 congratu-

447 1999 617 2062 lante,
641 2000 863 2054 ordinat
911 2018 1039 2056 cum
1086 2005 1237 2057 omni
1266 2006 1501 2058 solemni
1554 2007 1761 2075 gaudio
1789 2008 1895 2061 sibi
1926 2025 2045 2061 suc-

443 2104 742 2153 cessorem,
773 2095 838 2142 ut
866 2092 1145 2160 quondam
1164 2095 1542 2163 apostolorum
1568 2096 1823 2165 princeps
1845 2097 2043 2151 Petrus

446 2176 815 2241 Clementem,
842 2179 1098 2233 videlicet
1118 2180 1189 2234 ob
1218 2183 1448 2236 novellae
1478 2183 1893 2239 informationis
1942 2202 2043 2239 ne-~

445 2264 784 2319 cessitatem.
826 2268 1008 2321 Antea
1050 2275 1237 2323 autem
1300 2271 1570 2326 Mellitum
1620 2281 2045 2328 consecraverat

448 2353 754 2407 Lundoniae
783 2355 1123 2427 episcopum,
1159 2360 1495 2430 Justumque
1546 2361 1665 2415 Rofi
1697 2362 1819 2431 [01,,
1851 2363 2043 2433 Raii‘ae]

446 2440 553 2494 sibi
582 2443 1026 2511 suifraganeum;
1060 2464 1299 2518 quorum
1330 2448 1578 2503 Mellitus
1607 2450 1827 2514 tertius,
1852 2452 2044 2505 Justus

449 2530 508 2583 in
535 2531 1054 2601 archiprmsulatum
1092 2536 1197 2589 sibi
1236 2538 1504 2591 successit
1534 2546 1788 2609 quartus.

520 2619 644 2673 Jam
676 2637 806 2674 vero
827 2623 1117 2677 exhortata
1140 2642 1288 2693 rege.
1328 2633 1385 2680 et
1414 2627 1680 2696 Ecclesia,
1740 2645 1803 2681 ac
1840 2630 2046 2699 populo

452 2712 517 2761 ut
534 2700 961 2778 perseverarent
984 2711 1038 2765 in
1063 2713 1191 2780 ﬁde,
1207 2720 1264 2768 et
1275 2732 1466 2769 amore
1486 2716 2047 2789 Christi,relinquens

2122 1831 2325 1893 dicato,
2358 1828 2684 1882 reconditur
2699 1824 3172 1897 pretiosissimum
3198 1838 3400 1893 corpus
3424 1822 3537 1890 ejus
3560 1821 3687 1873 festi-

2124 1937 2191 1974 vo
2220 1937 2345 1974 cum
2373 1919 2578 1989 jubilo,
2607 1918 2702 1972 ubi
2743 1917 2983 1971 Romani
3011 1920 3183 1985 atque
3232 1914 3329 1968 alii
3376 1927 3685 1967 successores

2126 2008 2232 2073 sui,
2287 2008 2431 2062 sicut
2487 2023 2598 2061 uno
2652 2006 2862 2070 animo,
2891 2006 2971 2058 ita
3000 2018 3113 2057 uno
3153 2003 3491 2072 colliguntur
3532 2000 3685 2055 thala-

2127 2114 2239 2151 mo.

2197 2186 2378 2250 Quam
2404 2184 2636 2256 pulchre
2685 2199 2815 2237 vero
2850 2181 3229 2237 Ecclesiarnm
3286 2195 3483 2250 parens
3533 2179 3683 2232 Roma

2125 2281 2286 2330 tanta
2315 2276 2551 2346 pignora
2578 2274 2772 2339 edidit,
2806 2286 2929 2343 quae
2959 2271 3135 2325 totius
3184 2268 3481 2324 Britannici
3509 2266 3683 2322 Oceani

2126 2365 2324 2419 Patres
2355 2369 2412 2417 et
2440 2363 2791 2417 institutores
2805 2360 3121 2415 emineant!
3157 2359 3379 2423 Quanto
3406 2357 3563 2410 odore
3583 2370 3685 2408 sua-

2127 2454 2316 2507 vitatis
2346 2459 2403 2505 et
2430 2452 2724 2523 splendore
2753 2450 2946 2519 gloriae
2971 2449 3139 2503 unius
3159 2464 3341 2510 amor,
3365 2452 3421 2499 et
3437 2461 3594 2499 unum
3608 2460 3685 2497 cu-

2128 2542 2373 2595 biculum
2408 2541 2575 2594 simul
2616 2539 2887 2601 confovet,
2921 2544 2978 2591 et
2997 2537 3294 2605 astringit!
3326 2535 3428 2599 Qui
3458 2534 3501 2587 si
3520 2532 3685 2586 distin-

2129 2635 2442 2699 guerentur
2479 2644 2578 2697 per
2606 2628 2851 2681 diVersas
2872 2626 3066 2681 mundi
3098 2624 3373 2687 nationes,
3402 2622 3589 2691 singuli
3608 2636 3684 2692 pa-

2132 2717 2285 2772 troni
2314 2717 2550 2787 singulis
2568 2716 2789 2787 populis
2814 2715 3072 2770 salariter
3095 2714 3480 2785 praelucerent.

1333 2823 1573 2891 Emplicz'l
1612 2826 1725 2877 Vlla
1747 2828 1929 2878 sancti
1953 2827 2260 2891 Augustini
2280 2825 2592 2891 Anglorum
2619 2825 2871 2891 apostoli.

521 2902 636 2975 (91)
671 2907 960 2961 Auctorem
989 2912 1185 2963 vixisse
1205 2914 1353 2965 circa
1392 2926 1532 2965 ann.
1561 2910 1699 2969 1000
1727 2929 1791 2966 σε
1816 2915 1900 2967 his
1925 2917 2112 2981 colligi
2134 2917 2324 2983 polesl.

757 3066 909 3078 ιιι-...ιη’-

1060 3148 1501 3271 νΑΒιιΈ
1540 3172 2153 3275 LECTIONES
2227 3181 2368 3273 ET
2444 3175 3126 3274 ADDlTlONES

1581 3335 1687 3400 AD
1732 3334 2190 3401 CHRONICON
2237 3333 2645 3400 BECCENSE

559 3496 776 3567 (Edidit
806 3497 1061 3554 Marteue
1089 3502 1345 3569 Ampliss.
1365 3504 1575 3558 Collecl.
1600 3510 1739 3559 tom.
1772 3503 1869 3569 VI,
1893 3504 1997 3557 col.
2022 3500 2248 3641 φὲὀὸῗχ
2275 3500 2746 3556 ms.bibliotheca3
2775 3499 3148 3554 serenissima;
3170 3497 3380 3567 reginae
3409 3492 3600 3551 Suecize

1960 3591 2015 3627 n.
2224 3611 2236 3626 .

1960 3591 2015 3627 ῐὶ.
2062 3591 2236 3627 Ιὸυῡ)ο

2033 3686 2173 3702 —

530 3781 781 3848 001.653,
818 3788 921 3841 lin.
972 3790 1074 3840 ull.
1115 3785 1218 3841 Cui
1269 3789 1535 3842 successit
1580 3789 1854 3857 Rogerius
1899 3789 2048 3842 ﬁlius
2070 3791 2112 3850 C
2130 3791 2188 3840 et
2213 3791 2344 3840 ante
2372 3785 2551 3839 altare
2578 3784 2755 3839 beatae
2778 3784 2873 3838 Dei
2901 3783 3195 3855 genitricis
3226 3781 3417 3836 Maria:
3440 3780 3494 3834 in
3513 3777 3682 3833 eadem

458 3872 597 3940 ejus.
642 3874 740 3927 Ms.
788 3876 926 3937 carl,
970 3876 1059 3928 cui
1089 3877 1355 3930 successit
1385 3878 1657 3945 Rogerius
1696 3878 1871 3930 frater
1903 3879 2044 3945 ejus.

459 3960 701 4015 Roberto
722 3963 791 4017 de
820 3964 1083 4035 Tougeyo
1114 3967 1298 4036 priore
1321 3967 1627 4020 claustrali.
1656 3967 1754 4020 Ms.
1784 3970 1920 4032 corl.,
1945 3968 2049 4021 Ro-

455 4046 613 4104 berto
641 4052 708 4104 de
728 4052 1043 4125 Torigneyo
1074 4073 1127 4125 p.
1159 4072 1206 4109 c.
1235 4055 1529 4109 Beccensis
1558 4056 1904 4110 monasterii.
1938 4057 2048 4110 Eo-

457 4138 586 4192 dem
618 4155 809 4195 mense
836 4143 947 4196 dux
975 4145 1249 4198 Henricus
1271 4146 1491 4199 rediens
1522 4146 1591 4198 de
1620 4146 1925 4215 Aquitania
1944 4147 2050 4200 Ro-

457 4228 710 4299 thomagi
751 4231 808 4284 in
829 4231 919 4285 die
943 4233 1260 4287 festivitatis
1282 4235 1338 4288 S.
1363 4233 1530 4287 Joan.
1566 4235 1726 4304 Bapt.
1758 4241 2052 4304 gratanter

456 4332 745 4373 assensum
770 4322 1008 4390 praebuit
1034 4322 1309 4393 praedictae
1329 4323 1606 4386 electioni,
1632 4339 1798 4393 quam
1832 4325 2046 4378 archie-

459 4407 719 4478 piscopus
740 4410 1208 4483 Rothomagensis
1246 4414 1427 4483 Hugo,
1460 4414 1543 4467 vir
1571 4428 1808 4468 summa:
1831 4415 2052 4485 religio-

459 4496 547 4549 nis
576 4502 633 4549 et
652 4495 960 4560 industriae,
984 4517 1110 4555 cum
1140 4500 1495 4572 imperatrice
1525 4511 1704 4555 matre
1742 4503 1918 4567 ducis,
1956 4516 2052 4555 an-

422 4589 551 4637 ~tea
581 4591 644 4638 ut
688 4595 989 4656 prmsentes
1028 4590 1396 4645 libentissime
1442 4593 1908 4646 confirmaverant
1957 4593 2052 4645 Se-

459 4670 653 4742 quenti
688 4691 814 4730 vero
839 4693 1031 4733 mense
1058 4680 1115 4733 in
1141 4680 1440 4733 festivitate
1482 4679 1673 4733 Mariae
1702 4679 2051 4750 Magdalenze

458 4763 758 4832 praedictus
795 4766 1006 4819 electus
1036 4766 1361 4821 benedictus
1387 4774 1469 4822 est
1513 4769 1571 4821 in
1609 4768 1866 4823 abbatem
1902 4768 2051 4840 apud

458 4851 516 4906 S.
556 4852 925 4909 Philibertum
957 4856 1026 4909 de
1054 4857 1393 4921 Monteforti,
1421 4857 1491 4910 ab
1526 4857 1769 4911 Heberto
1795 4859 2053 4929 episcopo

2131 3875 2364 3929 ecclesia
2394 3874 2697 3928 honoriﬁce
2725 3874 3028 3944 sepultum.
3070 3874 3235 3927 Anno
3266 3869 3547 3925 millesimo
3573 3879 3681 3918 cen-

2130 3965 2331 4018 tesimo
2373 3962 2786 4033 septuagesimo
2834 3969 3025 4016 octavo
3071 3961 3223 4014 idem
3264 3960 3528 4030 pretiosus
3561 3966 3681 4007 mar-

2129 4058 2223 4124 tyr
2240 4053 2599 4106 canonizatus
2624 4057 2726 4105 est.
2765 4068 2865 4104 ms.
2890 4052 3005 4104 cad.
3037 4066 3127 4103 an.
3160 4049 3315 4115 1173,
3345 4054 3443 4102 etc.

2201 4145 2310 4196 Col.
2342 4141 2467 4206 6.37,
2494 4144 2598 4195 lin.
2641 4140 2728 4197 23.
2761 4141 2834 4195 Et
2860 4139 3108 4194 Rotrodo
3142 4132 3580 4205 Rothomagensi.
3605 4129 3686 4183 Ns.

2131 4233 2267 4295 cod.,
2319 4247 2351 4283 a
2384 4230 2629 4284 Rotrodo
2677 4230 3012 4297 Rothomag.
3068 4229 3193 4281 Lin.
3242 4225 3331 4282 24.
3376 4226 3441 4279 Et
3484 4216 3686 4277 Henrico

2132 4319 2435 4374 Briocensi.
2489 4320 2586 4372 Ms.
2630 4320 2765 4383 cod.,
2822 4318 3061 4371 Henrico
3115 4315 3423 4387 Bajocensi.
3461 4313 3549 4366 Ms.
3590 4306 3684 4360 cod.

2132 4409 2260 4460 add.
2307 4409 2470 4461 Anno
2525 4407 2659 4463 1179
2707 4406 3017 4460 Ludovicus
3066 4422 3163 4459 rex
3221 4407 3542 4458 Francorum
3583 4400 3688 4448 vota

2132 4501 2325 4551 sancto
2349 4497 2576 4550 Thomze
2606 4497 2893 4549 soluturus
2923 4494 3242 4548 orationum
3271 4509 3436 4548 causa
3461 4485 3687 4557 Angliam

2132 4585 2363 4638 intravit
2392 4591 2449 4639 et
2469 4601 2569 4655 per
2592 4585 2842 4637 triduum
2870 4583 3192 4638 Cantuarize
3224 4587 3465 4637 moratus
3486 4583 3579 4631 est.

2205 4675 2314 4728 Col.
2349 4672 2475 4738 6:38,
2505 4677 2610 4727 lin.
2654 4677 2759 4727 ull.
2800 4673 3074 4727 Dominus
3104 4671 3415 4725 Richardus
3434 4669 3498 4721 de
3523 4665 3688 4719 sancto

2134 4762 2500 4832 Leodegario,
2568 4769 2705 4816 tunc
2756 4762 3101 4815 iuﬂrmarius
3152 4759 3397 4832 praedicti
3438 4754 3549 4810 loci.
3601 4749 3685 4805 .lls.

2134 4853 2284 4916 cod.,
2310 4851 2581 4905 Dominus
2612 4844 2922 4904 Richardus
2959 4850 3028 4903 de
3079 4850 3137 4904 S.
3195 4846 3536 4917 Leodegario,
3575 4846 3688 4893 tunc

457 4939 847 4996 Abrincatensi
878 4950 935 4996 et
963 4943 1202 4998 Girardo
1238 4946 1509 5015 Sagiensi,
1556 4947 1925 5016 praesentibus
1953 4950 2053 5001 ab‘-
2130 4940 2474 5011 justitiarius
2506 4940 2756 5010 pradicti
2781 4940 2905 4993 106i.

455 5026 680 5085 batibus
696 5031 936 5101 Rogerio
954 5034 1229 5096 Beccensi,
1260 5033 1531 5089 Michaele
1554 5036 1903 5101 Pratellensi,
1936 5038 2113 5131 Ηιι-Β
2177 5026 2470 5131 ¹6’‹)ι;,659,
2505 5032 2611 5131 lin.
2643 5028 2740 5131 27..
2764 5029 2966 5131 Aptata
2994 5023 3477 5131 Ingelr’annonfqro
3502 5021 3682 5077 ηηῦων

454 5134 602 5187 gone
633 5120 701 5172 de
724 5121 779 5174 S.
806 5122 1092 5177 Salvatore
1114 5124 1548 5178 Constantiensi.

531 5209 642 5262 Col.
678 5208 800 5274 654,
850 5214 953 5265 lin.
1016 5211 1097 5267 15.
1132 5213 1454 5284 Respiciens
1492 5220 1793 5285 augustum
1828 5215 2056 5285 praecisa

458 5299 949 5368 rupesepulcrum.
982 5301 1090 5357 Ms.
1123 5304 1261 5367 cod.,
1313 5302 1551 5372 respicis
1594 5310 1895 5372 angustum
1919 5321 2056 5374 prie

457 5385 571 5438 cisa
602 5402 741 5457 rupe
763 5390 1066 5459 sepultum.

531 5475 640 5528 Gal.
677 5474 800 5543 655,
836 5482 921 5533 lin
971 5474 1060 5535 32.
1118 5478 1436 5545 Mathildis,
1475 5484 1580 5534 etc.
1605 5494 1708 5533 ms.
1728 5482 1864 5546 σαι,
1898 5478 2054 5533 Mas-

406 5644 415 5647 μ
455 5556 651 5628 auidis,
676 5570 781 5619 etc.
812 5568 974 5637 cujus
993 5584 1195 5639 corpus
1224 5569 1375 5640 apud
1408 5570 1642 5624 Beccum
1688 5569 1938 5624 delatum
1970 5573 2057 5625 est

2137 5123 2248 5175 etc.
2290 5121 2386 5171 Ms.
2422 5119 2560 5181 cod.,
2594 5124 2783 5171 amoto
2805 5117 3141 5187 Ingelranno
3168 5115 3289 5169 foro
3314 5112 3469 5166 facto.

2207 5209 2317 5263 Gal.
2348 5205 2473 5271 662,
2507 5204 2609 5259 lin.
2647 5210 2753 5260 ull.
2817 5186 2893 5259 (3e
2938 5206 3025 5259 fut
3066 5220 3134 5258 en
3190 5211 3369 5273 tempe
3423 5199 3488 5253 de
3535 5186 3685 5248 l'abbé

2137 5295 2348 5355 Pierre,
2401 5302 2545 5365 pour
2590 5311 2652 5348 ce
2702 5296 2868 5364 qu’en
2896 5295 3101 5366 pierre.
3131 5299 3234 5347 etc.
3268 5294 3364 5346 Ms.
3395 5289 3498 5343 cod.
3529 5284 3595 5337 Ce
3615 5279 3685 5332 Ωιι

2138 5409 2206 5447 en
2235 5398 2419 5463 temps
2477 5393 2546 5446 de
2606 5392 2784 5447 l’abbé
2816 5391 3025 5457 Pierre,
3057 5391 3093 5445 ὲ
3121 5390 3216 5462 qui
3244 5389 3435 5457 écheyt
3478 5379 3682 5436 maintes

2137 5483 2372 5554 pierres,
2406 5488 2549 5552 pour
2577 5494 2639 5535 re
2665 5484 2829 5553 qu’en
2862 5481 3065 5552 picrre,
3094 5484 3197 5535 etc.

2211 5571 2323 5626 Col.
2357 5565 2481 5637 668,
2511 5574 2615 5625 ιίη.
2647 5569 2736 5627 44.
2767 5570 2920 5625 Fecit
2937 5570 3196 5624 dedicare
3220 5563 3493 5621 ecclesiam
3510 5560 3680 5612 novam
