3912 6166
239 298 347 360 765

1246 306 1488 363 ADDIT.
1528 301 1626 362 AD
1664 297 2094 364 CHROMCON
2130 298 2522 363 BECGENSE.

3416 305 3520 365 766
3542 280 3545 283 ’

236 431 306 485 de
334 446 482 485 novo
512 431 870 502 completam,
896 434 962 485 ut
985 437 1185 503 postea
1203 432 1436 504 patebit.
1470 434 1571 488 Ms.
1596 436 1734 497 cod.,
1766 434 1835 488 de
1854 438 1895 493 Α
1919 433 2140 499 volutis,
2173 432 2323 486 dicta
2351 433 2680 504 probatione
2706 434 2837 489 hinc
2866 433 2996 489 inde
3016 434 3179 501 facta,
3214 436 3333 507 ipse
3361 451 3518 490 more

238 537 384 575 novo
425 522 763 593 completam
796 527 852 575 et
881 527 1347 588 consummatam,
1399 539 1522 592 quae
1569 522 1845 576 dedicatio

235 610 347 664 fuit
373 616 495 664 tam
535 610 897 665 celeberrime
935 618 994 665 et
1036 617 1152 664 tam
1211 611 1539 665 solemniter
1571 612 1847 681 completa

238 708 412 770 prout
438 700 657 770 patebit
678 700 735 753 in
752 700 1136 770 sequentibus.

312 789 428 843 σοι.
465 787 592 850 671,
617 792 720 842 (in.
753 786 1193 843 ’13.Guillelmus
1213 789 1281 842 de
1296 790 1636 843 Benssevilla
1664 789 1847 842 dictus

244 877 537 947 Popeline,
564 883 670 931 etc.
703 878 802 931 Ms.
840 879 978 942 cod.,
1003 878 1070 930 G.
1107 878 1177 931 de
1211 879 1519 932 Bensevilia
1549 878 1730 931 dictus
1748 879 1850 932 Po-

242 968 431 1039 peline
460 970 521 1022 in
550 967 808 1022 abbatem
832 976 888 1022 et
916 976 1198 1039 pastorem
1228 970 1406 1040 ipsius
1436 970 1762 1023 monasterii
1794 977 1850 1023 et

243 1058 606 1129 postmodum
636 1059 979 1123 benedictus,
1008 1060 1088 1112 vir
1104 1059 1331 1129 quidem
1364 1076 1582 1129 magnae
1608 1060 1850 1130 pruden-

243 1147 336 1200 tiae
366 1154 426 1200 et
452 1147 770 1217 probitatis,
803 1148 1108 1212 modestus,
1141 1148 1373 1213 facetus,
1404 1149 1558 1202 mitis
1595 1154 1652 1202 et
1684 1149 1851 1201 dilec-

247 1240 336 1289 tus
364 1236 437 1289 ad
468 1253 685 1299 omnes,
722 1237 959 1307 patiens,
993 1238 1332 1298 misericors,
1368 1238 1557 1307 largus
1585 1245 1642 1291 et
1662 1238 1847 1292 muni-

249 1326 385 1378 ﬁcus
413 1326 514 1396 qui
546 1333 772 1379 strenue
797 1332 853 1379 et
882 1325 1239 1381 laudabiliter
1258 1328 1419 1389 rexit,
1456 1333 1561 1380 etc.

317 1416 429 1468 Col.
473 1412 603 1477 67?,
636 1418 739 1468 lin.
777 1412 866 1471 "l9.
905 1414 1128 1468 Christe
1156 1415 1410 1486 propina.
1446 1417 1542 1469 Ms.
1586 1417 1713 1469 add.
1746 1415 1847 1468 Hic

248 1502 587 1556 venerabilis
618 1503 700 1555 vir
724 1504 1077 1573 supradictus
1106 1504 1451 1574 temporibus
1482 1504 1599 1557 suis
1623 1504 1849 1557 vestivit

252 1600 305 1645 et
333 1593 554 1663 recepit
580 1592 638 1646 in
669 1593 930 1663 praedicto
971 1593 1312 1646 monasterio
1338 1594 1697 1664 quamplures
1737 1610 1851 1645 mo-

249 1681 457 1734 nachos
504 1681 796 1750 religiosos
827 1681 1097 1735 discretos
1126 1681 1292 1745 viros,
1326 1682 1395 1734 de
1426 1681 1627 1751 quibus
1658 1686 1852 1750 postea

1928 524 2092 577 solito
2127 523 2528 594 professionem
2571 541 2888 595 expressam
2930 525 3098 593 fecit;
3130 543 3241 596 qua
3268 525 3433 592 facta,
3468 531 3525 581 et

1928 629 2026 683 per
2058 613 2268 667 dictum
2317 612 2575 667 abbatem
2606 620 2848 683 recepta,
2889 614 2947 668 in
2977 620 3251 668 conventu
3283 614 3521 668 fratrum

1928 717 2028 772 per
2053 702 2301 755 osculum
2324 702 2660 763 admittitur,
2692 702 2969 772 coepitque
2999 708 3193 773 postea
3221 704 3289 756 de
3319 704 3524 756 virtute

1930 792 1987 846 in
2021 791 2282 845 virtutem
2315 792 2602 862 proficere,
2638 791 2887 861 singulos
2900 792 3100 846 fratres
3116 809 3245 846 suos
3269 794 3522 862 exemplo

1932 880 2002 933 ad
2051 881 2259 934 bonum
2304 880 2573 934 inclinare
2618 885 2675 934 et
2724 884 2788 933 ut
2833 897 2994 933 verus
3032 881 3345 935 claustralis
3370 880 3522 935 omni

1934 969 2236 1022 humilitati
2269 985 2496 1039 operam
2529 969 2683 1022 dare.
2708 969 2950 1023 Noverat
2982 970 3131 1023 enim
3173 970 3403 1023 humilis
3432 970 3525 1023 ille

1931 1059 2237 1111 monachus
2263 1059 2409 1127 quod
2440 1075 2552 1111 non
2575 1057 2681 1112 nisi
2714 1075 2813 1129 per
2838 1059 3048 1128 gradus
3071 1059 3406 1113 humilitatis
3428 1076 3524 1113 va-

1932 1148 2009 1200 let
2039 1148 2164 1217 quis
2189 1148 2259 1200 ad
2284 1148 2496 1218 apicem
2514 1148 3155 1202 altitudinisascendere.
3188 1150 3262 1203 At
3280 1149 3374 1203 ubi
3397 1155 3528 1203 aeta-

1930 1237 2004 1290 tis
2022 1236 2130 1290 fuit
2157 1237 2544 1307 competentis,
2579 1243 2663 1291 est
2692 1238 2863 1291 sacris
2892 1243 3181 1309 promotus
3215 1238 3520 1303 ordinibus,

1931 1327 2001 1379 ad
2030 1325 2325 1379 sacerdotii
2366 1327 2593 1379 tandem
2648 1327 2856 1381 meruit
2909 1327 3206 1380 ascendere
3263 1327 3522 1395 gradum.

1930 1414 2143 1469 Deinde
2165 1420 2290 1485 post
2314 1415 2589 1468 modicum
2609 1417 2879 1485 temporis
2906 1416 3259 1470 intervallum
3272 1416 3529 1469 commis-

1931 1520 2026 1557 sus
2056 1503 2160 1557 fuit
2188 1504 2614 1557 administrator
2634 1503 2914 1573 prioratus
2945 1504 3013 1557 de
3045 1504 3391 1558 Bello-Saltu
3420 1504 3528 1558 Ro-

1932 1593 2342 1663 thomagensis;
2368 1592 2569 1645 deinde
2601 1592 2879 1662 prioratus
2909 1594 2965 1647 S.
2992 1593 3139 1646 Petri
3165 1593 3233 1646 de
3255 1593 3527 1647 Cochiaco

1933 1681 2344 1743 Ambianensis,
2377 1687 2567 1751 postea
2595 1682 2877 1751 prioratus
2930 1680 2991 1735 B.
3041 1678 3233 1735 Mariae
3278 1682 3348 1735 de
3376 1683 3526 1753 Layo

253 1771 570 1823 ﬂoruerunt
588 1785 735 1822 unus
754 1769 1249 1822 Gauiridusdictus
1270 1771 1486 1822 Harena
1498 1769 1668 1822 abbas
1688 1770 1912 1844 Gem-B
1937 1771 2304 1833 Belvacensis,
2337 1777 2394 1823 et
2421 1769 2682 1840 deinceps
2711 1770 2990 1840 prioratus
3021 1771 3057 1824 S
3112 1770 3263 1823 Petri
3294 1771 3362 1824 de
3388 1771 3530 1824 Pon-

253 1858 598 1923 meticensis,
627 1858 954 1912 Vincentius
966 1859 1035 1911 de
1053 1859 1404 1928 Rothomago
1424 1858 1604 1911 dictus
1626 1862 1670 1911 Ie
1687 1858 1853 1911 Li'eur

252 1947 421 2001 abbas
477 1947 883 2012 Pratellensis;
938 1963 1151 2000 necnon
1199 1946 1475 2001 Robertus
1533 1947 1601 2000 de
1647 1947 1853 2000 Rotho-

254 2052 434 2106 mago,
466 2037 612 2089 alias
636 2040 682 2090 ιδ
726 2038 940 2101 Τυιιῑεντ
977 2036 1146 2089 abbas
1177 2036 1230 2089 S.
1264 2036 1493 2099 Ebruiﬁ,
1516 2052 1581 2089 ac
1609 2037 1853 2089 Joannes

254 2126 319 2179 de
342 2125 594 2196 Boulaye
623 2124 794 2179 abbas
838 2125 1207 2188 Ceraciensis,
1258 2127 1421 2178 Anno
1463 2126 1523 2178 Ι)
1570 2124 1704 2181 1388
1729 2130 1855 2195 post

255 2214 486 2279 obitum,
525 2221 633 2268 etc.

1934 1860 2110 1913 tisara
2154 1859 2618 1928 Rothomagensis
2648 1859 2900 1912 dioecesis
2929 1878 2941 1925 ;
2977 1859 3351 1930 studebatque
3377 1859 3532 1913 Pari-

1935 1949 2052 2002 sius
2081 1964 2369 2017 quousque
2386 1947 2620 2017 adeptus
2646 1954 2794 2001 esset
2809 1949 3049 2017 gradum
3070 1947 3529 2003 haccalaureatus

1935 2037 1991 2090 in
2022 2037 2279 2099 decretis,
2301 2042 2358 2089 et
2387 2035 2721 2106 procedebat
2739 2037 2805 2089 ad
2827 2037 3066 2106 gradum
3091 2036 3325 2091 Lutetiae
3348 2039 3532 2107 legen-

1935 2126 2006 2179 do
2037 2143 2136 2196 per
2164 2127 2352 2196 plures
2381 2141 2558 2178 annos
2588 2125 2644 2178 in
2672 2124 2821 2178 dicta
2861 2123 3215 2180 decretorum
3243 2122 3528 2190 facultate,

1936 2216 2241 2269 secundum
2286 2230 2495 2267 morem
2530 2213 2585 2267 in
2634 2214 2835 2267 studiis
2876 2215 3230 2268 decretorum
3261 2216 3533 2269 hactenus

324 2304 433 2357 Col.
491 2302 618 2366 678,
662 2306 764 2359 lin.
810 2300 894 2358 18.
941 2301 1298 2356 Reverendus
1328 2308 1487 2373 pater
1514 2302 1847 2356 Guiilelmus
1932 2304 2286 2357 observatum
2326 2303 2466 2357 :sed
2500 2306 2909 2372 consequenter
2935 2310 3223 2357 revocatus
3274 2304 3344 2357 ad
3386 2305 3537 2358 clau—

257 2392 442 2455 abbas,
498 2397 631 2457 etc.,
682 2409 849 2461 usque
894 2394 967 2445 ad
1016 2395 1124 2446 Iuro
1168 2392 1347 2455 verba,
1380 2391 1475 2444 ubi
1505 2393 1646 2445 solet
1675 2391 1850 2462 accipi

256 2480 592 2547 benedictio,
614 2487 674 2534 ut
696 2485 869 2535 films.
894 2483 1075 2535 Postea
1105 2484 1356 2549 sequitur
1385 2484 1448 2534 in
1478 2498 1577 2534 ms.
1612 2483 1726 2534 cod.
1753 2482 1855 2534 Hic

258 2571 338 2623 vir
365 2571 725 2625 venerandus
754 2571 900 2624 rexit
939 2570 1265 2640 praedictum
1295 2570 1609 2624 coenobium
1642 2570 1858 2623 cunctis

258 2660 370 2713 suis
418 2659 681 2713 amabilis
725 2677 827 2729 per
862 2659 1103 2730 spatium
1144 2658 1203 2714 lii
1235 2675 1511 2712 annorum
1545 2666 1601 2711 et
1627 2659 1857 2712 dimidio

257 2750 337 2801 vel
362 2748 549 2815 circa;
599 2750 757 2818 cujus
795 2749 996 2802 animae
1023 2747 1360 2818 propitietur
1389 2749 1552 2801 Deus.
1588 2749 1784 2800 Amen.

326 2838 439 2892 Col.
470 2836 602 2900 683,
636 2841 740 2891 lin.
766 2835 852 2893 30.
887 2837 1092 2891 Christi
1122 2837 1263 2890 colla
1292 2836 1531 2905 subegit.
1565 2838 1665 2890 Ms.
1692 2837 1854 2890 Chri-

260 2931 342 2979 sto
368 2927 537 2985 colla,
563 2933 667 2980 etc.
704 2929 824 2981 Lin.
859 2924 945 2980 35.
970 2929 1132 2979 Anno
1153 2925 1379 2978 milleno
1409 2931 1645 2979 centeno
1667 2924 1855 2995 sicque

263 3020 558 3084 quaterno,
592 3016 689 3068 Ms.
720 3016 878 3068 addit
910 3014 1149 3076 :Quinta
1170 3013 1424 3083 quintilis
1452 3013 1636 3066 decies
1655 3020 1856 3083 quarto

260 3119 479 3173 quoque
509 3109 687 3167 sexto,
720 3108 914 3173 parcat
932 3102 1011 3155 illi
1046 3102 1210 3155 Deus.
1234 3103 1431 3155 Amen.

330 3194 532 3245 Deinde
563 3195 814 3260 sequitur
843 3195 903 3244 in
938 3206 1037 3243 ms.
1068 3192 1242 3244 codice
1273 3209 1288 3243 :
1317 3187 1864 3243 VenerabiliThoma

260 3279 495 3335 XXVIII
528 3280 733 3335 abbate
764 3282 1093 3336 monasterii
1114 3282 1175 3335 B.
1208 3284 1282 3336 M.
1302 3283 1371 3337 de
1404 3283 1575 3336 Becco
1606 3278 1863 3333 Herluini

260 3370 325 3423 de
367 3371 560 3424 carnis
613 3371 813 3424 educto
856 3372 1159 3440 ergastulo,
1191 3372 1460 3425 successit
1488 3370 1755 3423 honestus
1785 3367 1865 3420 vir

260 3460 517 3513 unanimi
566 3460 807 3515 fratrum
843 3475 1120 3513 consensu
1152 3460 1362 3514 electus
1392 3461 1635 3512 Joannes
1665 3458 1733 3510 de
1760 3457 1865 3510 Ro-

265 3550 555 3619 thomago,
586 3548 726 3601 alias
756 3548 824 3600 de
855 3547 1067 3608 Motha,
1100 3550 1358 3602 sacerdos
1396 3554 1453 3601 et
1482 3546 1786 3600 monachus
1808 3546 1865 3598 in

264 3638 406 3691 dicto
439 3637 786 3691 monasterio
819 3654 1077 3707 expresse
1102 3638 1403 3708 professus.
1431 3637 1535 3690 Hic
1584 3636 1665 3688 vir
1706 3651 1868 3688 vene-

262 3728 494 3784 randus.
521 3727 772 3780 decimus
802 3727 1104 3780 liberorum
1137 3727 1339 3781 nobilis
1377 3727 1477 3779 viri
1509 3724 1752 3779 Simonis
1798 3724 1868 3778 de

263 3814 483 3879 Motha,
513 3816 649 3868 civis
679 3816 1168 3886 Rothomagensis,
1196 3822 1488 3887 postquam
1521 3812 1871 3884 pueritiaain-

263 3909 558 3957 crementa
573 3904 851 3973 transegit
870 3912 928 3957 et
943 3904 1264 3957 rudimenta
1285 3900 1735 3974 grammaticalia
1755 3906 1870 3953 stu-

264 3991 461 4045 diosus
494 3993 759 4063 percepit,
781 3992 1040 4046 discretis
1053 3993 1337 4062 magistris
1358 3991 1608 4045 Parisius
1638 3991 1693 4043 in
1727 4006 1870 4058 pra)-

264 4082 415 4134 clara
472 4082 678 4134 artium
727 4080 1015 4149 Facultate
1061 4097 1094 4134 a
1142 4081 1470 4151 parentibus
1508 4080 1753 4133 traditur
1772 4080 1873 4131 im-

265 4170 447 4225 buend
466 4186 526 4224 us
552 4189 563 4222 z
598 4186 791 4223 verum
843 4170 974 4240 quia
1000 4171 1147 4224 Deus
1178 4169 1509 4239 praeviderat
1538 4185 1666 4221 eum
1693 4169 1873 4221 lucer-

272 4274 396 4312 nam
428 4261 494 4313 in
519 4260 690 4312 domo
719 4274 819 4312 sua
852 4260 969 4313 fore
990 4259 1300 4322 ardentem,
1335 4258 1516 4311 noluit
1534 4257 1677 4310 tanti
1693 4256 1875 4326 splen-

1934 2398 2133 2455 strum,
2169 2392 2351 2463 qualis
2373 2401 2681 2463 quantusve
2708 2393 2814 2446 fuit
2826 2410 3013 2447 rerum
3041 2394 3239 2447 effectu
3253 2394 3529 2448 clarescit.

1938 2484 2080 2536 Nam
2114 2482 2323 2535 electus
2361 2482 2468 2535 fuit
2511 2483 2565 2535 in
2594 2482 2835 2552 priorem
2870 2483 3224 2537 claustralem
3255 2483 3389 2537 dicti
3421 2500 3536 2537 mo-

1938 2571 2167 2624 nasterii
2197 2589 2207 2636 ;
2242 2577 2433 2640 postea
2474 2571 2540 2622 ad
2582 2571 3035 2640 prosequendum
3069 2571 3368 2641 quamdam
3409 2590 3536 2627 cau-

1938 2677 2056 2712 sam
2084 2660 2418 2713 intentatam
2439 2676 2537 2729 per
2552 2660 2848 2728 quemdam
2877 2656 3215 2714 cardinalem
3248 2661 3536 2715 occasione

1944 2751 2226 2820 prioratus
2247 2751 2314 2803 de
2332 2750 2485 2803 Bello
2500 2750 2687 2803 Monte
2719 2749 2943 2819 Rogerii
2974 2749 3323 2804 Ebroicensis
3339 2751 3539 2805 dioece-

1943 2839 2040 2902 sis,
2071 2838 2275 2891 missus
2303 2834 2411 2891 fuit
2438 2838 2704 2904 Parisius,
2744 2844 2800 2892 et
2824 2839 3069 2902 interim,
3102 2838 3358 2893 videlicet
3388 2856 3536 2894 anno

1938 2927 2162 2981 Domini
2192 2925 2345 2989 1434,
2376 2926 2614 2995 gradum
2645 2926 2886 2979 licentia:
2924 2927 2982 2979 in
3006 2926 3155 2980 dicta
3181 2927 3535 2983 decretorum

1938 3016 2203 3069 facultate
2236 3015 2340 3068 fuit
2366 3020 2673 3080 assecutus,
2707 3020 2763 3067 et
2802 3015 3155 3083 postmodum
3204 3017 3536 3070 commissus

1876 3107 1920 3166 Ο
1941 3105 2049 3159 fuit
2072 3104 2140 3156 ad
2162 3104 2412 3173 regimen
2437 3109 2493 3156 et
2521 3103 3067 3157 administrationem
3093 3103 3373 3174 prioratus
3399 3106 3540 3159 Con-

1945 3193 2163 3247 ﬂuentii
2196 3192 2526 3246 Parisiensis
2556 3192 2828 3255 dicacesis,
2857 3199 2914 3246 et
2941 3192 3168 3247 effectus
3198 3197 3283 3246 est
3322 3193 3536 3257 doctor,

1947 3288 2004 3336 et
2031 3288 2158 3336 actu
2186 3298 2387 3351 regens
2424 3281 2671 3335 Parisius
2716 3282 2771 3335 in
2801 3281 2949 3335 dicta
2982 3282 3335 3336 decretorum
3370 3282 3541 3336 facul-

1946 3378 2081 3436 tate,
2116 3372 2175 3424 in
2206 3387 2318 3441 qua
2347 3387 2447 3440 per
2474 3371 2709 3424 multum
2742 3374 2965 3441 tempus
2989 3372 3133 3424 rexit
3155 3376 3212 3424 et
3248 3375 3310 3425 ut
3347 3372 3543 3425 doctor

1946 3478 2047 3532 per
2086 3460 2508 3514 universitatem
2566 3459 2937 3513 Parisiensem
2985 3460 3225 3513 dominis
3260 3459 3448 3514 abbati
3488 3466 3545 3515 et

1948 3549 2242 3604 c-mventui
2267 3548 2590 3602 monasterii
2618 3547 3212 3617 Majoris-Monasterii
3244 3548 3414 3620 p'rope
3437 3549 3546 3604 Tu-

1950 3639 2120 3704 ronis,
2155 3637 2366 3692 ordinis
2396 3637 2573 3690 sancti
2603 3637 2912 3691 Benedicti.
2946 3638 3257 3708 prioratum
3291 3638 3361 3691 de
3391 3638 3541 3705 Ovis,

1951 3745 2017 3781 cn
2046 3730 2257 3781 Terasso
2274 3725 2502 3790 Gallice,
2522 3724 2859 3780 Morinensis
2881 3726 3158 3795 diceeesis,
3180 3733 3236 3780 et
3259 3744 3545 3782 commen-
3604 3762 3619 3775 ς

1951 3817 2077 3870 dam
2110 3815 2370 3869 obtinuit.

2020 3909 2183 3959 Anno
2222 3905 2445 3958 Domini
2473 3902 2609 3959 14’16
2637 3904 2785 3957 dicto
2816 3904 3157 3958 monasterio
3178 3904 3239 3957 Β.
3266 3902 3459 3958 Mariae
3478 3904 3547 3959 de

1952 3995 2125 4048 Becco
2149 3993 2393 4047 Helluini
2424 3999 2653 4046 vacante
2683 4009 2783 4063 per
2806 3998 3046 4046 mortem
3076 3994 3291 4063 praefati
3320 3995 3548 4049 Thomas

1953 4080 2183 4137 XXVIII
2214 4082 2452 4146 abbatis,
2504 4087 2561 4134 et
2603 4081 2820 4150 treugis
2850 4081 2998 4134 inter
3021 4098 3181 4150 reges
3206 4082 3454 4136 Francize
3492 4089 3550 4136 et

1952 4172 2167 4239 Anglia:
2195 4171 2357 4224 tactis
2387 4177 2443 4223 et
2473 4170 2847 4240 proclamatis,
2895 4170 3239 4239 pragmatica
3259 4170 3549 4224 sanctione

1957 4262 2013 4314 in
2044 4259 2432 4313 Norhmannia
2479 4259 2710 4312 minime
2758 4258 2940 4311 locum
2988 4256 3246 4319 habente,
3302 4258 3548 4327 religiosi

271 4347 421 4402 doris
456 4349 651 4402 lumen
681 4347 784 4401 sub
817 4347 1008 4401 nubilo
1039 4347 1334 4401 mundanae
1360 4345 1715 4399 obscuritatis
1747 4343 1873 4398 diu-
1891 4382 1940 4440 D
1957 4349 2090 4403 dicti
2120 4348 2446 4401 monasterii
2468 4347 2796 4400 electionem
2818 4345 3059 4416 pastoris
3080 4345 3136 4399 in
3154 4346 3397 4417 capitulo
3416 4347 3550 4400 dicti

270 4438 383 4491 tius
414 4438 594 4491 latere
616 4455 628 4503 ;
657 4437 752 4490 sed
771 4452 940 4507 super
957 4434 1353 4490 candelabrum
1380 4436 1505 4489 vitae
1537 4435 1877 4504 contempla—
1895 4433 1933 4440 —
1956 4438 2063 4491 loci
2093 4436 2483 4490 celebrandam
2514 4436 2895 4488 decreverunt.
2926 4433 2990 4487 In
3009 4451 3117 4505 quo
3139 4440 3292 4488 certa
3307 4434 3397 4488 die
3417 4451 3552 4488 con-

264 4527 419 4594 tivee,
454 4532 520 4579 ut
544 4525 808 4579 omnibus
838 4526 933 4595 qui
956 4526 1013 4578 in
1052 4526 1219 4579 domo
1242 4525 1339 4583 Dei
1364 4531 1500 4578 sunt
1518 4524 1875 4594 postmodum

266 4616 503 4679 luceret,
540 4614 713 4668 voluit
758 4615 1050 4668 collocare.
1104 4614 1264 4668 Unde
1305 4628 1535 4666 suorum
1577 4617 1876 4681 parentum

266 4704 665 4759 obsecundans
694 4698 855 4765 votis,
900 4703 1038 4756 bene
1079 4702 1315 4755 meritus
1345 4700 1492 4754 filius
1522 4700 1732 4754 dictum
1766 4717 1880 4753 mo-

269 4793 592 4847 nasterium
648 4792 717 4845 ad
758 4791 1107 4861 probandum
1139 4790 1431 4844 monastici
1471 4785 1682 4843 ordinis
1708 4790 1880 4842 vitam

272 4882 503 4936 oblatus
530 4881 866 4950 ingreditur,
895 4886 951 4933 et
969 4879 1038 4933 ad
1069 4880 1154 4933 sui
1170 4879 1557 4949 probationem
1582 4878 1652 4932 ab
1680 4877 1882 4933 abbate

274 4977 331 5024 et
357 4976 643 5023 conventu
661 4969 793 5022 dicti
825 4968 930 5022 loci
961 4968 1201 5037 benigne
1237 4968 1557 5037 suscipitur,
1592 4968 1656 5021 fit
1675 4966 1881 5020 Christi

272 5058 385 5113 tiro
410 5068 592 5113 novus
625 5056 722 5127 qui
747 5056 901 5127 prius
927 5063 1051 5109 erat
1073 5056 1460 5126 philosophus.
1493 5056 1709 5126 Accipit
1737 5055 1883 5109 illico

273 5146 617 5201 obedientiaa
665 5145 972 5198 fortissima
1008 5160 1187 5208 arma,
1221 5148 1279 5198 et
1299 5144 1423 5215 jugi
1455 5144 1678 5199 Domini
1706 5144 1887 5197 suavi-

273 5244 483 5300 tatem,
517 5235 706 5289 oneris
738 5235 1025 5288 levitatem
1056 5234 1354 5304 diligenter
1379 5232 1889 5304 experitur,probat

276 5333 335 5381 et
355 5325 641 5396 approbat
662 5324 1029 5377 monasticam
1053 5324 1245 5376 vitam.
1276 5322 1554 5377 Probatur
1574 5340 1676 5377 nec
1692 5340 1886 5394 repro-

278 5414 461 5469 batur
488 5413 610 5483 ejus
641 5412 1003 5469 laudabunda
1042 5413 1430 5476 conversatio;
1478 5428 1606 5467 nam
1651 5413 1720 5466 ob
1762 5414 1887 5467 vitae

281 5504 557 5558 meritum
589 5503 747 5557 bonae
774 5502 977 5556 indolis
1002 5502 1323 5556 adolescens
1344 5502 1602 5556 omnibus
1630 5520 1690 5556 se
1710 5502 1889 5555 imita-

281 5592 465 5651 bilem
497 5592 814 5646 exhibebat.
850 5591 1200 5646 Probationis
1227 5591 1404 5664 igitur
1429 5607 1577 5646 anno
1605 5598 1663 5645 et
1689 5591 1778 5645 die
1806 5608 1889 5645 re-

1957 4527 2197 4597 gregati,
2230 4525 2576 4579 caeremoniis
2616 4524 2685 4577 ad
2730 4524 2834 4576 hoc
2870 4522 3201 4577 necessariis
3250 4522 3435 4577 debite
3461 4522 3554 4577 ob-

1960 4615 2212 4678 servatis,
2246 4614 2501 4668 unanimi
2531 4629 2805 4666 consensu
2826 4612 3035 4665 dictum
3063 4613 3334 4667 Joannem
3364 4612 3431 4666 de
3449 4612 3555 4667 Ro-

1960 4706 2228 4774 thomago
2256 4703 2520 4774 perviam
2543 4701 2785 4772 Spiritus
2816 4702 2991 4755 sancti
3014 4702 3325 4772 elegerunt,
3361 4704 3418 4756 et
3448 4703 3557 4756 ele-

1961 4793 2200 4847 ctionem
2225 4792 2400 4862 ipsius
2428 4807 2554 4844 cum
2587 4790 2803 4860 magnis
2832 4790 3149 4861 sumptibus
3162 4791 3232 4843 ab
3247 4790 3557 4861 apostolica

1963 4882 2095 4936 sede
2117 4881 2455 4940 confirmari,
2482 4884 2537 4933 et
2565 4880 2964 4949 perdominum
2997 4880 3353 4950 Radulphum
3381 4880 3560 4933 archi-

1967 4970 2289 5040 episcopum
2306 4969 2813 5038 Rothomagensem
2832 4968 2888 5021 in
2906 4969 3116 5039 capella
3136 4966 3328 5039 palatii
3347 4970 3432 5023 sui
3456 4968 3561 5022 Ro-

1968 5058 2351 5128 thomagensis
2407 5072 2613 5111 munus
2670 5057 3075 5111 benedictionis
3119 5058 3221 5111 sibi
3261 5054 3555 5128 impertiri,

1968 5162 2095 5200 cum
2116 5164 2180 5200 ea
2198 5146 2554 5200 solemnitate
2572 5157 2693 5216 qna;
2710 5146 2942 5200 decebat
2958 5144 3560 5208 obtinuerunt.Quibus

1970 5230 2235 5289 canonice
2255 5235 2514 5306 peractis,
2542 5235 2689 5289 idem
2713 5236 2975 5289 dominus
2995 5234 3184 5297 abbas,
3210 5250 3322 5287 non
3341 5233 3563 5286 obstan-

1968 5330 2023 5379 te
2051 5332 2306 5396 tempore
2338 5340 2559 5394 guerrm
2613 5330 2671 5377 et
2707 5324 3050 5377 desolatione
3090 5322 3299 5392 patriae,
3345 5322 3558 5374 dictum

1971 5415 2375 5468 monasterium
2395 5413 2754 5467 laudabiliter
2783 5412 2943 5468 rexit.
2968 5416 3025 5464 et
3044 5409 3390 5480 Spiritalibus
3415 5418 3565 5463 se‘ve-

1969 5504 2195 5557 ritatem
2226 5503 2285 5556 in
2322 5519 2382 5556 se
2412 5503 2679 5556 retinens.
2714 5501 2857 5554 Nam
2890 5499 3084 5568 rigidis
3113 5501 3170 5551 et
3189 5498 3463 5569 perversis
3483 5514 3570 5552 co-

1971 5592 2378 5647 habitationem
2433 5589 2740 5660 disciplinae
2792 5587 3063 5659 inferens,
3111 5587 3342 5643 mitibus
3380 5593 3439 5643 et
3462 5587 3571 5660 piis
