3912 6166
395 277 499 336 767
1344 286 1442 342 AD
1479 285 1721 351 OPERA
1754 289 1819 348 B.
1859 287 2276 348 LANFRANCI
2312 285 2701 348 APPENDIX.
3537 273 3630 334 768

396 407 726 459 mansuetus
750 409 1180 502 erat_ut_aguus-
1211 408 1456 465 Gerebat
1473 411 1593 484 ipse
1619 414 1895 470 modicam
1917 416 1986 471 de
2004 419 2052 477 A
2069 431 2164 502 qui
2186 430 2403 486 studuit
2421 429 2734 485 doctrinam
2761 423 3018 498 Apostoli
3036 421 3274 477 dicentis
3297 440 3312 475 .-
3335 423 3532 476 Pascite
3548 421 3637 488 qui

395 506 499 546 sua
526 509 766 562 Persona
793 494 1226 552 SOlliCitUdinem
1252 517 1264 566 ἱ
1297 516 1427 554 nam
1456 502 1667 557 cunctis
1705 509 1769 559 ut
1808 522 1988 574 agnus
2069 494 2133 574 ἧι
2161 523 2308 574 vobis
2335 524 2410 573 est
2439 535 2654 586 gregem
2691 494 3175 584 Det-providentes
3213 527 3327 564 non
3349 514 3535 571 coacle,
3565 508 3644 560 sed

392 579 650 634 Videlicet
679 581 800 652 Pius
826 601 886 636 se
902 584 1182 640 “ﬂabilem
1215 588 1529 656 e-‘ihibebata
1561 609 1688 646 Cum
1718 593 1988 647 fratribus
2068 614 2360 677 spontanee
2373 579 2676 661 secundum
2690 607 2883 667 Dawn,
2901 617 3070 670 neque
3091 602 3271 668 turpis
3290 600 3436 652 lucri
3451 598 3640 663 gratia,

398 673 520 722 erat
545 669 691 724 δίουί
711 687 854 726 unus
878 688 945 726 ex
973 673 1128 744 ίΡείεν
1158 675 1217 730 in
1249 693 1308 731 se
1337 677 1574 732 formam
1589 681 1780 752 gregis
1803 681 1988 752 P0tius
2072 669 2162 750 sed
2203 698 2550 765 voluntarie,
2593 710 2764 763 neque
2788 697 2848 746 ut
2881 693 3230 745 dominantes
3271 689 3335 740 in
3374 689 3530 749 clero,
3567 685 3646 737 sed

397 771 563 826 quam
607 760 849 829 pastoris
893 763 1213 819 ostendens.
1275 766 1622 822 Gravitatem
1679 770 1992 841 praelaturaa
2072 787 2258 854 forma
2293 787 2431 853 facti
2458 760 2638 850 gregis
2668 760 2740 836 est
2769 783 2980 835 animo.
3021 779 3166 833 Nam
3207 775 3460 848 quamvis
3485 773 3644 843 gregi,

395 848 586 944 tamen
628 853 797 946 prout
848 857 1070 921 poterat
1111 855 1409 911 retinebat.
1443 857 1508 912 In
1533 857 1793 912 omnibus
1821 859 1994 914 etiam
2072 848 2244 946 'quem
2289 848 2645 944 dirige—udum
2676 873 3020 940 susceperat,
3049 871 3198 920 esset
3225 869 3417 936 pastor
3447 868 3502 916 et
3526 878 3647 932 Pm'

396 933 514 988 suis
534 937 784 1005 agendis,
809 940 1062 996 etsisatis
1087 945 1451 1014 expeditivus,
1471 947 1611 1002 satis
1630 947 1994 1003 nihilominus

399 1029 518 1077 erat
557 1023 692 1079 bene
725 1029 1034 1085 consultus.
1067 1031 1301 1104 Semper
1314 1035 1484 1088 etiam
1511 1037 1652 1090 citra
1677 1037 1989 1108 ingressum

399 1127 546 1167 cura:
577 1116 874 1184 pastoralis
907 1119 1194 1195 tristitiam
1225 1123 1379 1176 vultu
1409 1124 1756 1194 praeferebat.
1791 1126 1993 1179 Audivi

400 1201 606 1273 quippe
627 1219 660 1256 a
684 1204 792 1257 fide
822 1205 1007 1276 dignis
1037 1225 1164 1264 eum
1191 1212 1646 1282 postingressum
1678 1214 1994 1284 praelatum:

399 1306 687 1360 nunquam
723 1293 892 1348 fuisse
915 1296 1144 1351 hilarem
1171 1299 1317 1354 sicut
1335 1309 1502 1354 antea
1530 1302 1732 1356 fuerat.
1753 1303 1993 1374 Perpen-

401 1377 570 1432 debat
611 1379 753 1434 forte
793 1399 919 1436 cum
978 1385 1042 1438 B.
1090 1387 1358 1457 Gregorio
1397 1391 1662 1460 quidnam
1703 1392 1988 1456 amiserat,

401 1468 786 1536 perpendebat
812 1471 1178 1530 nihilominus
1209 1478 1340 1548 quid
1368 1479 1663 1543 tolerabat,
1697 1479 1992 1535 cernebat-

2074 965 2242 1025 latus,
2273 960 2589 1017 communis
2618 965 2810 1014 tamen
2839 963 2962 1011 erat
2989 954 3270 1010 omnibus.
3304 953 3494 1022 Itaque
3515 949 3649 1003 salva

2071 1051 2295 1120 justitia
2321 1057 2378 1104 et
2403 1049 2679 1120 gravitate
2693 1045 2980 1118 pastorali,
3000 1043 3354 1114 singulorum
3375 1039 3650 1094 auribusse

2075 1139 2498 1204 accommodat;
2532 1138 2588 1191 in
2619 1135 2966 1191 caeremoniis
2995 1149 3218 1205 quoque
3231 1127 3647 1192 chori,claustri,

2075 1228 2304 1300 capituli
2331 1235 2388 1282 et
2408 1225 2686 1281 refectorii
2717 1225 2856 1278 adeo
2888 1223 3145 1292 religiose
3180 1225 3239 1274 et
3269 1225 3577 1272 reverenter
3600 1233 3650 1270 se

2072 1317 2325 1388 gerebat.
2349 1316 2497 1387 quod
2525 1331 2718 1370 omnes
2741 1329 2872 1368 suos
2897 1312 2968 1366 ad
2985 1309 3342 1366 devotionem
3372 1305 3647 1360 alliciebat.

2073 1405 2315 1460 Domum
2343 1405 2444 1460 Dei
2473 1404 2617 1458 sicut
2636 1403 2902 1456 ardenter
2924 1399 3170 1462 amabat,
3205 1397 3290 1452 sic
3319 1397 3548 1450 multum
3573 1393 3652 1448 de-

2074 1494 2322 1550 corabat.
2357 1493 2518 1548 Unde
2537 1491 2738 1546 merito
2751 1491 2936 1545 dicere
2966 1492 3188 1560 poterat
3219 1484 3652 1548 :Domine,dileri

403 1570 511 1626 que
543 1573 603 1609 se
647 1557 851 1614 debere
877 1562 1179 1618 multorum
1211 1567 1420 1621 servire
1449 1569 1715 1634 moribus,
1749 1569 1995 1640 singulo-

2081 1585 2318 1638 ἠίθεοι-ειη
2345 1584 2679 1646 ἀοηιυειυικ,
2696 1585 2743 1634 et
2765 1583 2941 1635 locum
2959 1577 3324 1632 habitationis
3347 1575 3528 1640 gloria
3545 1576 3650 1624 tua.

405 1658 645 1713 ιὐηηυο
677 1663 860 1702 mores
892 1650 952 1704 in
989 1653 1191 1708 melius
1215 1656 1540 1722 ι’θΓοΓίηῐιΓθ,
1575 1665 1632 1712 et
1657 1659 1726 1712 de
1756 1659 1992 1730 Singulis
2011 1731 2050 1737 _
2075 1671 2218 1726 Nam
2249 1675 2424 1725 totam
2455 1669 2641 1724 navim
2673 1674 2728 1722 et
2757 1667 3044 1722 sinistram
3089 1676 3312 1737 partem
3351 1659 3502 1715 chori
3526 1675 3558 1712 a
3581 1675 3654 1712 ca-

399 1733 627 1788 tandem
665 1738 984 1808 aequissimo
1005 1743 1182 1811 judici
1203 1745 1475 1801 rationem
1495 1748 1745 1803 reddere.
1769 1750 1832 1804 In
1854 1755 1990 1804 tem-
2011 1731 2220 1832 Bpeua
2247 1759 2541 1830 Virginum
2571 1773 2748 1829 usque
2769 1758 2840 1811 ad
2867 1731 3435 1826 crucem-pavimento
3459 1748 3647 1815 stravit,

400 1824 685 1893 poralibus
729 1830 900 1885 etiam
939 1833 1072 1887 dicti
1127 1837 1450 1892 monasterii
1483 1844 1598 1892 tam
1642 1839 1794 1894 intra
1823 1857 1990 1911 quam
2073 1824 2131 1902 et
2156 1849 2289 1902 fecit
2332 1824 2456 1902 eam
2499 1845 2770 1910 dealbari,
2817 1844 2948 1916 quia
2979 1861 3045 1898 ex
3073 1858 3280 1911 vapore
3316 1838 3455 1892 fumi
3485 1853 3653 1908 proce-

401 1917 562 2007 extra
589 1914 649 1968 in
672 1914 814 1972 bono
843 1926 994 1976 statu
1023 1939 1193 1977 manu
1212 1926 1451 1980 tenendo
1471 1931 1529 1980 et
1555 1927 1807 1982 desolata
1830 1945 1994 1999 repa-
2075 1937 2260 1992 dentis
2280 1937 2350 1991 ab
2383 1937 2512 2007 igne
2533 1936 2738 1990 ibidem
2772 1951 2806 1988 ρ,
2833 1914 3036 2006 populo
3068 1931 3214 1986 facto
3244 1929 3530 1998 denigrata
3557 1925 3655 1980 fue-

401 2001 597 2069 rando!
639 2005 938 2079 debitaque
976 2012 1062 2066 δαί
1117 2014 1539 2084 Ρΐέἀθοθεεοΐίε
1587 2033 1710 2086 quae
1751 2017 1995 2071 ῐηεκίῐηει
2075 2032 2189 2084 rat.
2237 2028 2303 2082 In
2351 2043 2418 2080 ea
2458 2025 2587 2080 fecit
2613 2023 2815 2078 altaria
2842 2023 2953 2076 duo
2981 2021 3141 2092 erigi,
3168 2036 3296 2091 qua:
3321 2034 3432 2072 non
3453 2019 3655 2070 luerunt

401 2098 582 2157 erant,
614 2097 902 2152 occasione
919 2116 1140 2168 guerrae
1161 2119 1284 2173 quae
1311 2109 1565 2176 tempore
1593 2122 1694 2160 suo
1715 2106 1991 2176 viguerat.

2081 2133 2177 2170 suo
2204 2121 2458 2186 tempore
2487 2115 2762 2173 dedicata,
2797 2120 2854 2167 et
2873 2113 2934 2166 in
2955 2109 3234 2182 superiori
3255 2106 3512 2179 apposuit
3537 2106 3656 2158 ima—

401 2181 766 2250 acquittando
781 2187 917 2241 satis
945 2190 1197 2258 profecit.
1232 2192 1294 2246 In
1323 2195 1746 2264 recuperatione
1766 2195 1991 2250 tandem
2074 2201 2234 2271 gines
2262 2181 2582 2254 sanctorum
2617 2197 2764 2253 Clari
2790 2202 2847 2252 et
2885 2181 3215 2268 Apolloniae.
3271 2192 3426 2246 Fecit
3472 2191 3653 2244 iterum

404 2268 643 2326 ducatus
671 2273 1094 2332 Northmanniaa
1114 2297 1216 2350 per
1240 2297 1426 2351 regem
1443 2283 1690 2338 Franciae
1716 2285 1990 2345 facienda,
2078 2268 2232 2360 pingi
2257 2305 2450 2343 cruces
2478 2289 2631 2342 intus
2651 2293 2710 2341 et
2735 2287 2871 2340 foris
2891 2285 2948 2340 in
2969 2285 3194 2355 signum
3215 2279 3590 2342 dedicationis,
3607 2283 3654 2331 et

405 2373 533 2412 cum
558 2363 842 2417 nonnullis
866 2365 992 2420 aliis
1021 2367 1151 2422 viris
1189 2375 1248 2424 et
1275 2371 1581 2442 dynasticis
1610 2373 1909 2440 nobilibus,
1943 2380 2000 2428 et
2079 2379 2282 2433 clausit
2299 2377 2651 2432 vestiarium.
2671 2377 2734 2431 In
2757 2376 2924 2430 choro
2937 2371 3428 2442 locavitimagines
3445 2373 3660 2439 quatuor

407 2447 602 2503 civitas
646 2451 1111 2523 Rothomagensis
1149 2459 1296 2529 apud
1347 2460 1555 2515 dictum
1589 2473 1777 2532 regem
1810 2470 2002 2518 orator
2079 2467 2374 2521 doctorum
2399 2465 2680 2528 Ecclesiae,
2706 2461 2963 2533 Gregorii
2984 2462 3219 2544 scilicet.
3247 2457 3536 2521 Ambrosii,
3563 2457 3655 2510 Au-

406 2537 740 2596 destinatur.
770 2543 983 2599 Deinde
1001 2563 1102 2616 per
1129 2549 1341 2604 dictum
1367 2568 1555 2620 regem
1577 2569 1688 2607 una
1716 2571 1841 2608 cum
1872 2553 1997 2608 aliis
2077 2555 2290 2626 gustini
2318 2562 2487 2625 atque
2516 2552 2862 2624 Hieronymi,
2900 2557 2957 2606 et
2996 2537 3160 2622 juxta
3194 2549 3375 2604 altare
3419 2547 3473 2601 in
3520 2548 3656 2616 pulte

405 2627 654 2696 praelatis
681 2646 782 2700 pro
803 2633 1152 2702 expeditione
1181 2637 1339 2693 dictae
1367 2641 1726 2710 pragmaticm
1755 2643 1996 2697 sanctio-
2079 2645 2310 2698 sinistra
2339 2644 2523 2714 posuit
2537 2642 2878 2712 analogiam,
2903 2641 2962 2694 in
2981 2643 3656 2711 quosuntquatuorangc-

406 2715 494 2770 nis
520 2716 574 2770 in
605 2721 968 2776 conventione
998 2723 1332 2781 Bituricensi
1351 2731 1684 2800 comparuit,
1716 2731 1812 2786 ubi
1843 2733 1998 2802 prin-
2079 2735 2261 2789 lorum
2292 2739 2350 2788 et
2375 2733 2609 2787 totidem
2629 2731 3028 2802 prophetarum
3060 2727 3360 2798 imagines,
3383 2725 3522 2779 inter
3535 2737 3656 2793 quos

405 2805 614 2878 cipium
641 2807 986 2867 infirmitatis
1001 2815 1547 2886 sumpsit.Finaliter
1564 2819 1636 2876 ad
1659 2821 1998 2875 scaccarium
2083 2830 2216 2880 sunt
2244 2827 2486 2894 quatuor
2517 2823 2710 2891 ﬁgura:
2753 2819 3226 2889 evangelistarum
3271 2831 3440 2886 super
3478 2811 3657 2884 quibus

407 2896 832 2984 Northmanniac
852 2903 1001 2974 apud
1029 2904 1216 2960 villam
1241 2907 1573 2979 Rothomag.
1595 2909 1744 2964 sedis
1776 2916 2001 2965 vocatus
2083 2913 2350 2984 leguntur
2375 2909 2692 2980 Evangelia,
2729 2909 3077 2978 singulorum
3106 2906 3353 2976 singula,
3387 2919 3508 2958 cum
3534 2917 3656 2972 qua-

407 2983 530 3040 fuit.
2022 2983 2216 3071 Ctuor
2245 2983 2463 3070 magnis
2498 2997 2869 3054 candelabris.
2921 2999 3066 3050 Ante
3121 2995 3440 3066 pedaneum
3481 2989 3657 3045 statuit

481 3078 642 3132 Anno
673 3079 739 3134 D.
783 3079 940 3146 1452,
979 3083 1196 3138 decima
1235 3085 1474 3156 septima
1511 3087 1601 3141 die
1646 3087 1996 3153 Novembris,
2080 3090 2384 3160 imaginem
2412 3087 2608 3159 Moysi,
2639 3103 3007 3158 superquam
3039 3085 3311 3154 leguntur
3351 3079 3584 3153 epistola:
3609 3083 3658 3131 et

407 3171 535 3235 post
557 3183 786 3222 suorum
823 3175 1234 3244 susceptionem
1275 3183 1752 3232 sacramentorum
1795 3177 1866 3232 ab
1893 3177 1998 3231 hac
2079 3179 2345 3234 lectiones
2385 3177 2604 3232 Veteris
2630 3174 2997 3240 Testamenti,
3043 3179 3100 3228 et
3143 3173 3200 3227 in
3232 3171 3418 3226 medio
3447 3167 3658 3224 choriﬁ-

408 3254 530 3310 luce
560 3256 838 3328 migravit,
867 3262 1233 3334 sepultusque
1276 3270 1364 3319 est
1400 3265 1458 3319 in
1513 3266 1694 3320 medio
1725 3265 1896 3330 chori,
1925 3267 1998 3320 ad
2077 3285 2275 3339 guram
2307 3267 2526 3338 aquilae,
2558 3282 2728 3336 super
2767 3281 2934 3336 quam
2964 3263 3211 3316 chorista
3245 3260 3406 3332 ponit
3428 3256 3652 3329 gradale.

407 3350 575 3415 caput
611 3347 897 3402 Guillelmi
947 3351 1142 3414 XXVI,
1193 3351 1410 3406 abbatis
1455 3354 1587 3408 dicti
1620 3355 1945 3409 monasterii
1983 3369 1994 3404 :

409 3435 570 3503 cujus
601 3437 802 3492 animm
827 3439 1163 3510 propitiatur
1185 3442 1346 3496 Jesus
1379 3443 1656 3509 Christus,
1679 3443 1852 3497 Filius
1880 3443 1999 3498 Ma-

407 3520 504 3576 riae
531 3522 796 3594 Virginis.
837 3527 1036 3582 Amen.

482 3610 746 3682 Sequitur
773 3614 1116 3686 epitaphium
1139 3619 1261 3688 ejus
1289 3640 1304 3674 :

411 3697 638 3754 Clarum
669 3703 1031 3772 Rothomagus
1059 3709 1258 3774 gaudet
1289 3713 1541 3776 genuisse
1563 3711 1856 3776 Joannem,

478 3789 547 3842 Et
587 3794 740 3844 tanta
775 3794 966 3847 Beccus
993 3797 1155 3850 Patre
1187 3813 1372 3851 carere
1401 3799 1558 3852 dolet.

405 3879 564 3933 Juris
591 3882 843 3936 Paris-ius
871 3885 1184 3938 cathedram
1199 3902 1300 3954 per
1321 3893 1564 3958 tempora
1584 3893 1746 3944 remit.

479 3969 698 4024 Fratres
727 3972 936 4026 direxit
961 3967 1206 4031 moribus
1235 3979 1297 4030 in
1327 3981 1544 4033 melius.

410 4058 579 4126 Quem
606 4061 828 4116 Rothom
849 4079 1042 4130 genere
1061 4069 1424 4132 commendat,
1451 4085 1612 4136 quem
1644 4085 1804 4124 sacra
1829 4072 1994 4138 jura,

481 4149 647 4216 Quem
664 4154 993 4222 praelatum,
1014 4157 1252 4223 subiacet
1283 4159 1346 4211 in
1377 4160 1583 4216 cinere.

409 4235 488 4292 M.
519 4238 582 4292 C.
611 4246 806 4307 quater
825 4258 950 4295 sem.
975 4255 994 4298 Ι
1022 4245 1242 4312 duplam,
1265 4251 1314 4299 et
1337 4247 1541 4313 funera
1559 4249 1788 4314 signant

479 4327 679 4382 Mensis
697 4333 746 4382 et
775 4331 988 4384 ιιηάσηί
1008 4337 1238 4399 septima
1270 4334 1413 4386 dena
1435 4335 1568 4388 dies.

482 4415 804 4470 Venerabili
845 4417 904 4472 in
951 4419 1172 4474 Christo
1219 4421 1385 4476 Patre
1426 4438 1491 4476 ac
1543 4423 1768 4478 domino
1823 4424 1997 4479 JOAN-

409 4521 481 4558 NE
503 4505 699 4570 XXIX,
727 4505 928 4561 abbate
955 4508 1192 4563 ccenobii
1214 4510 1500 4565 Beccensis
1519 4527 1554 4564 a
1574 4511 1688 4566 Deo
1710 4513 1999 4578 accersito,

411 4593 680 4648 successit
708 4594 767 4648 in
811 4595 1086 4665 regimine
1123 4599 1370 4668 praedicti
1396 4600 1632 4654 caanobii
1663 4603 2000 4656 reverendus

414 4682 474 4736 in
493 4682 716 4736 Christo
729 4683 898 4737 Pater
914 4700 978 4738 ac
1001 4686 1259 4742 dominus
1281 4689 1585 4744 Gaufridus
1610 4690 1680 4743 de
1710 4691 1998 4761 Hispania,

413 4771 743 4840 cognomine
773 4772 1124 4840 Benedictus,
1157 4783 1278 4831 tum
1309 4777 1463 4848 prior
1489 4779 1558 4832 de
1586 4778 1886 4850 Prato,qui
1913 4779 2002 4835 die

414 4857 682 4915 Mercurii
723 4862 976 4926 Quatuor
1007 4870 1324 4936 temporum
1366 4866 1688 4922 Decembris
1723 4869 1856 4922 anni
1900 4869 2006 4923 Do-

413 4948 552 5004 mini
602 4949 754 5016 1452,
783 4954 1104 5008 convocatis
1133 4955 1391 5011 omnibus
1420 4963 1479 5011 et
1503 4957 1740 5028 singulis
1767 4974 2004 5028 quorum

414 5040 706 5102 intererat,
739 5041 1188 5098 solemnitatibus
1217 5046 1454 5101 assuetis
1483 5047 1591 5101 rite
1616 5047 1875 5118 peractis,
1911 5063 2008 5117 per

411 5129 560 5184 viam
580 5130 822 5202 Spiritus
846 5133 1024 5186 sancti
1048 5131 1107 5186 in
1124 5132 1382 5189 abbatem
1414 5135 1523 5190 fuit
1545 5135 2006 5202 electus,nemine

415 5220 831 5275 contradicente
855 5228 956 5275 aut
973 5238 1032 5276 se
1048 5231 1363 5293 opponente
1385 5243 1398 5291 ;
1422 5225 1627 5279 deinde
1653 5241 1754 5294 per
1775 5223 2006 5278 vicarios

415 5309 816 5382 archiepiscopi
837 5310 1323 5380 Rothomagensis.
1357 5313 1488 5367 sede
1520 5318 1770 5376 vacante,
1802 5328 2006 5367 secun-

416 5398 552 5453 dum
582 5399 986 5470 pragmaticam
1033 5400 1374 5456 sanctionem
1427 5402 1792 5455 confirmatus
1835 5406 2004 5472 atque

415 5486 759 5556 benedictus,
797 5489 1023 5544 demum
1057 5489 1225 5559 regiae
1257 5491 1536 5560 majestati
1563 5489 1848 5544 ﬁdelitatis
1871 5505 2006 5562 prae-

415 5577 562 5635 stitit
584 5577 992 5646 jurarnentum,
1016 5595 1142 5632 mox
1165 5579 1223 5633 in
1241 5595 1374 5634 cura
1400 5579 1506 5633 sibi
1529 5579 1832 5636 commissa
1857 5579 2006 5634 inse-

2080 3359 2214 3422 Quae
2243 3357 2432 3412 omnia
2465 3355 2717 3410 Parisius
2763 3354 2834 3408 de
2877 3369 3053 3424 cupro
3081 3351 3314 3406 fuerunt
3337 3349 3480 3402 facta
3524 3344 3657 3400 Fecit

2079 3446 2249 3500 etiam
2281 3445 2402 3500 ﬁeri
2423 3461 2595 3499 unam
2623 3458 2844 3498 crucem
2882 3446 3204 3511 argenteam
3238 3439 3309 3494 de
3330 3435 3545 3508 scyphis
3570 3433 3655 3487 de-

2079 3535 2396 3589 cedentium
2419 3533 2820 3603 religiosorum
2865 3529 3128 3602 ponderis
3174 3543 3292 3582 xxx
3319 3527 3650 3580 mai-charum

2081 3625 2167 3678 vel
2196 3625 2362 3689 circa,
2390 3623 2641 3693 reliquiis
2671 3627 2727 3676 et
2751 3620 2992 3691 gemmis
3018 3623 3301 3680 ornatam,
3325 3616 3383 3669 in
3412 3630 3518 3684 qua
3541 3615 3656 3708 sunt

2083 3719 2326 3784 quatuor
2367 3713 2542 3784 spinae
2598 3727 2814 3765 coronae
2855 3707 3160 3763 Salvatoris
3227 3704 3449 3760 Domini
3502 3704 3656 3755 nostri

2082 3803 2213 3856 Jesu
2243 3801 2474 3859 Christi.
2506 3806 2562 3854 et
2591 3800 2661 3853 de
2681 3815 2815 3852 vera
2843 3813 3008 3851 cruce
3041 3811 3167 3850 cum
3197 3795 3329 3848 aliis
3360 3797 3654 3846 sanctorum

2082 3891 2364 3962 reliquiis.
2411 3890 2489 3944 Eo
2531 3901 2784 3958 tempore
2824 3886 2956 3940 fecit
2985 3885 3044 3938 in
3069 3900 3296 3954 capsam
3313 3887 3478 3952 caput
3497 3875 3654 3932 sancti

2081 3979 2364 4039 Blasii.,...
2395 3979 2510 4032 Has
2541 3993 2734 4032 omnes
2763 3975 3030 4045 reliquias
3055 3989 3158 4026 suo
3187 3979 3440 4042 tempore
3467 3967 3533 4022 ab
3554 3967 3656 4020 An-

2081 4069 2198 4139 glia
2225 4085 2259 4122 a
2296 4065 2711 4122 commonachis
2759 4063 2966 4118 nostris
3002 4062 3132 4116 inde
3173 4061 3420 4132 expulsis
3456 4057 3651 4111 allatas.

2082 4157 2212 4212 fecit
2239 4155 2556 4228 approbari.
2579 4156 2730 4210 Duos
2749 4153 2918 4206 etiam
2947 4151 3200 4206 urceolos
3229 4151 3303 4204 de
3331 4153 3554 4218 argento
3570 4157 3653 4242 pro

2083 4263 2232 4316 aqua
2273 4244 2564 4299 benedicta
2609 4242 2928 4306 deferenda,
2969 4246 3026 4294 et
3075 4239 3315 4293 totidem
3341 4239 3655 4306 aspersorios

2015 4363 2066 4422 D
2084 4335 2205 4389 fieri
2234 4335 2364 4388 fecit
2383 4333 2760 4406 ponderis.....
2797 4330 3154 4384 marcharum
3186 4329 3277 4381 vel
3305 4327 3472 4382 circa.
3522 4319 3656 4376 Fecit

2082 4424 2252 4478 etiam
2283 4423 2405 4478 ﬁeri
2444 4423 2586 4476 duas
2624 4420 2868 4492 capellas
2897 4419 3066 4488 panni
3095 4416 3284 4482 serici,
3316 4413 3552 4468 munitas
3573 4417 3660 4462 ca-'

2086 4513 2245 4577 sulis,
2285 4511 2510 4576 tunicis,
2561 4509 2896 4572 dalmaticis,
2943 4506 3134 4578 cappis
3177 4505 3339 4570 albis,
3381 4499 3584 4556 amictis
3609 4499 3659 4549 et

2085 4601 2302 4672 mappis
2350 4599 2582 4672 paratis,
2628 4614 2798 4652 unam
2829 4596 3042 4650 scilicet
3071 4594 3228 4649 rubei
3259 4591 3478 4655 coloris,
3507 4587 3656 4642 aliam

2085 4707 2213 4745 vero
2242 4689 2375 4757 albi,
2408 4695 2464 4743 et
2491 4689 2660 4742 etiam
2699 4685 2998 4756 complevit
3031 4684 3306 4753 capellam
3334 4681 3402 4736 de
3425 4673 3656 4742 Caroliis,

2085 4796 2209 4850 qua
2237 4785 2369 4832 ante
2400 4778 2582 4832 fuerat
2611 4792 2712 4847 per
2729 4791 2860 4829 suos
2884 4772 3320 4844 praedecessores
3341 4770 3584 4861 incoepta.
3603 4762 3660 4815 Et

2085 4885 2158 4922 ne
2183 4867 2300 4938 ipse
2317 4873 2372 4921 et
2382 4868 2507 4938 ejus
2526 4871 2832 4920 conventus
2853 4867 3146 4916 notaretur
3168 4861 3238 4914 de
3259 4852 3656 4927 ingratitudine.

2087 4963 2146 5010 et
2171 4955 2456 5010 laberetur
2475 4954 2746 5009 memoria
2772 4951 3190 5006 benefactorum
3223 4945 3660 5013 ecclesia,quam~

2087 5046 2216 5100 dam
2246 5061 2486 5115 cuppam
2520 5043 2796 5097 munitam
2830 5039 3190 5095 circumcirca
3231 5042 3482 5108 argento,
3509 5040 3658 5126 quam

2087 5133 2400 5205 antiquitus
2429 5133 2662 5186 dederat
2683 5131 2832 5185 dicto
2861 5128 3113 5184 cmnobio
3147 5125 3381 5181 celebris
3403 5125 3661 5214 memoria:

2089 5223 2314 5276 domina
2345 5221 2631 5276 Mathildis
2673 5218 3018 5291 imperatrix,
3051 5233 3176 5288 quae
3220 5219 3399 5268 tractu
3419 5218 3660 5300 temporis

2087 5311 2270 5366 fuerat
2297 5315 2650 5380 consumpta,
2683 5313 2742 5362 et
2766 5306 2969 5362 deinde
3001 5323 3102 5376 per
3131 5304 3451 5359 defunctum
3498 5297 3660 5349 domi-

2085 5418 2222 5456 num
2243 5400 2550 5455 Robertum
2571 5399 2640 5454 de
2663 5397 2956 5470 Hispania,
2984 5403 3237 5466 tempore
3265 5409 3376 5463 quo
3397 5385 3600 5442 vivebat
3613 5383 3663 5434 et

2087 5489 2345 5556 decessit,
2376 5488 2619 5560 priorem
2651 5487 2933 5559 prioratus
2977 5483 3154 5539 beata:
3189 5481 3376 5536 Mariae
3417 5477 3482 5530 de
3511 5474 3660 5564 l’rate

2090 5595 2263 5650 Ριόρθ
2309 5577 2742 5646 Rothomagum,
2798 5581 3061 5646 patruum
3125 5570 3374 5642 ejusdem
3438 5562 3659 5620 defuncti
