3872 6168
210 254 308 314 769
849 255 1202 312 CATALOG.
1243 252 1620 311 LIBRORUM
1655 253 1987 316 ABBATIIE
2024 261 2418 323 BECCENSIS
2457 267 2635 329 saec.
2675 273 2798 329 ΧΠ.
3373 281 3478 343 πο

209 382 445 448 abbatis.
476 384 730 438 ῐοΐιὶιίῐθν
755 383 826 437 de
852 386 1085 453 argento
1108 383 1434 449 reformata:
1457 390 1653 455 Postea
1676 401 1803 456 pro-
1816 402 1867 462 Α
1887 389 1966 444 eis
1995 392 2268 448 subtracti
2292 395 2516 450 fuerant
2538 398 2825 453 occasione
2851 416 3188 470 guerrarum
3223 410 3281 460 et
3309 406 3482 464 forte-

208 478 327 569 pter
354 474 720 569 necessitates
749 473 992 569 ecclesiae
1030 472 1335 526 venditioni
1366 472 1637 569 exposita,
1671 475 1806 528 fecit
1885 480 2064 547 recite,
2089 487 2342 554 tempore
2371 485 2588 540 abbatis
2615 487 2860 542 Roberti.
2883 491 3104 546 Turrim
3133 511 3354 566 quoque
3373 514 3476 569 pro

207 561 507 616 instaurari
537 562 606 616 de
643 569 878 632 argento
925 561 1196 614 deaurato
1244 561 1505 632 ponderis
1533 577 1608 615 xu
1649 579 1802 616 mar-
1884 571 2290 641 suspendendis
2311 575 2600 645 campanis
2629 578 2872 632 ecclesia:
2899 579 3129 652 incmpit
3149 561 3210 636 et
3239 561 3477 642 aediﬁca-

206 649 456 714 charum,
516 651 860 720 imaginibus
905 649 1134 703 elevatis
1165 650 1428 704 refertam
1455 668 1468 714 ;
1503 657 1560 704 et
1580 651 1802 705 ordina-
1886 659 1962 712 vit
1990 675 2166 730 usque
2197 662 2266 716 ad
2286 663 2638 718 altitudinem
2659 680 2756 720 CLX
2775 649 3475 743 graduum‘etprincipium

203 744 315 792 tum
345 739 459 793 fuit
477 739 624 810 quod
655 738 892 808 singulis
919 737 1115 792 diebus
1157 739 1215 792 in
1263 739 1468 808 quibus
1499 739 1614 794 sive
1646 745 1798 795 totus
1881 746 2274 812 fenestrarum,
2298 768 2465 822 quam
2495 760 2674 808 morte
2715 763 3028 826 praeventus
3067 737 3336 830 perﬁcere
3361 779 3472 818 non

205 825 300 898 [ἡ.
330 828 563 898 chorus]
591 828 674 880 vel
703 833 947 898 quatuor
975 830 1045 880 ad
1085 829 1280 893 Venite,
1305 834 1362 882 et
1386 828 1440 881 in
1471 829 1670 884 diebus
1699 829 1800 883 ob-
1879 837 2081 906 potuit.
2111 837 2406 910 Privilegia
2434 849 2626 896 nostra
2663 825 2732 897 de
2761 845 3038 916 religiosis
3057 825 3474 907 committendis

200 917 370 970 ituum
391 917 612 971 domini
630 916 900 978 Helluini.
932 916 1108 986 ipsius
1128 915 1801 989 imperatricis,etipsius-

201 1013 307 1058 met
333 1005 610 1072 defuncti,
639 1006 877 1075 singulis
905 1022 1004 1076 per
1029 1005 1283 1059 ordinem
1338 1013 1642 1060 conventus
1677 1024 1797 1061 mo-

201 1095 384 1148 nachis
408 1095 806 1166 propinaretur
823 1093 882 1148 in
903 1093 1022 1166 ipsa
1051 1093 1242 1148 vinum
1267 1112 1279 1146 :
1305 1111 1414 1165 quo
1434 1101 1793 1166 prmgustato,

201 1181 426 1253 quilibet
443 1183 690 1236 diceret:
721 1185 1070 1252 Requiescant
1101 1186 1162 1236 in
1189 1199 1336 1252 pace,
1377 1199 1570 1240 amen.
1601 1185 1670 1237 Et
1699 1201 1799 1254 pro

201 1273 339 1326 dicto
363 1272 497 1326 vino
527 1272 830 1342 quaerendo
843 1271 1152 1342 assignavit
1170 1277 1412 1342 quatuor
1426 1288 1586 1326 acras
1604 1279 1790 1336 terrae,

1882 925 1940 978 in
1957 925 2294 996 prioratibus
2323 929 2456 982 dicti
2489 933 2813 987 monasterii
2874 937 3216 1004 vacantibus,
3275 947 3473 996 contra

1881 1012 2248 1084 impetrantes
2291 1020 2624 1088 apostolicos
2659 1027 2716 1074 et
2746 1023 3024 1092 quoslibet
3067 1027 3208 1081 alios
3235 1029 3474 1086 viriliter

1881 1103 2148 1158 defendit.
2197 1106 2477 1162 Praeterea
2507 1125 2617 1163 non
2639 1110 2936 1166 immemor
2963 1130 3076 1169 suze
3104 1117 3320 1176 salutis,
3351 1119 3473 1175 fun-

1881 1191 2034 1246 davit
2060 1209 2236 1248 unum
2267 1196 2712 1254 anniversarium
2746 1218 2845 1271 pro
2886 1219 2964 1264 se,
2999 1204 3115 1258 suis
3146 1207 3472 1276 parentibus

1880 1285 1936 1334 et
1959 1283 2171 1342 amicis,
2203 1289 2258 1338 et
2309 1303 2409 1356 pro
2438 1285 2886 1344 benefactoribus
2916 1291 3092 1362 ipsius
3124 1297 3469 1363 monasterii,

201 1377 329 1431 quas
360 1361 417 1414 in
467 1361 733 1432 parocbia
761 1361 832 1414 de
860 1359 1179 1414 Nova-villa
1216 1361 1528 1431 acquisivit.
1581 1362 1794 1432 Super-
1876 1385 1978 1440 pro
2009 1388 2120 1442 quo
2151 1373 2485 1428 celebrando
2517 1377 2823 1448 assignavit
2853 1395 2886 1434 x
2921 1359 3092 1436 libras
3119 1359 3473 1440 Turonenses

197 1450 391 1504 struxit
418 1449 706 1503 stillicidia
728 1449 950 1520 lapidea
975 1449 1033 1502 in
1063 1449 1301 1503 Circuitu
1325 1449 1550 1520 capellae
1581 1451 1641 1504 Β.
1674 1448 1792 1504 Μη-
1878 1460 2168 1513 annuatim
2198 1461 2616 1518 distribuendas
2647 1467 2814 1520 modo
2855 1474 2912 1522 et
2966 1469 3148 1524 forma
3195 1473 3474 1528 contentis

199 1539 304 1602 τίω,
336 1545 394 1592 et
423 1545 602 1592 totam
624 1538 1056 1610 carpentariam,
1081 1544 1139 1592 et
1156 1539 1446 1610 cooperuit
1463 1539 1606 1592 sicut
1629 1545 1791 1594 antea

1877 1545 1932 1599 in
1968 1547 2170 1602 litteris
2201 1550 2258 1604 in
2292 1552 2556 1606 thesauro
2574 1554 2642 1606 de
2665 1557 3004 1611 monasterio
3035 1561 3352 1616 reconditis.
3385 1561 3471 1616 Fi~

199 1629 373 1680 luerat
392 1627 642 1698 plumbo;
659 1627 950 1685 aediﬁcavit
966 1627 1712 1718 pulchruminﬁrmitorium
1741 1633 1796 1682 ct
1877 1637 2082 1690 naliter
2109 1639 2456 1706 inﬁrmitate,
2473 1659 2638 1712 quam
2665 1643 2780 1698 fere
2795 1662 2895 1716 per
2917 1649 3271 1718 septennium
3292 1651 3466 1705 Deum

199 1717 522 1785 spatiosum.
539 1721 802 1809 ornatum
818 1717 1042 1809 capella
1049 1722 1106 1770 et
1124 1715 1615 1809 cellulispluribus
1635 1717 1790 1809 S_alu-
1807 1728 1850 1788 Β
1874 1725 2154 1780 laudando
2176 1728 2462 1784 sustinuit.
2500 1730 2697 1786 habuit
2749 1734 2937 1803 plures
2981 1715 3222 1791 amulos
3270 1755 3470 1809 graves

195 1807 540 1876 ticorporum
555 1804 985 1860 decentissimis.
1011 1805 1191 1876 Super
1209 1805 1516 1858 CODdUCtUS
1533 1804 1792 1871 fontium,
1882 1815 2025 1870 viros
2053 1823 2245 1872 contra
2289 1835 2448 1873 suam
2479 1821 2840 1883 vocationem,
2885 1823 3194 1880 ambientes
3223 1804 3470 1898 dignita-

197 1894 314 1963 quia
344 1911 498 1966 saepe
531 1895 840 1966 perdebant
857 1911 1105 1958 cursum,
1139 1901 1370 1964 propter
1385 1910 1616 1964 grossas
1649 1894 1796 1948 radi-

201 1997 280 2036 ces
306 1983 598 2048 arborum,
629 2001 755 2051 qua:
783 1984 937 2038 intus
964 1999 1029 2037 ex
1076 1983 1310 2036 humore
1348 1999 1507 2052 aqua:
1537 1983 1795 2037 foveban-

195 2079 292 2134 tur,
322 2072 686 2127 obstruentes
717 2079 966 2127 meatum
993 2088 1288 2142 aquarum,
1349 2071 1468 2126 vias
1503 2071 1792 2126 subterra-

203 2176 324 2214 neas
345 2161 538 2232 largas
589 2161 905 2216 altitudinis
952 2161 1218 2222 hominis,
1255 2160 1633 2214 testudinibus
1660 2176 1794 2215 coo-

198 2257 392 2318 pertas,
432 2267 539 2322 pro
569 2251 708 2321 ipsis
735 2251 1048 2309 visitandis,
1089 2256 1146 2304 et
1189 2248 1604 2320 impedimentis
1633 2267 1780 2303 amo-

201 2339 401 2399 vendis,
431 2357 465 2392 a
494 2357 694 2411 campo
723 2339 793 2394 de
839 2341 1106 2410 Boulleyo
1135 2355 1313 2410 usque
1342 2354 1476 2408 erga
1515 2337 1791 2392 molendi-

208 2442 332 2480 num
359 2429 431 2482 de
461 2429 754 2498 Feugerio,
801 2434 928 2483 et-a
957 2435 1122 2499 portu
1160 2427 1349 2481 Vineze
1377 2443 1556 2498 usque
1585 2427 1655 2481 ad
1697 2443 1792 2480 va-

204 2514 326 2568 dum
360 2516 592 2590 Prioris,
615 2587 619 2591 ‘
639 2523 695 2570 et
729 2515 800 2570 ab
827 2516 924 2570 illo
949 2515 1089 2569 vado
1119 2532 1296 2586 usque
1342 2515 1413 2569 ad
1461 2515 1790 2569 turriculam

205 2622 318 2675 quae
345 2620 430 2659 est
459 2622 634 2676 prope
665 2605 862 2659 cellam
895 2603 1133 2666 abbatis,
1157 2603 1366 2657 exstrui
1384 2603 1514 2656 fecit
1535 2619 1648 2656 una
1665 2619 1792 2656 cum

202 2694 486 2756 turricula,
511 2702 569 2748 et
589 2695 647 2748 in
663 2694 781 2748 vico
807 2711 906 2764 per
924 2694 1084 2762 cujus
1107 2693 1352 2746 medium
1368 2698 1790 2762 manantaquze,

203 2799 373 2853 usque
403 2783 474 2836 ad
501 2783 718 2836 tineam
742 2781 1020 2852 lapideam
1051 2780 1283 2846 cellarii,
1331 2786 1389 2834 et
1438 2781 1508 2833 de
1538 2779 1704 2850 lignis
1735 2787 1792 2833 et

205 2877 344 2926 tecto
373 2887 547 2942 super
570 2877 786 2925 veteres
803 2870 1042 2941 parietes
1058 2869 1415 2924 remdiﬁcavit
1428 2869 1617 2922 aulam
1641 2869 1790 2922 Mar-

195 2961 333 3015 telli.
363 2961 679 3016 Ediﬁcavit
719 2965 938 3032 portam
971 2959 1266 3014 Pratorum
1293 2976 1306 3024 ;
1337 2973 1530 3012 muros
1567 2973 1790 3028 quoque

195 3051 346 3120 parci
366 3068 468 3122 pro
497 3051 700 3120 majori
721 3054 878 3121 parte
916 3049 1146 3102 reﬁcere
1198 3047 1432 3102 studuit.
1469 3047 1788 3101 Munerium

1877 1908 1990 1958 tem
2023 1905 2379 1976 abbatialem,
2405 1908 2722 1964 obtinentes
2746 1911 2959 1966 litteras
2983 1916 3470 1973 commendatitias

1877 1995 2189 2066 principum
2222 2003 2278 2051 et
2332 2007 2658 2068 magnatum
2708 2001 2882 2070 regni,
2915 2002 3203 2058 mittentes
3235 2021 3468 2076 magnos

1874 2082 2106 2154 legatos,
2139 2085 2353 2140 nobiles
2387 2088 2710 2158 prudentes,
2769 2095 2826 2144 et
2877 2091 3148 2146 maximos
3186 2093 3461 2164 rhetores,

1874 2173 1942 2226 ad
1973 2173 2075 2228 sibi
2107 2177 2556 2246 persuadendum
2575 2183 2639 2232 ut
2667 2178 2926 2249 dignitati
2954 2181 3195 2246 cederet,
3227 2183 3468 2238 oﬁeren-

1873 2268 1959 2316 tes
1987 2262 2090 2316 sibi
2138 2264 2367 2319 daturos
2416 2283 2678 2337 magnam
2711 2268 3066 2338 pensionem;
3118 2271 3214 2326 sed
3245 2288 3470 2344 semper

1872 2351 1982 2406 fuit
2009 2359 2270 2408 constans
2313 2362 2370 2409 et
2407 2355 2461 2410 in
2523 2357 2806 2428 responsis
2853 2365 3074 2428 cautus,
3107 2359 3238 2431 quia
3279 2361 3466 2428 minis,

1871 2439 2289 2509 blandimentis,
2323 2461 2424 2499 nec
2468 2445 2933 2516 promissionibus
2963 2448 3094 2502 ullis
3125 2450 3345 2504 concuti
3375 2468 3472 2522 po-

1873 2531 1986 2584 tuit
2006 2547 2107 2586 nec
2133 2533 2408 2599 converti;
2453 2535 2550 2588 sed
2575 2535 2718 2588 rexit
2749 2536 2959 2590 dictum
2997 2537 3310 2593 cwnobium
3341 2557 3469 2594 con-

1873 2619 2030 2673 tinue
2056 2637 2088 2673 a
2107 2621 2197 2674 die
2225 2639 2340 2675 sua:
2372 2623 2658 2677 electionis
2685 2639 2864 2694 usque
2918 2625 2989 2679 ad
3030 2625 3178 2680 diem
3209 2634 3468 2698 quartam

1875 2708 2148 2764 decimam
2197 2710 2406 2764 mensis
2434 2711 2571 2764 Maii
2613 2713 2746 2765 anni
2779 2713 3000 2767 Domini
3039 2712 3186 2777 H76,
3223 2733 3334 2786 qua
3353 2717 3464 2783 die,

1872 2798 2237 2852 sacramentis
2265 2799 2650 2854 ecclesiasticis
2681 2801 2948 2866 munitus,
2981 2803 3165 2857 carnis
3189 2805 3467 2860 sarcinam

1872 2886 2148 2958 deposuit.
2207 2888 2408 2942 Ani'na
2465 2891 2588 2958 ejus
2628 2889 2682 2942 in
2718 2907 2850 2960 pace
2889 2891 3221 2961 requiescat.
3263 2896 3464 2951 Amen.

1873 2976 2248 3047 Sepultusque
2277 2975 2385 3030 fuit
2411 2977 2470 3030 in
2496 2978 2664 3032 choro
2703 2978 2836 3032 dicti
2872 2979 3107 3034 coenobii
3137 2981 3240 3035 sub
3269 2983 3467 3038 tumba

1871 3080 2038 3135 quam
2065 3064 2184 3136 ipse
2216 3065 2326 3118 vita
2371 3065 2490 3134 ejus
2519 3065 2722 3120 comite
2753 3083 2880 3120 cum
2910 3067 3107 3122 tumba
3132 3069 3219 3122 sui
3250 3070 3467 3141 praede-

200 3144 253 3193 οἵ
293 3139 590 3210 ςταηείωη
621 3139 692 3192 de
727 3137 1007 3192 Marbedio
1061 3143 1120 3192 et
1163 3137 1328 3228 ΡῙΨἩ
1351 3135 1494 3228 fma
1522 3136 1610 3228 _de
1647 3152 1790 3190 Πονο
1817 3127 2106 3208 ϐέθδεονὶέ
2127 3152 2246 3206 ﬁeri
2277 3127 2424 3207 fecit.
2453 3154 2722 3226 Sequitur
2745 3155 3092 3227 epitaphium
3125 3127 3266 3228 ejus:

199 3231 524 3284 construxit.
542 3228 862 3286 Molendina
891 3229 979 3282 des
1005 3227 1214 3296 Mejans
1233 3224 1484 3280 funditus
1505 3225 1792 3280 destructa

199 3320 262 3372 de
291 3336 434 3373 novo
462 3317 757 3373 aediﬁcavit
789 3335 802 3383 ;
839 3321 897 3370 et
914 3333 1014 3370 suo
1033 3321 1288 3386 tempore
1305 3314 1364 3368 in
1397 3314 1642 3368 favorem
1683 3314 1794 3368 fra-

197 3413 340 3462 trum
365 3415 676 3462 eonventus
699 3425 713 3460 :
735 3405 1010 3476 acquisita
1036 3404 1146 3458 fuit
1165 3405 1348 3475 portio
1359 3419 1529 3474 quam
1548 3398 1794 3458 habebat

198 3497 454 3552 dominus
483 3498 554 3552 de
584 3495 846 3550 Mesnill'o
875 3511 1047 3565 super
1065 3493 1162 3548 illa
1190 3493 1528 3558 molendina,
1553 3493 1621 3546 ad
1645 3509 1786 3564 aug-

200 3588 597 3642 mentationem
617 3585 937 3639 reddituum
966 3583 1368 3654 pitanciarum:
1393 3583 1541 3636 unde
1565 3583 1787 3636 ordina-

197 3677 272 3730 vit
290 3677 440 3748 quod
467 3677 710 3730 fratrum
736 3679 1042 3728 conventus
1073 3673 1426 3744 perciperent
1471 3688 1544 3726 xx
1578 3671 1786 3726 solidos

195 3765 562 3836 pitanciarum
594 3763 830 3834 singulis
853 3763 1016 3818 annis
1043 3762 1100 3816 in
1130 3761 1370 3816 termino
1400 3760 1643 3825 Paschae,
1691 3761 1786 3831 qui

1873 3314 2178 3381 Gau/‘ridus
2206 3315 2488 3382 Hispanus
2511 3331 2806 3384 cognomen
2837 3317 3038 3371 habens
3071 3319 3352 3386 benedicti,

1943 3404 2118 3456 Abba:
2149 3404 2417 3456 Beccensis
2453 3405 2729 3471 fratribus
2759 3407 3008 3460 univocis

1875 3490 2103 3548 Electus,
2133 3495 2337 3544 rectam
2371 3507 2588 3544 morum
2620 3495 2846 3562 viaeque
2873 3495 3035 3549 beata:

1935 3579 2162 3634 Servavi
2187 3595 2445 3634 normam
2475 3583 2803 3649 temporibus
2830 3585 3045 3638 studuit

1870 3669 2107 3723 Cursum
2134 3673 2437 3736 complerit,
2471 3673 2591 3724 vita:
2615 3675 2999 3739 prmcvuzlitur
3031 3690 3182 3741 usus,

1939 3760 2186 3828 Spiritus
2209 3763 2327 3814 alta
2351 3763 2507 3829 prtit,
2537 3776 2733 3830 corpus
2759 3763 3068 3832 humusque
3093 3769 3250 3818 tenet.

1332 4057 2393 4194 CATALOGUS

530 4268 940 4332 LlBROHUM
982 4263 1354 4330 ABBATl/E
1395 4267 1817 4330 BECCENSIS
1861 4269 2092 4330 (ΗΒΕΑ
2135 4264 2528 4330 SIECULUM
2571 4263 3126 4326 DUODECIMUM.

196 4401 292 4479 (D.
330 4401 706 4484 Ravnssori,
724 4401 1017 4484 ARapport
1045 4366 1125 4484 au
1149 4401 1420 4484 ministro
1449 4399 1523 4484 de
1553 4399 1949 4484 [instruction
1981 4401 2433 4484 pubh‘quest:
2466 4399 2564 4484 [es
2611 4397 3033 4484 bi'bh'ot/zéques
3061 4397 3162 4460 des
3189 4399 3468 4484 déparle—

341 4492 528 4542 ments
556 4484 630 4542 de
659 4479 902 4542 l’Ouesf.
940 4481 1136 4556 Puris,
1167 4480 1343 4543 1841.
1377 4480 1558 4553 in-8°,
1591 4501 1736 4562 pag.
1771 4481 1890 4544 376
1919 4479 2003 4542 ex—
2022 4501 2140 4542 ms.
2167 4479 2389 4542 codice
2417 4481 2824 4540 bibliotheca:-
2846 4479 3302 4561 Abrincensisl)

1657 4622 1964 4638 ﬂ

1551 4730 1788 4822 MUN
1803 4729 2110 4823 lTUM.

251 4886 332 4940 Le
362 4887 658 4956 catalogue
687 4885 786 4939 des
814 4885 981 4940 livres
1009 4884 1078 4939 de
1108 4882 1373 4956 l’abbayei
1391 4883 1466 4938 du
1495 4882 1606 4937 Bec
1629 4895 1832 4956 annue
1860 4881 2031 4956 siecle
2065 4881 2322 4956 ajoutera
2346 4881 2698 4956 auxnotions
2723 4898 2832 4956 que
2857 4881 2969 4936 l’on
2999 4900 3034 4937 a
3061 4899 3160 4956 sur
3184 4883 3470 4942 l’étendue

176 4957 277 5011 des
308 4953 744 5011 connaissances
776 4955 1078 5011 littéraires
1109 4955 1144 5011 ἐι
1173 4953 1318 5009 cette
1348 4955 1581 5026 époque.
1603 4953 1883 5026 L’abbaye
1908 4954 1984 5008 du
2004 4954 2128 5026 Bec,
2143 4953 2216 5006 ou
2231 4953 2626 5026 enseignerent
2645 4953 2921 5026 Lunfranc
2941 4960 2998 5007 et
3010 4955 3163 5026 saint
3183 4958 3466 5020 Anselme,

174 5028 324 5082 était
358 5045 467 5082 une
497 5029 596 5082 des
628 5029 810 5081 écoles
839 5029 919 5081 les
951 5029 1076 5098 plus
1103 5026 1350 5080 celebres
1383 5024 1442 5079 et
1470 5027 1548 5080 les
1579 5024 1704 5096 plus
1723 5031 1982 5098 savantes
2011 5024 2216 5098 d’alqrs
2412 5040 2572 5098 verra
2615 5025 2781 5098 qu’on
2803 5025 3162 5098 yipossédait,
3188 5044 3333 5098 avec
3361 5045 3473 5082 une

173 5100 365 5169 partic
389 5100 488 5152 des
507 5115 789 5169 ouvrages
807 5099 876 5152 de
898 5085 1150 5178 Ciceron,
1174 5099 1554 5182 l’lfortql‘zs‘ms,
1573 5085 1680 5182 que
1699 5112 1842 5182 nous
1859 5085 2234 5182 n’avonsnplus
2252 5111 2276 5180 ς’
2291 5095 2516 5182 Τιιεοειιο
2535 5085 3473 5182 Rorhpéeisitoutetpisﬁl.ne.Ifaut

174 5165 278 5242 pas
311 5173 590 5242 entendre
619 5165 722 5240 par
765 5176 910 5223 cette
965 5169 1322 5239 désignation
1366 5165 1609 5237 l’abrégé
1639 5167 1709 5220 de
1733 5167 1917 5242 Justin
1942 5185 1955 5232 ;
1985 5183 2064 5220 un
2091 5165 2298 5242 Traite‘
2320 5167 2398 5242 tle
2421 5169 2621 5242 causis,
2648 5165 2780 5220 sous
2800 5167 2850 5220 le
2877 5183 3006 5221 nom
3040 5168 3110 5242 de
3138 5166 3468 5242 Quintilien,

175 5236 692 5312 probablement'le
721 5242 792 5295 lle
811 5244 999 5312 causis
1023 5236 1295 5308 corrupta
1322 5236 1639 5312 eloquentiae
1659 5257 1674 5301 ;
1696 5243 1836 5312 tous
1857 5239 1938 5312 les
1959 5252 2232 5312 ouvrages
2247 5236 2551 5312 d’_Ar_istote
2566 5238 2705 5312 dent
2721 5253 2867 5312 _nous
2887 5254 3058 5312 avens
3078 5237 3130 5290 la
3152 5238 3471 5312 traduction

176 5307 284 5384 par
314 5316 518 5384 lioéce,
543 5319 602 5366 et
617 5328 717 5384 pas
734 5311 954 5384 ungseul
971 5307 1274 5384 desautres
1301 5328 1313 5376 ;
1345 5308 1748 5384 la_version_de
1775 5308 2250 5384 l’nnthropologie
2281 5307 2350 5360 de
2377 5307 2702 5384 ὓξςὲιηεέεῇιιεΔ
2719 5309 2958 5384 laquelle
2975 5324 3034 5360 se
3057 5313 3314 5384 r3trouve
3328 5309 3469 5384 dans

174 5377 254 5438 ῖιῐι
290 5383 398 5437 des
427 5377 767 5436 manuscrits
795 5382 866 5435 de
894 5383 951 5436 la
981 5381 1356 5452 bibliotheque
1372 5379 1779 5452 d’Avranclies;
1804 5377 2060 5432 le'l‘imée
2077 5379 2147 5452 de
2161 5377 2377 5452 Platon,
2405 5379 2641 5452 Hermes
2658 5377 3040 5452 Trismégiste,
3063 5377 3251 5452 cesar,
3270 5379 3462 5452 Qvide,

174 5455 458 5516 Velleius,
488 5453 754 5514 Suétone,
787 5453 1082 5508 Claudien.
1113 5460 1216 5505 etc.
1239 5448 1388 5506 Uans
1399 5452 1478 5505 les
1497 5452 1652 5504 listes
1666 5451 1763 5504 des
1781 5466 2054 5520 ouvrages
2074 5451 2172 5504 des
2193 5449 2380 5521 Pares,
2397 5451 2798 5521 spéeialement
2817 5449 2885 5502 de
2913 5448 3064 5521 saint
3081 5450 3361 5521 Augustin
3397 5467 3470 5505 on

175 5542 249 5580 en
284 5532 492 5580 notera
517 5525 799 5596 plusieurs
827 5525 968 5579 dont
993 5525 1077 5579 les
1111 5524 1272 5596 titres
1301 5523 1513 5596 memes
1532 5521 1804 5596 n’etaient
1831 5539 1930 5596 pas
1963 5519 2134 5576 venus
2148 5520 2376 5596 jusqu’a
2404 5519 2564 5596 nous.
2590 5523 2672 5576 En
2701 5527 2882 5596 outre,
2901 5519 2971 5596 le
2995 5519 3164 5596 traite
3185 5522 3255 5575 de
3278 5521 3472 5578 Raban

177 5597 384 5662 Maur,
419 5598 486 5651 De
515 5589 743 5650 naturis
772 5611 986 5662 rerum,
1015 5611 1216 5649 eneore
1243 5593 1438 5661 inédit,
1471 5593 1742 5665 quoiqu’il
1785 5589 1961 5648 eiiste
1989 5609 2060 5647 en
2092 5589 2407 5648 manuscz'it
2433 5593 2574 5646 dans
2605 5591 2876 5664 quelques
2901 5589 3332 5666 bibliothéques,
3363 5599 3472 5650 etc.
