3872 6168
443 198 545 258 771

1393 201 1490 254 AD
1528 200 1769 263 OPERA
1804 201 1870 255 Β.
1910 199 2325 257 LANFRANCJ
2364 200 2751 257 APPENDIX.

3518 282 3525 289 ,
3546 210 3635 268 7n

1118 327 1437 404 TITULI
1474 326 1967 403 LIBRORUM
2017 326 2519 407 BECCENSIS
2563 327 2995 400 ALMARII.

515 499 670 553 Libri
692 497 832 549 beati
860 494 1168 562 Augustini
1196 498 1445 563 episcopi.

512 588 579 640 1n
634 602 746 639 uno
800 587 1080 638 volumine
1144 598 1339 655 super‘
1378 584 1689 637 Johannem
1756 597 2044 636 sermones

444 675 857 730 CXXIIII.-—-In
873 673 1092 728 alio.De
1110 674 1330 727 civitate
1346 672 1568 737 Dei,lib.
1588 673 1814 726 XXII.-—
1833 673 2037 724 [na/io.

442 764 822 827 Enchiridion,
847 763 987 816 liber
1004 763 1322 817 unus—De
1351 762 1606 815 doctrina
1632 761 1956 828 christiana,
1978 759 2042 812 li-

443 854 533 908 bri
555 852 708 909 llI.—-
732 852 1040 907 Simbolum
1072 850 1140 905 ab
1172 852 1366 905 eodem
1398 851 1747 904 dictatum.--
1767 850 2037 919 Disputa-

442 943 519 998 tio
550 949 746 997 contra
770 942 1109 997 Felicianum
1144 941 1451 993 hereticum
1478 940 1546 993 de
1578 939 1849 993 trinitate.
1873 968 1928 978 -
1960 938 2040 991 De

443 1033 785 1105 perfectione
808 1031 1054 1102 justicie,
1074 1028 1216 1083 liber
1236 1046 1400 1083 unus.
1427 1059 1460 1066 -—
1499 1030 1577 1082 De
1599 1036 1801 1081 natura
1828 1032 1884 1080 et
1901 1043 2040 1097 gra-

444 1123 549 1184 eia,
580 1121 722 1174 liber
749 1137 912 1174 unus.
937 1150 989 1159 --
1020 1119 1266 1189 Epistola
1285 1118 1534 1187 ejusdem
1565 1118 1635 1170 ad
1656 1117 2035 1170 Valentinum.

447 1242 504 1252 —
558 1210 637 1263 De
660 1209 851 1279 gracia
881 1215 933 1261 et
967 1208 1141 1261 libero
1168 1206 1420 1264 arbitrio,
1466 1206 1608 1258 liber
1654 1222 1821 1258 unus.
1858 1234 1936 1244 --
1963 1204 2042 1258 De

448 1299 808 1369 conceptione
857 1304 914 1351 et
939 1297 1142 1368 gratia,
1183 1295 1324 1349 liber
1353 1312 1515 1349 unus.
1543 1325 1608 1335 --
1642 1295 1889 1365 Epistola
1915 1295 2048 1347 Pro-

446 1388 595 1459 speri
617 1388 688 1441 ad
717 1403 948 1439 eum.—-—
964 1385 1214 1456 Epistola
1240 1383 1785 1437 liilariiArdurensns
1808 1383 1877 1436 ad
1890 1400 2039 1436 eum.

444 1504 501 1516 --
533 1476 613 1530 De
650 1473 1125 1546 predestinatione
1147 1479 1487 1532 sanctorum,
1516 1471 1703 1525 liberi
1733 1473 1884 1526 --De
1897 1472 2041 1526 bono

439 1563 876 1636 perseverantie,
905 1561 1048 1616 liber
1068 1563 1111 1616 Ι.
1142 1592 1217 1602 οι-
1257 1564 1322 1616 In
1354 1564 1495 1617 alio.
1533 1562 1741 1615 Contra
1772 1562 2040 1615 Faustum

444 1652 821 1707 Manicheum.
854 1651 949 1705 lib.
985 1653 1056 1705 Il.
1078 1682 1150 1691 --
1176 1651 1254 1705 De
1286 1651 1586 1711 mendatio,
1610 1650 1704 1704 lib.
1731 1651 1772 1704 Ι.
1804 1680 1875 1689 --
1901 1649 2045 1703 Con-

440 1747 531 1799 tra
556 1741 922 1797 mendatium,
955 1739 1057 1794 lib.
1090 1742 1135 1798 Ι.
1176 1770 1248 1780 -
1278 1741 1357 1795 De
1388 1756 1519 1793 cura
1553 1757 1654 1810 pro
1685 1740 1921 1793 mortuis
1950 1756 2045 1809 ge-

2049 493 2300 561 Actione
2328 492 2405 547 XI
2431 500 2488 547 et
2510 494 2671 548 multi
2701 494 2816 550 alii.
2844 526 2901 536 -—
2920 497 2985 549 In
3009 498 3136 548 alio.
3164 496 3389 568 Epistole
3414 502 3637 569 ejusdem,

2127 588 2184 634 et
2213 582 2269 636 in
2298 582 2490 636 eodem
2522 583 2590 635 de
2619 582 2698 636 VI
2723 582 3127 653 questionibus,
3165 584 3253 640 lib.
3298 585 3339 639 Ι.
3366 617 3422 627 -
3448 587 3640 645 Itemad

2127 670 2493 732 Bonifacium,
2526 671 2619 728 lib.
2653 670 2763 726 1.-
2790 670 2934 724 Item
2966 672 3033 724 ad
3062 672 3345 727 Paulinum
3367 676 3429 729 de
3452 677 3647 733 videndo

2124 758 2260 824 Deo,
2290 760 2383 813 lib.
2416 758 2459 812 Ι.
2480 759 2703 813 --Item
2737 760 2805 813 de
2832 761 3113 830 presentia
3141 761 3238 815 Dei
3264 763 3327 815 ad
3357 765 3644 831 Dardanum,

2123 848 2215 901 lib.
2252 848 2296 902 Ι-
2327 876 2387 883 -
2416 853 2481 903 In
2515 854 2646 903 alio.
2683 848 2764 903 De
2801 849 2976 901 verbis
3024 850 3249 906 homini.
3302 858 3355 904 et
3397 852 3459 906 de
3503 854 3649 908 verbis

2123 938 2392 1007 Apostoli,
2446 944 2503 992 et
2551 939 2619 992 de
2658 939 2887 1009 psalmis
2935 955 3217 992 sermones
3245 939 3649 998 ΙιΧΧΧΙΧ--Ιη

2123 1029 2238 1080 alio
2292 1028 2471 1098 Super
2500 1028 2794 1098 epistolam
2827 1026 2893 1082 ad
2920 1028 3200 1081 Romanos
3214 1032 3434 1099 etsuper
3452 1030 3649 1099 primam

2125 1116 2193 1169 ad
2227 1116 2561 1170 Corinthios.
2596 1146 2655 1167 -.-
2705 1118 2767 1169 In
2810 1119 2943 1169 alio.
2979 1117 3157 1185 Super
3193 1117 3440 1186 epistolas
3479 1126 3651 1172 ceteras

2124 1206 2545 1278 Apostoli—In
2568 1209 2700 1259 alio.
2722 1206 2803 1259 De
2830 1204 2973 1258 bono
3004 1205 3298 1275 conjugali.
3323 1206 3407 1258 lib.
3450 1205 3487 1259 Ι.
3511 1238 3567 1248 -
3591 1208 3653 1261 De

2130 1297 2347 1367 nupciis
2377 1302 2434 1350 et
2462 1295 3033 1368 concupiscentia,lib
3072 1294 3145 1349 II.
3170 1328 3219 1336 υ-
3257 1295 3451 1348 Contra
3472 1294 3655 1350 Parme-

2128 1385 2479 1445 nianum,lib.
2498 1384 2627 1439 II—
2647 1385 2855 1439 Contra
2870 1383 3303 1448 l’etilianum,lib
3331 1381 3413 1437 III
3432 1386 3533 1438 -ln
3547 1386 3652 1438 alio.

2126 1479 2333 1532 Contra
2362 1473 2783 1539 Achademicos,
2812 1472 2904 1526 lib.
2937 1471 3042 1527 III.
3081 1501 3135 1510 ο-
3168 1471 3248 1525 De
3270 1472 3374 1524 vita
3404 1470 3561 1529 beata,
3580 1472 3657 1525 lib.

2126 1558 2238 1613 I.—
2257 1562 2337 1614 De
2358 1562 2568 1616 ordine.
2603 1562 2697 1616 lib.
2730 1561 2773 1616 Ι-
2791 1589 2849 1600 --
2880 1563 2958 1617 De
2983 1562 3200 1617 duabus
3221 1560 3510 1615 animabus.
3531 1560 3654 1614 lib.I.

2130 1679 2191 1689 —
2212 1650 2291 1703 De
2312 1651 2505 1720 regula
2527 1650 2657 1704 ﬁdei
2692 1667 2838 1713 vere,
2877 1651 2969 1705 lib.
3002 1650 3046 1705 Ι.
3077 1682 3137 1691 --
3179 1652 3462 1706 Sermones
3488 1647 3658 1701 IIII.-

2128 1738 2297 1793 Liber
2325 1741 2393 1794 de
2423 1742 2684 1796 conflictu
2722 1741 2984 1795 vitiorum
3017 1749 3076 1796 et
3104 1743 3383 1796 virtutum.
3416 1769 3461 1778 -—
3487 1736 3659 1793 Omelie

438 1832 635 1895 renda,
667 1831 762 1883 lib.
793 1831 837 1884 Ι.
870 1859 923 1870 -
972 1827 1052 1882 De
1079 1846 1210 1882 vera
1238 1829 1523 1898 religione.
1548 1827 1642 1881 lib.
1670 1829 1711 1881 Ι.
1740 1858 1810 1868 --
1837 1827 1918 1880 De
1948 1818 2107 1879 na-B
2130 1830 2339 1884 Cesarii
2362 1832 2427 1884 Χ.
2451 1861 2485 1869 -
2514 1831 2726 1900 Regula
2739 1832 3136 1885 clericorum.--
3176 1834 3242 1885 In
3270 1834 3392 1884 alio.
3414 1825 3663 1898 Denuptiis

436 1924 568 1972 tura
595 1924 652 1971 et
671 1918 888 1988 origine
918 1917 1103 1970 anime
1155 1917 1226 1969 ad
1260 1918 1555 1981 Renatum,
1592 1916 1747 1970 liber.
1786 1917 1829 1970 Ι.
1859 1945 1931 1955 --
1952 1914 2038 1967 Ad

442 2007 676 2060 Petrum
736 2006 1111 2076 presbiterum
1143 2005 1212 2058 de
1243 2005 1435 2058 eadem
1468 2022 1546 2066 re,
1597 2004 1739 2059 liber
1769 2006 1812 2060 Ι.
1853 2038 1904 2046 -
1953 2004 2039 2057 Ad

440 2095 796 2150 Vincentium
829 2096 1109 2149 Victorem
1144 2096 1213 2148 de
1240 2095 1434 2148 eadem
1462 2112 1539 2149 re.
1562 2096 1689 2148 libri
1712 2095 1786 2150 II.
1810 2126 1888 2136 --
1915 2098 2041 2150 Ser-

440 2201 532 2237 mo
561 2185 918 2238 Arianorum.
954 2214 1012 2223 —
1055 2184 1264 2237 Contra
1294 2184 1551 2237 eumdem
1606 2202 1944 2247 sermonem,
1975 2186 2041 2239 li-

439 2272 542 2326 ber
572 2290 732 2326 unus.
771 2302 832 2314 -
863 2271 944 2326 De
969 2273 1216 2326 utilitate
1242 2272 1526 2332 credendi,
1562 2273 1703 2327 liber
1730 2275 1772 2328 I.
1805 2302 1869 2314 --
1896 2275 2040 2328 Con-

439 2368 531 2417 tra
557 2362 937 2417 adversarium
970 2361 1106 2431 legis
1132 2368 1185 2415 et
1217 2362 1635 2433 prophetarum.
1663 2362 1843 2417 lib.II.
1874 2392 1928 2403 --
1943 2363 2038 2417 Li-

440 2451 541 2506 ber
571 2452 665 2523 qui
687 2452 1004 2522 appellatur
1032 2452 1531 2522 Yponnosticon.-
1558 2454 1765 2505 Inalio.
1804 2452 1882 2506 De
1905 2453 2039 2506 Tri-

442 2541 620 2595 nitate
651 2540 748 2593 lib.
780 2541 962 2593 XV.——
982 2542 1041 2593 In
1066 2544 1198 2593 alio.
1244 2541 1439 2593 Sermo
1466 2540 1534 2593 de
1566 2541 1903 2610 pastoribus,
1926 2559 2039 2595 ser-

442 2646 533 2683 mo
561 2630 630 2684 de
655 2629 919 2683 ovibus.-—
940 2630 1019 2683 De
1035 2629 1309 2699 baptismo
1332 2628 1600 2682 adversus
1618 2629 1951 2691 Donatistas,
1976 2631 2037 2683 li-

442 2717 527 2772 bri
558 2718 680 2773 VII.
710 2747 777 2758 —
807 2722 883 2773 De
916 2717 1192 2788 baptismo
1246 2718 1623 2787 parvulorum,
1681 2718 1808 2770 libri
1852 2717 1928 2772 II.
1971 2750 2035 2758 —

442 2805 692 2879 Epistola
723 2807 1023 2876 Augustini
1044 2807 1113 2859 ad
1145 2805 1618 2859 Marcellinum.-—
1654 2805 1733 2859 De
1763 2807 1928 2860 unico
1943 2807 2038 2863 ba-

440 2898 666 2969 ptismo,
689 2895 839 2949 liber
865 2913 1031 2950 unus.
1066 2923 1124 2932 —
1153 2894 1235 2948 De
1262 2894 1462 2964 spiritu
1493 2900 1549 2947 et
1579 2893 1783 2950 littera.
1820 2894 1961 2948 liber
1990 2897 2034 2950 Ι.

440 3018 499 3030 -
538 2989 605 3041 In
643 2990 861 3041 αἰθίοψ·
894 2986 1073 3056 SUper
1103 2984 1364 3037 Genesim
1394 2983 1464 3035 ad
1495 2983 1757 3043 litteram,
1780 2982 1872 3036 lib.
1908 2984 2031 3037 ΧΙΙ.

2125 1927 2181 1972 et
2202 1920 2668 1990 concupiscentia,
2685 1919 2779 1973 lib.
2804 1918 2848 1973 I.
2868 1951 2931 1960 —
2956 1922 3257 1974 Sermones
3273 1916 3372 1973 III.
3401 1946 3453 1956 -
3480 1916 3544 1971 De
3568 1931 3663 1985 pre-

2123 2008 2496 2062 destinatione
2529 2009 2734 2069 divina,
2765 2008 2859 2062 lib.
2911 2008 2955 2062 Ι.
2989 2039 3054 2050 -
3114 2009 3197 2064 De
3222 2008 3494 2062 viduitate.
3521 2004 3602 2058 lib.
3625 2001 3659 2055 Ι.

2121 2128 2167 2138 -
2209 2098 2290 2151 De
2320 2097 2681 2153 continentia.
2710 2096 2803 2150 lib.
2830 2097 2939 2152 I.—
2964 2098 3211 2168 Epistole
3240 2097 3306 2150 ad
3335 2097 3532 2150 Sixtum
3558 2092 3663 2146 due.

2121 2213 2184 2224 -—
2218 2187 2586 2251 Questionum
2616 2187 2798 2242 Orosii
2829 2186 2923 2241 lib.
2950 2187 2993 2241 Ι-
3024 2218 3090 2227 -
3132 2189 3339 2241 Contra
3366 2190 3561 2256 partem
3587 2184 3667 2236 Do-

2122 2275 2238 2327 nati
2272 2282 2397 2345 post
2422 2281 2601 2345 gesta,
2622 2274 2714 2329 lib.
2734 2274 2835 2328 I.--
2856 2276 3263 2329 Annotationes
3284 2273 3467 2331 inlob.
3482 2270 3562 2324 lib.
3578 2268 3667 2323 I.—

2121 2361 2200 2415 De
2230 2363 2339 2416 fide
2369 2369 2426 2417 et
2457 2363 2735 2434 operibus,
2769 2362 2861 2416 lib.
2902 2362 2945 2416 Ι.
2976 2393 3042 2403 --
3075 2364 3156 2418 De
3197 2363 3387 2433 regula
3414 2376 3526 2414 vere
3546 2355 3665 2417 ﬁdei,

2121 2450 2218 2503 lib.
2253 2450 2297 2504 Ι.
2356 2480 2417 2488 -
2468 2454 2547 2505 De
2578 2453 2686 2506 tide
2718 2469 2782 2505 ac
2810 2450 3066 2516 simbolo,
3097 2452 3190 2506 lib.
3229 2451 3273 2506 Ι.
3303 2476 3360 2487 -
3388 2450 3466 2504 Ad
3493 2449 3668 2501 Janus-

2120 2538 2287 2596 rium,
2306 2539 2383 2593 lib
2434 2539 2575 2593 II.—
2596 2542 2659 2593 1η
2682 2543 2862 2594 eodem
2879 2585 2889 2595 .
2906 2542 3206 2595 Sermones
3228 2530 3669 2611 pluresAugustini

2121 2626 2391 2682 Johannis
2422 2634 2478 2682 et
2506 2629 2742 2681 aliorum
2778 2630 3172 2699 quorumdam.
3194 2631 3331 2683 —ln
3347 2629 3468 2680 alio.
3499 2625 3673 2678 Contra

2122 2716 2502 2781 Cresconium,
2534 2717 2610 2771 lib
2660 2716 2794 2771 IIII.
2855 2747 2914 2757 —
2966 2717 3111 2772 Item
3148 2722 3211 2771 in
3242 2720 3416 2770 eodem
3441 2718 3585 2784 gesta
3606 2710 3674 2763 al-

2120 2806 2441 2860 tercationis
2452 2806 2603 2860 beati
2618 2807 2913 2876 Augustini
2943 2814 3142 2861 contra
3163 2805 3512 2862 Maximinum
3539 2800 3675 2854 Aria-

2120 2910 2319 2947 norum
2342 2895 2681 2966 episcopum.
2704 2927 2760 2936 —-
2793 2894 2934 2949 Item
2963 2902 3163 2950 contra
3183 2894 3435 2949 eumdem
3462 2886 3677 2945 Maximi-

2117 3000 2272 3038 num.
2301 2983 2396 3036 lib.
2430 2982 2499 3036 II.
2536 3016 2592 3026 —
2636 2987 2701 3038 In
2723 2987 2853 3038 alio.
2887 2985 2966 3039 De
2994 2982 3283 3038 LXXXIII
3311 2978 3675 3053 questionibus,

439 3107 505 3119 —
532 3078 600 3132 In
614 3079 729 3130 alio
759 3074 920 3129 -De
949 3091 1221 3127 consensu
1246 3072 1739 3142 evangelistarum,
1771 3073 1864 3125 lib.
1900 3074 2030 3127 IIII.
2052 3072 2206 3154 θιὼ.
2241 3071 2286 3124 Ι.
2318 3102 2377 3110 -
2411 3071 2782 3126 Sententieab
2796 3073 2989 3126 eodem
3006 3074 3218 3128 dictate
3246 3070 3389 3126 XXI.
3425 3097 3483 3111 —
3514 3070 3678 3123 Sermo

442 3194 504 3204 —
537 3166 617 3220 De
643 3181 901 3219 sermone
953 3162 1174 3217 Domini
1204 3162 1261 3215 in
1294 3167 1498 3223 monte,
1529 3161 1623 3213 lib.
1649 3162 1710 3218 ll.
1745 3191 1799 3200 —
1838 3162 2033 3216 Sermo

438 3250 508 3305 de
532 3253 713 3307 verbis
731 3251 944 3306 Domini
969 3250 1064 3321 qui
1086 3249 1302 3302 dixerit:
1314 3248 1695 3318 «blasphemia
1710 3255 1901 3302 contra
1915 3251 2035 3321 Spi-

438 3342 612 3396 ritum
647 3348 902 3396 sanctum
930 3358 1042 3395 non
1073 3340 1384 3393 remittitur
1412 3340 1483 3393 ei.
1522 3360 1546 3391 »
1587 3369 1647 3378 -
1672 3341 1865 3394 Sermo
1887 3343 1956 3395 de
1986 3344 2033 3397 Χ

438 3429 620 3499 plagis
636 3429 836 3499 Egypti
856 3436 912 3483 et
930 3430 999 3483 de
1021 3430 1067 3484 Χ
1090 3430 1364 3499 preceptis
1384 3429 1501 3482 Dei.
1548 3464 1555 3467 -
1589 3430 1655 3481 In
1686 3432 1817 3481 alio.
1840 3431 2033 3485 Sermo

439 3518 509 3571 de
531 3519 579 3572 X
607 3518 816 3574 cordis.
833 3550 886 3560 —
909 3519 1103 3572 Sermo
1125 3518 1192 3570 de
1214 3517 1511 3587 disciplina
1539 3516 1846 3571 christiana
1873 3549 1930 3558 -—
1956 3520 2033 3573 De

436 3607 768 3676 penitentia,
796 3606 887 3659 lib.
920 3608 962 3664 Ι.
993 3638 1056 3648 -—
1088 3607 1167 3660 De
1196 3606 1606 3659 cathecizandis
1650 3606 1901 3671 rudibus,
1934 3606 2029 3660 lib.

433 3695 477 3750 Ι⁶
514 3725 575 3736 -
610 3696 995 3766 Soliloquium.
1027 3696 1120 3750 lib.
1154 3697 1221 3750 II.
1272 3727 1332 3736 -
1387 3697 1464 3749 De
1491 3695 1662 3749 libero
1688 3695 1919 3749 arbitrio
1944 3713 2036 3749 vo-

435 3783 690 3838 luntatis.
722 3784 815 3837 lib.
850 3784 947 3839 III.
1008 3815 1072 3826 —-
1125 3784 1230 3854 Seq
1302 3784 1511 3837 Genisii
1539 3784 1594 3847 (Ἠ
1624 3790 1819 3838 contra
1849 3784 2033 3839 Mani-

432 3872 619 3927 cheos,
641 3871 717 3924 lib
755 3873 823 3926 Il.
856 3900 907 3909 -
939 3872 1219 3926 Adversus
1247 3871 1571 3925 Manicheos
1594 3874 1803 3926 Contra
1831 3873 2034 3943 episto-

433 3960 548 4013 lam
581 3960 976 4022 Fundamenti,
1010 3961 1101 4014 lib.
1136 3963 1177 4016 Ι.
1209 3992 1266 4002 -
1309 3964 1375 4016 1η
1406 3965 1540 4016 alio.
1578 3963 1759 4032 Super
1791 3964 2029 4032 primam

432 4055 653 4118 partem
670 4049 1034 4120 psalmorum.
1069 4079 1140 4090 —
1172 4052 1240 4104 In
1260 4053 1396 4104 alio.
1432 4051 1612 4120 Super
1630 4051 2033 4105 secundam.—

433 4137 499 4190 Ιη
528 4140 659 4191 alio.
692 4139 873 4208 Super
899 4138 1141 4191 tertiam.
1175 4166 1207 4174 σα
1249 4140 1315 4191 In
1342 4140 1474 4191 alio.
1505 4139 1713 4191 Contra
1744 4139 2030 4193 Julianum

431 4224 864 4297 hereticum,lib.
888 4226 984 4279 VI.
1014 4258 1035 4265 -
1056 4226 1267 4280 Contra
1288 4227 1534 4296 quinque
1562 4228 1828 4281 hostium.
1863 4228 1959 4280 lib.
1985 4229 2027 4281 Ι.

431 4342 503 4356 -
559 4316 640 4369 De
682 4332 861 4386 agone
919 4315 1243 4377 christiano,
1269 4315 1363 4368 lib.
1395 4317 1506 4371 I.--
1532 4317 1777 4386 Epistola
1808 4316 2030 4370 Ysidori

2116 3161 2363 3229 ejusdem
2392 3161 2460 3214 de
2482 3161 2766 3232 Epicureis
2785 3169 2841 3215 et
2863 3161 3081 3216 Stoicis.
3104 3192 3171 3203 —
3198 3161 3337 3215 Item
3363 3159 3500 3213 alius
3522 3169 3685 3210 sermo

2115 3251 2185 3304 de
2221 3267 2287 3304 eo
2318 3252 2465 3321 quod
2488 3250 2698 3304 dictum
2714 3257 2842 3305 esta
2859 3250 3089 3304 Domino
3114 3252 3189 3305 ad
3207 3252 3450 3323 Moysem
3469 3262 3551 3314 ego
3576 3256 3679 3296 sum

2116 3342 2211 3409 qui
2241 3356 2384 3393 sum.
2413 3367 2470 3377 —
2493 3339 2572 3393 De
2588 3347 2793 3393 natura
2816 3340 2965 3400 boni,
2996 3340 3090 3393 lib.
3120 3339 3166 3394 Ι.
3203 3370 3267 3380 -
3293 3340 3496 3393 Contra
3525 3330 3680 3389 Mani-

2120 3428 2306 3489 cheos,
2337 3428 2431 3483 lib.
2452 3427 2495 3485 Ι.
2594 3429 2966 3499 Expositionis
2996 3430 3371 3499 quarumdam
3391 3422 3681 3498 propositio-

2116 3533 2252 3570 num
2279 3534 2347 3570 ex
2371 3517 2609 3587 epistola
2638 3518 2796 3571 Pauli
2817 3519 2887 3571 ad
2912 3518 3198 3572 Romanos
3220 3518 3317 3572 lib.
3336 3516 3380 3569 I.
3402 3544 3456 3553 —
3480 3517 3537 3568 In
3566 3512 3679 3564 alio.

2119 3607 2193 3659 De
2219 3606 2505 3676 magistro,
2524 3606 2615 3659 lib.
2638 3605 2680 3662 Ι.
2700 3638 2759 3645 -
2782 3608 2856 3660 De
2873 3607 3219 3662 divinatione
3240 3596 3681 3661 demonumdibl.

2117 3693 2268 3747 —De
2298 3695 2625 3765 penitentia,
2658 3695 2751 3749 lib.
2776 3694 2972 3749 I.—l)e
2996 3712 3177 3765 agone
3199 3694 3515 3749 christiano,
3537 3690 3620 3743 lib.
3642 3685 3681 3740 L

2115 3814 2186 3822 —
2211 3784 2723 3838 Deimmortalitate
2754 3784 2958 3841 anime.
2993 3784 3086 3837 lib.
3116 3784 3162 3837 Ι.
3207 3815 3272 3824 -
3316 3785 3393 3837 De
3422 3780 3684 3852 patientia,

2116 3871 2207 3925 lib.
2224 3870 2335 3930 I.—
2347 3872 2421 3926 De
2436 3872 2740 3933 heresibus,
2756 3872 2898 3926 lib.I.
2914 3903 2970 3913 -—
2981 3873 3195 3926 Electio
3216 3881 3276 3927 et
3290 3870 3558 3926 ordinatio
3570 3867 3685 3920 Era-

2113 3962 2203 4014 clii
2224 3960 2866 4032 presbiterisuci-essoris
2890 3962 3066 4015 sancti
3096 3961 3402 4033 Augustini
3429 3960 3496 4014 ab
3515 3957 3685 4011 eodem

2114 4049 2429 4118 Augustino
2455 4050 2603 4102 facta
2634 4055 2690 4102 et
2730 4050 2905 4119 gestis
2932 4050 3329 4103 ecclesiasticis
3362 4048 3680 4101 conﬁrmata.

2119 4166 2173 4176 -—
2206 4138 2421 4191 Omelie
2452 4138 2703 4207 ejusdem
2720 4137 2908 4192 XVIII
2940 4139 2996 4192 in
3020 4138 3405 4209 Apocalipsim
3424 4131 3684 4191 Johannis.

2112 4254 2175 4268 ο·-
2223 4226 2391 4281 Liber
2446 4227 2515 4281 de
2553 4227 2892 4281 testimoniis
2923 4227 3244 4281 divinarum
3298 4226 3685 4295 Scripturarum

2112 4313 2205 4383 qui
2252 4315 2573 4385 appellatur
2621 4316 2930 4386 speculum.
2963 4315 3058 4386 qui
3083 4332 3197 4370 non
3233 4321 3323 4370 est
3353 4312 3498 4368 beati
3526 4311 3690 4380 Augu-

433 4401 676 4472 episcopi
705 4402 772 4455 de
804 4402 854 4455 X
878 4401 1111 4456 Hebreis
1130 4404 1451 4457 nominibus
1472 4405 1782 4457 salvatoris.
1802 4430 1861 4441 -
1899 4406 2027 4458 Ser-
2050 4403 2266 4471 Dstini.
2289 4435 2354 4445 —
2392 4405 2458 4457 In
2489 4407 2617 4457 alio.
2670 4407 2742 4457 De
2771 4405 2924 4458 Novo
2942 4405 3310 4459 Testamento
3341 4404 3414 4457 ad
3452 4403 3691 4456 Honora-

432 4506 525 4543 mo
551 4489 805 4559 Cipriani
831 4491 1073 4561 episcopi
1097 4491 1166 4544 de
1196 4508 1363 4561 opere
1390 4498 1446 4545 et
1467 4491 2026 4547 eleemosina.—Ser-

432 4596 526 4633 mo
565 4579 817 4648 ejusdem
834 4579 903 4632 de
933 4582 1188 4633 oratione
1209 4581 1506 4634 dominica.
1535 4612 1602 4621 —
1633 4581 1801 4635 Liber
1824 4582 2027 4636 Baruc.

437 4698 502 4708 —
530 4667 861 4739 Exemplum
891 4667 1125 4738 epistole
1153 4670 1410 4723 Jeremie.

505 4758 574 4811 In
593 4760 724 4811 alio.
754 4756 1178 4811 Confessionum
1218 4758 1345 4812 libri
1372 4757 1523 4812 XIII.
1558 4780 1607 4799 --
1660 4761 1726 4812 In
1764 4761 1895 4812 alio.
1944 4759 2024 4814 De

433 4845 749 4917 quantitate
779 4845 983 4901 anime.
1003 4845 1097 4900 lib.
1122 4848 1423 4917 I.—Super
1436 4847 1729 4917 epistolam
1758 4848 2030 4902 Johannis

430 4940 704 4990 tractatus
725 4935 934 4989 decem.
963 4966 1033 4976 —
1065 4937 1131 4990 In
1153 4939 1285 4990 alio.
1329 4936 1810 4990 Retractationum
1841 4936 2023 4992 lib.II.

429 5023 574 5081 —De
603 5022 852 5079 moribus
870 5025 1099 5078 ecclesia
1130 5030 1185 5079 et
1210 5025 1278 5079 de
1298 5024 1548 5078 moribus
1575 5023 2020 5089 Manicbeorum,

429 5112 522 5168 lib.
556 5112 631 5169 II.
657 5143 720 5157 «-
747 5113 1028 5184 Expositio
1060 5113 1311 5182 ejusdem
1347 5130 1516 5183 super
1544 5113 1826 5167 canticum
1876 5113 2026 5167 Salo-

428 5203 635 5265 monis,
654 5203 725 5257 de
755 5204 990 5258 muliere
1017 5202 1168 5265 forti,
1214 5210 1273 5256 et
1294 5202 1396 5257 Vll
1428 5202 1524 5255 alii
1544 5203 1796 5273 ejusdem
1818 5219 2027 5256 sermo-

428 5305 549 5349 nes,
597 5296 654 5345 et
682 5290 920 5345 aliorum
951 5290 1145 5344 decem
1201 5297 1259 5345 et
1302 5289 1424 5345 VII.
1462 5319 1519 5329 -
1556 5292 1622 5344 In
1652 5294 1780 5344 alio.
1816 5290 2026 5345 Contra

427 5380 853 5452 Pelagianos,ad
866 5395 1071 5452 papam
1084 5378 1553 5436 BonifaciumJib.
1573 5376 1775 5433 IIII.—
1793 5381 1859 5433 In
1871 5382 1986 5432 alio
2000 5424 2012 5436 .

427 5470 695 5540 Ejusdem
717 5485 1006 5529 sermones
1032 5468 1102 5524 de
1128 5467 1363 5527 simbolo
1400 5470 1527 5531 IIII,
1558 5474 1616 5524 et
1652 5468 1723 5523 de
1771 5485 2022 5525 resurre-

2106 4496 2245 4554 tum,
2281 4491 2373 4546 lib.
2411 4491 2454 4545 Ι.
2487 4494 2631 4546 -De
2658 4493 2769 4547 vita
2799 4494 3125 4557 christiana,
3162 4493 3261 4547 lib.
3295 4491 3340 4546 Ι.
3376 4519 3433 4529 -
3456 4490 3537 4545 Ad
3561 4488 3691 4543 Sim-

2108 4580 2427 4649 plicianum.
2458 4581 2551 4635 lib.
2584 4581 2663 4636 II.
2693 4612 2756 4623 —
2793 4583 2879 4636 Ad
2920 4582 3277 4638 Casusanum
3324 4580 3690 4653 presbyterum

2084 4658 2175 4725 [de
2200 4672 2415 4741 jejunio
2442 4671 2679 4737 sabbati,
2712 4671 2807 4724 lib.
2835 4671 2881 4725 Ι.
2913 4701 2974 4711 -
3003 4672 3083 4725 De
3114 4670 3507 4743 questionibus
3538 4668 3694 4722 Evan-

2104 4760 2401 4830 geliorum,
2424 4761 2515 4815 lib.
2542 4760 2615 4815 II.
2650 4791 2718 4801 —
2746 4761 2827 4815 De
2857 4760 2997 4815 VIII
3026 4762 3275 4816 Aulercii
3303 4758 3694 4832 questionibus,

2104 4848 2198 4901 lib.
2231 4848 2274 4902 Ι.
2312 4880 2371 4891 -ο
2407 4853 2475 4905 In
2504 4854 2633 4904 alio.
2668 4851 2986 4921 Speculum.
3019 4878 3081 4890 —-
3115 4853 3184 4905 In
3211 4853 3349 4904 alio.
3380 4846 3694 4902 Locutiones

2109 4953 2279 5007 super
2322 4938 2639 5008 eptaticem,
2670 4938 2766 4991 lib.
2800 4936 2925 4991 VII.
2960 4968 3027 4978 —
3058 4939 3125 4991 In
3152 4941 3269 4991 alio
3319 4936 3692 5001 Questionum.

2100 5025 2201 5080 'lib.
2233 5026 2357 5080 VII.
2385 5058 2445 5067 —
2470 5028 2542 5083 In
2565 5032 2696 5082 alio.
2744 5028 2823 5082 De
2856 5028 3069 5082 musica
3088 5027 3181 5081 lib.
3201 5025 3292 5081 VI.
3330 5054 3390 5064 —
3422 5025 3489 5080 In
3515 5024 3695 5078 eodem

2108 5114 2474 5171 Cassiodorus
2527 5117 2597 5172 de
2635 5117 3010 5187 ortographia.
3050 5149 3107 5158 —
3134 5119 3197 5170 I‘n
3232 5121 3370 5171 alio.
3400 5112 3695 5175 Enchirid.,

2106 5202 2201 5257 lib.
2228 5202 2339 5257 I.—
2368 5204 2448 5257 De
2476 5204 2769 5275 disciplina
2798 5205 3127 5261 christiana,
3150 5203 3245 5259 lib.
3275 5204 3397 5258 I.—
3420 5205 3486 5257 In
3509 5202 3695 5255 eodem.

2106 5292 2399 5345 Tractatus
2424 5291 2570 5345 beati
2595 5292 2840 5363 Cipriani
2861 5292 2929 5346 de
2942 5293 3193 5346 oratione
3219 5290 3526 5345 dominica.
3551 5319 3609 5329 —
3639 5288 3701 5342 In

2104 5385 2235 5436 alio.
2273 5383 2346 5434 De
2361 5398 2527 5453 opere
2559 5384 2980 5445 monachorum,
3017 5381 3108 5437 lib.
3142 5377 3255 5434 I.-
3284 5380 3434 5435 Item
3458 5379 3525 5432 de
3552 5391 3701 5446 expo-

2101 5470 2304 5527 sitione
2328 5471 2562 5541 epistole
2591 5471 2659 5526 ad
2692 5471 2940 5532 Galatas,
2962 5470 3059 5526 lib.
3084 5467 3373 5527 1.-ιωω
3407 5469 3481 5525 de
3497 5464 3703 5536 οιήεἰειθ
