3872 6168
196 240 284 323 273

836 257 1190 315 CATALOG.
1230 250 1610 311 LIBRORUM
1644 247 1979 310 ABBATDE
2011 244 2404 302 BECCENSIS
2439 244 2613 301 SEO.
2653 244 2775 300 XII.

3349 241 3461 301 774

195 392 382 455 anime,
412 389 512 445 lib.
545 391 591 445 Ι.
624 418 690 431 --
721 389 862 444 Item
889 387 962 441 de
987 382 1273 440 sententia
1295 380 1485 436 Jacobi
1523 379 1780 452 apostoli,
1799 380 1849 437 A
1867 374 2126 430 eumdem
2155 373 2224 427 de
2252 389 2318 426 eo
2349 370 2496 442 quod
2524 370 2895 440 scriptumest
2927 386 2939 422 :
2970 369 3077 435 Qui
3105 372 3460 438 totamlegem

196 482 282 537 lib.
319 481 363 534 Ι.

258 571 401 624 Libri
428 569 611 623 sancti
639 567 911 635 Gregorii.

1863 466 2181 525 servaverit,
2213 466 2270 515 et
2286 460 2526 531 quedam
2550 458 2784 530 epistole
2805 456 3055 526 ejusdem
3074 458 3459 527 Augustiniad

1866 552 2123 606 eumdem
2152 549 2521 604 Jeronimum.
2547 580 2591 590 υ
2630 549 2697 601 1η
2721 550 2860 602 alio.
2888 545 3069 615 Super
3091 546 3455 617 Ezechielem,

259 662 317 713 In
346 674 461 711 uno
485 634 784 710 volumine.
818 655 957 724 Reg.
984 651 1112 706 libri
1132 647 1319 704 XIIII.
1353 679 1417 687 —
1440 649 1657 701 Inalio.
1683 647 1785 699 Su-
1864 640 1967 697 lib.
2006 637 2197 693 XIIII.
2234 667 2291 676 ——
2326 640 2393 691 In
2422 639 2554 691 alio.
2588 635 2767 705 Super
2793 634 3115 698 Jeremiam,
3147 634 3239 688 lib.
3276 635 3380 693 VI.
3401 673 3460 687 ..-

197 764 281 820 per
305 746 672 808 Ezechielem,
707 743 801 796 lib.
834 741 907 796 II.
955 774 1002 781 »-
1034 740 1127 792 XL
1147 737 1475 790 omeliarum
1502 735 1599 788 lib.
1631 735 1784 788 Il.—

1869 733 1933 784 Ιη
1963 730 2095 782 alio.
2131 724 2551 796 Superlsaiam,
2585 723 2681 776 lib.
2716 722 2920 778 XVIII.
2956 754 3014 764 ι-
3032 726 3099 777 In
3125 728 3259 780 alio.
3278 726 3462 779 Dialo-

198 810 481 891 Pastoralis
498 832 744 887 curelib.
775 832 845 885 Il.
875 828 1169 897 —Regula
1194 825 1374 879 sancti
1403 823 1783 878 Benedicti.——
1865 835 1971 886 gus
2000 823 2197 869 contra
2225 814 2579 883 Pelagianos,
2605 811 2699 864 lib.
2732 810 2841 866 III.
2874 843 2925 852 -
2965 814 3145 883 Super
3171 815 3463 884 epistolam

200 928 259 980 In
280 928 408 978 alio.
444 924 626 993 Super
678 919 1040 980 Ezechielem,
1074 916 1148 969 lib
1197 916 1266 969 ll.
1303 946 1365 954 -
1402 916 1465 967 In
1496 916 1627 966 alio.
1660 910 1787 965 Dia—
1868 907 1935 959 ad
1966 906 2178 970 Titum,
2221 903 2315 956 lib.
2364 901 2409 955 Ι.
2449 932 2504 941 ——
2556 902 2737 970 Super
2768 900 3059 970 epistolam
3091 903 3161 956 ad
3188 903 3465 958 Philemo-

199 1015 433 1083 logorum
462 1012 557 1065 lib.
582 1009 695 1064 IIII
734 1038 782 1047 -—
806 1006 1109 1061 Pastoralis
1130 1020 1264 1058 cure
1289 1001 1609 1056 1ib.Il.-In
1636 1003 1775 1056 alio.

200 1104 345 1158 Liber
371 1100 496 1155 Job.
533 1098 818 1153 Moralium
838 1105 955 1150 tres
979 1094 1159 1166 prime
1190 1098 1397 1164 partes,
1422 1090 1521 1143 lib.
1554 1089 1788 1145 XVI»—

204 1194 259 1247 1η
282 1193 410 1246 alio.
446 1188 657 1244 Ultima
685 1203 817 1258 pars
833 1185 956 1245 Job,
980 1188 1040 1238 et
1053 1182 1345 1237 Moralium
1370 1187 1485 1234 tres
1506 1185 1787 1249 postreme

204 1285 388 1352 partes,
427 1278 525 1335 lib.
554 1275 756 1331 xvm.

263 1369 323 1422 In
369 1371 504 1422 alio.
556 1364 815 1419 Paterius
845 1378 911 1416 ex
939 1361 1101 1415 dictis
1133 1358 1281 1413 beati
1313 1356 1589 1427 Gregorii,
1620 1370 1790 1425 super

207 1466 342 1511 vetus
379 1462 808 1511 testamentum.
855 1478 919 1489 --
950 1454 1017 1506 In
1045 1453 1176 1504 alio.
1211 1447 1467 1502 Paterius
1496 1461 1665 1516 super
1692 1460 1789 1497 no-

204 1562 312 1600 vum
321 1587 333 1598 .

266 1637 410 1689 Libri
436 1634 707 1700 Origenis.

1870 1011 2019 1053 nem,
2049 993 2143 1047 lib.
2179 994 2220 1046 Ι.
2249 1023 2309 1031 -
2339 991 2605 1059 Dialogus
2624 995 2820 1042 contra
2848 990 3245 1055 Luc1ferianos,
3287 992 3378 1046 lib.
3411 992 3460 1047 Ι.

1871 1118 1926 1127 μμ
1959 1084 2038 1135 De
2067 1081 2269 1153 spiritu
2297 1088 2508 1136 sancto.
2541 1094 2708 1147 quem
2736 1079 3029 1137 transtulit
3048 1078 3105 1132 in
3134 1081 3371 1135 latinum
3393 1082 3465 1136 de

1866 1188 2052 1241 greco.
2085 1204 2140 1212 —
2173 1170 2294 1224 Lib.
2328 1168 2535 1222 Didimi
2565 1169 2613 1221 Ι.
2651 1198 2708 1205 -
2734 1167 2815 1220 De
2845 1167 2956 1220 vita
2982 1168 3137 1222 Pauli
3168 1170 3461 1237 heremite,

1871 1261 1965 1315 lib.
2001 1259 2049 1317 Ι,
2081 1290 2140 1299 -
2184 1260 2264 1313 De
2305 1258 2420 1310 vita
2463 1261 2653 1310 sancte
2697 1256 2892 1315 Paule.
2927 1255 3020 1309 lib.
3058 1255 3111 1312 Ι.
3154 1286 3212 1297 -
3242 1259 3323 1312 De
3351 1260 3466 1313 vita

1871 1349 2046 1403 sancti
2078 1347 2397 1402 Hilarionis.
2427 1346 2522 1399 lib.
2561 1347 2604 1400 Ι.
2636 1371 2691 1381 --
2725 1345 2805 1397 De
2836 1344 3016 1398 Maleo
3048 1348 3339 1411 monacho,
3365 1348 3466 1403 lib.

1871 1438 1918 1492 Ι.
1953 1468 2017 1479 -
2047 1440 2115 1491 In
2157 1439 2290 1490 alio.
2334 1436 2514 1505 Super
2544 1432 2650 1487 VII
2686 1434 2997 1503 Prophetas
3039 1434 3268 1504 primos.
3308 1462 3371 1472 —
3399 1440 3468 1491 In

1868 1528 1997 1581 alio.
2035 1526 2215 1595 Super
2243 1524 2491 1595 quinque
2522 1523 2825 1592 prophetas
2852 1523 3279 1592 novissimos,et
3301 1542 3472 1596 super

1870 1616 2180 1670 Danielem.
2213 1646 2263 1654 μοι
2303 1616 2370 1667 In
2392 1616 2523 1665 alio.
2550 1613 2734 1681 Super
2757 1612 3057 1667 Matheum.
3082 1610 3149 1664 In
3166 1612 3269 1666 hoc
3295 1615 3470 1668 etiam

263 1726 323 1779 In
348 1739 460 1777 uno
487 1723 782 1776 roluminc.
821 1720 1001 1789 Super
1034 1717 1325 1787 epistolam
1374 1715 1444 1768 ad
1481 1713 1783 1775 Romanos,
1810 1697 1849 1749 Β
1872 1703 2117 1758 Hilarius
2177 1718 2345 1771 super
2391 1699 2649 1754 eumdem
2689 1698 3106 1767 evangelistam.
3140 1726 3190 1736 -
3238 1702 3305 1754 In
3331 1705 3465 1756 alio.

208 1812 286 1867 lib.
315 1813 380 1866 Χ.
410 1841 459 1849 -—
498 1813 567 1865 In
595 1813 726 1864 alio.
756 1809 936 1878 Super
963 1806 1268 1861 Leviticum
1308 1802 1499 1857 omilie
1532 1801 1678 1853 XVI.
1724 1827 1786 1838 —

210 1905 263 1957 In
288 1905 415 1955 alio.
450 1901 635 1970 Super
663 1899 839 1951 Vetus
875 1898 1318 1951 Testamentum.

268 1992 411 2045 Libri
438 1991 621 2042 sancti
640 1989 938 2042 Ambrosii.

269 2082 329 2134 In
356 2095 469 2131 uno
499 2079 798 2131 volumine.
825 2077 906 2129 De
928 2074 1117 2128 ﬁdead
1139 2072 1470 2127 Gratianum
1492 2070 1792 2138 imperato-

210 2184 331 2229 rem,
356 2166 461 2222 lib.
505 2167 602 2220 IX.
649 2193 710 2203 -—-
762 2166 841 2219 De
884 2163 1167 2227 misteriis,
1197 2161 1289 2215 lib.
1323 2161 1365 2214 Ι.
1408 2190 1465 2197 ο-
1504 2156 1585 2211 lle
1611 2172 1793 2209 sacra-

212 2256 397 2311 mentis
421 2271 714 2309 sermones
739 2254 834 2307 Vl.
866 2283 925 2295 -
962 2255 1027 2306 In
1052 2256 1184 2306 alio.
1204 2252 1282 2304 De
1311 2250 1467 2303 Isaac
1496 2252 1553 2300 et
1580 2245 1787 2307 anima,

212 2345 294 2399 lib.
324 2346 367 2399 Ι.
411 2373 473 2382 -
504 2345 586 2397 De
615 2343 758 2396 bono
784 2342 1001 2404 mortis,
1029 2340 1122 2394 lib.
1164 2341 1207 2393 1.
1244 2373 1304 2382 —-
1341 2339 1420 2391 De
1446 2335 1788 2404 virginitate,

211 2434 294 2487 lib.
316 2435 413 2488 ΙΙΙ.
443 2463 508 2474 -
540 2434 620 2487 De
648 2431 849 2496 viduis,
877 2430 971 2484 lib.
991 2431 1035 2484 Ι.
1071 2459 1130 2470 --
1153 2429 1233 2482 De
1263 2426 1589 2496 virginibus,
1625 2422 1718 2475 lib.
1744 2422 1787 2475 Ι.

212 2552 268 2562 -
296 2521 618 2576 Exhortatio
677 2519 1035 2589 virginitatis.
1078 2547 1140 2555 —
1176 2519 1370 2570 Sermo
1412 2513 1659 2583 ejusdem
1723 2511 1791 2563 de

212 2619 465 2682 perpetua
499 2610 821 2680 virginitate
859 2613 1050 2662 sancte
1080 2606 1255 2661 Marie
1321 2636 1376 2645 —-
1425 2604 1505 2657 De
1543 2601 1675 2669 fuga
1704 2616 1793 2653 se-

210 2702 329 2760 culi.
360 2700 435 2754 lib
487 2698 533 2752 Ι-
584 2729 640 2737 ~
697 2698 776 2751 De
802 2698 985 2751 media
1010 2703 1171 2750 nocte
1200 2691 1502 2763 surgendo,
1528 2687 1697 2743 lib‘I.
1734 2719 1792 2729 ~—

213 2790 406 2843 Contra
432 2787 776 2842 Novatianos
796 2787 866 2840 de
903 2784 1232 2856 penitentia.
1264 2783 1360 2835 lib.
1393 2779 1474 2834 II.
1590 2780 1671 2833 De
1700 2778 1795 2830 Ja-

212 2879 315 2932 cob.
357 2877 452 2931 lib.
483 2876 562 2930 II.
610 2910 672 2918 --
717 2878 797 2930 De
842 2875 1064 2944 Joseph,
1104 2872 1198 2926 lib.
1236 2870 1289 2927 Ι.
1331 2898 1392 2910 —-
1427 2870 1507 2923 De
1535 2865 1797 2920 benedic-

212 2966 443 3021 tionibus
473 2964 942 3036 patriarcharum.
962 2961 1037 3015 lib
1090 2960 1118 3014 Ι
1172 2991 1232 3001 -—
1261 2960 1340 3013 De
1367 2955 1601 3028 jejunio,
1632 2954 1729 3007 lib.
1749 2953 1794 3008 Ι.

1874 1794 1951 1846 De
1982 1791 2259 1845 hebraicis
2285 1787 2670 1859 questionibus
2690 1804 2859 1857 super
2883 1787 3167 1851 Genesim,
3196 1789 3292 1842 lib.
3327 1788 3374 1842 Ι.
3400 1818 3469 1837 ν..-

1872 1883 1952 1936 De
1984 1879 2267 1934 distantiis
2285 1880 2554 1938 locorum,
2588 1877 2683 1930 lib.
2718 1875 2763 1929 Ι.
2797 1902 2860 1913 -
2893 1877 2973 1929 De
3000 1876 3474 1947 interpretationi-

1878 1971 1976 2023 bus
2007 1968 2397 2022 hcbraicorum
2444 1966 2756 2029 nominum,
2796 1963 2891 2019 lib.
2915 1963 2959 2017 Ι.
2990 1994 3055 2004 -—
3079 1966 3157 2019 De
3195 1966 3471 2021 hebruicis

1875 2056 2261 2129 questionibus
2292 2057 2346 2109 in
2383 2054 2524 2108 libro
2554 2055 2788 2121 Regum,
2831 2052 2934 2111 lib.
2983 2052 3030 2105 Ι.
3076 2084 3103 2091 -
3156 2054 3236 2109 De
3275 2056 3473 2109 eadem

1875 2165 1934 2201 re
1965 2164 2133 2217 super
2158 2142 2757 2215 Paralipomenon.lib.
2790 2140 2836 2194 Ι.
2854 2167 2917 2182 -ι
2940 2141 3180 2204 Quidam
3200 2147 3474 2201 tractatus

1873 2237 1941 2290 de
1973 2237 2021 2289 X
2050 2232 2515 2305 temptationibus
2567 2248 2675 2301 que
2700 2230 2755 2284 in
2785 2230 3057 2301 principio
3085 2231 3474 2287 Deuteronimi

1875 2332 2160 2379 notantur.
2209 2322 2491 2394 Expositio
2537 2320 2736 2374 cantici
2772 2319 3045 2373 Debbore.
3191 2321 3474 2391 Expositio

1876 2412 2339 2468 lamentationum
2370 2409 2628 2464 Jeremie.
2666 2439 2725 2448 —-
2756 2408 3039 2479 Expositio
3069 2409 3138 2463 de
3170 2408 3279 2465 VII
3305 2410 3476 2467 ebdo-

1876 2503 2055 2557 madis
2107 2500 2374 2555 Danielis.
2414 2530 2461 2538 α
2503 2498 2893 2553 Successiones
2923 2497 3305 2553 Romanorum
3340 2516 3479 2571 pon-

1875 2593 2088 2645 tilicum
2114 2589 2444 2643 transmisse
2475 2586 2638 2640 beato
2660 2587 2945 2640 Jeronimo
2973 2603 3004 2640 a
3038 2588 3279 2642 Damaso
3308 2606 3473 2659 papa.

1880 2681 2023 2734 Sunt
2083 2677 2486 2751 etiam'plures
2535 2674 2645 2727 alio
2693 2675 2988 2728 sententie.
3035 2704 3105 2715 —
3135 2679 3202 2729 In
3228 2678 3363 2730 alio.
3394 2679 3476 2733 De

1879 2767 2194 2823 illustribus
2225 2765 2358 2818 viris
2378 2782 2506 2818 cum
2537 2763 2850 2832 adjectione
2879 2763 3176 2825 Gennadii.
3200 2764 3295 2819 lib.
3333 2764 3381 2822 Ι.
3411 2797 3471 2812 -ι

1880 2857 2047 2921 Item,
2077 2856 2133 2909 in
2186 2853 2479 2925 epistolam
2527 2853 2598 2905 ad
2656 2852 2903 2915 Galatas,
2937 2851 3029 2906 lib.
3072 2851 3183 2905 III.
3220 2882 3273 2892 —
3309 2855 3471 2921 Item,

1880 2962 2050 3016 super
2100 2943 2394 3014 epistolam
2439 2941 2509 2994 ad
2556 2940 2843 3010 Ephesios,
2878 2939 2973 2996 lib.
3008 2939 3120 2994 ΙΙΙ.
3154 2969 3211 2979 -
3251 2944 3313 2996 In
3338 2947 3473 2997 alio.

211 3056 367 3110 —De
396 3027 751 3109 observantia
771 3053 1183 3122 episcoporum,
1212 3048 1309 3102 lib.
1340 3027 1386 3102 Ι.
1408 3047 1484 3099 De
1508 3042 1793 3105 Paradiso,
1815 3049 1857 3106 (3
1882 3036 1961 3088 De
2007 3031 2390 3094 mansionibus
2431 3031 2677 3122 ﬁliorum
2724 3027 2920 3091 Israel,
2960 3027 3057 3081 lib.
3117 3030 3160 3083 Ι.
3200 3056 3265 3070 --
3308 3028 3475 3099 Item,

210 3143 302 3200 lib.
333 3143 382 3199 Ι.
416 3168 475 3179 -
504 3143 755 3214 Epistola
783 3141 855 3194 ad
887 3140 1286 3194 Vercellenses.
1318 3166 1382 3177 —
1430 3135 1497 3187 In
1530 3136 1662 3187 alio.
1717 3132 1797 3184 De

211 3233 555 3287 observantia
598 3231 1005 3302 episcoporum.
1070 3253 1130 3265 -—
1187 3231 1255 3281 In
1305 3227 1503 3279 eodem.
1547 3220 1799 3292 Epistole

210 3324 444 3392 ejusdem
515 3323 579 3376 In
626 3323 758 3375 alio.
795 3320 975 3390 Saper
1003 3318 1147 3371 Luce
1178 3314 1548 3384 evangelium,
1581 3311 1679 3366 lib.
1724 3309 1793 3362 X.

216 3438 268 3452 -
300 3414 362 3465 In
387 3415 521 3465 alio.
557 3411 638 3464 De
676 3409 872 3462 ofﬁciis
900 3406 1308 3463 ministrorum,
1337 3402 1428 3456 lib.
1454 3399 1798 3455 [IL-Exa-

210 3515 391 3554 meron
439 3499 695 3569 ejusdem
744 3500 806 3550 in
853 3498 1055 3551 eodem.
1088 3521 1147 3532 ——
1184 3496 1247 3548 In
1269 3495 1400 3546 alio.
1435 3491 1514 3544 De
1544 3488 1796 3542 consola-

212 3588 350 3641 tione
401 3586 787 3641 Valentiniani
833 3583 1207 3661 imperatoris,
1255 3580 1349 3634 lib.
1382 3581 1421 3633 Ι.
1459 3608 1517 3617 -—
1548 3577 1691 3631 Item
1727 3577 1796 3630 dc

210 3694 426 3732 excessu
444 3676 637 3730 fratris
660 3675 768 3738 sui,
788 3673 883 3727 lib.
912 3672 989 3726 ΙΙ.
1024 3704 1092 3712 —
1112 3673 1272 3729 Item,
1304 3668 1399 3722 lib.
1432 3666 1477 3721 Ι.
1512 3701 1567 3711 -
1590 3667 1669 3720 De
1690 3664 1796 3719 XII

211 3765 443 3820 abusivis
487 3764 685 3819 seculi.
727 3794 783 3804 -—
830 3763 995 3826 Item,
1028 3760 1123 3813 lib.
1181 3758 1205 3812 Ι
1252 3759 1321 3811 de
1368 3756 1678 3810 Abraham.
1743 3783 1795 3795 ——

209 3853 365 3920 Item,
393 3856 492 3909 lib.
524 3852 555 3908 Ι
594 3853 666 3907 de
704 3869 769 3906 eo
822 3851 974 3922 quod
1026 3850 1291 3903 Salomon
1330 3846 1450 3900 ait:
1495 3846 1626 3898 Tria
1703 3847 1797 3896 ~nt

211 3946 565 4012 impossibilia
597 3943 739 3995 mihi
772 3947 819 3995 ct
847 3944 1113 4009 quartum
1144 3939 1287 4006 quod
1313 3951 1424 3988 non
1452 3938 1601 3987 valeo
1624 3947 1799 3999 agno-

208 4048 363 4089 scere.
396 4058 451 4069 —-
474 4031 644 4096 Item,
674 4030 770 4083 lib.
804 4028 832 4082 Ι
857 4029 925 4082 de
959 4026 1267 4099 penitentia
1297 4023 1473 4078 David
1502 4021 1671 4091 regis.

280 4123 428 4175 Libri
448 4123 632 4175 sancti
659 4120 993 4173 Hieronimi.

278 4212 345 4264 In
382 4228 494 4264 uno
524 4210 825 4262 volumine.
856 4207 1065 4260 Contra
1110 4202 1487 4265 Iovinianum,
1516 4197 1613 4252 lib.
1648 4195 1725 4251 II.
1747 4226 1812 4237 —

212 4298 618 4369 Apologeticus,
644 4296 741 4349 lib.
780 4294 829 4349 Ι.
859 4329 917 4337 —
952 4293 1165 4349 Contra
1184 4290 1523 4354 Helvidium,
1556 4286 1651 4341 lib.
1674 4284 1721 4339 Ι.
1741 4315 1807 4326 ——

1879 3130 2076 3177 contra
2130 3121 2417 3175 Ruﬁnum.
2478 3150 2538 3160 -—
2587 3116 2798 3172 Contra
2845 3117 3127 3182 eumdem,
3168 3117 3265 3171 lib.
3298 3118 3376 3173 II.
3408 3149 3477 3163 --

1881 3211 2044 3275 Item,
2078 3208 2333 3279 ejusdem
2376 3213 2570 3261 contra
2618 3207 2905 3270 Ruﬁnum,
2953 3198 3049 3261 lib.
3093 3206 3170 3261 II.
3220 3236 3279 3248 --
3309 3207 3476 3274 Item,

1880 3299 2114 3371 epistole
2144 3298 2316 3368 ipsius
2347 3296 2415 3350 ad
2441 3295 2778 3366 Principiam
2800 3310 2931 3357 una,
2963 3295 3033 3349 ad
3066 3296 3479 3353 Demetriadem

1880 3387 2155 3457 virginem
2174 3391 2372 3451 una,et
2393 3384 2463 3438 ad
2478 3383 2901 3454 Ctesiphontem
2920 3390 3116 3449 una,et
3134 3385 3243 3443 alie
3266 3386 3475 3456 plures.
3556 3437 3567 3449 ,

1953 3478 2106 3531 Libri
2132 3477 2274 3529 beati
2299 3475 2517 3528 (sideri.

1952 3568 2017 3619 In
2044 3581 2153 3618 uno
2182 3566 2480 3617 volumine.
2506 3559 3037 3631 Ethimologiarum,
3063 3562 3158 3616 lib.
3183 3564 3301 3617 XX.
3332 3596 3394 3608 ...
3409 3567 3480 3620 1n

1876 3656 2009 3708 alio.
2044 3654 2124 3707 De
2153 3669 2373 3707 summo
2421 3650 2584 3714 bono,
2627 3650 2723 3703 lib.
2757 3649 2857 3705 III.
2904 3679 2973 3692 -η
3004 3654 3072 3709 In
3100 3655 3232 3706 alio.
3264 3652 3479 3709 Contra

1879 3743 2107 3806 Judeos,
2132 3741 2226 3795 lib.
2254 3738 2362 3793 III.
2396 3771 2457 3782 ——
2491 3740 2555 3792 In
2589 3740 2787 3792 eodem
2817 3755 2986 3810 super
3019 3741 3339 3810 eptaticem,
3382 3743 3481 3797 lib.

1880 3829 2007 3883 VII.
2039 3863 2096 3873 -
2124 3833 2191 3884 In
2222 3831 2366 3881 alio.
2406 3827 2485 3880 De
2506 3843 2727 3880 summo
2758 3825 2927 3892 bono,
2957 3827 3050 3881 lib.
3078 3827 3188 3882 III.
3222 3858 3290 3871 —
3319 3830 3485 3887 Sino-

1882 3919 2036 3972 nima
2061 3919 2202 3987 ejus,
2234 3916 2333 3969 lib.
2363 3914 2443 3969 II.
2478 3945 2537 3955 —
2566 3915 2734 3970 Liber
2763 3915 2984 3971 Alcuini
3010 3916 3080 3970 de
3111 3916 3258 3973 vitiis
3297 3925 3354 3973 et
3382 3919 3486 3973 vir-

1886 4007 2119 4062 tutibus.
2160 4037 2217 4045 --
2252 4004 2419 4058 Liber
2441 4002 2811 4057 scintillarum
2867 4036 2928 4046 -—
2961 4007 3027 4059 In
3056 4007 3195 4062 alio.
3224 4007 3345 4060 Lib.
3377 4007 3488 4062 VII

1888 4114 2058 4167 super
2093 4093 2411 4166 eptaticem.
2461 4095 2529 4147 In
2564 4094 2767 4146 eodem.
2804 4092 3075 4148 Alcuinus
3101 4110 3273 4166 super
3300 4097 3488 4157 Canti-

1890 4203 2018 4240 cum
2050 4183 2417 4238 canticorum.

1963 4276 2117 4330 Libri
2146 4274 2277 4327 Bcdc
2302 4272 2609 4339 presbiteri.

209 4356 288 4440 Ali
318 4356 683 4442 Eustochium
720 4384 1012 4454 virginem,
1040 4382 1137 4435 lib.
1174 4379 1220 4434 Ι.
1252 4410 1324 4419 —-
1353 4379 1435 4432 De
1463 4375 1802 4446 virginitate.
1827 4364 1874 4423 D
1942 4364 2033 4454 iln
2067 4377 2184 4454 uno
2227 4357 2750 4454 volzlniiitc.nSupeI"
2793 4356 3059 4416 Marcum.
3092 4358 3186 4413 lib.
3228 4358 3277 4416 Ι.
3311 4390 3374 4401 -·
3419 4363 3489 4418 In

210 4476 461 4546 —Super
480 4473 873 4529 Ecclesiastem
899 4468 1277 4542 expositionis,
1304 4467 1401 4520 lib.
1430 4466 1477 4520 Ι.
1512 4491 1567 4500 -
1587 4467 1655 4519 In
1673 4464 1806 4517 alio.

211 4563 454 4635 Epistole
477 4563 756 4634 ejusdem.
798 4561 871 4616 In
892 4563 1075 4614 eodem
1098 4558 1456 4612 continentur
1479 4553 1608 4607 libri
1632 4551 1811 4622 ipsius

203 4652 271 4707 de
300 4653 540 4724 prodigo
568 4658 627 4709 et
656 4651 823 4721 frugi,
851 4649 947 4705 lib.
982 4650 1024 4703 Ι.
1060 4672 1118 4683 --
1146 4647 1235 4701 Ad
1259 4644 1577 4699 Amandum
1603 4639 1812 4711 presbi-

204 4747 389 4795 terum
418 4742 486 4795 de
508 4740 744 4794 diversis
775 4736 1177 4809 questionibus.
1203 4735 1298 4788 lib.
1335 4732 1381 4788 Ι.
1416 4760 1479 4772 -
1517 4730 1603 4785 Ad
1645 4730 1813 4783 Pam-

204 4831 487 4884 machium
519 4830 588 4883 de
615 4830 828 4900 optimo
855 4842 1061 4897 genere
1092 4820 1516 4894 interpretandi,
1554 4818 1650 4872 lib.
1681 4816 1729 4871 1.
1790 4849 1804 4857 ς

206 4920 604 4991 Apologeticus
631 4918 705 4971 ad
751 4917 1033 4970 eumdem.
1074 4949 1136 4959 —-
1165 4916 1374 4967 Contra
1404 4908 1719 4963 Helvidium
1744 4905 1813 4959 de

205 5016 479 5079 perpetua
512 5006 838 5077 virginitate
867 5010 1058 5058 sancte
1077 5003 1270 5067 Marie,
1295 4999 1391 5053 lib.
1426 4996 1475 5051 Ι.
1508 5024 1569 5038 --
1603 4996 1815 5051 Contra

206 5098 607 5167 Vigilantium,
634 5096 729 5149 lib.
754 5093 804 5147 I.
842 5124 901 5134 -ν
936 5094 1016 5147 De
1037 5090 1145 5145 XII
1174 5087 1564 5161 questionibus
1594 5086 1666 5139 ad
1699 5085 1813 5139 He-

206 5186 444 5253 dibiam,
475 5185 551 5239 lib
615 5184 668 5242 Ι.
696 5213 759 5223 -
787 5183 869 5237 De
899 5181 980 5236 XI
1008 5178 1393 5251 questionibus
1412 5176 1482 5229 ad
1507 5173 1812 5244 Algasiam,

208 5276 304 5329 lib.
340 5274 391 5328 Ι.
421 5305 475 5313 -
506 5272 823 5345 Disputatio
840 5272 909 5325 de
925 5270 1142 5323 ratione
1168 5267 1354 5320 anime
1380 5281 1479 5336 per
1507 5264 1813 5332 dialogum,

205 5372 441 5435 sumpta
481 5380 546 5417 ex
583 5362 749 5417 dictis
798 5358 946 5414 beati
992 5356 1293 5429 Augustini
1342 5362 1397 5409 et
1437 5350 1725 5408 Jeronimi.
1759 5378 1813 5387 -

210 5452 359 5507 Itern
410 5453 503 5506 lib.
553 5451 582 5507 Ι
620 5451 772 5506 beati
824 5447 1126 5519 Augustini
1172 5446 1242 5500 de
1281 5443 1499 5513 origine
1535 5440 1720 5495 anime
1746 5438 1817 5493 ad

206 5542 585 5600 Jeronimum.
626 5564 677 5580 ι-
708 5538 856 5595 Item
892 5537 1038 5594 alius
1062 5535 1204 5590 liber
1231 5533 1382 5589 beati
1409 5527 1713 5601 Augustini
1746 5527 1820 5581 ad

1891 4453 2026 4505 alio.
2061 4450 2242 4519 Super
2269 4448 2499 4513 Lucam,
2528 4445 2631 4502 lib.
2670 4444 2768 4502 VI.
2797 4474 2858 4486 -
2878 4449 2945 4501 In
2958 4451 3090 4503 alio.
3126 4449 3308 4520 Super
3332 4456 3491 4506 actus

1894 4539 2297 4610 apostolorum,
2351 4535 2447 4589 lib.
2502 4532 2581 4588 II.
2624 4564 2689 4575 —-
2735 4536 2803 4589 In
2840 4538 2973 4589 alio.
3009 4537 3292 4608 Expositio
3322 4557 3494 4611 super

1895 4630 2159 4702 epistolas
2188 4626 2501 4681 canonicas.
2535 4654 2597 4664 -—
2634 4622 2797 4687 Item,
2839 4626 3111 4695 expositio
3131 4629 3496 4701 Apocalypsis

1896 4719 2127 4775 Joannis
2155 4714 2394 4787 apostoli
2424 4713 2573 4767 edita
2603 4729 2636 4765 a
2665 4711 3035 4783 Berengaudo
3071 4716 3187 4771 viro
3228 4719 3496 4774 eruditis-

1894 4809 2059 4864 simo.
2090 4837 2163 4846 —
2200 4803 2371 4872 Item,
2400 4802 2544 4855 liber
2573 4800 2869 4855 Lanfranci
2907 4802 3311 4878 archiepiscopi
3346 4808 3496 4865 Can-

1898 4895 2197 4953 tuariensis
2216 4894 2286 4948 de
2300 4907 2531 4962 corpore
2555 4896 2612 4944 et
2628 4890 2904 4959 sanguine
2926 4892 3150 4950 Domini
3173 4903 3370 4954 contra
3398 4901 3499 4953 Be-

1896 4985 2219 5058 rengerium
2250 4984 2654 5038 Turonensem.
2696 5008 2758 5019 —-
2805 4981 2873 5034 In.
2899 4985 3031 5038 alio.
3067 4988 3247 5055 Super
3277 4988 3497 5057 Apoca-

1898 5076 2121 5148 lypsim,
2154 5074 2250 5127 lib.
2293 5070 2400 5126 III.
2437 5104 2489 5114 —
2545 5067 2686 5122 Item
2730 5066 2800 5123 de
2842 5068 3223 5139 tabernaculo,
3255 5075 3349 5129 lib.
3384 5076 3496 5132 ΙΙΙ.

1899 5199 1965 5211 --
1999 5165 2143 5220 Item
2184 5177 2354 5231 super
2380 5157 2632 5215 Tobiam.
2675 5157 2773 5211 lib.
2818 5156 2864 5211 Ι.
2902 5187 2955 5196 -
2987 5162 3053 5213 In
3081 5165 3214 5215 alio.
3239 5164 3501 5235 Capitula

1900 5255 2201 5311 lectionum
2232 5266 2402 5321 snper
2432 5247 2751 5319 eptaticem.
2785 5276 2851 5286 —
2873 5248 2942 5302 In
2971 5252 3103 5302 alio.
3149 5250 3329 5321 Super
3358 5256 3501 5311 Can.

1901 5345 2011 5400 tica
2028 5342 2395 5401 canticorum,
2424 5337 2523 5390 lib.
2558 5334 2653 5388 VI.
2687 5367 2746 5377 -—
2770 5336 2837 5388 In
2857 5338 2985 5388 alio.
3029 5337 3101 5390 De
3132 5342 3498 5412 temporibus,

1900 5434 1998 5490 lib.
2030 5430 2058 5486 Ι
2088 5430 2284 5500 τηθίσι..
2312 5426 2478 5487 Item,
2503 5423 2741 5495 epistola
2768 5422 2947 5492 ipsius
2966 5423 3036 5477 de
3063 5427 3400 5495 equinoctio.
3433 5437 3504 5491 In

1900 5524 2102 5588 eodem,
2141 5518 2310 5579 Liber
2351 5512 2563 5571 Albrici
2608 5510 2888 5583 (Belprici)
2941 5512 3010 5573 de
3050 5524 3310 5589 compote
3348 5522 3501 5580 lane.
