3912 6166
469 248 573 306 775
1386 243 1484 298 AD
1523 242 1764 332 OPERA
1801 241 1864 296 B.
1904 239 2326 300 LANFRANCI
2362 242 2748 308 APPENDIX.
3594 252 3684 310 776

463 405 534 450 g-
565 377 634 431 In
658 377 800 429 alio.
836 367 1290 438 Martirologium.
1341 370 1408 424 In
1453 370 1632 423 eodem
1673 368 1871 438 regula
1906 365 2286 424 santiAstola
2315 366 2568 436 ejusdem
2601 368 2668 422 ad
2700 369 3008 424 Nectonem
3045 369 3299 426 abbatem
3337 373 3404 428 de
3439 377 3685 448 seraphim

463 462 767 521 Benedicti.
799 486 854 497 -
879 462 945 514 1η
964 461 1098 512 alio.
1133 457 1382 530 Historia
1402 459 1735 528 Anglorum,
1767 457 1861 510 lib.
1889 457 1953 511 V.
1989 485 2058 496 —
2139 460 2196 507 et
2213 455 2522 510 cherubim.

464 556 544 610 De
573 548 920 622 temporibus
949 547 1092 601 liber
1117 546 1326 620 minor.
1365 576 1428 586 --
1476 547 1554 600 De
1594 545 1814 600 naturis
1844 561 2052 608 rerum,
2210 546 2365 598 Libri
2395 547 2538 598 beati
2571 547 2845 600 Johannis
2872 553 3189 613 cognomine
3217 549 3566 607 Chrisostomi.

461 643 556 697 lib.
587 639 636 695 Ι.
669 669 726 682 --
759 637 876 692 Lib.
913 636 1076 690 Gilde
1105 635 1376 706 sapientis
1401 635 1472 688 de
1498 635 1708 688 excidio
1740 633 2051 688 Britannic.
2217 635 2281 688 In
2305 650 2418 687 uno
2443 637 2546 686 vol.
2569 634 2647 688 De
2669 637 3197 708 rcparationelapsi.
3223 639 3316 692 lib.
3349 641 3391 694 l.
3423 643 3547 695 ltcm
3567 645 3689 712 ejus-

462 765 518 778 ...
550 729 680 783 Vita
731 726 909 782 sancti
950 725 1114 779 Neoti
1153 741 1261 794 que
1305 724 1364 777 in
1411 724 1592 794 capite
1623 723 1867 794 ponitur.
1907 747 1954 755 —
1996 725 2058 775 In
2139 721 2265 774 dem
2296 722 2367 776 ad
2403 723 2741 777 Demetrium
2773 725 2842 778 de
2867 727 3289 796 compunctione
3309 729 3498 794 cordis,
3528 730 3612 785 lib.
3639 731 3682 792 Ι,

457 821 590 873 alio.
626 816 746 872 Lib.
793 814 999 870 Albrici
1030 814 1099 868 de
1127 818 1404 883 computo.
1445 841 1510 851 —
1555 815 1622 866 1η
1645 815 1778 866 alio.
1814 811 2058 882 Epistole
2139 811 2280 865 Item
2312 811 2381 864 de
2411 811 2605 866 eadem
2637 829 2714 873 re,
2745 813 2816 866 ad
2845 813 3203 874 Stelechium.
3224 815 3318 870 lib.
3351 816 3690 881 I.Item.ome-

459 905 776 962 Lanfranci.
813 906 878 958 In
899 905 1106 958 eodem.
1137 901 1384 972 Epistole
1399 899 1647 954 Fulberti
1674 899 2053 962 Carnotensis,
2140 898 2217 952 lia
2237 899 2487 970 ejusdem
2516 901 2585 954 de
2611 899 3020 972 subscriptione
3048 902 3106 956 Ιο
3133 904 3358 960 Psalmi.
3385 907 3536 973 Item,
3560 925 3691 963 ome-

460 1004 516 1052 et
546 993 858 1051 Hildeberti
889 989 1329 1046 Cenomanensis
1372 989 1635 1060 episc0pi.
1671 1019 1732 1030 —
1757 991 1825 1043 In
1853 989 2054 1042 eodem.
2141 987 2216 1042 lia
2245 989 2493 1059 ejusdem
2513 989 2583 1044 de
2604 989 2724 1060 ipso
2753 989 2806 1044 I°
2827 991 3067 1061 psalmo.
3105 993 3246 1048 Item
3276 1002 3466 1048 contra
3485 997 3688 1051 Judeum

458 1085 626 1142 Liber
651 1083 863 1138 Ernulti
911 1081 980 1134 de
1021 1079 1248 1134 incestis
1290 1077 1583 1148 conjugiis.
1633 1109 1691 1120 -—
1734 1077 1896 1143 Item,
1937 1073 2058 1129 IIII
2139 1076 2234 1130 lib.
2295 1077 2594 1132 Gisleberﬁ
2652 1078 2898 1150 Crispini
2945 1080 3162 1136 abbatis
3209 1083 3688 1141 wesﬁmomsterii.

459 1173 794 1240 Questiones
819 1169 1004 1225 divine
1033 1169 1215 1223 solute
1244 1167 1313 1222 ab
1339 1185 1424 1222 eo.
2141 1163 2286 1218 Item
2317 1166 2565 1235 ejusdem
2596 1167 2664 1222 de
2681 1167 3028 1231 Simoniacis,
3054 1175 3111 1223 et
3131 1170 3201 1224 de
3228 1171 3456 1226 veritate
3481 1175 3690 1244 corporis

529 1267 684 1320 Libri
718 1262 971 1322 Ansclmi
997 1259 1388 1326 archiepiscopi
1415 1257 1738 1311 Cantuarie.
2141 1261 2200 1308 et
2229 1255 2519 1326 sanguinis
2550 1257 2793 1310 Domini.
2834 1255 2968 1311 Item
3001 1258 3247 1328 ejusdem
3287 1277 3465 1314 sermo
3488 1261 3540 1316 in
3563 1263 3691 1316 dedi-

531 1357 600 1410 In
628 1369 742 1406 uno
769 1352 1069 1404 volumine.
1095 1345 1496 1415 Monologium,
1515 1344 1610 1398 lib.
1642 1343 1688 1398 Ι.
1709 1343 2057 1414 Proslogion,

460 1442 558 1498 lib.
607 1441 654 1496 Ι.
699 1439 998 1495 Orationes
1047 1435 1318 1505 ejusdiam.
1367 1433 1488 1487 Lib.
1534 1433 1604 1486 de
1652 1433 2054 1487 Grammatice.

461 1531 711 1603 Epistola
738 1528 807 1582 ad
837 1526 1123 1580 Urbanum
1141 1539 1342 1594 papam
1365 1523 1433 1576 de
1461 1521 1847 1576 incarnatione
1865 1521 2056 1576 Verbi.
2213 1523 2365 1576 Libri
2385 1524 2526 1576 beati
2555 1524 2814 1592 Cipriam'
2831 1528 3062 1594 episcopi
3089 1532 3136 1579 ct
3161 1531 3447 1596 martyris.

461 1655 522 1664 —
552 1623 618 1674 In
663 1620 796 1673 alio.
849 1617 985 1670 Tres
1014 1619 1288 1667 tractatus
1328 1611 1396 1666 de
1426 1611 1679 1671 veritate.
1704 1612 1772 1664 de
1802 1611 2061 1665 libertate
2083 1677 2122 1683 _
2217 1611 2282 1664 In
2311 1627 2422 1664 imo
2451 1615 2556 1666 vol.
2592 1612 2837 1683 Epistole
2868 1614 2990 1683 ejus
3017 1631 3252 1670 numero
3284 1617 3430 1673 XVI.
3460 1619 3518 1672 In
3543 1621 3690 1672 eodem

462 1707 700 1771 arbitrii,
725 1705 793 1758 de
835 1719 965 1758 casu
997 1701 1222 1755 diaboli.
1257 1729 1318 1740 ο-
1350 1701 1498 1754 Deus
1533 1700 1720 1766 homo,
1761 1699 1856 1752 lib.
1890 1697 1968 1752 II.
1995 1729 2058 1740 —-
2082 1677 2127 1736 B
2148 1698 2240 1754 lib.
2263 1700 2512 1768 ejusdem
2537 1700 2605 1755 de
2629 1677 2778 1756 ritiis
2809 1677 3066 1756 secbliad
3097 1703 3394 1760 Donatum.
3426 1705 3555 1760 Item
3569 1707 3690 1775 ejus-

460 1780 854 1866 De'conceptu
901 1790 1178 1863 virginali,
1218 1790 1314 1844 lib.
1361 1788 1432 1843 II.
1477 1819 1544 1828 —
1591 1789 1670 1843 De
1712 1788 2064 1860 processiene
2144 1789 2268 1842 dem
2301 1789 2392 1842 lib.
2421 1787 2528 1842 Iacl
2559 1790 3000 1845 Demetrianum.
3035 1791 3178 1846 Item
3196 1795 3564 1864 ejusdem,lib.
3592 1795 3613 1848 Ι
3637 1795 3691 1849 de

463 1887 696 1960 spiritus
722 1882 924 1940 sancti.
955 1907 1020 1918 —
1047 1883 1114 1935 In
1141 1882 1276 1934 alio.
1317 1877 1566 1950 Epistole
1599 1877 1848 1947 ejusdem
1878 1877 1949 1930 ad
1975 1875 2063 1930 di-
2145 1877 2532 1932 exhortatione
2561 1879 2800 1933 martirii
2829 1879 2899 1934 ad
2930 1881 3325 1937 Fortunatum.
3366 1883 3548 1938 Sermo
3572 1885 3690 1954 ejus.

465 1993 670 2032 versos.
2145 1968 2270 2022 dem
2301 1968 2370 2022 de
2399 1969 2514 2022 zelo
2535 1973 2591 2022 et
2611 1968 2802 2024 livore.
2827 1969 2970 2024 Item
2999 1987 3188 2026 sermo
3211 1973 3456 2042 ejusdem
3485 1974 3547 2027 de
3561 1974 3690 2044 peni-

535 2065 810 2120 Johanncs
850 2061 1116 2113 Iwrmm’ta
1138 2058 1454 2111 Cassianus.
1478 2087 1538 2097 —
1555 2057 1621 2108 In
1637 2070 1745 2108 amo
1757 2056 2058 2109 volumine.
2144 2056 2342 2111 tentia.
2375 2055 2520 2111 Item
2538 2057 2786 2126 ejusdem
2816 2057 2945 2112 libri
2965 2059 3034 2113 de
3056 2061 3416 2114 mortalitate.
3435 2061 3692 2132 Itemejus-

465 2153 805 2210 Collationes
834 2153 1080 2220 patrum,
1110 2143 1348 2199 XXIIII.
2143 2144 2272 2199 dem
2297 2145 2394 2199 lib.
2439 2147 2508 2200 de
2536 2145 2731 2201 habitu
2757 2147 3056 2218 virginum.
3091 2147 3238 2203 Item
3263 2149 3358 2203 lib.
3390 2150 3612 2220 ejusdem
3637 2150 3693 2204 de

539 2245 606 2298 In
629 2239 1054 2294 unorotu-minc.
1078 2231 1400 2288 Admonitio
1414 2230 1684 2285 Basiliiad
1706 2232 2060 2290 monachum.
2145 2233 2375 2288 ecclesie
2403 2235 2674 2290 catholice
2694 2235 2926 2290 unitate.
2962 2235 3103 2291 Item
3132 2237 3229 2292 lib.
3263 2238 3504 2308 ejusdem
3543 2238 3602 2292 de
3630 2238 3692 2291 la-

467 2328 738 2386 Instituta
792 2323 1004 2380 Basilii.
1061 2320 1303 2376 Pomerii
1353 2319 1423 2373 de
1471 2319 1584 2372 vita
1632 2319 2064 2390 contemplativa

465 2417 560 2472 lib.
585 2414 694 2470 III.

535 2507 601 2560 In
632 2522 763 2560 uno.
798 2501 924 2555 Vite
953 2504 1174 2572 patrum
1209 2501 1436 2552 veteres,
1488 2501 1544 2549 et
1592 2495 1812 2550 Ysidori
1853 2496 2061 2552 sinoni-

461 2613 576 2658 ma,
607 2600 664 2648 et
693 2609 824 2665 pars
863 2589 990 2644 libri
1029 2589 1126 2659 qui
1170 2592 1402 2640 vocatur
1446 2585 1715 2639 Diadema
1753 2587 2056 2642 monacho-

448 2701 606 2750 ,rum.

528 2777 596 2830 In
617 2789 730 2828 uno
757 2773 1056 2829 volumine.
1089 2765 1396 2822 Concordia
1426 2763 1768 2834 regularum.

527 2865 596 2918 In
623 2878 735 2916 uno
762 2859 1061 2914 volumine.
1096 2855 1296 2909 Haimo
1335 2869 1505 2924 super
1541 2851 1786 2906 Ysaiam.

2143 1343 2363 1398 catione
2379 1345 2627 1399 erclesie.
2648 1347 2785 1400 Item
2812 1347 3017 1401 omelia
3044 1349 3296 1418 ejusdem
3322 1366 3484 1420 super
3503 1341 3692 1406 cumin-

2141 1449 2358 1501 grcssus
2385 1436 2556 1487 Jcsus.
2598 1433 2738 1488 Item
2771 1436 3022 1505 ejusdem
3053 1437 3287 1508 epistole
3315 1437 3419 1492 III.

2146 2322 2278 2392 psis.
2303 2321 2448 2378 Item
2485 2323 2546 2377 in
2575 2323 2771 2378 eodem
2793 2325 2889 2378 lib.
2918 2325 2987 2379 de
3013 2325 3250 2380 simbolo
3299 2326 3422 2381 ﬁdei
3475 2327 3540 2381 ad
3573 2327 3692 2382 Lau-

2142 2411 2408 2466 rentium.
2443 2411 2587 2466 Item
2624 2413 2774 2468 beati
2805 2414 3055 2486 Cipriani
3099 2415 3174 2468 ad
3203 2415 3491 2480 Quirinum
3517 2415 3602 2469 lib.
3627 2413 3688 2468 II.

2211 2503 2368 2554 Libri
2397 2503 2692 2569 Futgentii.

2212 2591 2279 2643 In
2305 2605 2417 2643 uno
2447 2593 2653 2644 totum.
2686 2589 2837 2645 Libri
2867 2591 3074 2646 XXIII.
3092 2591 3237 2647 Item
3257 2593 3506 2647 chronica
3532 2591 3692 2646 abori-

2135 2677 2267 2748 gine
2289 2679 2484 2732 mundi
2505 2695 2684 2750 usque
2697 2680 2766 2734 ad
2785 2679 3082 2752 imperium
3111 2683 3372 2736 Heraclii.
3399 2680 3532 2736 Item
3554 2697 3694 2752 expo-

2135 2767 2264 2820 sitio
2303 2784 2474 2838 super
2507 2767 2604 2822 lib.
2637 2768 2918 2823 Geneseos
2947 2786 3126 2841 usque
3154 2771 3227 2824 ad
3254 2770 3408 2826 illum
3433 2771 3599 2824 locum
3618 2767 3694 2822 ubi

2135 2855 2379 2910 dicitur:
2413 2857 2636 2912 Clamor
2664 2857 3048 2912 Sodomorum.
3085 2864 3224 2914 ltem
3255 2859 3514 2932 expositio
3540 2857 3696 2929 prolo-

526 2953 593 3006 ln
619 2967 749 3004 uno.
783 2946 934 3002 Libri
971 2945 1122 3000 beati
1149 2941 1402 2998 Dionisii.
2072 2991 2112 3016 η
2135 2960 2336 3013 gorum
2361 2944 2511 2999 beati
2539 2945 2804 3000 Ieronimi
2833 2963 2972 3016 quos
3001 2945 3059 3000 in
3079 2949 3447 3004 translatione
3475 2947 3594 3002 etin
3617 2962 3694 3000 cx-

524 3048 593 3101 In
625 3059 736 3097 uno
769 3044 875 3094 τοι.
916 3037 1275 3093 Pronosticon
1311 3033 1540 3088 .luliani.
2072 3027 2114 3050 υ
2138 3033 2414 3104 positione
2436 3033 2706 3089 librorum
2729 3035 2948 3089 Veteris
2961 3036 3311 3092 Testamenti
3335 3035 3609 3092 fecit.Item
3627 3051 3698 3088 ex-

525 3135 592 3186 ln
624 3147 756 3186 uno.
793 3127 1040 3184 Libellus
1066 3123 1348 3180 Wimondi
1378 3123 1448 3177 de
1473 3139 1704 3194 corpore
1717 3123 2056 3194 etsanguine
2137 3123 2342 3194 positio
2369 3122 2820 3177 benedictionum
2839 3123 2947 3178 XII
2964 3125 3574 3181 Patriarcharumltem
3593 3139 3698 3194 que-

455 3218 698 3277 Domini.
2139 3212 2269 3266 dam
2301 3212 2591 3283 prophetie
2621 3211 2814 3266 Sibille
2841 3229 2950 3284 que
2969 3213 3040 3268 de
3056 3213 3294 3286 imperio
3313 3217 3592 3270 romanoet
3606 3213 3696 3266 ﬁne

527 3313 594 3365 In
617 3305 1061 3376 unoJos'ephus,
1087 3301 1485 3373 antiquitatum
1506 3301 1582 3355 lib
1631 3299 1824 3357 XIIII.
1846 3302 2054 3356 Inalio.
2141 3300 2593 3372 scculipredixit.

454 3395 870 3468 Antiquitatum
899 3393 994 3446 lib.
1029 3391 1124 3458 VI,
1159 3396 1217 3445 et
1243 3391 1312 3445 de
1339 3390 1571 3445 Judaico
1613 3390 1760 3445 bello
1809 3391 2058 3460 ejusdem
2213 3392 2370 3445 Libri
2397 3392 2540 3444 beati
2562 3389 2864 3446 Athanasii
2889 3394 3140 3460 episcopi.

453 3487 549 3540 lib.
581 3483 710 3538 VII.
2207 3481 2274 3532 In
2303 3495 2416 3532 uno
2435 3480 2539 3532 vol.
2571 3477 2654 3532 De
2685 3478 2960 3543 trinitate,
3001 3478 3102 3532 lib.
3137 3478 3185 3533 Ι.
3231 3481 3305 3534 De
3332 3481 3538 3535 unitate
3565 3475 3698 3532 trini—

517 3574 584 3626 In
617 3588 744 3625 uno.
775 3568 1164 3624 Ecclesiastica
1192 3567 1428 3622 historia
1454 3565 1676 3621 Eusebii
1703 3567 2050 3622 Cesariensis
2135 3567 2287 3631 tatis,
2321 3567 2416 3620 lib.
2449 3566 2527 3620 II.
2563 3567 2642 3621 De
2674 3567 2837 3620 unico
2883 3568 3112 3623 nomine
3140 3569 3466 3630 divinitatis,
3495 3569 3578 3622 lib.
3606 3565 3691 3620 III.

454 3659 722 3731 episcopi,
755 3675 922 3729 quam
952 3656 1248 3711 transtulit
1283 3656 1520 3710 Ruﬁnus
1551 3656 1620 3709 de
1647 3672 1814 3726 greco
1843 3655 1901 3710 in
1929 3655 2054 3710 lati-
2135 3658 2215 3712 De
2247 3657 2632 3728 assumptione
2662 3656 2926 3718 hominis,
2959 3657 3054 3714 lib.
3096 3656 3240 3714 IIII.
3273 3660 3352 3714 De
3379 3658 3596 3729 singulis
3619 3669 3697 3710 no-

453 3765 609 3811 num,
639 3747 734 3801 lib.
758 3745 856 3800 XI.
893 3748 961 3800 In
980 3761 1110 3798 uno.
1135 3744 1259 3798 Alia
1287 3743 1521 3798 historia
1545 3743 1916 3798 ecclesiastica
1938 3761 2047 3815 que
2129 3745 2372 3800 minibus
2385 3745 2650 3799 adversus
2667 3745 2942 3799 novellam
2971 3746 3234 3810 heresim,
3269 3748 3362 3802 lib.
3397 3765 3438 3802 ι.
3473 3747 3545 3802 De
3559 3743 3697 3800 unica

453 3837 657 3892 dicitur
682 3835 986 3908 tripartita.
1018 3833 1115 3888 lib.
1143 3835 1210 3888 X.

524 3927 593 3980 In
630 3942 762 3980 uno.
797 3922 1044 3978 Historia
1071 3921 1300 3992 Egisipi.
1331 3921 1423 3975 lib.
1453 3919 1551 3975 VI.

2129 3833 2446 3889 substantia
2473 3834 2760 3899 trinitatis,
2789 3833 2885 3888 lib.
2909 3834 3006 3889 VI.
3031 3837 3110 3890 De
3135 3835 3478 3892 beatitudine
3496 3835 3626 3898 ﬁdei,
3651 3838 3698 3886 et

2136 3923 2540 3994 proscriptione
2559 3929 2709 3978 secte
2739 3923 3000 3995 pessime,
3030 3924 3128 3978 lib.
3159 3925 3262 3981 VII
3305 3927 3377 3982 De
3396 3923 3697 3996 professione

527 4019 594 4072 In
617 4031 748 4069 uno.
781 4011 1030 4068 Historia
1057 4009 1260 4075 Orosii,
1293 4009 1389 4065 lib.
1437 4007 1564 4063 VII.
1598 4007 1662 4062 In
1695 4010 1891 4064 eodem
1923 4011 2057 4066 Tro-
2138 4013 2330 4084 regule
2356 4011 2644 4076 catholice,
2677 4012 2774 4066 lib.
2809 4011 2964 4066 VIII.
2992 4013 3070 4067 De
3099 4013 3233 4068 fidei
3261 4015 3490 4078 unitate,
3513 4009 3693 4067 lib.IX.

452 4123 559 4176 gus
579 4097 1382 4174 Pompeius,epitome.XLVI.
1406 4097 1550 4153 Item
1573 4097 1630 4151 in
1659 4099 1854 4153 eodem
1885 4099 2055 4154 histo-

452 4194 540 4248 ria
565 4189 1086 4261 Langobardorum,
1116 4186 1210 4240 lib.
1242 4187 1305 4240 V.

2137 4103 2218 4158 De
2246 4101 2500 4156 trinitate
2535 4107 2593 4155 et
2615 4101 2816 4172 spiritu
2843 4108 3056 4156 sancto.
3081 4101 3159 4156 lib
3194 4103 3260 4158 X.
3287 4101 3576 4158 Altercatio
3594 4115 3697 4154 san-

2136 4191 2210 4246 cti
2240 4189 2552 4253 Athanasii,
2573 4207 2740 4261 quam
2771 4189 2970 4244 habuit
2997 4207 3096 4262 pro
3125 4191 3237 4246 fide
3265 4199 3457 4246 contra
3481 4190 3693 4252 Arrium,

524 4285 594 4338 In
625 4297 736 4334 uno
767 4281 874 4332 vol.
906 4277 1034 4330 Vita
1072 4274 1250 4329 sancti
1292 4273 1506 4329 Nicolai
1538 4279 1594 4328 et
1624 4273 1896 4329 miracula
1929 4267 2116 4345 ejusD
2136 4279 2464 4338 sabellium,
2508 4279 2774 4334 Fucinum
2823 4279 3118 4344 hereticos,
3151 4279 3248 4334 lib,
3305 4279 3401 4334 XI,
3445 4275 3697 4334 sententia

453 4377 512 4427 et
536 4367 833 4426 translatio
863 4365 1131 4436 ejusdem.

525 4462 594 4514 In
630 4473 769 4512 uno.
809 4455 965 4509 Dicta
991 4453 1140 4509 beati
1165 4453 1422 4526 Gregorii
1450 4471 1592 4526 pape
1625 4472 1794 4526 super
1815 4457 2055 4529 cantica,

456 4551 515 4602 et
543 4545 658 4600 vita
685 4543 900 4599 domini
921 4543 1176 4598 Herluini
1197 4544 1433 4608 abbatis,
1464 4550 1519 4598 et
1549 4544 1663 4598 vita
1683 4545 1832 4600 beati
1852 4547 2053 4601 Ansel-

453 4635 534 4690 mi
562 4631 966 4704 archiepiscopi
997 4631 1438 4687 Cantuariensis.

523 4727 594 4779 In
638 4739 770 4776 uno.
803 4720 1172 4788 Elucidarius,
1209 4727 1266 4776 et
1307 4721 1671 4794 Apocalipsis,
1723 4729 1780 4778 et
1819 4723 2051 4778 Cantica

451 4811 796 4867 canticorum
809 4854 824 4868 .

523 4905 593 4958 In
630 4916 762 4954 uno.
794 4901 875 4954 De
900 4897 1068 4964 vitiis,
1102 4896 1198 4953 lib.
1246 4897 1368 4967 III;
1397 4903 1454 4954 et
1487 4899 1708 4954 Ysidori
1745 4899 2044 4968 sinonima,

451 4989 547 5046 lib.
581 4987 676 5057 II;
723 4993 779 5043 et
811 4989 1118 5043 lamentum
1150 4987 1458 5057 penitentie
1479 4988 1750 5060 ejusdem,
1775 4995 1833 5043 et
1855 4988 2050 5059 regula

449 5079 583 5136 fidei
605 5077 854 5132 versiﬁce
873 5077 1206 5147 composita.

521 5171 590 5224 In
619 5183 730 5221 uno
758 5169 863 5220 vol.
911 5165 1286 5220 Continentur
1319 5164 1378 5220 II
1418 5164 1542 5219 libri
1587 5166 1656 5220 de
1704 5165 2046 5238 expositione

449 5255 808 5313 ecclesiastici
831 5254 998 5310 officii
1027 5260 1144 5308 tam
1171 5253 1446 5314 diurnalis
1475 5271 1644 5325 quam
1679 5257 2044 5316 nocturnalis.

451 5347 589 5403 editi
617 5345 688 5400 ab
715 5343 1000 5400 Amalario
1020 5343 1136 5397 viro
1163 5343 1574 5415 apperitissime
1601 5344 1842 5399 erudito.
1876 5345 2042 5412 Item,

451 5431 688 5503 epistola
736 5429 986 5500 ejusdem
1043 5427 1113 5482 ad
1161 5427 1462 5482 Jeremiam
1521 5428 1591 5482 de
1631 5429 1861 5485 nomine
1887 5431 2040 5486 Iesu.

451 5523 616 5587 Item,
646 5518 885 5592 epistola
916 5515 1168 5588 ejusdem
1211 5517 1282 5571 ad
1324 5517 1698 5572 Guntardum.
1728 5517 1891 5588 Item,
1925 5521 2044 5593 epi-

2131 4369 2292 4441 probi
2313 4367 2519 4440 judicis
2549 4367 2644 4439 qui
2679 4368 2747 4422 ad
2791 4367 3184 4422 dirimendam.
3214 4369 3614 4424 altercationem
3638 4363 3694 4418 ab

2139 4459 2476 4530 imperatore
2503 4456 2832 4511 Constantio
2863 4457 3068 4510 missus
3095 4457 3300 4514 fuerat.
3322 4457 3462 4512 Item
3491 4453 3695 4528 epistola

2141 4547 2384 4602 Potumii
2429 4545 2500 4600 ad
2546 4545 2913 4600 Athanasium
2959 4547 3301 4618 episcopum.
3328 4546 3469 4602 Item
3491 4541 3698 4616 epistola

2129 4637 2309 4692 sancti
2345 4635 2640 4690 Athanasii
2663 4637 2734 4690 ad
2763 4635 3078 4690 Luciferum
3105 4637 3450 4708 episcopum.
3469 4634 3580 4690 Lib.
3605 4628 3696 4686 XII

2131 4728 2200 4782 de
2221 4724 2544 4781 Sotonibus.

2203 4815 2357 4870 Libri
2375 4813 2701 4868 Cassiodori-

2201 4905 2270 4958 In
2301 4919 2412 4957 uno
2441 4905 2546 4957 rat.
2580 4902 2762 4972 Super
2800 4901 2898 4960 Im
2936 4907 3150 4973 partem
3183 4902 3453 4975 psalterii.
3489 4904 3548 4956 In
3581 4899 3693 4952 alio.

2131 4991 2312 5062 Super
2339 4989 2458 5044 Ιιπι.
2495 4992 2560 5046 In
2587 4992 2720 5044 alio.
2748 4991 2930 5062 Super
2957 4990 3134 5045 Illam.
3165 4994 3232 5047 In
3259 4995 3388 5048 alio.
3431 4985 3695 5046 Cassiodo-

2131 5096 2226 5134 rus
2253 5079 2322 5133 de
2342 5079 2550 5143 anima,
2583 5077 2680 5132 lib.
2711 5077 2760 5134 Ι.

2201 5169 2268 5222 In
2294 5170 2409 5223 alio
2434 5169 2540 5222 υοι.
2573 5167 2916 5238 Smaragdus
2943 5185 3114 5240 super
3149 5168 3402 5240 regulam
3441 5167 3494 5222 S.
3533 5164 3692 5220 Bene-

2127 5255 2283 5312 dicti.

2200 5345 2268 5400 Ιη
2299 5347 2410 5400 alio
2437 5344 2797 5401 continentur
2821 5346 3084 5402 chronica
3103 5344 3345 5411 Eusebii,
3379 5351 3436 5400 et
3461 5341 3689 5400 chronica

2124 5432 2390 5488 Ieronimi
2419 5439 2474 5488 et
2497 5435 2777 5506 Prosperi,
2809 5439 2866 5490 et
2893 5436 3157 5492 chronica
3178 5435 3486 5509 Sigisbcrti.

2198 5523 2266 5578 In
2294 5539 2406 5578 uno
2435 5525 2540 5578 vol.
2573 5523 2815 5580 Ilistorie
2843 5525 3278 5594 Normanorum,
3297 5525 3393 5581 lib.
3427 5521 3542 5588 VII,
3565 5519 3690 5575 vide-
