3912 6166
191 351 284 429 77":

845 368 1204 432 CATALOG.
1244 356 1621 434 LIBRORUM
1657 369 1989 436 ABBATUE
2026 376 2433 469 BEccsNSIs
2457 381 2627 472 saec.
2669 384 2794 454 xu.

3345 398 3454 464 778

188 498 309 555 licet
339 496 411 553 ab
440 496 687 554 adventu
728 498 990 570 Hastingi
1034 499 1092 555 in
1143 518 1380 573 regnum
1431 501 1842 565 FrancorumA
1902 506 2015 601 _ln_
2050 510 2195 601 alio.
2250 508 2523 582 Origenes
2582 530 2755 587 super
2788 517 3022 577 Cantica
3080 524 3449 601 canticorum,

188 605 359 661 usque
386 588 458 643 ad
490 593 731 644 mortem
763 588 932 660 primi
959 589 1208 650 Henrici.
1266 592 1416 661 regis
1467 592 1778 663 Anglorum

187 684 238 735 et
262 677 419 733 ducis
450 679 888 733 Normanorum.
922 676 1067 732 Item
1100 679 1212 734 vita
1243 681 1429 735 Caroli
1458 681 1645 751 magni
1668 681 1776 736 im-

186 767 453 839 peratoris
478 767 868 822 Romanorum
922 772 979 820 et
1033 767 1183 838 regis
1234 767 1602 824 Francorum.
1629 768 1775 825 Item

186 857 289 911 vita
316 854 620 911 Alexandri
646 855 837 927 magni
869 853 1017 926 regis
1048 855 1441 913 Macedonum.
1477 860 1618 913 Item
1656 859 1776 930 epi-

187 947 319 1003 stola
344 946 603 1017 ejusdem
634 946 704 1000 de
726 944 836 1000 situ
869 944 1029 1000 Indie
1084 946 1154 1001 ad
1199 948 1551 1004 Aristotilem
1605 950 1780 1021 magi-

190 1042 358 1091 strum
389 1051 576 1090 suum.
614 1035 758 1090 Item
780 1034 1091 1089 abreviatio
1116 1053 1314 1107 regum
1327 1037 1579 1094 Franciae
1594 1045 1779 1109 gesto-

190 1141 305 1180 rum
356 1123 427 1178 ab
474 1121 797 1194 egressione
849 1141 1045 1178 eorum
1074 1142 1108 1178 a
1139 1125 1450 1182 Sicambria
1478 1143 1656 1199 usque
1706 1127 1778 1182 ad

188 1212 510 1284 principium
530 1211 690 1282 regni
704 1211 966 1266 Ludovici
977 1213 1221 1283 junioris
1237 1215 1387 1284 regis
1410 1214 1776 1272 Francorum.

190 1301 320 1356 Item
350 1300 718 1355 historiarum
747 1301 817 1355 de
852 1300 1076 1372 regibus
1108 1303 1337 1373 majoris
1363 1305 1654 1360 Britannic
1683 1322 1778 1360 us-

193 1407 289 1461 que
314 1389 387 1444 ad
412 1389 716 1444 adventum
753 1390 1066 1460 Anglorum
1124 1390 1183 1446 in
1216 1392 1456 1448 ineulam
1486 1393 1616 1448 libri
1650 1393 1775 1454 XII.

190 1479 241 1534 in
267 1495 504 1551 quorum
533 1477 775 1549 septimo
810 1479 1172 1535 continentur
1222 1482 1515 1553 prophetie
1554 1482 1776 1550 Marini,

192 1583 293 1622 non
339 1566 649 1629 Silvestris,
684 1566 783 1621 sed
810 1567 1068 1636 alterius,
1097 1568 1154 1623 id
1184 1577 1272 1624 est
1298 1570 1517 1626 Merlini
1547 1571 1780 1627 Ambro-

197 1656 275 1710 sii.
296 1655 439 1711 Item
471 1655 823 1728 exceptiones
851 1673 918 1710 ex
938 1656 1078 1712 libro
1107 1658 1269 1714 Gilde
1297 1660 1569 1732 sapientis
1601 1661 1776 1717 histo-

195 1745 464 1817 riograpbi
514 1745 829 1812 Britonum,
863 1763 1030 1817 quem
1066 1749 1380 1820 composuit
1406 1749 1477 1804 de
1512 1750 1776 1806 vastatio-
1806 1807 1810 1811 .

1792 1859 1840 1920 Β
1929 1838 1997 1892 In
2022 1840 2155 1894 alio.
2189 1842 2405 1900 Tullius
2433 1846 2505 1901 de
2531 1849 2749 1908 ofﬁciis.

192 1850 255 1890 ne
271 1834 451 1905 gentis
482 1851 584 1889 sue
609 1839 668 1889 et
685 1834 755 1889 de
784 1834 1135 1891 mirabilibus
1164 1835 1476 1894 Britannic.

260 1926 322 1979 In
353 1940 468 1979 uno
494 1925 793 1978 volumine.
853 1923 1103 1980 Historia
1148 1926 1407 1997 Gregorii
1435 1928 1776 1985 Turonensis

196 2012 257 2067 de
304 2013 480 2084 gestis
535 2012 900 2078 Francorum,
956 2013 1086 2068 libri
1116 2014 1185 2069 X.
1216 2014 1284 2070 In
1308 2017 1504 2072 eodem
1543 2017 1780 2073 historia

192 2101 412 2156 Baldrici
447 2102 703 2157 Dolensis
732 2102 1156 2175 archiepisc0pi,
1213 2106 1493 2176 quomodo
1547 2107 1776 2163 Jerusa-

190 2191 287 2246 lem
312 2196 477 2263 capta
504 2191 579 2245 sit
607 2208 642 2245 a
664 2191 1001 2256 Christianis,
1036 2192 1163 2247 libri
1195 2194 1330 2249 IIII.

252 2280 312 2333 In
336 2296 450 2334 uno
485 2282 594 2334 vol.
623 2278 988 2335 Itinerarium
1010 2282 1325 2337 Jerusalem
1352 2283 1566 2339 editum
1591 2302 1625 2339 a
1653 2285 1780 2340 Ful-

199 2367 347 2423 cbero
376 2368 712 2424 Carnotensi
741 2368 964 2435 clerico,
989 2371 1280 2426 continens
1308 2389 1400 2428 res
1411 2380 1601 2444 gestas
1627 2374 1780 2430 illius

197 2457 550 2529 expeditionis
576 2456 646 2511 ab
686 2457 851 2513 initio
878 2475 1055 2531 usque
1103 2460 1175 2515 ad
1204 2476 1414 2517 annum
1441 2462 1777 2519 incarnatio-

195 2545 272 2599 nis
289 2545 563 2601 dominice
581 2546 932 2606 M.C.XXVI.

255 2635 320 2689 In
345 2639 483 2689 alio.
515 2635 755 2690 Decreta
783 2638 1132 2708 pontiﬁcum.

256 2725 322 2779 In
342 2727 473 2779 alio.
495 2723 773 2783 Canones.

257 2813 321 2865 In
348 2815 484 2866 alio.
519 2812 791 2886 Excerpta
820 2813 1195 2871 decretorum.

256 2900 321 2954 In
344 2901 480 2955 alio.
514 2902 731 2974 Corpus
748 2919 1060 2960 canonum.

256 2990 320 3044 In
346 2992 485 3044 alio.
515 2990 943 3048 Benedictiones
972 2993 1335 3065 episcopales,
1361 3013 1461 3068 per
1481 2997 1656 3053 totius
1682 3014 1780 3055 an-

195 3075 247 3130 ni
270 3077 631 3143 curriculum,
684 3084 743 3134 et
791 3082 1074 3151 quomodo
1105 3083 1421 3139 celebratur
1453 3087 1772 3153 concilium,

198 3169 249 3219 et
272 3166 339 3221 de
374 3168 795 3223 consecratione
824 3168 1068 3244 episcopi
1098 3174 1407 3228 secundum
1440 3191 1653 3230 morem
1683 3193 1777 3231 ro-

194 3268 431 3322 manum,
462 3260 522 3310 et
553 3256 745 3329 plures
774 3258 1007 3328 epistole
1053 3276 1421 3316 romanorum
1452 3264 1777 3334 pontiﬁcum

193 3341 486 3399 decretales
536 3351 594 3400 et
620 3344 936 3401 benedictio
956 3346 1200 3420 abbatis,
1228 3349 1476 3421 virginis,
1509 3359 1567 3407 et
1592 3353 1776 3424 vidue,

195 3436 245 3486 et
269 3434 542 3501 monachi,
567 3440 625 3489 et
648 3435 829 3490 multa
865 3436 997 3491 alia.

250 3522 312 3575 In
331 3539 443 3576 uno
466 3525 768 3578 volumine.
804 3524 1175 3581 Collectiones
1212 3527 1484 3584 Burcardi
1514 3530 1776 3585 Worma-

190 3606 369 3663 tiensis
399 3609 666 3683 episcopi,
699 3610 797 3665 lib.
831 3613 951 3675 XX,
974 3618 1088 3668 tam
1116 3614 1186 3669 ad
1216 3615 1588 3672 ecclesiastica
1607 3636 1775 3690 quam

187 3698 448 3753 secularia
474 3698 710 3770 negocia
729 3702 1127 3771 pertractanda
1155 3704 1490 3759 necessarie.

247 3788 396 3842 Libri
446 3790 667 3843 Dionisi
714 3789 1055 3859 Areopagite.
1096 3793 1163 3847 In
1191 3809 1303 3847 uno
1331 3797 1434 3848 vol.
1470 3794 1550 3848 De
1582 3796 1774 3852 celesti

186 3870 467 3943 ierarchia,
498 3876 604 3933 lib.
640 3876 692 3934 I.
731 3876 812 3931 De
844 3877 1223 3934 ecclesiastica
1238 3880 1535 3948 ierarcliia,
1569 3882 1664 3938 lib.
1691 3884 1769 3938 II.

184 3959 260 4016 De
286 3963 484 4019 divinis
537 3964 879 4028 nominibus,
907 3966 1005 4021 lib.
1041 3967 1143 4023 IIl.
1178 3968 1258 4023 De
1288 3969 1529 4025 imistica
1557 3972 1771 4029 theoloe

180 4050 316 4120 gica,
346 4053 446 4109 lib.
474 4052 601 4111 IIII.
644 4053 791 4109 Item
819 4055 996 4127 ipsius
1043 4057 1115 4111 ad
1142 4057 1392 4113 diversos
1432 4060 1670 4131 epistola
1697 4062 1767 4118 X.

183 4137 245 4194 In
272 4143 467 4197 eodem
497 4142 676 4198 Beotii
708 4144 779 4199 de
806 4144 1083 4214 trinitate,
1104 4145 1203 4201 lib.
1231 4146 1363 4203 IIII.

248 4229 315 4283 1η
340 4233 478 4286 alio.
512 4230 761 4304 Epistole
787 4232 1015 4302 Yvonis,
1071 4239 1129 4289 et
1180 4235 1250 4291 de
1292 4238 1682 4304 sacramentis,
1714 4243 1772 4295 et

181 4333 459 4376 sermones
486 4319 684 4393 ipsius.

242 4409 311 4462 In
338 4411 474 4464 alia.
500 4409 860 4466 Abbreviatio
883 4411 1057 4467 totius
1084 4414 1335 4485 corporis
1363 4431 1663 4471 canonum.

1857 592 1961 688 lib.
1979 593 2077 688 III
2108 614 2122 663 ;
2163 596 2222 652 in
2249 599 2446 657 eodem
2472 603 2675 660 omelie
2693 605 2946 676 ejusdem
2973 627 3144 684 super
3162 618 3409 688 psalmos
3431 592 3448 679 ἐ

1857 683 1988 737 Noli
2014 688 2260 741 emittere
2286 704 2310 755 ,'
2348 689 2595 759 Domine,
2628 710 2696 749 ne
2720 697 2783 750 in
2812 698 3005 765 lurore
3040 683 3059 757 ἐ
3098 683 3233 760 Diei“
3258 708 3452 771 οιιειο-

1856 771 2006 826 diam
2017 813 2030 826 .

1932 863 2152 917 Ιηαιίο.
2185 865 2407 929 Alcuiai
2431 869 2507 924 de
2536 872 2810 943 trinitate,
2852 879 2951 937 lib.
2984 881 3091 942 III.

1931 951 2000 1041 In
2027 953 2165 1041 alio.
2197 954 2555 1015 Tertulianus
2583 971 2780 1021 contra
2809 985 3074 1041 paganos,
3124 976 3221 1032 lib.
3281 995 3450 1039 unus.

1862 1067 1932 1128 -Α
1952 1038 2020 1094 In
2050 1040 2250 1098 eodem
2281 1044 2588 1118 Gregorius
2616 1038 2821 1115 Tusen.
2845 1038 2915 1128 (Τ)
2948 1061 3019 1118 de
3044 1038 3329 1124 creatione
3354 1071 3455 1127 ho-

1860 1126 2049 1197 minis,
2069 1129 2166 1185 lib.
2194 1128 2243 1187 Ι.

1931 1216 1999 1269 1η
2019 1221 2152 1273 alio.
2176 1219 2428 1278 Historia
2464 1227 2793 1300 Clementis,
2823 1234 2927 1292 lib.
2956 1237 3023 1293 X.

1931 1306 1999 1360 In
2018 1310 2153 1363 alio.
2177 1309 2463 1368 Palladius
2493 1313 2563 1370 de
2588 1320 2956 1389 agricultura.
2986 1327 3084 1385 lib.
3116 1329 3245 1389 XII.
3271 1333 3338 1390 In
3365 1352 3455 1392 eo-

1859 1389 1985 1447 dem
2011 1395 2278 1467 Vegetius
2308 1399 2378 1455 de
2403 1419 2465 1458 re
2485 1405 2735 1475 militari,
2769 1410 2870 1467 lib.
2898 1413 3007 1471 III.

1932 1484 2000 1573 In
2027 1485 2163 1539 alio.
2196 1489 2528 1559 Macrobius,
2553 1494 2624 1549 de
2653 1502 3056 1573 saturnalibus,
3089 1506 3188 1566 lib.
3219 1506 3330 1566 III.

1932 1572 1999 1625 Ιιι
2026 1576 2159 1628 alio.
2189 1575 2567 1640 Quintilianus
2596 1585 2667 1639 de
2690 1590 2895 1645 causis.

1929 1660 1997 1714 In
2024 1664 2158 1716 alio.
2190 1664 2493 1724 Suetonius
2522 1671 2592 1725 de
2620 1673 2735 1729 vita
2759 1679 3045 1749 Cesarum,
3081 1683 3179 1740 lib.
3212 1685 3344 1744 XII.

1934 1749 1995 1802 In
2026 1752 2206 1805 eodem
2228 1753 2530 1828 Eutropius
2551 1760 2621 1814 ab
2649 1762 2785 1819 urbe
2812 1764 3057 1838 condita,
3089 1772 3187 1829 lib.
3218 1777 3289 1832 X.

1932 1927 1997 1981 1η
2019 1931 2153 1985 alio.
2186 1930 2497 2006 Philippica
2529 1937 2832 2009 Ciceronis,
2866 1944 2962 2001 lib.
2988 1946 3096 2006 III.

1931 2017 2000 2070 1η
2030 2018 2163 2071 alio.
2200 2020 2547 2091 Angelomus
2567 2044 2738 2098 super
2765 2048 2947 2103 reges,
2979 2036 3098 2092 XV.

1933 2105 2000 2159 In
2030 2108 2163 2159 alio.
2218 2107 2424 2166 Haimo
2461 2130 2632 2186 super
2663 2118 2928 2189 epistolas
2985 2123 3165 2183 Pauli.
3219 2129 3458 2189 Hermas

1862 2196 2073 2287 pastor,
2110 2193 2203 2248 lib.
2240 2195 2307 2287 IL
2342 2197 2528 2255 Abbas
2576 2203 3003 2267 Clarevallensis
3039 2231 3214 2287 supra
3239 2221 3460 2277 cantica

1860 2279 2224 2337 canticorum.
2261 2285 2424 2356 Hugo
2455 2287 2789 2350 Parisieusis
2839 2298 2909 2354 de
2952 2279 3129 2370 arca;
3159 2305 3230 2361 de
3276 2324 3458 2365 sacra-

1863 2369 2088 2435 mentis,
2127 2376 2184 2426 et
2210 2373 2280 2427 de
2306 2375 2431 2430 aliis
2458 2379 2669 2435 multis.

1931 2459 1997 2513 In
2034 2462 2168 2557 alio.
2350 2464 2629 2538 Prophete
2648 2470 2874 2540 glosati.
2914 2475 3247 2538 Psalterium
3273 2486 3459 2557 glosa-

1857 2551 2001 2642 tum.
2033 2547 2200 2603 Glose
2246 2551 2545 2611 Gisleberti
2577 2558 2871 2617 Porretani
2903 2582 3071 2639 super
3094 2547 3446 2642 psalterium.

1864 2633 2110 2731 Episto-le
2143 2638 2319 2695 Pauli.
2354 2643 2645 2702 Sententie
2690 2649 2845 2707 Petri
2876 2633 3195 2731 Lombardi,
3235 2663 3294 2718 iu
3343 2633 3458 2724 uno

1859 2723 2161 2780 volumine.

1930 2813 1997 2866 In
2023 2818 2158 2869 alio.
2190 2816 2438 2888 Epistole
2467 2822 2697 2882 Senece.
2750 2829 2818 2883 In
2844 2831 2978 2886 alio.
3011 2835 3224 2894 Seneca
3249 2840 3320 2897 de
3348 2844 3457 2899 cle-

1861 2901 2091 2966 mentia,
2125 2909 2183 2958 et
2209 2905 2279 2960 de
2307 2906 2611 2970 beneficiis.

1933 2991 2001 3090 {n
2027 2993 2161 3045 alio.
2187 2994 2411 3090 ~Seneca
2455 2997 2525 3052 de
2559 3000 2765 3056 causis.
2799 3004 3034 3065 Hermes
3060 3012 3454 3090 Trimegistus.

1930 3079 1999 3132 In
2018 3082 2149 3134 alio.
2184 3082 2395 3139 Seneca
2413 3085 2482 3141 de
2511 3090 2863 3149 naturalibus
2891 3079 3310 3167 quaestionibus.
3351 3110 3455 3166 Se-

1860 3182 1997 3221 neca
2027 3167 2096 3223 de
2124 3172 2391 3228 remediis
2420 3174 2800 3234 fortuitorum.

1930 3258 1998 3347 In
2017 3260 2152 3347 alio.
2176 3260 2490 3319 Martianus
2504 3266 2749 3338 Capella,
2780 3268 2850 3325 de
2865 3276 3076 3347 nuptiis
3104 3279 3369 3344 Mercurii
3396 3296 3456 3347 et

1860 3344 2181 3445 pbilologie,
2215 3348 2310 3404 lib.
2345 3351 2426 3415 II;
2462 3356 2617 3411 etde
2644 3356 2754 3445 VII
2778 3344 2994 3419 artibus
3034 3369 3204 3427 editis
3253 3375 3326 3430 ab
3360 3344 3449 3445 ea;

2117 3442 2219 3535 et
2247 3448 2627 3497 commentum
2662 3444 2904 3517 Remigii
2948 3469 3121 3526 super
3166 3431 3448 3535 eumdem;

1858 3522 1936 3615 IX
1989 3523 2085 3615 lib.
2124 3525 2440 3615 Priscianus
2470 3532 2539 3587 de
2564 3534 2699 3592 VIII
2718 3544 2994 3615 partibus.
3017 3522 3085 3602 ei
3109 3549 3179 3605 de
3201 3522 3455 3613 construi;

1858 3610 2154 3708 etionibus,
2181 3613 2266 3682 II;
2296 3610 2856 3701 Utraquerethorica,
2891 3632 2950 3690 11
2968 3653 2981 3702 ;
2999 3610 3449 3708 Dialectice,HI.

1857 3698 2170 3773 Utrumque
2186 3714 2565 3768 commentum
2587 3732 2757 3790 super
2775 3720 3134 3795 Porphirium
3159 3747 3174 3797 ;
3204 3709 3450 3803 primum

1856 3804 2027 3896 super
2039 3792 2272 3893 Catheg.
2283 3796 2669 3896 (Calegorim);
2687 3792 3264 3881 primum,secuncluin
3280 3838 3453 3896 super

1855 3876 2283 3937 Periermenias.
2319 3876 2711 3950 Commentuni
2741 3914 2909 3971 super
2933 3903 3116 3976 topica
3142 3876 3449 3973 Ciceronis.

1924 3971 1991 4023 In
2012 3972 2148 4069 alio.
2169 3973 2567 4072 arithmetica,
2593 3985 2827 4057 musica,
2855 4000 2914 4043 et
2940 3971 3259 4052 Macrobius
3278 3971 3451 4072 super

1850 4057 2132 4146 somnium
2167 4061 2441 4133 Sciponis.
2469 4069 2857 4131 Arithmetica.
2905 4077 3047 4135 Item
3071 4057 3446 4146 arithmetica.

1852 4143 2174 4235 Geometria
2201 4148 2457 4208 Gilberti.
2486 4156 2903 4229 Propositiones
2932 4163 3133 4235 Boetii,
3183 4149 3275 4226 III
3329 4143 3447 4231 Ma;

1851 4233 2026 4289 crobii
2055 4234 2128 4291 ΙΙ.
2162 4236 2536 4299 PlatonisIII.
2559 4246 2948 4308 Commentum
2975 4233 3205 4313 Calcidii
3224 4259 3444 4320 diaconi

1850 4339 2022 4395 super
2046 4325 2359 4383 Platonem.

1926 4413 1995 4509 IL:
2023 4429 2136 4509 uno
2155 4417 2258 4509 ecl.
2281 4416 2490 4474 Omnes
2517 4419 2643 4477 libri
2671 4422 2832 4483 Ovidi
2876 4437 3105 4504 excepto
3132 4452 3337 4509 magno
3384 4447 3445 4498 et

239 4496 310 4550 In
345 4499 488 4555 alio.
538 4497 791 4554 Historia
819 4499 1068 4568 Henrici,
1110 4500 1181 4555 de
1217 4506 1387 4573 gente
1432 4494 1919 4574 Anglorum,Dde
1949 4498 2155 4556 Fastis.
2183 4500 2328 4560 Item
2356 4513 2613 4566 auctores
2642 4514 2832 4575 multi.

175 4579 263 4639 lib.
284 4584 357 4639 Χ.

234 4675 301 4728 In
326 4690 442 4729 uno
462 4675 570 4730 vol.
603 4675 853 4748 Epistole
879 4677 1118 4734 Sidonii.

234 4763 300 4817 In
327 4765 468 4819 alio.
501 4764 702 4820 Isidori
730 4766 801 4822 de
824 4767 1042 4834 ofﬁciis,
1073 4766 1167 4822 lib.
1197 4766 1272 4823 II.

235 4853 301 4906 In
322 4855 459 4908 alio.
494 4853 764 4927 Dialogus
787 4855 988 4912 Basilii
1016 4862 1075 4912 et
1100 4857 1391 4925 Johannis,
1434 4858 1529 4913 lib.
1572 4858 1598 4914 Ι
1605 4899 1618 4913 .

232 4941 300 4994 In
328 4942 470 4996 alio.
506 4942 844 5000 Sermonum
876 4944 1122 5011 Effremi,
1142 4944 1244 4998 lib.
1273 4943 1323 4999 Ι.

234 5029 304 5084 In
323 5032 459 5085 alio.
492 5031 752 5104 Gregorii
772 5033 988 5106 Nyseni
1016 5050 1323 5099 sermones,
1356 5033 1452 5088 lib.
1489 5033 1533 5088 Ι.

230 5117 299 5172 1η
330 5122 468 5175 alio.
490 5119 760 5177 Rabanus
790 5139 963 5195 super
988 5122 1301 5188 Matheum,
1328 5121 1425 5177 lib.
1454 5122 1616 5179 VIII.

232 5205 301 5260 In
332 5208 470 5261 alio.
493 5207 759 5265 Rabanus
788 5226 960 5282 super
981 5211 1305 5272 Jeremiam,
1336 5212 1455 5266 XX.

232 5294 303 5348 In
329 5297 468 5350 alia.
496 5295 762 5354 Rabanus
790 5316 963 5371 super
990 5299 1274 5365 Genesim,
1304 5298 1404 5354 lib.
1438 5299 1548 5356 III.

232 5382 304 5437 In
329 5386 465 5439 alio.
496 5385 761 5443 Rabanus
786 5387 846 5444 in
865 5388 1140 5451 Exodum.
1165 5388 1243 5444 lib
1264 5443 1266 5446 ,
1296 5387 1406 5445 III.

230 5472 303 5526 1η
327 5474 465 5533 alio.
486 5474 834 5535 Claudianus
860 5477 931 5534 de
959 5477 1153 5535 anima
1196 5482 1394 5534 contra
1449 5495 1539 5552 ep.
1587 5477 1766 5551 ignoti

166 5560 438 5621 auctoris.
461 5560 534 5620 In
556 5563 760 5622 eodem
789 5565 1032 5624 Candidi
1058 5566 1286 5623 Arriani
1314 5567 1386 5622 ad
1412 5567 1764 5624 Victorinum

163 5643 229 5699 d0
250 5650 625 5718 generatione
646 5651 857 5722 divina,
878 5654 978 5711 lib.
1002 5652 1050 5712 I.

443 5749 708 5816 Parion.
738 5752 856 5816 CL.

1920 4590 2076 4644 Libri
2105 4591 2357 4661 Origcm's
2382 4599 2693 4664 presbilcri.

1918 4677 1985 4731 In
2016 4694 2129 4733 uno
2158 4682 2458 4737 columine.
2492 4682 2559 4740 In
2591 4687 2875 4760 Genesim,
2936 4698 3138 4756 omelie
3189 4702 3335 4763 XVI.
3371 4708 3440 4763 In

1845 4767 2045 4820 eodem.
2079 4764 2146 4822 In
2178 4769 2447 4837 Exodum,
2481 4775 2680 4832 omelie
2710 4777 2838 4835 XII.
2874 4784 2939 4838 In
2956 4786 3157 4843 eodem.
3182 4789 3250 4848 In
3279 4793 3444 4850 Levi-

1844 4853 1962 4921 tic.,
1996 4856 2197 4912 omelie
2224 4857 2371 4914 XVI.
2428 4861 2494 4915 In
2524 4865 2726 4921 eodem.
2769 4866 2836 4925 In
2892 4872 3189 4944 Numeros,
3242 4884 3443 4941 omelie

1846 4944 2014 4998 XXX.
2039 4946 2103 4999 In
2136 4948 2336 5001 eodem.
2372 4946 2438 5004 In
2466 4952 2592 5005 Jcsu
2626 4970 2823 5011 navem
2869 4962 3071 5018 omelie
3120 4966 3319 5025 XXVI.
3368 4975 3437 5029 In

1846 5034 2049 5088 eodem.
2080 5033 2145 5089 In
2172 5035 2375 5105 Judic.,
2407 5040 2609 5095 omelie
2634 5040 2731 5098 IX.
2764 5047 2832 5101 In
2861 5051 3062 5106 eodeni.
3097 5052 3165 5110 In
3194 5055 3292 5113 lib.
3326 5059 3439 5115 Re-

1843 5137 1997 5192 gum,
2033 5124 2235 5178 omelie
2266 5123 2404 5181 IIII.
2438 5130 2506 5183 In
2534 5133 2734 5188 eodem.
2768 5132 2835 5190 In
2856 5136 3100 5210 Ysaiam,
3131 5147 3335 5203 omelie
3356 5147 3435 5203 II.

1845 5213 1913 5266 In
1940 5212 2140 5266 eodem.
2166 5211 2233 5268 In
2261 5215 2585 5287 Jeremiam,
2619 5222 2820 5279 omelie
2845 5225 3036 5285 XIIII.
3077 5230 3281 5289 desunt
3307 5235 3436 5293 XII.

1847 5304 1914 5358 In
1943 5303 2079 5357 alio.
2108 5304 2290 5377 Super
2317 5307 2531 5364 Cantic.
2562 5313 3039 5377 canticonumJib.
3069 5319 3179 5384 III.
3204 5326 3272 5381 In
3300 5331 3435 5385 alio.

1847 5389 2108 5462 Origenis
2162 5410 2333 5467 super
2366 5397 2672 5457 Leviticum
2723 5402 2925 5461 omelie
2971 5406 3147 5464 XVII.
3201 5414 3271 5470 In
3299 5417 3436 5474 alio.

1849 5478 2187 5577 Super}?In
2217 5491 2440 5577 partem
2451 5482 2672 5577 μειξιεί
2732 5490 2800 5547 In
2831 5493 2961 5547 alio.
2997 5493 3179 5569 Super
3226 5502 3441 5577 episto.

1848 5568 1960 5625 lem
1990 5570 2062 5625 ad
2092 5570 2392 5643 Romanos,
2424 5572 2522 5631 lib.
2556 5575 2623 5632 X.

3125 5774 3202 5841 25
