3912 6166
216 318 302 376 781
611 319 875 374 ΒΟΝῙΖΟ
914 317 1414 374 PLACENTINUS
1457 316 1676 371 EPISC.
1719 346 1761 357 —

1965 317 2126 372 VITA
2163 319 2254 374 ET
2294 319 2617 378 SCRIBTIS
2655 318 3069 377 BONIZONIS.
3364 319 3510 400 7a?

278 444 341 496 In
374 446 513 496 alio.
541 444 680 497 Tres
709 448 898 514 partes
925 449 980 497 et
1008 444 1240 514 Digesta
1266 457 1433 496 nova.
1814 444 1867 500 Α
1952 443 2023 495 In
2049 444 2165 517 alio
2219 443 2463 499 Historia
2492 444 2717 499 Henrici
2743 445 2813 503 de
2839 446 3045 516 Anglia
3070 445 3506 525 φιῇιῃιξὲοᾴη.

278 533 339 585 In
368 536 511 588 alio.
541 532 770 602 Digesta
790 538 997 586 vetera.
1878 530 2065 585 minor
2090 532 2159 586 de
2188 537 2440 604 tempore
2470 538 2528 587 et
2552 534 2623 589 de
2651 540 2854 601 natura
2889 552 3100 593 rerum.

276 624 339 677 In
366 624 505 676 alio.
532 622 835 676 Inforciata
872 626 929 675 et
957 620 1099 675 liber
1126 620 1571 694 Autenticorum.
1947 620 2018 673 In
2045 623 2179 674 alio.
2211 620 2589 685 Quintilianus
2617 623 2687 677 de
2717 622 3090 680 institutione.

275 712 336 764 In
365 712 507 764 alio.
542 709 710 765 Liber
735 710 1259 772 Institucionum,et
1271 716 1385 763 tres
1407 708 1536 762 libri
1556 708 1793 763 Codicis.
1951 712 2022 764 In
2041 713 2173 764 alio.
2208 710 2590 774 Quintilianus
2629 712 2699 767 de
2723 712 2937 771 causis.
2966 698 2971 704 ’

276 802 338 855 In
356 803 497 854 alio.
528 796 798 854 Instituta
821 799 1128 854 Iustiniani
1165 799 1404 853 minora.
1952 800 2023 854 In
2044 802 2179 853 alio.
2212 800 2499 859 Retorica.

276 890 341 943 In
370 891 512 943 alio.
547 889 850 943 Suetonius
882 894 940 942 et
966 886 1291 959 Eutrapius.
1954 887 2022 940 In
2050 890 2186 941 alio.
2217 889 2496 943 Retorica.

272 979 337 1031 In
364 981 507 1033 alio.
541 977 869 1039 Suetonius;
897 983 955 1031 et
967 977 1149 1031 Julius
1169 976 1500 1043 Frontinus;
1523 981 1582 1031 et
1606 976 1804 1030 Eutro-
1952 977 2024 1030 In
2053 979 2185 1031 alio.
2218 977 2498 1033 Retorica.

214 1067 324 1139 pius
348 1084 363 1130 ;
397 1071 460 1120 et
483 1066 653 1121 Tullii
690 1066 1042 1125 Tusculanae.
1077 1071 1135 1120 et
1162 1065 1468 1136 Philippica
1515 1065 1795 1134 ejusdem.
1952 1066 2023 1119 In
2051 1067 2181 1124 alio.
2220 1066 2576 1123 Geometrica
2603 1073 2663 1123 et
2691 1069 3026 1129 aritmetica.

275 1158 339 1211 In
366 1158 509 1209 alio.
539 1155 755 1210 Tullius
783 1156 853 1209 de
892 1162 1098 1209 natura
1133 1155 1388 1211 deorum.
1433 1153 1560 1207 libri
1590 1155 1701 1221 III;
1734 1154 1803 1208 de
1955 1157 2025 1209 In
2049 1158 2183 1210 alio.
2216 1157 2595 1212 Astronomia.

214 1244 565 1305 divinatione.
589 1240 720 1298 libri
764 1245 816 1299 II
839 1263 853 1311 ;
887 1244 1120 1298 Timeus
1153 1243 1399 1299 Platonis
1423 1243 1493 1297 ab
1518 1260 1584 1297 eo
1611 1249 1803 1297 trans-
1954 1246 2023 1300 In
2050 1247 2183 1300 alio.
2211 1246 2386 1301 Gesta
2413 1247 2654 1303 Cesaris.

212 1335 383 1399 latus;
413 1338 475 1387 et
502 1334 573 1387 de
596 1333 754 1399 Fato,
786 1333 928 1387 liber
966 1335 1022 1400 l;
1071 1334 1141 1387 ad
1180 1333 1505 1388 Ortensium
1528 1333 1801 1404 (Horten-
1954 1336 2024 1389 In
2044 1337 2177 1389 alio.
2211 1336 2385 1390 Gesta
2405 1337 2657 1405 Cesaris;
2688 1343 2746 1394 et
2772 1338 3028 1395 Orosius.

212 1425 384 1489 siuml,
427 1420 574 1477 liber
604 1424 625 1477 Ι
651 1442 662 1489 ;
700 1429 759 1478 et
786 1424 856 1477 de
886 1422 1130 1493 Legibus
1160 1422 1286 1476 libri
1316 1423 1416 1477 III.
1954 1426 2023 1478 In
2052 1427 2186 1478 alio.
2218 1426 2456 1490 Tullius,
2489 1427 2560 1481 de
2579 1426 2796 1484 ofﬁciis.

280 1515 342 1567 In
366 1515 502 1567 alio.
539 1513 784 1584 Epistole
836 1512 998 1567 Plinii
1030 1512 1311 1581 junioris;
1345 1517 1404 1565 et
1432 1512 1702 1582 Apuleius
1730 1512 1803 1565 de
1956 1515 2024 1567 In
2049 1517 2185 1568 alio.
2209 1515 2446 1575 Tullius.
2484 1516 2833 1572 Tusculanis.
3504 1572 3509 1577 .

222 1604 312 1657 deo
330 1602 616 1667 Socratis;
641 1609 698 1656 et
731 1602 980 1656 Hilarius
1007 1618 1179 1673 super
1206 1601 1528 1667 Matheum;
1558 1606 1616 1655 et
1636 1602 1808 1655 Gesta
1959 1605 2026 1657 In
2054 1606 2186 1657 alio.
2220 1603 2454 1668 Tullius,
2489 1605 2557 1658 de
2588 1605 2990 1675 particionibus
3017 1608 3297 1676 oratoriis,
3324 1614 3385 1675 et
3409 1610 3483 1675 de
3507 1650 3514 1659 .

223 1692 577 1746 Francorum.
1888 1691 2157 1756 amicitia,
2175 1698 2235 1747 et
2248 1692 2319 1747 de
2343 1698 2650 1759 senectute,
2678 1700 2736 1751 et
2759 1694 3030 1750 invective
3066 1696 3127 1759 in
3156 1697 3478 1767 Catilinam,

284 1784 346 1836 In
368 1784 509 1837 alio.
541 1780 884 1835 Collationes
914 1781 1167 1835 Patrum.
1829 1796 1869 1856 Β
1889 1786 1947 1833 et
1973 1780 2244 1845 invectiva
2282 1782 2340 1836 in
2370 1783 2658 1839 Salustum
2695 1785 3080 1854 (Salustium);
3122 1791 3181 1841 et
3226 1786 3485 1855 Salustus

286 1873 346 1925 In
372 1872 509 1924 alio.
547 1869 791 1941 Epistole
819 1869 1023 1923 Ivonis.
1889 1870 1949 1924 in
1974 1870 2221 1925 Tullium
2246 1891 2260 1931 :
2293 1878 2349 1927 et
2380 1872 2593 1927 Seneca
2620 1872 2690 1927 de
2711 1873 2894 1929 causis
2916 1880 2977 1929 et
3005 1874 3270 1949 remediis
3288 1875 3486 1944 fortui:

284 1961 343 2013 In
373 1963 512 2013 alio.
548 1959 783 2013 Decreta
811 1958 1013 2014 lvonis.
1889 1963 2096 2023 torum,
2129 1966 2188 2015 et
2215 1960 2285 2015 de
2309 1962 2665 2017 naturalibus
2691 1962 3101 2032 questionibus.

284 2052 345 2105 In
372 2052 507 2103 alio.
536 2048 703 2104 Liber
731 2048 984 2118 Hugonis
1013 2048 1436 2120 archiepiscopi.
1961 2051 2032 2103 In
2055 2050 2188 2103 alio.
2220 2050 2555 2115 Macrobius,
2586 2051 2659 2108 de
2685 2052 3087 2131 saturnalibus.

289 2140 347 2191 In
375 2142 513 2193 alio.
542 2138 851 2193 Boetiusde
868 2138 1142 2203 trinitate,
1161 2144 1215 2192 et
1236 2142 1620 2192 commentum
1636 2136 1809 2191 Gisli-
1961 2141 2030 2193 In
2059 2141 2191 2192 alio.
2228 2139 2565 2203 Macrobius,
2592 2140 2838 2206 Boetius,
2874 2141 3055 2199 Plato.

229 2229 358 2284 berti
387 2230 687 2285 Porretani
712 2246 883 2299 super
916 2229 1197 2283 eumdem.
1960 2229 2030 2282 In
2055 2230 2187 2282 alio.
2221 2228 2453 2295 Seneca,
2485 2230 2555 2284 de
2580 2229 2880 2286 beneﬁciis.

289 2318 351 2371 In
374 2322 509 2373 alio.
540 2318 876 2372 Psalterium
901 2318 1234 2388 glossatum.
1962 2320 2033 2373 In
2059 2320 2193 2373 alio.
2227 2318 2459 2383 Seneca,
2488 2319 2560 2374 de
2586 2318 2892 2376 beneﬁciis.

287 2408 349 2461 In
379 2410 517 2461 alio.
552 2407 749 2461 Glosse
777 2406 1049 2478 psalterii.
1962 2408 2031 2461 In
2057 2409 2190 2461 alio.
2225 2407 2456 2474 Seneca,
2483 2408 2555 2463 de
2581 2408 2891 2478 beneﬁciis,
2915 2409 3046 2487 libri
3074 2411 3199 2474 VII.

289 2498 351 2550 In
376 2500 513 2555 alio.
548 2496 793 2567 Epistole
824 2496 984 2550 Pauli
1016 2496 1283 2566 glossate.
1965 2498 2035 2551 In
2061 2499 2195 2551 alio.
2229 2498 2459 2563 Seneca,
2488 2498 2559 2553 de
2584 2498 2940 2555 naturalibus
2979 2500 3373 2571 questicmibus
3394 2521 3409 2571 ;
3431 2509 3493 2569 et

289 2589 356 2641 In
382 2589 520 2640 alio.
555 2585 842 2639 Palladius
871 2586 941 2639 de
978 2585 1343 2655 agricultura.
1894 2584 2234 2640 Adelermus
2248 2586 2885 2652 Batensis(Adhe|ardus
2900 2589 3495 2662 Bathonensis?)proba

288 2678 353 2730 1η
379 2680 516 2730 alio.
547 2676 804 2745 Vigetius
836 2674 1147 2744 (Vegetius)
1174 2674 1243 2728 de
1275 2689 1335 2726 re
1365 2672 1616 2726 militari.
1894 2678 2050 2728 vates
2084 2698 2095 2737 ;
2123 2690 2296 2729 aurea
2316 2691 2486 2745 capra
2510 2675 2776 2743 (Simon);
2801 2683 2862 2731 et
2880 2676 3023 2732 liber
3045 2678 3354 2741 Hildeberti
3375 2680 3492 2741 Tu-

173 2833 181 2842 ,
289 2768 352 2820 In
383 2768 525 2819 alio.
557 2765 849 2835 Remigius
869 2780 1040 2834 super
1066 2762 1433 2817 Marcianum.
1895 2764 2152 2817 ronensis
2196 2765 2600 2835 archiepiscopi
2628 2766 2698 2819 de
2728 2766 3078 2820 dissensione
3124 2767 3412 2830 interioris
3435 2774 3495 2835 et

288 2856 351 2908 In
372 2859 508 2908 alio.
540 2854 735 2908 Glosse
765 2870 937 2924 super
966 2852 1332 2907 Marcianum.
1897 2852 2191 2907 exterioris
2215 2853 2478 2919 hominis,
2507 2860 2566 2908 et
2589 2870 2879 2909 sermones
2906 2855 3048 2923 ejus,
3062 2861 3122 2918 et
3140 2856 3257 2919 vita
3285 2856 3488 2928 ipsius.

286 2946 347 2997 In
377 2947 513 2997 alio.
545 2944 727 3013 Super
752 2943 1099 2997 Marcianum
1126 2960 1137 3008 ;
1174 2947 1233 2994 et
1267 2939 1408 2994 liber
1435 2939 1603 2994 Tullii
1623 2939 1693 2992 de
1717 2954 1812 3010 pa-
1967 2943 2035 2997 In
2057 2945 2189 2996 alio.
2223 2941 2518 2997 Zacharias
2548 2958 2718 3013 super
2745 2959 2928 2997 unum
2949 2958 3014 3001 ea:
3036 2948 3305 3011 quatuor.

222 3033 532 3100 radoxis;et
544 3033 762 3089 Tullius
784 3048 884 3102 pro
905 3032 1090 3085 Marco
1113 3030 1391 3093 Marcello,
1412 3036 1467 3082 et
1486 3045 1586 3100 pro
1602 3028 1810 3092 Quinto
1835 3047 1878 3107 ε
1969 3033 2035 3085 In
2058 3033 2189 3084 alio.
2225 3030 2440 3085 Omelie
2471 3030 2674 3084 Leonis
2716 3045 2892 3100 papa),
2920 3036 2979 3085 et
3014 3031 3250 3111 epistole
3278 3031 3486 3103 ipsius.

221 3122 451 3192 Ligario,
479 3128 536 3176 et
567 3139 668 3191 pro
696 3122 981 3191 Dejotaro,
1024 3126 1081 3175 et
1117 3136 1217 3191 pro
1237 3119 1455 3189 seipso;
1489 3125 1546 3172 et
1571 3116 1807 3188 epistole
1960 3120 2027 3174 In
2053 3122 2187 3173 alio.
2220 3119 2454 3183 Plinius,
2477 3119 2547 3173 de
2568 3119 2813 3177 naturali
2836 3119 3072 3175 historia
3092 3119 3482 3186 libri‘XXXVI.

222 3210 454 3265 Dindimi
482 3212 552 3265 ad
577 3210 958 3264 Alexandrum
983 3216 1040 3263 et
1060 3210 1356 3263 Alexandri
1381 3209 1450 3262 ad
1465 3196 1805 3276 Dindimum;
1958 3210 2104 3262 Sunt
2140 3208 2423 3263 volumina
2448 3208 2645 3268 CXIII.
2679 3208 2925 3280 exceptis
2957 3210 3161 3274 XXVII
3186 3210 3492 3281 volumini-

220 3301 530 3371 etApuleus
552 3300 857 3371 (Apuleius)
881 3299 951 3352 de
980 3299 1130 3363 fato;
1164 3305 1218 3352 et
1251 3297 1520 3352 Claudius
1545 3296 1811 3351 Claudia-
1894 3297 2018 3360 bus,
2047 3314 2173 3368 qua;
2204 3297 2359 3354 dedit
2378 3296 2693 3367 episcopus,
2724 3297 2824 3353 sed
2868 3299 3121 3361 nondum
3146 3298 3488 3369 habuerunt.

219 3405 349 3453 nus;
391 3398 450 3443 et
488 3389 725 3460 epistole
755 3386 973 3442 Giraldi
1001 3386 1475 3453 Eboracensis,et
1500 3386 1613 3439 vita
1644 3372 1817 3439 Nero-
1899 3402 2123 3441 summa
2150 3385 2500 3441 voluminum
2520 3384 2722 3443 CXIII.

220 3480 330 3542 nis;
357 3485 417 3533 et
442 3495 616 3550 super
645 3477 931 3533 variarum
962 3477 1302 3544 Cassiodori,
1327 3484 1383 3531 et
1401 3476 1542 3530 liber
1561 3475 1816 3545 ejusdem

221 3569 283 3623 de
310 3570 519 3624 anima.

2633 3721 3480 3751 Μ

1488 3848 1523 3889 Α
1536 3846 1653 3891 ΝΝΟ
1698 3847 1913 3891 DOMINI
1959 3847 2232 3891 MLXXXIX

1460 3979 2250 4143 ΒΟΝΙΖΟ

720 4207 1192 4283 SUTBIENSIS
1235 4208 1571 4281 PRIMUM,
1617 4206 1922 4270 POSTEA
1965 4206 2505 4273 PLACENTINUS
2546 4207 2976 4293 EPISCOPUS

1166 4463 2545 4601 PROLEGOMENA

692 4700 1298 4797 BONIZONIS
1374 4704 1671 4819 VITl,
1756 4703 1970 4796 RES
2049 4702 2463 4813 GESTZE,
2537 4700 3017 4796 SCRIPTA

764 4857 1049 4937 (CEEELE,
1097 4856 1479 4947 Monumenla
1521 4857 1732 4934 Boz'ca,
1780 4857 1855 4927 II,
1899 4854 2037 4933 780,
2086 4858 2245 4952 Aug.
2294 4854 2565 4954 Vindcl.,
2614 4821 2790 4933 I763,
2838 4855 2975 4945 fol.)

279 5096 365 5151 De
386 5096 524 5169 vita,
556 5097 727 5151 rebus
753 5098 929 5173 gestis
953 5102 1009 5151 et
1029 5098 1251 5169 scriptis
1290 5096 1583 5152 Bonizonis
1608 5098 1688 5167 (1)
1707 5097 2091 5170 epi-lltholdo
2123 5096 2560 5162 Constantiensi,
2602 5096 2701 5168 qui
2740 5093 2856 5152 fere
2900 5112 3048 5151 unus
3092 5095 3492 5150 historicorum

210 5186 363 5258 scopi
414 5187 659 5273 primum
700 5186 1025 5252 Sutriensis,
1074 5196 1268 5259 postea
1302 5187 1610 5243 Placentini
1646 5188 1814 5241 multi
1896 5189 2055 5259 isque
2072 5186 2407 5247 Germanus,
2428 5186 2670 5241 viri.a2vo
2688 5202 2790 5239 suo
2810 5191 2868 5239 et
2885 5186 3057 5239 rebus
3077 5184 3262 5247 motis,
3286 5190 3341 5237 et
3358 5182 3493 5236 scri-

209 5274 395 5355 multa
428 5268 798 5357 collegerunt,
840 5276 1016 5331 facem
1049 5274 1308 5355 omnibus
1332 5277 1660 5353 praeferente
1689 5277 1817 5330 Ber—
1898 5276 2009 5348 ptis
2030 5274 2195 5330 editis
2214 5283 2270 5329 et
2285 5268 3493 5363 adversitatibus.atqueipsacruentamorte

276 5421 356 5497 (1)
387 5422 456 5477 In
484 5423 609 5503 ejus
632 5422 861 5503 nomine
903 5421 1152 5503 mirum.‘
1174 5426 1447 5503 quantum
1474 5420 1820 5503 varient_au-
1904 5417 2083 5480 nitho,
2110 5417 2365 5503 B_onizus,
2392 5416 2647 5503 Benisus,
2682 5414 2945 5503 Echinus.
2970 5419 3074 5503 etc.
3104 5412 3486 5503 Rambecgius,

204 5483 395 5570 gare;
484 5483 661 5549 σωρέ
690 5494 744 5547 in
792 5493 1038 5570 tenebris
1084 5483 1306 5570 michre.
1342 5493 1582 5570 Martiae
1618 5493 1820 5570 Polono
1902 5504 2014 5542 non
2048 5490 2224 5570 malus
2247 5483 3494 5570 etymologiarum’a‘rbiter,tignis?(Quotidie

200 5562 495 5631 Bonisius,
541 5581 829 5631 anonymo
878 5565 1188 5631 Mellicensi
1220 5565 1476 5631 Ponizus,
1517 5556 1821 5631 Ptolomaeo
1905 5574 2095 5614 verum
2128 5562 2248 5629 ejus
2270 5552 3497 5631 étgedui’nunr"nom'éni'es‘BertholdoGona-s

196 5634 455 5691 Lucensi
485 5622 1269 5704 Bonzo'fBerthiolddConst'.’
1290 5622 1531 5702 Bo'ni'z'o,’
1550 5628 1677 5689 aliis
1708 5630 1821 5688 Bo-
1904 5622 2203 5686 stantiensi
2227 5622 2507 5701 agnoscit)
2532 5629 2945 5695 diminutivum,
2970 5628 3175 5701 inquit,
3207 5644 3243 5683 a
3271 5628 3503 5685 nomine
3528 5635 3539 5650 ‘
