  <div class='ocr_page' id='page_1' title='image "/cluster/home/n/w/nwhite01/storage/ocr_20150623/150/hvd.32044054760087/397.png"; bbox 0 0 3872 6168; ppageno 0'>
   <div class='ocr_carea' id='block_1_1' title="bbox 440 296 548 362">
    <p class='ocr_par' dir='ltr' id='par_1_1' title="bbox 440 296 548 362">
     <span class='ocr_line' id='line_1_1' title="bbox 440 296 548 362; baseline 0.028 -3"><span class='ocrx_word' id='word_1_1' title='bbox 440 296 548 362; x_wconf 78' lang='lat'><strong>783</strong></span> 
     </span>
    </p>
   </div>
   <div class='ocr_carea' id='block_1_2' title="bbox 1445 282 2693 350">
    <p class='ocr_par' dir='ltr' id='par_1_2' title="bbox 1445 282 2693 350">
     <span class='ocr_line' id='line_1_2' title="bbox 1445 282 2693 350; baseline -0.002 -2"><span class='ocrx_word' id='word_1_2' title='bbox 1445 293 1709 350; x_wconf 81' lang='grc' dir='ltr'><strong>ΒΟΝΙΖΟ</strong></span> <span class='ocrx_word' id='word_1_3' title='bbox 1747 282 2242 348; x_wconf 79' lang='lat' dir='ltr'><strong>PLACENTINUS</strong></span> <span class='ocrx_word' id='word_1_4' title='bbox 2281 291 2693 348; x_wconf 84' lang='lat' dir='ltr'><strong>EPISCOPUS.</strong></span> 
     </span>
    </p>
   </div>
   <div class='ocr_carea' id='block_1_3' title="bbox 3552 301 3636 358">
    <p class='ocr_par' dir='ltr' id='par_1_3' title="bbox 3552 301 3636 358">
     <span class='ocr_line' id='line_1_3' title="bbox 3552 301 3636 358; baseline 0.048 -3"><span class='ocrx_word' id='word_1_5' title='bbox 3552 301 3636 358; x_wconf 69' lang='grc'><strong>784</strong></span> 
     </span>
    </p>
   </div>
   <div class='ocr_carea' id='block_1_4' title="bbox 438 417 3636 493">
    <p class='ocr_par' dir='ltr' id='par_1_4' title="bbox 438 417 3636 493">
     <span class='ocr_line' id='line_1_4' title="bbox 438 417 3636 493; baseline -0.001 -9"><span class='ocrx_word' id='word_1_6' title='bbox 438 422 863 484; x_wconf 75' lang='lat' dir='ltr'><strong>celebratissimi</strong></span> <span class='ocrx_word' id='word_1_7' title='bbox 909 421 969 478; x_wconf 90' lang='lat' dir='ltr'><strong>in</strong></span> <span class='ocrx_word' id='word_1_8' title='bbox 1021 420 1299 478; x_wconf 85' lang='lat' dir='ltr'><strong>Chronico</strong></span> <span class='ocrx_word' id='word_1_9' title='bbox 1339 435 1441 474; x_wconf 92' lang='lat' dir='ltr'><strong>suo</strong></span> <span class='ocrx_word' id='word_1_10' title='bbox 1487 418 1830 473; x_wconf 86' lang='lat' dir='ltr'><strong>mentionem</strong></span> <span class='ocrx_word' id='word_1_11' title='bbox 1876 418 2088 476; x_wconf 75' lang='lat' dir='ltr'><strong>fecit.A</strong></span> <span class='ocrx_word' id='word_1_12' title='bbox 2110 422 2242 482; x_wconf 90' lang='lat' dir='ltr'><strong>etat,</strong></span> <span class='ocrx_word' id='word_1_13' title='bbox 2275 417 2570 488; x_wconf 75' lang='lat' dir='ltr'><strong>inculpata:</strong></span> <span class='ocrx_word' id='word_1_14' title='bbox 2601 423 2658 472; x_wconf 91' lang='lat' dir='ltr'><strong>et</strong></span> <span class='ocrx_word' id='word_1_15' title='bbox 2672 417 2877 489; x_wconf 74' lang='lat' dir='ltr'><strong>probae,</strong></span> <span class='ocrx_word' id='word_1_16' title='bbox 2911 419 3006 473; x_wconf 91' lang='lat' dir='ltr'><strong>sed</strong></span> <span class='ocrx_word' id='word_1_17' title='bbox 3030 420 3198 475; x_wconf 89' lang='lat' dir='ltr'><strong>animi</strong></span> <span class='ocrx_word' id='word_1_18' title='bbox 3217 423 3521 493; x_wconf 86' lang='lat' dir='ltr'><strong>praefervidi,</strong></span> <span class='ocrx_word' id='word_1_19' title='bbox 3543 425 3636 480; x_wconf 81' lang='lat' dir='ltr'><strong>ira-</strong></span> 
     </span>
    </p>
   </div>
   <div class='ocr_carea' id='block_1_5' title="bbox 437 507 2026 589">
    <p class='ocr_par' dir='ltr' id='par_1_5' title="bbox 437 507 2026 589">
     <span class='ocr_line' id='line_1_5' title="bbox 437 507 2026 589; baseline -0.008 -15"><span class='ocrx_word' id='word_1_20' title='bbox 437 519 744 589; x_wconf 89' lang='lat' dir='ltr'><strong>Postquam</strong></span> <span class='ocrx_word' id='word_1_21' title='bbox 781 529 914 568; x_wconf 82' lang='lat' dir='ltr'><strong>vero</strong></span> <span class='ocrx_word' id='word_1_22' title='bbox 961 529 1084 584; x_wconf 67' lang='lat' dir='ltr'><strong>qua:</strong></span> <span class='ocrx_word' id='word_1_23' title='bbox 1128 509 1418 582; x_wconf 80' lang='lat' dir='ltr'><strong>deperdita</strong></span> <span class='ocrx_word' id='word_1_24' title='bbox 1459 508 1789 562; x_wconf 71' lang='lat' dir='ltr'><strong>videbantur</strong></span> <span class='ocrx_word' id='word_1_25' title='bbox 1815 507 2026 578; x_wconf 84' lang='lat' dir='ltr'><strong>ingenii</strong></span> 
     </span>
    </p>
   </div>
   <div class='ocr_carea' id='block_1_6' title="bbox 435 596 2024 677">
    <p class='ocr_par' dir='ltr' id='par_1_6' title="bbox 435 596 2024 677">
     <span class='ocr_line' id='line_1_6' title="bbox 435 596 2024 677; baseline -0.007 -16"><span class='ocrx_word' id='word_1_26' title='bbox 435 608 558 677; x_wconf 84' lang='lat' dir='ltr'><strong>ejus</strong></span> <span class='ocrx_word' id='word_1_27' title='bbox 579 607 944 659; x_wconf 88' lang='lat' dir='ltr'><strong>monumenta</strong></span> <span class='ocrx_word' id='word_1_28' title='bbox 972 599 1241 673; x_wconf 80' lang='lat' dir='ltr'><strong>paulatim</strong></span> <span class='ocrx_word' id='word_1_29' title='bbox 1269 615 1300 653; x_wconf 92' lang='lat' dir='ltr'><strong>e</strong></span> <span class='ocrx_word' id='word_1_30' title='bbox 1327 598 1522 652; x_wconf 81' lang='lat' dir='ltr'><strong>forulis</strong></span> <span class='ocrx_word' id='word_1_31' title='bbox 1538 596 2024 662; x_wconf 84' lang='lat' dir='ltr'><strong>bibliothecarum,</strong></span> 
     </span>
    </p>
   </div>
   <div class='ocr_carea' id='block_1_7' title="bbox 435 686 2026 762">
    <p class='ocr_par' dir='ltr' id='par_1_7' title="bbox 435 686 2026 762">
     <span class='ocr_line' id='line_1_7' title="bbox 435 686 2026 762; baseline -0.005 -12"><span class='ocrx_word' id='word_1_32' title='bbox 435 694 784 750; x_wconf 74' lang='lat' dir='ltr'><strong>eruditorum</strong></span> <span class='ocrx_word' id='word_1_33' title='bbox 806 690 1166 762; x_wconf 87' lang='lat' dir='ltr'><strong>indagatione</strong></span> <span class='ocrx_word' id='word_1_34' title='bbox 1183 687 1533 760; x_wconf 89' lang='lat' dir='ltr'><strong>proeminere</strong></span> <span class='ocrx_word' id='word_1_35' title='bbox 1545 686 2026 758; x_wconf 73' lang='lat' dir='ltr'><strong>cmperunt,indu-</strong></span> 
     </span>
    </p>
   </div>
   <div class='ocr_carea' id='block_1_8' title="bbox 432 776 2023 855">
    <p class='ocr_par' dir='ltr' id='par_1_8' title="bbox 432 776 2023 855">
     <span class='ocr_line' id='line_1_8' title="bbox 432 776 2023 855; baseline -0.006 -15"><span class='ocrx_word' id='word_1_36' title='bbox 432 785 572 840; x_wconf 86' lang='lat' dir='ltr'><strong>stria</strong></span> <span class='ocrx_word' id='word_1_37' title='bbox 596 783 655 838; x_wconf 91' lang='lat' dir='ltr'><strong>in</strong></span> <span class='ocrx_word' id='word_1_38' title='bbox 686 783 871 855; x_wconf 91' lang='lat' dir='ltr'><strong>ipsum</strong></span> <span class='ocrx_word' id='word_1_39' title='bbox 899 786 1187 836; x_wconf 81' lang='lat' dir='ltr'><strong>auctorem</strong></span> <span class='ocrx_word' id='word_1_40' title='bbox 1217 779 1468 833; x_wconf 79' lang='lat' dir='ltr'><strong>curatius</strong></span> <span class='ocrx_word' id='word_1_41' title='bbox 1497 776 1820 846; x_wconf 83' lang='lat' dir='ltr'><strong>indagandi,</strong></span> <span class='ocrx_word' id='word_1_42' title='bbox 1856 777 2023 832; x_wconf 82' lang='lat' dir='ltr'><strong>simul</strong></span> 
     </span>
    </p>
   </div>
   <div class='ocr_carea' id='block_1_9' title="bbox 430 875 800 930">
    <p class='ocr_par' dir='ltr' id='par_1_9' title="bbox 430 875 800 930">
     <span class='ocr_line' id='line_1_9' title="bbox 430 875 800 930; baseline -0.011 0"><span class='ocrx_word' id='word_1_43' title='bbox 430 875 671 930; x_wconf 84' lang='lat' dir='ltr'><strong>excitata</strong></span> <span class='ocrx_word' id='word_1_44' title='bbox 697 879 800 929; x_wconf 91' lang='lat' dir='ltr'><strong>est.</strong></span> 
     </span>
    </p>
   </div>
   <div class='ocr_carea' id='block_1_10' title="bbox 502 954 2020 1035">
    <p class='ocr_par' dir='ltr' id='par_1_10' title="bbox 502 954 2020 1035">
     <span class='ocr_line' id='line_1_10' title="bbox 502 954 2020 1035; baseline -0.009 -15"><span class='ocrx_word' id='word_1_45' title='bbox 502 965 658 1020; x_wconf 85' lang='lat' dir='ltr'><strong>Inter</strong></span> <span class='ocrx_word' id='word_1_46' title='bbox 693 962 904 1035; x_wconf 88' lang='lat' dir='ltr'><strong>primos</strong></span> <span class='ocrx_word' id='word_1_47' title='bbox 945 957 1285 1014; x_wconf 86' lang='lat' dir='ltr'><strong>Ferdinandi</strong></span> <span class='ocrx_word' id='word_1_48' title='bbox 1328 956 1569 1026; x_wconf 85' lang='lat' dir='ltr'><strong>Ughelli,</strong></span> <span class='ocrx_word' id='word_1_49' title='bbox 1605 954 2020 1026; x_wconf 81' lang='lat' dir='ltr'><strong>Antiquitatum</strong></span> 
     </span>
    </p>
   </div>
   <div class='ocr_carea' id='block_1_11' title="bbox 431 1043 2022 1114">
    <p class='ocr_par' dir='ltr' id='par_1_11' title="bbox 431 1043 2022 1114">
     <span class='ocr_line' id='line_1_11' title="bbox 431 1043 2022 1114; baseline -0.008 -5"><span class='ocrx_word' id='word_1_50' title='bbox 431 1052 936 1110; x_wconf 82' lang='lat' dir='ltr'><strong>ecclesiasticarum</strong></span> <span class='ocrx_word' id='word_1_51' title='bbox 984 1049 1160 1104; x_wconf 66' lang='lat' dir='ltr'><strong>Italiae</strong></span> <span class='ocrx_word' id='word_1_52' title='bbox 1205 1045 1436 1101; x_wconf 87' lang='lat' dir='ltr'><strong>statoris</strong></span> <span class='ocrx_word' id='word_1_53' title='bbox 1483 1045 1690 1110; x_wconf 83' lang='lat' dir='ltr'><strong>eximii,</strong></span> <span class='ocrx_word' id='word_1_54' title='bbox 1729 1043 2022 1114; x_wconf 82' lang='lat' dir='ltr'><strong>diligentia</strong></span> 
     </span>
    </p>
   </div>
   <div class='ocr_carea' id='block_1_12' title="bbox 427 1133 2020 1206">
    <p class='ocr_par' dir='ltr' id='par_1_12' title="bbox 427 1133 2020 1206">
     <span class='ocr_line' id='line_1_12' title="bbox 427 1133 2020 1206; baseline -0.007 -8"><span class='ocrx_word' id='word_1_55' title='bbox 427 1142 677 1198; x_wconf 87' lang='lat' dir='ltr'><strong>emicuit.</strong></span> <span class='ocrx_word' id='word_1_56' title='bbox 711 1141 951 1195; x_wconf 91' lang='lat' dir='ltr'><strong>Secutus</strong></span> <span class='ocrx_word' id='word_1_57' title='bbox 975 1143 1062 1192; x_wconf 90' lang='lat' dir='ltr'><strong>est</strong></span> <span class='ocrx_word' id='word_1_58' title='bbox 1080 1136 1376 1206; x_wconf 88' lang='lat' dir='ltr'><strong>Ughellum</strong></span> <span class='ocrx_word' id='word_1_59' title='bbox 1392 1134 1679 1188; x_wconf 66' lang='lat' dir='ltr'><strong>indefessa:</strong></span> <span class='ocrx_word' id='word_1_60' title='bbox 1701 1140 1758 1188; x_wconf 92' lang='lat' dir='ltr'><strong>et</strong></span> <span class='ocrx_word' id='word_1_61' title='bbox 1785 1133 2020 1204; x_wconf 66' lang='lat' dir='ltr'><strong>copiosae</strong></span> 
     </span>
    </p>
   </div>
   <div class='ocr_carea' id='block_1_13' title="bbox 427 1221 2018 1297">
    <p class='ocr_par' dir='ltr' id='par_1_13' title="bbox 427 1221 2018 1297">
     <span class='ocr_line' id='line_1_13' title="bbox 427 1221 2018 1297; baseline -0.008 -10"><span class='ocrx_word' id='word_1_62' title='bbox 427 1229 762 1287; x_wconf 88' lang='lat' dir='ltr'><strong>eruditionis</strong></span> <span class='ocrx_word' id='word_1_63' title='bbox 788 1226 1212 1297; x_wconf 83' lang='lat' dir='ltr'><strong>bibliographus</strong></span> <span class='ocrx_word' id='word_1_64' title='bbox 1261 1225 1460 1278; x_wconf 87' lang='lat' dir='ltr'><strong>Petrus</strong></span> <span class='ocrx_word' id='word_1_65' title='bbox 1503 1223 1887 1285; x_wconf 89' lang='lat' dir='ltr'><strong>Lambeccius,</strong></span> <span class='ocrx_word' id='word_1_66' title='bbox 1921 1221 2018 1292; x_wconf 87' lang='lat' dir='ltr'><strong>qui</strong></span> 
     </span>
    </p>
   </div>
   <div class='ocr_carea' id='block_1_14' title="bbox 427 1311 2018 1384">
    <p class='ocr_par' dir='ltr' id='par_1_14' title="bbox 427 1311 2018 1384">
     <span class='ocr_line' id='line_1_14' title="bbox 427 1311 2018 1384; baseline -0.008 -9"><span class='ocrx_word' id='word_1_67' title='bbox 427 1321 496 1375; x_wconf 90' lang='lat' dir='ltr'><strong>de</strong></span> <span class='ocrx_word' id='word_1_68' title='bbox 519 1318 810 1383; x_wconf 88' lang='lat' dir='ltr'><strong>Bonizone,</strong></span> <span class='ocrx_word' id='word_1_69' title='bbox 835 1315 1122 1372; x_wconf 88' lang='lat' dir='ltr'><strong>occasione</strong></span> <span class='ocrx_word' id='word_1_70' title='bbox 1163 1313 1371 1384; x_wconf 86' lang='lat' dir='ltr'><strong>reperti</strong></span> <span class='ocrx_word' id='word_1_71' title='bbox 1400 1313 1456 1366; x_wconf 91' lang='lat' dir='ltr'><strong>in</strong></span> <span class='ocrx_word' id='word_1_72' title='bbox 1489 1329 1616 1366; x_wconf 88' lang='lat' dir='ltr'><strong>arce</strong></span> <span class='ocrx_word' id='word_1_73' title='bbox 1647 1311 2018 1366; x_wconf 83' lang='lat' dir='ltr'><strong>Ambrasiana</strong></span> 
     </span>
    </p>
   </div>
   <div class='ocr_carea' id='block_1_15' title="bbox 426 1400 2016 1478">
    <p class='ocr_par' dir='ltr' id='par_1_15' title="bbox 426 1400 2016 1478">
     <span class='ocr_line' id='line_1_15' title="bbox 426 1400 2016 1478; baseline -0.008 -14"><span class='ocrx_word' id='word_1_74' title='bbox 426 1407 631 1464; x_wconf 86' lang='lat' dir='ltr'><strong>codicis</strong></span> <span class='ocrx_word' id='word_1_75' title='bbox 659 1423 852 1478; x_wconf 87' lang='lat' dir='ltr'><strong>agens,</strong></span> <span class='ocrx_word' id='word_1_76' title='bbox 883 1411 946 1460; x_wconf 93' lang='lat' dir='ltr'><strong>ut</strong></span> <span class='ocrx_word' id='word_1_77' title='bbox 965 1404 1059 1458; x_wconf 91' lang='lat' dir='ltr'><strong>ille</strong></span> <span class='ocrx_word' id='word_1_78' title='bbox 1079 1403 1227 1473; x_wconf 88' lang='lat' dir='ltr'><strong>apud</strong></span> <span class='ocrx_word' id='word_1_79' title='bbox 1247 1402 1571 1456; x_wconf 88' lang='lat' dir='ltr'><strong>Ciceronem</strong></span> <span class='ocrx_word' id='word_1_80' title='bbox 1601 1421 1622 1451; x_wconf 76' lang='grc' dir='ltr'>ι</span> <span class='ocrx_word' id='word_1_81' title='bbox 1649 1400 1705 1454; x_wconf 91' lang='lat' dir='ltr'><strong>in</strong></span> <span class='ocrx_word' id='word_1_82' title='bbox 1737 1417 1860 1454; x_wconf 86' lang='lat' dir='ltr'><strong>eam</strong></span> <span class='ocrx_word' id='word_1_83' title='bbox 1891 1417 2016 1470; x_wconf 83' lang='lat' dir='ltr'><strong>pro-</strong></span> 
     </span>
    </p>
   </div>
   <div class='ocr_carea' id='block_1_16' title="bbox 422 1489 2016 1566">
    <p class='ocr_par' dir='ltr' id='par_1_16' title="bbox 422 1489 2016 1566">
     <span class='ocr_line' id='line_1_16' title="bbox 422 1489 2016 1566; baseline -0.005 -16"><span class='ocrx_word' id='word_1_84' title='bbox 422 1497 662 1552; x_wconf 80' lang='lat' dir='ltr'><strong>vinciam</strong></span> <span class='ocrx_word' id='word_1_85' title='bbox 693 1496 772 1550; x_wconf 89' lang='lat' dir='ltr'><strong>sic</strong></span> <span class='ocrx_word' id='word_1_86' title='bbox 793 1495 1015 1566; x_wconf 87' lang='lat' dir='ltr'><strong>copiose</strong></span> <span class='ocrx_word' id='word_1_87' title='bbox 1043 1493 1322 1564; x_wconf 86' lang='lat' dir='ltr'><strong>perfectus</strong></span> <span class='ocrx_word' id='word_1_88' title='bbox 1349 1496 1457 1560; x_wconf 89' lang='lat' dir='ltr'><strong>est,</strong></span> <span class='ocrx_word' id='word_1_89' title='bbox 1488 1497 1551 1544; x_wconf 93' lang='lat' dir='ltr'><strong>ut</strong></span> <span class='ocrx_word' id='word_1_90' title='bbox 1587 1489 1738 1544; x_wconf 90' lang='lat' dir='ltr'><strong>domi</strong></span> <span class='ocrx_word' id='word_1_91' title='bbox 1785 1507 2016 1561; x_wconf 89' lang='lat' dir='ltr'><strong>prorsus</strong></span> 
     </span>
    </p>
   </div>
   <div class='ocr_carea' id='block_1_17' title="bbox 420 1586 1016 1656">
    <p class='ocr_par' dir='ltr' id='par_1_17' title="bbox 420 1586 1016 1656">
     <span class='ocr_line' id='line_1_17' title="bbox 420 1586 1016 1656; baseline -0.008 -14"><span class='ocrx_word' id='word_1_92' title='bbox 420 1587 563 1643; x_wconf 85' lang='lat' dir='ltr'><strong>nihil</strong></span> <span class='ocrx_word' id='word_1_93' title='bbox 592 1586 954 1656; x_wconf 89' lang='lat' dir='ltr'><strong>relinqueret.</strong></span> <span class='ocrx_word' id='word_1_94' title='bbox 990 1603 1016 1636; x_wconf 70' lang='grc' dir='ltr'><strong><em>ι</em></strong></span> 
     </span>
    </p>
   </div>
   <div class='ocr_carea' id='block_1_18' title="bbox 2109 507 3639 580">
    <p class='ocr_par' dir='ltr' id='par_1_18' title="bbox 2109 507 3639 580">
     <span class='ocr_line' id='line_1_18' title="bbox 2109 507 3639 580; baseline 0.007 -21"><span class='ocrx_word' id='word_1_95' title='bbox 2109 507 2298 569; x_wconf 90' lang='lat' dir='ltr'><strong>eundi,</strong></span> <span class='ocrx_word' id='word_1_96' title='bbox 2326 507 2760 562; x_wconf 85' lang='lat' dir='ltr'><strong>adversitatibus</strong></span> <span class='ocrx_word' id='word_1_97' title='bbox 2789 510 3121 580; x_wconf 81' lang='lat' dir='ltr'><strong>exasperati,</strong></span> <span class='ocrx_word' id='word_1_98' title='bbox 3143 518 3199 565; x_wconf 92' lang='lat' dir='ltr'><strong>et</strong></span> <span class='ocrx_word' id='word_1_99' title='bbox 3224 511 3321 565; x_wconf 90' lang='lat' dir='ltr'><strong>sub</strong></span> <span class='ocrx_word' id='word_1_100' title='bbox 3341 511 3545 568; x_wconf 90' lang='lat' dir='ltr'><strong>obtentu</strong></span> <span class='ocrx_word' id='word_1_101' title='bbox 3570 531 3639 569; x_wconf 84' lang='lat' dir='ltr'><strong>ve-</strong></span> 
     </span>
    </p>
   </div>
   <div class='ocr_carea' id='block_1_19' title="bbox 2109 595 3640 671">
    <p class='ocr_par' dir='ltr' id='par_1_19' title="bbox 2109 595 3640 671">
     <span class='ocr_line' id='line_1_19' title="bbox 2109 595 3640 671; baseline 0.005 -23"><span class='ocrx_word' id='word_1_102' title='bbox 2109 595 2294 649; x_wconf 89' lang='lat' dir='ltr'><strong>ritatis</strong></span> <span class='ocrx_word' id='word_1_103' title='bbox 2313 597 2646 660; x_wconf 75' lang='lat' dir='ltr'><strong>asserendm,</strong></span> <span class='ocrx_word' id='word_1_104' title='bbox 2681 613 2860 668; x_wconf 89' lang='lat' dir='ltr'><strong>usque</strong></span> <span class='ocrx_word' id='word_1_105' title='bbox 2880 599 2951 652; x_wconf 90' lang='lat' dir='ltr'><strong>ad</strong></span> <span class='ocrx_word' id='word_1_106' title='bbox 2975 599 3273 654; x_wconf 84' lang='lat' dir='ltr'><strong>Christiani</strong></span> <span class='ocrx_word' id='word_1_107' title='bbox 3301 602 3559 671; x_wconf 81' lang='lat' dir='ltr'><strong>sanguinis</strong></span> <span class='ocrx_word' id='word_1_108' title='bbox 3581 604 3640 656; x_wconf 86' lang='lat' dir='ltr'><strong>ef-</strong></span> 
     </span>
    </p>
   </div>
   <div class='ocr_carea' id='block_1_20' title="bbox 2107 683 3643 762">
    <p class='ocr_par' dir='ltr' id='par_1_20' title="bbox 2107 683 3643 762">
     <span class='ocr_line' id='line_1_20' title="bbox 2107 683 3643 762; baseline 0.005 -25"><span class='ocrx_word' id='word_1_109' title='bbox 2107 683 2383 738; x_wconf 83' lang='lat' dir='ltr'><strong>fusionem</strong></span> <span class='ocrx_word' id='word_1_110' title='bbox 2411 685 2750 739; x_wconf 83' lang='lat' dir='ltr'><strong>ferocientis.</strong></span> <span class='ocrx_word' id='word_1_111' title='bbox 2777 687 2910 750; x_wconf 71' lang='lat' dir='ltr'><strong>Quze</strong></span> <span class='ocrx_word' id='word_1_112' title='bbox 2927 688 3152 758; x_wconf 88' lang='lat' dir='ltr'><strong>quidem</strong></span> <span class='ocrx_word' id='word_1_113' title='bbox 3171 689 3336 743; x_wconf 89' lang='lat' dir='ltr'><strong>animi</strong></span> <span class='ocrx_word' id='word_1_114' title='bbox 3355 690 3643 762; x_wconf 85' lang='lat' dir='ltr'><strong>impotentia</strong></span> 
     </span>
    </p>
   </div>
   <div class='ocr_carea' id='block_1_21' title="bbox 2106 775 3641 852">
    <p class='ocr_par' dir='ltr' id='par_1_21' title="bbox 2106 775 3641 852">
     <span class='ocr_line' id='line_1_21' title="bbox 2106 775 3641 852; baseline 0.005 -26"><span class='ocrx_word' id='word_1_115' title='bbox 2106 789 2220 827; x_wconf 90' lang='lat' dir='ltr'><strong>non</strong></span> <span class='ocrx_word' id='word_1_116' title='bbox 2251 775 2430 828; x_wconf 89' lang='lat' dir='ltr'><strong>solum</strong></span> <span class='ocrx_word' id='word_1_117' title='bbox 2462 776 2848 843; x_wconf 86' lang='lat' dir='ltr'><strong>adversitates,</strong></span> <span class='ocrx_word' id='word_1_118' title='bbox 2881 777 3202 833; x_wconf 83' lang='lat' dir='ltr'><strong>inimicitias</strong></span> <span class='ocrx_word' id='word_1_119' title='bbox 3232 780 3641 852; x_wconf 84' lang='lat' dir='ltr'><strong>calamitatesque</strong></span> 
     </span>
    </p>
   </div>
   <div class='ocr_carea' id='block_1_22' title="bbox 2108 864 3641 941">
    <p class='ocr_par' dir='ltr' id='par_1_22' title="bbox 2108 864 3641 941">
     <span class='ocr_line' id='line_1_22' title="bbox 2108 864 3641 941; baseline 0.005 -25"><span class='ocrx_word' id='word_1_120' title='bbox 2108 864 2572 934; x_wconf 82' lang='lat' dir='ltr'><strong>quamplurimas,</strong></span> <span class='ocrx_word' id='word_1_121' title='bbox 2593 865 2690 919; x_wconf 89' lang='lat' dir='ltr'><strong>sed</strong></span> <span class='ocrx_word' id='word_1_122' title='bbox 2718 866 2898 936; x_wconf 88' lang='lat' dir='ltr'><strong>ipsam</strong></span> <span class='ocrx_word' id='word_1_123' title='bbox 2921 867 3162 938; x_wconf 89' lang='lat' dir='ltr'><strong>denique</strong></span> <span class='ocrx_word' id='word_1_124' title='bbox 3192 875 3414 923; x_wconf 90' lang='lat' dir='ltr'><strong>mortem</strong></span> <span class='ocrx_word' id='word_1_125' title='bbox 3441 886 3641 941; x_wconf 84' lang='lat' dir='ltr'><strong>eamque</strong></span> 
     </span>
    </p>
   </div>
   <div class='ocr_carea' id='block_1_23' title="bbox 2105 953 3642 1029">
    <p class='ocr_par' dir='ltr' id='par_1_23' title="bbox 2105 953 3642 1029">
     <span class='ocr_line' id='line_1_23' title="bbox 2105 953 3642 1029; baseline 0.005 -24"><span class='ocrx_word' id='word_1_126' title='bbox 2105 953 2547 1008; x_wconf 88' lang='lat' dir='ltr'><strong>crudelissimam</strong></span> <span class='ocrx_word' id='word_1_127' title='bbox 2571 954 2752 1008; x_wconf 90' lang='lat' dir='ltr'><strong>eidem</strong></span> <span class='ocrx_word' id='word_1_128' title='bbox 2781 956 3090 1011; x_wconf 73' lang='lat' dir='ltr'><strong>accersivit.</strong></span> <span class='ocrx_word' id='word_1_129' title='bbox 3125 959 3256 1028; x_wconf 88' lang='lat' dir='ltr'><strong>Ejus</strong></span> <span class='ocrx_word' id='word_1_130' title='bbox 3284 958 3360 1012; x_wconf 88' lang='lat' dir='ltr'><strong>rei</strong></span> <span class='ocrx_word' id='word_1_131' title='bbox 3389 975 3642 1029; x_wconf 85' lang='lat' dir='ltr'><strong>argumen-</strong></span> 
     </span>
    </p>
   </div>
   <div class='ocr_carea' id='block_1_24' title="bbox 2104 1042 3640 1118">
    <p class='ocr_par' dir='ltr' id='par_1_24' title="bbox 2104 1042 3640 1118">
     <span class='ocr_line' id='line_1_24' title="bbox 2104 1042 3640 1118; baseline 0.005 -24"><span class='ocrx_word' id='word_1_132' title='bbox 2104 1044 2226 1096; x_wconf 88' lang='lat' dir='ltr'><strong>tum</strong></span> <span class='ocrx_word' id='word_1_133' title='bbox 2250 1042 2490 1096; x_wconf 79' lang='lat' dir='ltr'><strong>maxime</strong></span> <span class='ocrx_word' id='word_1_134' title='bbox 2516 1059 2798 1113; x_wconf 89' lang='lat' dir='ltr'><strong>premens,</strong></span> <span class='ocrx_word' id='word_1_135' title='bbox 2833 1062 2974 1116; x_wconf 89' lang='lat' dir='ltr'><strong>opus</strong></span> <span class='ocrx_word' id='word_1_136' title='bbox 3002 1046 3186 1116; x_wconf 91' lang='lat' dir='ltr'><strong>ipsum</strong></span> <span class='ocrx_word' id='word_1_137' title='bbox 3221 1053 3321 1112; x_wconf 89' lang='lat' dir='ltr'><strong>est,</strong></span> <span class='ocrx_word' id='word_1_138' title='bbox 3352 1047 3484 1118; x_wconf 91' lang='lat' dir='ltr'><strong>quod</strong></span> <span class='ocrx_word' id='word_1_139' title='bbox 3502 1047 3640 1118; x_wconf 87' lang='lat' dir='ltr'><strong>primi</strong></span> 
     </span>
    </p>
   </div>
   <div class='ocr_carea' id='block_1_25' title="bbox 2103 1129 3640 1207">
    <p class='ocr_par' dir='ltr' id='par_1_25' title="bbox 2103 1129 3640 1207">
     <span class='ocr_line' id='line_1_25' title="bbox 2103 1129 3640 1207; baseline 0.005 -25"><span class='ocrx_word' id='word_1_140' title='bbox 2103 1129 2192 1183; x_wconf 88' lang='lat' dir='ltr'><strong>hic</strong></span> <span class='ocrx_word' id='word_1_141' title='bbox 2217 1147 2282 1183; x_wconf 78' lang='lat' dir='ltr'><strong>ex</strong></span> <span class='ocrx_word' id='word_1_142' title='bbox 2308 1131 2718 1202; x_wconf 84' lang='lat' dir='ltr'><strong>antiquissimis</strong></span> <span class='ocrx_word' id='word_1_143' title='bbox 2740 1134 3081 1189; x_wconf 87' lang='lat' dir='ltr'><strong>membranis</strong></span> <span class='ocrx_word' id='word_1_144' title='bbox 3096 1135 3308 1190; x_wconf 88' lang='lat' dir='ltr'><strong>edimus</strong></span> <span class='ocrx_word' id='word_1_145' title='bbox 3319 1137 3393 1190; x_wconf 91' lang='lat' dir='ltr'><strong>De</strong></span> <span class='ocrx_word' id='word_1_146' title='bbox 3410 1153 3640 1207; x_wconf 88' lang='lat' dir='ltr'><strong>persecu-</strong></span> 
     </span>
    </p>
   </div>
   <div class='ocr_carea' id='block_1_26' title="bbox 2102 1218 3642 1294">
    <p class='ocr_par' dir='ltr' id='par_1_26' title="bbox 2102 1218 3642 1294">
     <span class='ocr_line' id='line_1_26' title="bbox 2102 1218 3642 1294; baseline 0.005 -23"><span class='ocrx_word' id='word_1_147' title='bbox 2102 1218 2252 1273; x_wconf 84' lang='lat' dir='ltr'><strong>tione</strong></span> <span class='ocrx_word' id='word_1_148' title='bbox 2276 1221 2530 1276; x_wconf 71' lang='lat' dir='ltr'><strong>Ecclesiee</strong></span> <span class='ocrx_word' id='word_1_149' title='bbox 2543 1222 2614 1276; x_wconf 91' lang='lat' dir='ltr'><strong>ad</strong></span> <span class='ocrx_word' id='word_1_150' title='bbox 2637 1223 2915 1278; x_wconf 85' lang='lat' dir='ltr'><strong>Amicum.</strong></span> <span class='ocrx_word' id='word_1_151' title='bbox 2939 1225 3002 1278; x_wconf 87' lang='lat' dir='ltr'><strong>In</strong></span> <span class='ocrx_word' id='word_1_152' title='bbox 3025 1241 3135 1294; x_wconf 91' lang='lat' dir='ltr'><strong>quo</strong></span> <span class='ocrx_word' id='word_1_153' title='bbox 3163 1224 3319 1278; x_wconf 88' lang='lat' dir='ltr'><strong>unice</strong></span> <span class='ocrx_word' id='word_1_154' title='bbox 3335 1225 3388 1278; x_wconf 93' lang='lat' dir='ltr'><strong>in</strong></span> <span class='ocrx_word' id='word_1_155' title='bbox 3419 1225 3467 1278; x_wconf 94' lang='lat' dir='ltr'><strong>id</strong></span> <span class='ocrx_word' id='word_1_156' title='bbox 3488 1224 3642 1279; x_wconf 88' lang='lat' dir='ltr'><strong>erudi-</strong></span> 
     </span>
    </p>
   </div>
   <div class='ocr_carea' id='block_1_27' title="bbox 2100 1307 3640 1381">
    <p class='ocr_par' dir='ltr' id='par_1_27' title="bbox 2100 1307 3640 1381">
     <span class='ocr_line' id='line_1_27' title="bbox 2100 1307 3640 1381; baseline 0.003 -20"><span class='ocrx_word' id='word_1_157' title='bbox 2100 1307 2270 1363; x_wconf 87' lang='lat' dir='ltr'><strong>tionis</strong></span> <span class='ocrx_word' id='word_1_158' title='bbox 2290 1315 2348 1362; x_wconf 91' lang='lat' dir='ltr'><strong>et</strong></span> <span class='ocrx_word' id='word_1_159' title='bbox 2369 1310 2703 1381; x_wconf 66' lang='lat' dir='ltr'><strong>eloquentia:</strong></span> <span class='ocrx_word' id='word_1_160' title='bbox 2717 1328 2914 1366; x_wconf 82' lang='lat' dir='ltr'><strong>nervos</strong></span> <span class='ocrx_word' id='word_1_161' title='bbox 2931 1312 3173 1367; x_wconf 82' lang='lat' dir='ltr'><strong>intendit</strong></span> <span class='ocrx_word' id='word_1_162' title='bbox 3191 1319 3394 1377; x_wconf 87' lang='lat' dir='ltr'><strong>auctor,</strong></span> <span class='ocrx_word' id='word_1_163' title='bbox 3420 1320 3476 1368; x_wconf 89' lang='lat' dir='ltr'><strong>ut</strong></span> <span class='ocrx_word' id='word_1_164' title='bbox 3489 1331 3640 1367; x_wconf 72' lang='lat' dir='ltr'><strong>sacra-</strong></span> 
     </span>
    </p>
   </div>
   <div class='ocr_carea' id='block_1_28' title="bbox 2099 1398 3639 1466">
    <p class='ocr_par' dir='ltr' id='par_1_28' title="bbox 2099 1398 3639 1466">
     <span class='ocr_line' id='line_1_28' title="bbox 2099 1398 3639 1466; baseline 0.005 -17"><span class='ocrx_word' id='word_1_165' title='bbox 2099 1413 2223 1450; x_wconf 92' lang='lat' dir='ltr'><strong>rum</strong></span> <span class='ocrx_word' id='word_1_166' title='bbox 2255 1398 2594 1466; x_wconf 89' lang='lat' dir='ltr'><strong>litterarum,</strong></span> <span class='ocrx_word' id='word_1_167' title='bbox 2628 1401 2880 1465; x_wconf 86' lang='lat' dir='ltr'><strong>Patrum,</strong></span> <span class='ocrx_word' id='word_1_168' title='bbox 2905 1419 3182 1457; x_wconf 88' lang='lat' dir='ltr'><strong>canonum</strong></span> <span class='ocrx_word' id='word_1_169' title='bbox 3212 1408 3268 1457; x_wconf 91' lang='lat' dir='ltr'><strong>et</strong></span> <span class='ocrx_word' id='word_1_170' title='bbox 3293 1402 3639 1457; x_wconf 86' lang='lat' dir='ltr'><strong>historicorum</strong></span> 
     </span>
    </p>
   </div>
   <div class='ocr_carea' id='block_1_29' title="bbox 2099 1487 3640 1563">
    <p class='ocr_par' dir='ltr' id='par_1_29' title="bbox 2099 1487 3640 1563">
     <span class='ocr_line' id='line_1_29' title="bbox 2099 1487 3640 1563; baseline 0.003 -24"><span class='ocrx_word' id='word_1_171' title='bbox 2099 1487 2394 1541; x_wconf 88' lang='lat' dir='ltr'><strong>sententiis</strong></span> <span class='ocrx_word' id='word_1_172' title='bbox 2420 1489 2480 1542; x_wconf 91' lang='lat' dir='ltr'><strong>in</strong></span> <span class='ocrx_word' id='word_1_173' title='bbox 2508 1506 2625 1544; x_wconf 89' lang='lat' dir='ltr'><strong>rem</strong></span> <span class='ocrx_word' id='word_1_174' title='bbox 2657 1507 2817 1545; x_wconf 89' lang='lat' dir='ltr'><strong>suam</strong></span> <span class='ocrx_word' id='word_1_175' title='bbox 2848 1492 3300 1552; x_wconf 88' lang='lat' dir='ltr'><strong>accommodatis,</strong></span> <span class='ocrx_word' id='word_1_176' title='bbox 3323 1491 3640 1563; x_wconf 85' lang='lat' dir='ltr'><strong>persuaderet</strong></span> 
     </span>
    </p>
   </div>
   <div class='ocr_carea' id='block_1_30' title="bbox 2097 1576 3638 1646">
    <p class='ocr_par' dir='ltr' id='par_1_30' title="bbox 2097 1576 3638 1646">
     <span class='ocr_line' id='line_1_30' title="bbox 2097 1576 3638 1646; baseline 0.003 -18"><span class='ocrx_word' id='word_1_177' title='bbox 2097 1591 2210 1629; x_wconf 85' lang='lat' dir='ltr'><strong>suae</strong></span> <span class='ocrx_word' id='word_1_178' title='bbox 2239 1576 2496 1632; x_wconf 83' lang='lat' dir='ltr'><strong>factionis</strong></span> <span class='ocrx_word' id='word_1_179' title='bbox 2535 1579 2874 1646; x_wconf 87' lang='lat' dir='ltr'><strong>hominibus,</strong></span> <span class='ocrx_word' id='word_1_180' title='bbox 2909 1581 3075 1636; x_wconf 90' lang='lat' dir='ltr'><strong>licere</strong></span> <span class='ocrx_word' id='word_1_181' title='bbox 3125 1581 3334 1635; x_wconf 88' lang='lat' dir='ltr'><strong>homini</strong></span> <span class='ocrx_word' id='word_1_182' title='bbox 3363 1580 3638 1636; x_wconf 90' lang='lat' dir='ltr'><strong>Christiano</strong></span> 
     </span>
    </p>
   </div>
   <div class='ocr_carea' id='block_1_31' title="bbox 489 1665 3635 1744">
    <p class='ocr_par' dir='ltr' id='par_1_31' title="bbox 489 1665 3635 1744">
     <span class='ocr_line' id='line_1_31' title="bbox 489 1665 3635 1744; baseline -0.003 -13"><span class='ocrx_word' id='word_1_183' title='bbox 489 1675 696 1731; x_wconf 87' lang='lat' dir='ltr'><strong>Bonizo</strong></span> <span class='ocrx_word' id='word_1_184' title='bbox 727 1674 900 1744; x_wconf 81' lang='lat' dir='ltr'><strong>igitur</strong></span> <span class='ocrx_word' id='word_1_185' title='bbox 923 1677 1177 1743; x_wconf 89' lang='lat' dir='ltr'><strong>tempore</strong></span> <span class='ocrx_word' id='word_1_186' title='bbox 1208 1669 1398 1740; x_wconf 85' lang='lat' dir='ltr'><strong>magni</strong></span> <span class='ocrx_word' id='word_1_187' title='bbox 1428 1668 1577 1722; x_wconf 90' lang='lat' dir='ltr'><strong>illius</strong></span> <span class='ocrx_word' id='word_1_188' title='bbox 1603 1668 1838 1723; x_wconf 91' lang='lat' dir='ltr'><strong>dissidii.</strong></span> <span class='ocrx_word' id='word_1_189' title='bbox 1862 1669 2009 1740; x_wconf 91' lang='lat' dir='ltr'><strong>quod</strong></span> <span class='ocrx_word' id='word_1_190' title='bbox 2031 1732 2072 1744; x_wconf 27' lang='grc' dir='ltr'><strong>’ἱ</strong></span> <span class='ocrx_word' id='word_1_191' title='bbox 2096 1665 2385 1735; x_wconf 83' lang='lat' dir='ltr'><strong>religionis</strong></span> <span class='ocrx_word' id='word_1_192' title='bbox 2413 1668 2728 1733; x_wconf 78' lang='lat' dir='ltr'><strong>veritatem,</strong></span> <span class='ocrx_word' id='word_1_193' title='bbox 2763 1670 2936 1724; x_wconf 84' lang='lat' dir='ltr'><strong>armis</strong></span> <span class='ocrx_word' id='word_1_194' title='bbox 2964 1676 3022 1724; x_wconf 93' lang='lat' dir='ltr'><strong>et</strong></span> <span class='ocrx_word' id='word_1_195' title='bbox 3047 1671 3214 1737; x_wconf 89' lang='lat' dir='ltr'><strong>ferro,</strong></span> <span class='ocrx_word' id='word_1_196' title='bbox 3246 1671 3387 1725; x_wconf 90' lang='lat' dir='ltr'><strong>ultro</strong></span> <span class='ocrx_word' id='word_1_197' title='bbox 3406 1686 3635 1724; x_wconf 85' lang='lat' dir='ltr'><strong>asserere.</strong></span> 
     </span>
    </p>
   </div>
   <div class='ocr_carea' id='block_1_32' title="bbox 415 1732 3639 1837">
    <p class='ocr_par' dir='ltr' id='par_1_32' title="bbox 415 1732 3639 1837">
     <span class='ocr_line' id='line_1_32' title="bbox 415 1732 3639 1837; baseline -0.002 -17"><span class='ocrx_word' id='word_1_198' title='bbox 415 1780 620 1837; x_wconf 81' lang='lat' dir='ltr'><strong>papam</strong></span> <span class='ocrx_word' id='word_1_199' title='bbox 655 1732 806 1818; x_wconf 62' lang='lat' dir='ltr'><strong>inter</strong></span> <span class='ocrx_word' id='word_1_200' title='bbox 825 1732 1161 1832; x_wconf 81' lang='lat' dir='ltr'><strong>Gregorium</strong></span> <span class='ocrx_word' id='word_1_201' title='bbox 1197 1732 1389 1814; x_wconf 39' lang='lat' dir='ltr'><strong>VIIvet</strong></span> <span class='ocrx_word' id='word_1_202' title='bbox 1416 1758 1718 1813; x_wconf 85' lang='lat' dir='ltr'><strong>Henrieum</strong></span> <span class='ocrx_word' id='word_1_203' title='bbox 1733 1758 1807 1813; x_wconf 90' lang='lat' dir='ltr'><strong>1V</strong></span> <span class='ocrx_word' id='word_1_204' title='bbox 1837 1732 2012 1828; x_wconf 78' lang='lat' dir='ltr'><strong>impe-</strong></span> <span class='ocrx_word' id='word_1_205' title='bbox 2029 1732 2074 1792; x_wconf 81' lang='grc' dir='ltr'>Β</span> <span class='ocrx_word' id='word_1_206' title='bbox 2099 1732 2257 1817; x_wconf 73' lang='lat' dir='ltr'><strong>Quod</strong></span> <span class='ocrx_word' id='word_1_207' title='bbox 2282 1755 2375 1808; x_wconf 91' lang='lat' dir='ltr'><strong>ille</strong></span> <span class='ocrx_word' id='word_1_208' title='bbox 2397 1773 2564 1827; x_wconf 92' lang='lat' dir='ltr'><strong>quam</strong></span> <span class='ocrx_word' id='word_1_209' title='bbox 2587 1732 2860 1812; x_wconf 72' lang='lat' dir='ltr'><strong>veraciter</strong></span> <span class='ocrx_word' id='word_1_210' title='bbox 2880 1775 3164 1830; x_wconf 88' lang='lat' dir='ltr'><strong>quamque</strong></span> <span class='ocrx_word' id='word_1_211' title='bbox 3180 1732 3507 1830; x_wconf 88' lang='lat' dir='ltr'><strong>pertinenter</strong></span> <span class='ocrx_word' id='word_1_212' title='bbox 3522 1775 3639 1830; x_wconf 72' lang='lat' dir='ltr'><strong>pra:-</strong></span> 
     </span>
    </p>
   </div>
   <div class='ocr_carea' id='block_1_33' title="bbox 414 1848 2008 1923">
    <p class='ocr_par' dir='ltr' id='par_1_33' title="bbox 414 1848 2008 1923">
     <span class='ocr_line' id='line_1_33' title="bbox 414 1848 2008 1923; baseline -0.006 -14"><span class='ocrx_word' id='word_1_213' title='bbox 414 1853 814 1923; x_wconf 87' lang='lat' dir='ltr'><strong>ratorem.jura</strong></span> <span class='ocrx_word' id='word_1_214' title='bbox 827 1850 1065 1905; x_wconf 89' lang='lat' dir='ltr'><strong>clavium</strong></span> <span class='ocrx_word' id='word_1_215' title='bbox 1084 1848 1320 1920; x_wconf 87' lang='lat' dir='ltr'><strong>etgladii</strong></span> <span class='ocrx_word' id='word_1_216' title='bbox 1338 1849 1679 1902; x_wconf 88' lang='lat' dir='ltr'><strong>horrendum</strong></span> <span class='ocrx_word' id='word_1_217' title='bbox 1704 1848 1760 1901; x_wconf 91' lang='lat' dir='ltr'><strong>in</strong></span> <span class='ocrx_word' id='word_1_218' title='bbox 1779 1848 2008 1902; x_wconf 89' lang='lat' dir='ltr'><strong>modum</strong></span> 
     </span>
    </p>
   </div>
   <div class='ocr_carea' id='block_1_34' title="bbox 414 1937 2007 2007">
    <p class='ocr_par' dir='ltr' id='par_1_34' title="bbox 414 1937 2007 2007">
     <span class='ocr_line' id='line_1_34' title="bbox 414 1937 2007 2007; baseline -0.004 -9"><span class='ocrx_word' id='word_1_219' title='bbox 414 1941 788 2006; x_wconf 85' lang='lat' dir='ltr'><strong>conturbavit,</strong></span> <span class='ocrx_word' id='word_1_220' title='bbox 821 1955 1198 1995; x_wconf 68' lang='lat' dir='ltr'><strong>aerumnosam</strong></span> <span class='ocrx_word' id='word_1_221' title='bbox 1241 1937 1412 1992; x_wconf 88' lang='lat' dir='ltr'><strong>vitam</strong></span> <span class='ocrx_word' id='word_1_222' title='bbox 1443 1937 1578 2007; x_wconf 89' lang='lat' dir='ltr'><strong>egit,</strong></span> <span class='ocrx_word' id='word_1_223' title='bbox 1612 1943 1669 1990; x_wconf 93' lang='lat' dir='ltr'><strong>et</strong></span> <span class='ocrx_word' id='word_1_224' title='bbox 1696 1937 2007 1992; x_wconf 87' lang='lat' dir='ltr'><strong>Lambeccii</strong></span> 
     </span>
    </p>
   </div>
   <div class='ocr_carea' id='block_1_35' title="bbox 413 2026 2008 2102">
    <p class='ocr_par' dir='ltr' id='par_1_35' title="bbox 413 2026 2008 2102">
     <span class='ocr_line' id='line_1_35' title="bbox 413 2026 2008 2102; baseline -0.004 -16"><span class='ocrx_word' id='word_1_225' title='bbox 413 2031 642 2102; x_wconf 85' lang='lat' dir='ltr'><strong>quidem</strong></span> <span class='ocrx_word' id='word_1_226' title='bbox 667 2029 870 2100; x_wconf 81' lang='lat' dir='ltr'><strong>elogio,</strong></span> <span class='ocrx_word' id='word_1_227' title='bbox 893 2029 1124 2099; x_wconf 84' lang='lat' dir='ltr'><strong>pietate,</strong></span> <span class='ocrx_word' id='word_1_228' title='bbox 1148 2026 1464 2080; x_wconf 88' lang='lat' dir='ltr'><strong>eruditione</strong></span> <span class='ocrx_word' id='word_1_229' title='bbox 1493 2030 1551 2079; x_wconf 92' lang='lat' dir='ltr'><strong>et</strong></span> <span class='ocrx_word' id='word_1_230' title='bbox 1569 2026 1884 2080; x_wconf 86' lang='lat' dir='ltr'><strong>constantia</strong></span> <span class='ocrx_word' id='word_1_231' title='bbox 1899 2026 2008 2080; x_wconf 89' lang='lat' dir='ltr'><strong>cla-</strong></span> 
     </span>
    </p>
   </div>
   <div class='ocr_carea' id='block_1_36' title="bbox 410 2114 2004 2186">
    <p class='ocr_par' dir='ltr' id='par_1_36' title="bbox 410 2114 2004 2186">
     <span class='ocr_line' id='line_1_36' title="bbox 410 2114 2004 2186; baseline -0.004 -11"><span class='ocrx_word' id='word_1_232' title='bbox 410 2119 667 2175; x_wconf 87' lang='lat' dir='ltr'><strong>rissimus</strong></span> <span class='ocrx_word' id='word_1_233' title='bbox 705 2117 936 2172; x_wconf 90' lang='lat' dir='ltr'><strong>emicuit</strong></span> <span class='ocrx_word' id='word_1_234' title='bbox 985 2115 1313 2170; x_wconf 91' lang='lat' dir='ltr'><strong>Clericalem</strong></span> <span class='ocrx_word' id='word_1_235' title='bbox 1341 2114 1512 2168; x_wconf 90' lang='lat' dir='ltr'><strong>vitam</strong></span> <span class='ocrx_word' id='word_1_236' title='bbox 1551 2115 1842 2186; x_wconf 83' lang='lat' dir='ltr'><strong>amplexus</strong></span> <span class='ocrx_word' id='word_1_237' title='bbox 1870 2115 2004 2168; x_wconf 93' lang='lat' dir='ltr'><strong>dum</strong></span> 
     </span>
    </p>
   </div>
   <div class='ocr_carea' id='block_1_37' title="bbox 406 2203 2002 2275">
    <p class='ocr_par' dir='ltr' id='par_1_37' title="bbox 406 2203 2002 2275">
     <span class='ocr_line' id='line_1_37' title="bbox 406 2203 2002 2275; baseline -0.003 -12"><span class='ocrx_word' id='word_1_238' title='bbox 406 2207 616 2264; x_wconf 66' lang='lat' dir='ltr'><strong>caelibis</strong></span> <span class='ocrx_word' id='word_1_239' title='bbox 646 2207 773 2261; x_wconf 66' lang='lat' dir='ltr'><strong>vitae</strong></span> <span class='ocrx_word' id='word_1_240' title='bbox 793 2205 982 2260; x_wconf 80' lang='lat' dir='ltr'><strong>officia</strong></span> <span class='ocrx_word' id='word_1_241' title='bbox 1002 2221 1112 2258; x_wconf 89' lang='lat' dir='ltr'><strong>non</strong></span> <span class='ocrx_word' id='word_1_242' title='bbox 1133 2204 1313 2258; x_wconf 85' lang='lat' dir='ltr'><strong>solum</strong></span> <span class='ocrx_word' id='word_1_243' title='bbox 1336 2203 1558 2274; x_wconf 89' lang='lat' dir='ltr'><strong>scriptis</strong></span> <span class='ocrx_word' id='word_1_244' title='bbox 1577 2203 1674 2257; x_wconf 84' lang='lat' dir='ltr'><strong>sed</strong></span> <span class='ocrx_word' id='word_1_245' title='bbox 1697 2209 1754 2258; x_wconf 90' lang='lat' dir='ltr'><strong>et</strong></span> <span class='ocrx_word' id='word_1_246' title='bbox 1772 2205 2002 2275; x_wconf 87' lang='lat' dir='ltr'><strong>sangui-</strong></span> 
     </span>
    </p>
   </div>
   <div class='ocr_carea' id='block_1_38' title="bbox 405 2292 2003 2365">
    <p class='ocr_par' dir='ltr' id='par_1_38' title="bbox 405 2292 2003 2365">
     <span class='ocr_line' id='line_1_38' title="bbox 405 2292 2003 2365; baseline -0.003 -12"><span class='ocrx_word' id='word_1_247' title='bbox 405 2313 478 2352; x_wconf 87' lang='lat' dir='ltr'><strong>ne</strong></span> <span class='ocrx_word' id='word_1_248' title='bbox 490 2296 636 2352; x_wconf 90' lang='lat' dir='ltr'><strong>tueri</strong></span> <span class='ocrx_word' id='word_1_249' title='bbox 656 2294 961 2359; x_wconf 90' lang='lat' dir='ltr'><strong>contendit,</strong></span> <span class='ocrx_word' id='word_1_250' title='bbox 987 2293 1203 2365; x_wconf 90' lang='lat' dir='ltr'><strong>primus</strong></span> <span class='ocrx_word' id='word_1_251' title='bbox 1224 2292 1660 2346; x_wconf 90' lang='lat' dir='ltr'><strong>mansuetudine</strong></span> <span class='ocrx_word' id='word_1_252' title='bbox 1681 2293 2003 2363; x_wconf 84' lang='lat' dir='ltr'><strong>evangelica</strong></span> 
     </span>
    </p>
   </div>
   <div class='ocr_carea' id='block_1_39' title="bbox 403 2381 1997 2456">
    <p class='ocr_par' dir='ltr' id='par_1_39' title="bbox 403 2381 1997 2456">
     <span class='ocr_line' id='line_1_39' title="bbox 403 2381 1997 2456; baseline -0.004 -14"><span class='ocrx_word' id='word_1_253' title='bbox 403 2386 628 2449; x_wconf 63' lang='lat' dir='ltr'><strong>etcidit,</strong></span> <span class='ocrx_word' id='word_1_254' title='bbox 651 2391 709 2440; x_wconf 93' lang='lat' dir='ltr'><strong>et</strong></span> <span class='ocrx_word' id='word_1_255' title='bbox 726 2383 936 2456; x_wconf 90' lang='lat' dir='ltr'><strong>gladio,</strong></span> <span class='ocrx_word' id='word_1_256' title='bbox 962 2399 1128 2454; x_wconf 90' lang='lat' dir='ltr'><strong>quem</strong></span> <span class='ocrx_word' id='word_1_257' title='bbox 1151 2382 1210 2437; x_wconf 91' lang='lat' dir='ltr'><strong>in</strong></span> <span class='ocrx_word' id='word_1_258' title='bbox 1231 2382 1580 2436; x_wconf 84' lang='lat' dir='ltr'><strong>adversarios</strong></span> <span class='ocrx_word' id='word_1_259' title='bbox 1609 2381 1997 2453; x_wconf 88' lang='lat' dir='ltr'><strong>stringendum</strong></span> 
     </span>
    </p>
   </div>
   <div class='ocr_carea' id='block_1_40' title="bbox 400 2471 1995 2548">
    <p class='ocr_par' dir='ltr' id='par_1_40' title="bbox 400 2471 1995 2548">
     <span class='ocr_line' id='line_1_40' title="bbox 400 2471 1995 2548; baseline -0.003 -17"><span class='ocrx_word' id='word_1_260' title='bbox 400 2475 739 2548; x_wconf 88' lang='lat' dir='ltr'><strong>scriptorum</strong></span> <span class='ocrx_word' id='word_1_261' title='bbox 778 2489 1008 2528; x_wconf 89' lang='lat' dir='ltr'><strong>suorum</strong></span> <span class='ocrx_word' id='word_1_262' title='bbox 1054 2481 1112 2526; x_wconf 89' lang='lat' dir='ltr'><strong>et</strong></span> <span class='ocrx_word' id='word_1_263' title='bbox 1160 2471 1630 2526; x_wconf 87' lang='lat' dir='ltr'><strong>declamationum</strong></span> <span class='ocrx_word' id='word_1_264' title='bbox 1661 2473 1814 2526; x_wconf 88' lang='lat' dir='ltr'><strong>velut</strong></span> <span class='ocrx_word' id='word_1_265' title='bbox 1839 2471 1995 2538; x_wconf 87' lang='lat' dir='ltr'><strong>tuba,</strong></span> 
     </span>
    </p>
   </div>
   <div class='ocr_carea' id='block_1_41' title="bbox 399 2560 1999 2632">
    <p class='ocr_par' dir='ltr' id='par_1_41' title="bbox 399 2560 1999 2632">
     <span class='ocr_line' id='line_1_41' title="bbox 399 2560 1999 2632; baseline -0.004 -12"><span class='ocrx_word' id='word_1_266' title='bbox 399 2565 623 2620; x_wconf 88' lang='lat' dir='ltr'><strong>miseris</strong></span> <span class='ocrx_word' id='word_1_267' title='bbox 652 2563 764 2618; x_wconf 89' lang='lat' dir='ltr'><strong>illis</strong></span> <span class='ocrx_word' id='word_1_268' title='bbox 794 2567 852 2617; x_wconf 93' lang='lat' dir='ltr'><strong>et</strong></span> <span class='ocrx_word' id='word_1_269' title='bbox 880 2561 1147 2632; x_wconf 91' lang='lat' dir='ltr'><strong>utrinque</strong></span> <span class='ocrx_word' id='word_1_270' title='bbox 1176 2560 1454 2632; x_wconf 85' lang='lat' dir='ltr'><strong>pudendis</strong></span> <span class='ocrx_word' id='word_1_271' title='bbox 1482 2561 1850 2632; x_wconf 82' lang='lat' dir='ltr'><strong>temporibus,</strong></span> <span class='ocrx_word' id='word_1_272' title='bbox 1874 2578 1999 2632; x_wconf 81' lang='lat' dir='ltr'><strong>per-</strong></span> 
     </span>
    </p>
   </div>
   <div class='ocr_carea' id='block_1_42' title="bbox 396 2649 1995 2717">
    <p class='ocr_par' dir='ltr' id='par_1_42' title="bbox 396 2649 1995 2717">
     <span class='ocr_line' id='line_1_42' title="bbox 396 2649 1995 2717; baseline -0.003 -7"><span class='ocrx_word' id='word_1_273' title='bbox 396 2655 637 2712; x_wconf 85' lang='lat' dir='ltr'><strong>suadere</strong></span> <span class='ocrx_word' id='word_1_274' title='bbox 665 2651 968 2717; x_wconf 90' lang='lat' dir='ltr'><strong>nitebatur,</strong></span> <span class='ocrx_word' id='word_1_275' title='bbox 1003 2651 1208 2705; x_wconf 89' lang='lat' dir='ltr'><strong>misere</strong></span> <span class='ocrx_word' id='word_1_276' title='bbox 1255 2651 1482 2705; x_wconf 89' lang='lat' dir='ltr'><strong>tandem</strong></span> <span class='ocrx_word' id='word_1_277' title='bbox 1513 2656 1571 2704; x_wconf 91' lang='lat' dir='ltr'><strong>et</strong></span> <span class='ocrx_word' id='word_1_278' title='bbox 1596 2649 1899 2704; x_wconf 87' lang='lat' dir='ltr'><strong>barbarum</strong></span> <span class='ocrx_word' id='word_1_279' title='bbox 1937 2650 1995 2706; x_wconf 93' lang='lat' dir='ltr'><strong>in</strong></span> 
     </span>
    </p>
   </div>
   <div class='ocr_carea' id='block_1_43' title="bbox 395 2740 948 2813">
    <p class='ocr_par' dir='ltr' id='par_1_43' title="bbox 395 2740 948 2813">
     <span class='ocr_line' id='line_1_43' title="bbox 395 2740 948 2813; baseline -0.013 -14"><span class='ocrx_word' id='word_1_280' title='bbox 395 2743 627 2799; x_wconf 89' lang='lat' dir='ltr'><strong>modum</strong></span> <span class='ocrx_word' id='word_1_281' title='bbox 659 2740 846 2813; x_wconf 89' lang='lat' dir='ltr'><strong>periit.</strong></span> <span class='ocrx_word' id='word_1_282' title='bbox 941 2751 948 2760; x_wconf 78' lang='lat'><strong><em>&#39;</em></strong></span> 
     </span>
    </p>
   </div>
   <div class='ocr_carea' id='block_1_44' title="bbox 465 2827 1994 2900">
    <p class='ocr_par' dir='ltr' id='par_1_44' title="bbox 465 2827 1994 2900">
     <span class='ocr_line' id='line_1_44' title="bbox 465 2827 1994 2900; baseline -0.005 -10"><span class='ocrx_word' id='word_1_283' title='bbox 465 2831 726 2890; x_wconf 85' lang='lat' dir='ltr'><strong>Privatus</strong></span> <span class='ocrx_word' id='word_1_284' title='bbox 737 2830 1046 2885; x_wconf 88' lang='lat' dir='ltr'><strong>etiamnum</strong></span> <span class='ocrx_word' id='word_1_285' title='bbox 1069 2833 1126 2883; x_wconf 91' lang='lat' dir='ltr'><strong>et</strong></span> <span class='ocrx_word' id='word_1_286' title='bbox 1141 2827 1468 2900; x_wconf 90' lang='lat' dir='ltr'><strong>priusquam</strong></span> <span class='ocrx_word' id='word_1_287' title='bbox 1488 2827 1796 2898; x_wconf 89' lang='lat' dir='ltr'><strong>majoribus</strong></span> <span class='ocrx_word' id='word_1_288' title='bbox 1813 2829 1994 2883; x_wconf 82' lang='lat' dir='ltr'><strong>Eccle-</strong></span> 
     </span>
    </p>
   </div>
   <div class='ocr_carea' id='block_1_45' title="bbox 392 2917 1993 2992">
    <p class='ocr_par' dir='ltr' id='par_1_45' title="bbox 392 2917 1993 2992">
     <span class='ocr_line' id='line_1_45' title="bbox 392 2917 1993 2992; baseline -0.004 -12"><span class='ocrx_word' id='word_1_289' title='bbox 392 2923 491 2980; x_wconf 62' lang='lat' dir='ltr'><strong>siae</strong></span> <span class='ocrx_word' id='word_1_290' title='bbox 511 2918 880 2992; x_wconf 86' lang='lat' dir='ltr'><strong>dignitatibus</strong></span> <span class='ocrx_word' id='word_1_291' title='bbox 899 2919 1313 2979; x_wconf 87' lang='lat' dir='ltr'><strong>admoveretur,</strong></span> <span class='ocrx_word' id='word_1_292' title='bbox 1329 2917 1612 2989; x_wconf 91' lang='lat' dir='ltr'><strong>epitomen</strong></span> <span class='ocrx_word' id='word_1_293' title='bbox 1634 2918 1993 2989; x_wconf 80' lang='lat' dir='ltr'><strong>Augustinia-</strong></span> 
     </span>
    </p>
   </div>
   <div class='ocr_carea' id='block_1_46' title="bbox 2090 1843 3640 1916">
    <p class='ocr_par' dir='ltr' id='par_1_46' title="bbox 2090 1843 3640 1916">
     <span class='ocr_line' id='line_1_46' title="bbox 2090 1843 3640 1916; baseline 0.003 -21"><span class='ocrx_word' id='word_1_294' title='bbox 2090 1843 2318 1901; x_wconf 89' lang='lat' dir='ltr'><strong>stiterit.</strong></span> <span class='ocrx_word' id='word_1_295' title='bbox 2351 1844 2468 1916; x_wconf 93' lang='lat' dir='ltr'><strong>ipse</strong></span> <span class='ocrx_word' id='word_1_296' title='bbox 2503 1845 2718 1913; x_wconf 87' lang='lat' dir='ltr'><strong>viderit,</strong></span> <span class='ocrx_word' id='word_1_297' title='bbox 2748 1853 2806 1902; x_wconf 90' lang='lat' dir='ltr'><strong>et</strong></span> <span class='ocrx_word' id='word_1_298' title='bbox 2831 1848 2927 1902; x_wconf 85' lang='lat' dir='ltr'><strong>alii</strong></span> <span class='ocrx_word' id='word_1_299' title='bbox 2967 1848 3331 1903; x_wconf 88' lang='lat' dir='ltr'><strong>arbitrentur.</strong></span> <span class='ocrx_word' id='word_1_300' title='bbox 3374 1847 3529 1903; x_wconf 87' lang='lat' dir='ltr'><strong>Nobis</strong></span> <span class='ocrx_word' id='word_1_301' title='bbox 3544 1848 3640 1900; x_wconf 87' lang='lat' dir='ltr'><strong>‘hoc</strong></span> 
     </span>
    </p>
   </div>
   <div class='ocr_carea' id='block_1_47' title="bbox 2090 1931 3638 2008">
    <p class='ocr_par' dir='ltr' id='par_1_47' title="bbox 2090 1931 3638 2008">
     <span class='ocr_line' id='line_1_47' title="bbox 2090 1931 3638 2008; baseline 0.003 -24"><span class='ocrx_word' id='word_1_302' title='bbox 2090 1931 2210 1986; x_wconf 91' lang='lat' dir='ltr'><strong>loco</strong></span> <span class='ocrx_word' id='word_1_303' title='bbox 2235 1933 2387 1987; x_wconf 90' lang='lat' dir='ltr'><strong>aliud</strong></span> <span class='ocrx_word' id='word_1_304' title='bbox 2421 1934 2559 1988; x_wconf 86' lang='lat' dir='ltr'><strong>nihil</strong></span> <span class='ocrx_word' id='word_1_305' title='bbox 2588 1937 2936 2008; x_wconf 88' lang='lat' dir='ltr'><strong>propositum</strong></span> <span class='ocrx_word' id='word_1_306' title='bbox 2977 1954 3149 2008; x_wconf 88' lang='lat' dir='ltr'><strong>quam</strong></span> <span class='ocrx_word' id='word_1_307' title='bbox 3194 1937 3492 1992; x_wconf 88' lang='lat' dir='ltr'><strong>calamitosi</strong></span> <span class='ocrx_word' id='word_1_308' title='bbox 3513 1937 3638 1990; x_wconf 87' lang='lat' dir='ltr'><strong>illius</strong></span> 
     </span>
    </p>
   </div>
   <div class='ocr_carea' id='block_1_48' title="bbox 2090 2022 3638 2098">
    <p class='ocr_par' dir='ltr' id='par_1_48' title="bbox 2090 2022 3638 2098">
     <span class='ocr_line' id='line_1_48' title="bbox 2090 2022 3638 2098; baseline 0.003 -24"><span class='ocrx_word' id='word_1_309' title='bbox 2090 2022 2406 2077; x_wconf 87' lang='lat' dir='ltr'><strong>schismatis</strong></span> <span class='ocrx_word' id='word_1_310' title='bbox 2433 2023 2694 2079; x_wconf 85' lang='lat' dir='ltr'><strong>tenebras</strong></span> <span class='ocrx_word' id='word_1_311' title='bbox 2725 2043 2867 2081; x_wconf 86' lang='lat' dir='ltr'><strong>nova</strong></span> <span class='ocrx_word' id='word_1_312' title='bbox 2895 2027 3020 2088; x_wconf 83' lang='lat' dir='ltr'><strong>hac,</strong></span> <span class='ocrx_word' id='word_1_313' title='bbox 3047 2027 3152 2082; x_wconf 90' lang='lat' dir='ltr'><strong>etsi</strong></span> <span class='ocrx_word' id='word_1_314' title='bbox 3200 2027 3351 2098; x_wconf 84' lang='lat' dir='ltr'><strong>picea</strong></span> <span class='ocrx_word' id='word_1_315' title='bbox 3373 2033 3426 2081; x_wconf 92' lang='lat' dir='ltr'><strong>et</strong></span> <span class='ocrx_word' id='word_1_316' title='bbox 3450 2026 3638 2081; x_wconf 87' lang='lat' dir='ltr'><strong>fumosa</strong></span> 
     </span>
    </p>
   </div>
   <div class='ocr_carea' id='block_1_49' title="bbox 2087 2110 3637 2187">
    <p class='ocr_par' dir='ltr' id='par_1_49' title="bbox 2087 2110 3637 2187">
     <span class='ocr_line' id='line_1_49' title="bbox 2087 2110 3637 2187; baseline 0.002 -23"><span class='ocrx_word' id='word_1_317' title='bbox 2087 2110 2207 2165; x_wconf 87' lang='lat' dir='ltr'><strong>face</strong></span> <span class='ocrx_word' id='word_1_318' title='bbox 2245 2128 2402 2182; x_wconf 66' lang='lat' dir='ltr'><strong>aeque</strong></span> <span class='ocrx_word' id='word_1_319' title='bbox 2447 2115 2848 2184; x_wconf 81' lang='lat' dir='ltr'><strong>conflagrantis</strong></span> <span class='ocrx_word' id='word_1_320' title='bbox 2897 2132 3040 2186; x_wconf 85' lang='lat' dir='ltr'><strong>pene</strong></span> <span class='ocrx_word' id='word_1_321' title='bbox 3088 2117 3414 2172; x_wconf 63' lang='lat' dir='ltr'><strong>Christianae</strong></span> <span class='ocrx_word' id='word_1_322' title='bbox 3443 2114 3637 2187; x_wconf 87' lang='lat' dir='ltr'><strong>pietatis</strong></span> 
     </span>
    </p>
   </div>
   <div class='ocr_carea' id='block_1_50' title="bbox 2086 2198 2984 2274">
    <p class='ocr_par' dir='ltr' id='par_1_50' title="bbox 2086 2198 2984 2274">
     <span class='ocr_line' id='line_1_50' title="bbox 2086 2198 2984 2274; baseline 0.012 -21"><span class='ocrx_word' id='word_1_323' title='bbox 2086 2198 2251 2254; x_wconf 88' lang='lat' dir='ltr'><strong>busto</strong></span> <span class='ocrx_word' id='word_1_324' title='bbox 2274 2208 2454 2272; x_wconf 87' lang='lat' dir='ltr'><strong>rapta,</strong></span> <span class='ocrx_word' id='word_1_325' title='bbox 2485 2220 2652 2274; x_wconf 91' lang='lat' dir='ltr'><strong>porro</strong></span> <span class='ocrx_word' id='word_1_326' title='bbox 2679 2205 2984 2264; x_wconf 88' lang='lat' dir='ltr'><strong>illustrare.</strong></span> 
     </span>
    </p>
   </div>
   <div class='ocr_carea' id='block_1_51' title="bbox 2156 2289 3637 2364">
    <p class='ocr_par' dir='ltr' id='par_1_51' title="bbox 2156 2289 3637 2364">
     <span class='ocr_line' id='line_1_51' title="bbox 2156 2289 3637 2364; baseline 0.005 -22"><span class='ocrx_word' id='word_1_327' title='bbox 2156 2289 2233 2343; x_wconf 85' lang='lat' dir='ltr'><strong>Eo</strong></span> <span class='ocrx_word' id='word_1_328' title='bbox 2259 2289 2435 2361; x_wconf 87' lang='lat' dir='ltr'><strong>igitur</strong></span> <span class='ocrx_word' id='word_1_329' title='bbox 2472 2292 2717 2364; x_wconf 91' lang='lat' dir='ltr'><strong>ingenio,</strong></span> <span class='ocrx_word' id='word_1_330' title='bbox 2752 2295 2978 2350; x_wconf 89' lang='lat' dir='ltr'><strong>turbido</strong></span> <span class='ocrx_word' id='word_1_331' title='bbox 3027 2300 3084 2349; x_wconf 91' lang='lat' dir='ltr'><strong>et</strong></span> <span class='ocrx_word' id='word_1_332' title='bbox 3127 2295 3326 2351; x_wconf 89' lang='lat' dir='ltr'><strong>acerbo</strong></span> <span class='ocrx_word' id='word_1_333' title='bbox 3370 2312 3486 2351; x_wconf 90' lang='lat' dir='ltr'><strong>cum</strong></span> <span class='ocrx_word' id='word_1_334' title='bbox 3513 2299 3637 2350; x_wconf 81' lang='lat' dir='ltr'><strong>esset</strong></span> 
     </span>
    </p>
   </div>
   <div class='ocr_carea' id='block_1_52' title="bbox 2084 2377 3635 2451">
    <p class='ocr_par' dir='ltr' id='par_1_52' title="bbox 2084 2377 3635 2451">
     <span class='ocr_line' id='line_1_52' title="bbox 2084 2377 3635 2451; baseline 0.005 -21"><span class='ocrx_word' id='word_1_335' title='bbox 2084 2377 2308 2443; x_wconf 89' lang='lat' dir='ltr'><strong>Bonizo,</strong></span> <span class='ocrx_word' id='word_1_336' title='bbox 2335 2380 2585 2451; x_wconf 84' lang='lat' dir='ltr'><strong>privatus</strong></span> <span class='ocrx_word' id='word_1_337' title='bbox 2618 2382 2926 2437; x_wconf 87' lang='lat' dir='ltr'><strong>etiamnum</strong></span> <span class='ocrx_word' id='word_1_338' title='bbox 2961 2385 3269 2440; x_wconf 90' lang='lat' dir='ltr'><strong>multorum</strong></span> <span class='ocrx_word' id='word_1_339' title='bbox 3310 2384 3366 2438; x_wconf 91' lang='lat' dir='ltr'><strong>in</strong></span> <span class='ocrx_word' id='word_1_340' title='bbox 3392 2402 3448 2439; x_wconf 87' lang='lat' dir='ltr'><strong>se</strong></span> <span class='ocrx_word' id='word_1_341' title='bbox 3473 2383 3635 2438; x_wconf 88' lang='lat' dir='ltr'><strong>odium</strong></span> 
     </span>
    </p>
   </div>
   <div class='ocr_carea' id='block_1_53' title="bbox 2081 2468 3637 2546">
    <p class='ocr_par' dir='ltr' id='par_1_53' title="bbox 2081 2468 3637 2546">
     <span class='ocr_line' id='line_1_53' title="bbox 2081 2468 3637 2546; baseline 0.005 -27"><span class='ocrx_word' id='word_1_342' title='bbox 2081 2468 2483 2536; x_wconf 86' lang='lat' dir='ltr'><strong>concitaverat,</strong></span> <span class='ocrx_word' id='word_1_343' title='bbox 2518 2471 2786 2526; x_wconf 84' lang='lat' dir='ltr'><strong>adversus</strong></span> <span class='ocrx_word' id='word_1_344' title='bbox 2809 2490 2949 2543; x_wconf 89' lang='lat' dir='ltr'><strong>quos</strong></span> <span class='ocrx_word' id='word_1_345' title='bbox 2976 2474 3210 2528; x_wconf 88' lang='lat' dir='ltr'><strong>Joannis</strong></span> <span class='ocrx_word' id='word_1_346' title='bbox 3241 2473 3449 2530; x_wconf 88' lang='lat' dir='ltr'><strong>abbatis</strong></span> <span class='ocrx_word' id='word_1_347' title='bbox 3473 2490 3637 2546; x_wconf 88' lang='lat' dir='ltr'><strong>preces</strong></span> 
     </span>
    </p>
   </div>
   <div class='ocr_carea' id='block_1_54' title="bbox 2082 2554 3635 2628">
    <p class='ocr_par' dir='ltr' id='par_1_54' title="bbox 2082 2554 3635 2628">
     <span class='ocr_line' id='line_1_54' title="bbox 2082 2554 3635 2628; baseline 0.005 -20"><span class='ocrx_word' id='word_1_348' title='bbox 2082 2554 2366 2628; x_wconf 90' lang='lat' dir='ltr'><strong>implorat,</strong></span> <span class='ocrx_word' id='word_1_349' title='bbox 2387 2565 2452 2614; x_wconf 91' lang='lat' dir='ltr'><strong>ut</strong></span> <span class='ocrx_word' id='word_1_350' title='bbox 2473 2560 2686 2614; x_wconf 90' lang='lat' dir='ltr'><strong>scilicet</strong></span> <span class='ocrx_word' id='word_1_351' title='bbox 2715 2561 2986 2616; x_wconf 89' lang='lat' dir='ltr'><strong>orationis</strong></span> <span class='ocrx_word' id='word_1_352' title='bbox 3017 2579 3134 2618; x_wconf 66' lang='lat' dir='ltr'><strong>sua:</strong></span> <span class='ocrx_word' id='word_1_353' title='bbox 3163 2569 3318 2618; x_wconf 89' lang='lat' dir='ltr'><strong>scuto</strong></span> <span class='ocrx_word' id='word_1_354' title='bbox 3344 2562 3411 2617; x_wconf 88' lang='lat' dir='ltr'><strong>ab</strong></span> <span class='ocrx_word' id='word_1_355' title='bbox 3437 2562 3635 2618; x_wconf 70' lang='lat' dir='ltr'><strong>aemulo-</strong></span> 
     </span>
    </p>
   </div>
   <div class='ocr_carea' id='block_1_55' title="bbox 2079 2648 3638 2723">
    <p class='ocr_par' dir='ltr' id='par_1_55' title="bbox 2079 2648 3638 2723">
     <span class='ocr_line' id='line_1_55' title="bbox 2079 2648 3638 2723; baseline 0.004 -25"><span class='ocrx_word' id='word_1_356' title='bbox 2079 2660 2204 2699; x_wconf 91' lang='lat' dir='ltr'><strong>rum</strong></span> <span class='ocrx_word' id='word_1_357' title='bbox 2236 2663 2366 2701; x_wconf 87' lang='lat' dir='ltr'><strong>eum</strong></span> <span class='ocrx_word' id='word_1_358' title='bbox 2394 2648 2691 2704; x_wconf 85' lang='lat' dir='ltr'><strong>latratibus</strong></span> <span class='ocrx_word' id='word_1_359' title='bbox 2719 2656 3056 2721; x_wconf 88' lang='lat' dir='ltr'><strong>protegeret,</strong></span> <span class='ocrx_word' id='word_1_360' title='bbox 3092 2669 3330 2723; x_wconf 90' lang='lat' dir='ltr'><strong>quorum</strong></span> <span class='ocrx_word' id='word_1_361' title='bbox 3361 2652 3540 2706; x_wconf 85' lang='lat' dir='ltr'><strong>dentes</strong></span> <span class='ocrx_word' id='word_1_362' title='bbox 3559 2667 3638 2722; x_wconf 91' lang='lat' dir='ltr'><strong>po-</strong></span> 
     </span>
    </p>
   </div>
   <div class='ocr_carea' id='block_1_56' title="bbox 2077 2733 3636 2812">
    <p class='ocr_par' dir='ltr' id='par_1_56' title="bbox 2077 2733 3636 2812">
     <span class='ocr_line' id='line_1_56' title="bbox 2077 2733 3636 2812; baseline 0.003 -26"><span class='ocrx_word' id='word_1_363' title='bbox 2077 2733 2210 2799; x_wconf 89' lang='lat' dir='ltr'><strong>tius,</strong></span> <span class='ocrx_word' id='word_1_364' title='bbox 2232 2735 2434 2806; x_wconf 90' lang='lat' dir='ltr'><strong>quibus</strong></span> <span class='ocrx_word' id='word_1_365' title='bbox 2459 2737 2851 2793; x_wconf 88' lang='lat' dir='ltr'><strong>dilacerandus</strong></span> <span class='ocrx_word' id='word_1_366' title='bbox 2863 2745 3004 2794; x_wconf 90' lang='lat' dir='ltr'><strong>erat.</strong></span> <span class='ocrx_word' id='word_1_367' title='bbox 3027 2749 3322 2795; x_wconf 88' lang='lat' dir='ltr'><strong>mansueto</strong></span> <span class='ocrx_word' id='word_1_368' title='bbox 3343 2747 3396 2795; x_wconf 92' lang='lat' dir='ltr'><strong>et</strong></span> <span class='ocrx_word' id='word_1_369' title='bbox 3405 2738 3636 2812; x_wconf 89' lang='lat' dir='ltr'><strong>prudenti</strong></span> 
     </span>
    </p>
   </div>
   <div class='ocr_carea' id='block_1_57' title="bbox 2075 2823 3637 2897">
    <p class='ocr_par' dir='ltr' id='par_1_57' title="bbox 2075 2823 3637 2897">
     <span class='ocr_line' id='line_1_57' title="bbox 2075 2823 3637 2897; baseline 0.003 -22"><span class='ocrx_word' id='word_1_370' title='bbox 2075 2823 2306 2877; x_wconf 90' lang='lat' dir='ltr'><strong>consilio</strong></span> <span class='ocrx_word' id='word_1_371' title='bbox 2331 2832 2552 2880; x_wconf 86' lang='lat' dir='ltr'><strong>caveret</strong></span> <span class='ocrx_word' id='word_1_372' title='bbox 2573 2826 2885 2897; x_wconf 89' lang='lat' dir='ltr'><strong>oportebat.</strong></span> <span class='ocrx_word' id='word_1_373' title='bbox 2909 2829 3264 2883; x_wconf 60' lang='lat' dir='ltr'><strong>IEmulorum</strong></span> <span class='ocrx_word' id='word_1_374' title='bbox 3295 2846 3418 2884; x_wconf 89' lang='lat' dir='ltr'><strong>vero</strong></span> <span class='ocrx_word' id='word_1_375' title='bbox 3438 2827 3637 2882; x_wconf 88' lang='lat' dir='ltr'><strong>nomine</strong></span> 
     </span>
    </p>
   </div>
   <div class='ocr_carea' id='block_1_58' title="bbox 2074 2910 3640 2986">
    <p class='ocr_par' dir='ltr' id='par_1_58' title="bbox 2074 2910 3640 2986">
     <span class='ocr_line' id='line_1_58' title="bbox 2074 2910 3640 2986; baseline 0.003 -22"><span class='ocrx_word' id='word_1_376' title='bbox 2074 2910 2401 2968; x_wconf 89' lang='lat' dir='ltr'><strong>Lambeccio</strong></span> <span class='ocrx_word' id='word_1_377' title='bbox 2431 2913 2756 2986; x_wconf 83' lang='lat' dir='ltr'><strong>interprete,</strong></span> <span class='ocrx_word' id='word_1_378' title='bbox 2789 2917 3108 2972; x_wconf 86' lang='lat' dir='ltr'><strong>sacerdotes</strong></span> <span class='ocrx_word' id='word_1_379' title='bbox 3135 2918 3259 2972; x_wconf 89' lang='lat' dir='ltr'><strong>sine</strong></span> <span class='ocrx_word' id='word_1_380' title='bbox 3298 2917 3460 2972; x_wconf 89' lang='lat' dir='ltr'><strong>dubio</strong></span> <span class='ocrx_word' id='word_1_381' title='bbox 3487 2916 3640 2971; x_wconf 86' lang='lat' dir='ltr'><strong>Simo-</strong></span> 
     </span>
    </p>
   </div>
   <div class='ocr_carea' id='block_1_59' title="bbox 390 3000 3635 3110">
    <p class='ocr_par' dir='ltr' id='par_1_59' title="bbox 390 3000 3635 3110">
     <span class='ocr_line' id='line_1_59' title="bbox 390 3000 3635 3110; baseline -0.002 -42"><span class='ocrx_word' id='word_1_382' title='bbox 390 3028 524 3069; x_wconf 87' lang='lat' dir='ltr'><strong>nam</strong></span> <span class='ocrx_word' id='word_1_383' title='bbox 545 3010 634 3078; x_wconf 91' lang='lat' dir='ltr'><strong>(de</strong></span> <span class='ocrx_word' id='word_1_384' title='bbox 655 3026 765 3081; x_wconf 88' lang='lat' dir='ltr'><strong>qua</strong></span> <span class='ocrx_word' id='word_1_385' title='bbox 788 3013 984 3080; x_wconf 88' lang='lat' dir='ltr'><strong>postea</strong></span> <span class='ocrx_word' id='word_1_386' title='bbox 1015 3007 1256 3078; x_wconf 88' lang='lat' dir='ltr'><strong>plenius)</strong></span> <span class='ocrx_word' id='word_1_387' title='bbox 1280 3007 1349 3060; x_wconf 90' lang='lat' dir='ltr'><strong>ad</strong></span> <span class='ocrx_word' id='word_1_388' title='bbox 1380 3009 1654 3061; x_wconf 87' lang='lat' dir='ltr'><strong>Joannem</strong></span> <span class='ocrx_word' id='word_1_389' title='bbox 1696 3007 1989 3062; x_wconf 89' lang='lat' dir='ltr'><strong>Gualberti</strong></span> <span class='ocrx_word' id='word_1_390' title='bbox 2007 3050 2050 3110; x_wconf 60' lang='grc' dir='ltr'><strong>Β</strong></span> <span class='ocrx_word' id='word_1_391' title='bbox 2073 3000 2219 3100; x_wconf 44' lang='lat' dir='ltr'><strong>iliaci</strong></span> <span class='ocrx_word' id='word_1_392' title='bbox 2248 3007 2305 3056; x_wconf 82' lang='lat' dir='ltr'><strong>et</strong></span> <span class='ocrx_word' id='word_1_393' title='bbox 2328 3004 2669 3110; x_wconf 60' lang='lat' dir='ltr'><strong>schismatiei</strong></span> <span class='ocrx_word' id='word_1_394' title='bbox 2718 3005 3133 3106; x_wconf 74' lang='lat' dir='ltr'><strong>intelliguntur,</strong></span> <span class='ocrx_word' id='word_1_395' title='bbox 3173 3024 3296 3062; x_wconf 91' lang='lat' dir='ltr'><strong>cum</strong></span> <span class='ocrx_word' id='word_1_396' title='bbox 3331 3006 3526 3108; x_wconf 78' lang='lat' dir='ltr'><strong>quibus</strong></span> <span class='ocrx_word' id='word_1_397' title='bbox 3564 3003 3635 3059; x_wconf 85' lang='lat' dir='ltr'><strong>uti</strong></span> 
     </span>
    </p>
   </div>
   <div class='ocr_carea' id='block_1_60' title="bbox 387 3095 1992 3173">
    <p class='ocr_par' dir='ltr' id='par_1_60' title="bbox 387 3095 1992 3173">
     <span class='ocr_line' id='line_1_60' title="bbox 387 3095 1992 3173; baseline -0.005 -13"><span class='ocrx_word' id='word_1_398' title='bbox 387 3101 466 3173; x_wconf 76' lang='grc'><strong>(2)</strong></span> <span class='ocrx_word' id='word_1_399' title='bbox 485 3099 662 3155; x_wconf 74' lang='lat' dir='ltr'><strong>Vallis</strong></span> <span class='ocrx_word' id='word_1_400' title='bbox 681 3096 970 3155; x_wconf 73' lang='lat' dir='ltr'><strong>Umbrosae</strong></span> <span class='ocrx_word' id='word_1_401' title='bbox 989 3097 1046 3150; x_wconf 92' lang='lat' dir='ltr'><strong>in</strong></span> <span class='ocrx_word' id='word_1_402' title='bbox 1065 3097 1291 3150; x_wconf 89' lang='lat' dir='ltr'><strong>Etruria</strong></span> <span class='ocrx_word' id='word_1_403' title='bbox 1319 3095 1598 3161; x_wconf 87' lang='lat' dir='ltr'><strong>abbatem,</strong></span> <span class='ocrx_word' id='word_1_404' title='bbox 1624 3097 1916 3151; x_wconf 85' lang='lat' dir='ltr'><strong>charitatis</strong></span> <span class='ocrx_word' id='word_1_405' title='bbox 1933 3103 1992 3152; x_wconf 90' lang='lat' dir='ltr'><strong>et</strong></span> 
     </span>
    </p>
   </div>
   <div class='ocr_carea' id='block_1_61' title="bbox 387 3183 1982 3255">
    <p class='ocr_par' dir='ltr' id='par_1_61' title="bbox 387 3183 1982 3255">
     <span class='ocr_line' id='line_1_61' title="bbox 387 3183 1982 3255; baseline -0.003 -10"><span class='ocrx_word' id='word_1_406' title='bbox 387 3187 838 3245; x_wconf 83' lang='lat' dir='ltr'><strong>mansuetudinis</strong></span> <span class='ocrx_word' id='word_1_407' title='bbox 857 3183 1188 3241; x_wconf 67' lang='lat' dir='ltr'><strong>Christiana:</strong></span> <span class='ocrx_word' id='word_1_408' title='bbox 1208 3183 1484 3255; x_wconf 88' lang='lat' dir='ltr'><strong>insignem</strong></span> <span class='ocrx_word' id='word_1_409' title='bbox 1507 3185 1982 3255; x_wconf 88' lang='lat' dir='ltr'><strong>magistrum.uti-</strong></span> 
     </span>
    </p>
   </div>
   <div class='ocr_carea' id='block_1_62' title="bbox 385 3273 1988 3346">
    <p class='ocr_par' dir='ltr' id='par_1_62' title="bbox 385 3273 1988 3346">
     <span class='ocr_line' id='line_1_62' title="bbox 385 3273 1988 3346; baseline -0.003 -12"><span class='ocrx_word' id='word_1_410' title='bbox 385 3295 518 3334; x_wconf 88' lang='lat' dir='ltr'><strong>nam</strong></span> <span class='ocrx_word' id='word_1_411' title='bbox 547 3283 606 3332; x_wconf 92' lang='lat' dir='ltr'><strong>et</strong></span> <span class='ocrx_word' id='word_1_412' title='bbox 628 3276 830 3332; x_wconf 87' lang='lat' dir='ltr'><strong>suum!</strong></span> <span class='ocrx_word' id='word_1_413' title='bbox 864 3274 1143 3329; x_wconf 88' lang='lat' dir='ltr'><strong>volumine</strong></span> <span class='ocrx_word' id='word_1_414' title='bbox 1187 3273 1371 3328; x_wconf 86' lang='lat' dir='ltr'><strong>adhuc</strong></span> <span class='ocrx_word' id='word_1_415' title='bbox 1411 3274 1711 3345; x_wconf 88' lang='lat' dir='ltr'><strong>superstite</strong></span> <span class='ocrx_word' id='word_1_416' title='bbox 1742 3276 1988 3346; x_wconf 83' lang='lat' dir='ltr'><strong>perscri-</strong></span> 
     </span>
    </p>
   </div>
   <div class='ocr_carea' id='block_1_63' title="bbox 385 3362 1984 3440">
    <p class='ocr_par' dir='ltr' id='par_1_63' title="bbox 385 3362 1984 3440">
     <span class='ocr_line' id='line_1_63' title="bbox 385 3362 1984 3440; baseline -0.003 -17"><span class='ocrx_word' id='word_1_417' title='bbox 385 3367 518 3440; x_wconf 90' lang='lat' dir='ltr'><strong>psit.</strong></span> <span class='ocrx_word' id='word_1_418' title='bbox 547 3387 573 3420; x_wconf 86' lang='lat'>«</span> <span class='ocrx_word' id='word_1_419' title='bbox 596 3365 920 3437; x_wconf 89' lang='lat' dir='ltr'><strong>Composuit</strong></span> <span class='ocrx_word' id='word_1_420' title='bbox 939 3369 1127 3418; x_wconf 89' lang='lat' dir='ltr'><strong>autem</strong></span> <span class='ocrx_word' id='word_1_421' title='bbox 1149 3362 1338 3430; x_wconf 89' lang='lat' dir='ltr'><strong>(verba</strong></span> <span class='ocrx_word' id='word_1_422' title='bbox 1358 3362 1673 3417; x_wconf 89' lang='lat' dir='ltr'><strong>Lambeccii</strong></span> <span class='ocrx_word' id='word_1_423' title='bbox 1698 3364 1984 3432; x_wconf 87' lang='lat' dir='ltr'><strong>ponimus)</strong></span> 
     </span>
    </p>
   </div>
   <div class='ocr_carea' id='block_1_64' title="bbox 384 3451 1984 3527">
    <p class='ocr_par' dir='ltr' id='par_1_64' title="bbox 384 3451 1984 3527">
     <span class='ocr_line' id='line_1_64' title="bbox 384 3451 1984 3527; baseline -0.004 -14"><span class='ocrx_word' id='word_1_424' title='bbox 384 3459 533 3512; x_wconf 84' lang='lat' dir='ltr'><strong>hanc</strong></span> <span class='ocrx_word' id='word_1_425' title='bbox 560 3455 844 3527; x_wconf 90' lang='lat' dir='ltr'><strong>epitomen</strong></span> <span class='ocrx_word' id='word_1_426' title='bbox 873 3451 1342 3523; x_wconf 84' lang='lat' dir='ltr'><strong>Augustinianam</strong></span> <span class='ocrx_word' id='word_1_427' title='bbox 1373 3457 1505 3505; x_wconf 89' lang='lat' dir='ltr'><strong>ante</strong></span> <span class='ocrx_word' id='word_1_428' title='bbox 1535 3452 1758 3506; x_wconf 87' lang='lat' dir='ltr'><strong>initium</strong></span> <span class='ocrx_word' id='word_1_429' title='bbox 1801 3454 1984 3524; x_wconf 90' lang='lat' dir='ltr'><strong>ponti-</strong></span> 
     </span>
    </p>
   </div>
   <div class='ocr_carea' id='block_1_65' title="bbox 386 3541 1982 3614">
    <p class='ocr_par' dir='ltr' id='par_1_65' title="bbox 386 3541 1982 3614">
     <span class='ocr_line' id='line_1_65' title="bbox 386 3541 1982 3614; baseline -0.003 -13"><span class='ocrx_word' id='word_1_430' title='bbox 386 3548 587 3601; x_wconf 80' lang='lat' dir='ltr'><strong>ﬁcatus</strong></span> <span class='ocrx_word' id='word_1_431' title='bbox 617 3543 874 3614; x_wconf 74' lang='lat' dir='ltr'><strong>Gregorii</strong></span> <span class='ocrx_word' id='word_1_432' title='bbox 920 3541 1042 3603; x_wconf 81' lang='lat' dir='ltr'><strong>Vll,</strong></span> <span class='ocrx_word' id='word_1_433' title='bbox 1086 3541 1191 3594; x_wconf 87' lang='lat' dir='ltr'><strong>hoc</strong></span> <span class='ocrx_word' id='word_1_434' title='bbox 1239 3546 1324 3594; x_wconf 92' lang='lat' dir='ltr'><strong>est</strong></span> <span class='ocrx_word' id='word_1_435' title='bbox 1369 3546 1500 3594; x_wconf 88' lang='lat' dir='ltr'><strong>ante</strong></span> <span class='ocrx_word' id='word_1_436' title='bbox 1529 3557 1740 3595; x_wconf 89' lang='lat' dir='ltr'><strong>annum</strong></span> <span class='ocrx_word' id='word_1_437' title='bbox 1773 3541 1982 3597; x_wconf 89' lang='lat' dir='ltr'><strong>Christi</strong></span> 
     </span>
    </p>
   </div>
   <div class='ocr_carea' id='block_1_66' title="bbox 381 3629 1983 3704">
    <p class='ocr_par' dir='ltr' id='par_1_66' title="bbox 381 3629 1983 3704">
     <span class='ocr_line' id='line_1_66' title="bbox 381 3629 1983 3704; baseline -0.002 -16"><span class='ocrx_word' id='word_1_438' title='bbox 381 3634 547 3699; x_wconf 68' lang='lat'><strong>4073,</strong></span> <span class='ocrx_word' id='word_1_439' title='bbox 576 3633 660 3688; x_wconf 91' lang='lat' dir='ltr'><strong>uti</strong></span> <span class='ocrx_word' id='word_1_440' title='bbox 688 3636 842 3704; x_wconf 89' lang='lat' dir='ltr'><strong>patet</strong></span> <span class='ocrx_word' id='word_1_441' title='bbox 870 3647 935 3684; x_wconf 79' lang='lat' dir='ltr'><strong>ex</strong></span> <span class='ocrx_word' id='word_1_442' title='bbox 981 3629 1218 3700; x_wconf 88' lang='lat' dir='ltr'><strong>epistola</strong></span> <span class='ocrx_word' id='word_1_443' title='bbox 1242 3629 1606 3693; x_wconf 87' lang='lat' dir='ltr'><strong>dedicatoria,</strong></span> <span class='ocrx_word' id='word_1_444' title='bbox 1638 3647 1762 3700; x_wconf 69' lang='lat' dir='ltr'><strong>quae</strong></span> <span class='ocrx_word' id='word_1_445' title='bbox 1783 3631 1983 3684; x_wconf 89' lang='lat' dir='ltr'><strong>Joanni</strong></span> 
     </span>
    </p>
   </div>
   <div class='ocr_carea' id='block_1_67' title="bbox 389 3717 1983 3790">
    <p class='ocr_par' dir='ltr' id='par_1_67' title="bbox 389 3717 1983 3790">
     <span class='ocr_line' id='line_1_67' title="bbox 389 3717 1983 3790; baseline -0.003 -12"><span class='ocrx_word' id='word_1_446' title='bbox 389 3722 580 3778; x_wconf 88' lang='lat' dir='ltr'><strong>abbati</strong></span> <span class='ocrx_word' id='word_1_447' title='bbox 624 3720 890 3790; x_wconf 90' lang='lat' dir='ltr'><strong>inscripta</strong></span> <span class='ocrx_word' id='word_1_448' title='bbox 912 3724 997 3773; x_wconf 92' lang='lat' dir='ltr'><strong>est</strong></span> <span class='ocrx_word' id='word_1_449' title='bbox 1015 3717 1116 3790; x_wconf 87' lang='lat'><strong>(3).</strong></span> <span class='ocrx_word' id='word_1_450' title='bbox 1154 3738 1175 3768; x_wconf 73' lang='grc' dir='ltr'><strong>ι</strong></span> <span class='ocrx_word' id='word_1_451' title='bbox 1200 3719 1374 3787; x_wconf 88' lang='lat' dir='ltr'><strong>Cujus</strong></span> <span class='ocrx_word' id='word_1_452' title='bbox 1395 3717 1609 3772; x_wconf 90' lang='lat' dir='ltr'><strong>obitum</strong></span> <span class='ocrx_word' id='word_1_453' title='bbox 1635 3719 1703 3773; x_wconf 84' lang='lat' dir='ltr'><strong>ad</strong></span> <span class='ocrx_word' id='word_1_454' title='bbox 1731 3720 1983 3790; x_wconf 87' lang='lat' dir='ltr'><strong>ejusdem</strong></span> 
     </span>
    </p>
   </div>
   <div class='ocr_carea' id='block_1_68' title="bbox 390 3807 1987 3878">
    <p class='ocr_par' dir='ltr' id='par_1_68' title="bbox 390 3807 1987 3878">
     <span class='ocr_line' id='line_1_68' title="bbox 390 3807 1987 3878; baseline -0.004 -10"><span class='ocrx_word' id='word_1_455' title='bbox 390 3811 525 3868; x_wconf 90' lang='lat' dir='ltr'><strong>anni</strong></span> <span class='ocrx_word' id='word_1_456' title='bbox 551 3809 699 3865; x_wconf 91' lang='lat' dir='ltr'><strong>diem</strong></span> <span class='ocrx_word' id='word_1_457' title='bbox 719 3821 798 3862; x_wconf 82' lang='lat' dir='ltr'><strong>xu</strong></span> <span class='ocrx_word' id='word_1_458' title='bbox 813 3808 946 3863; x_wconf 86' lang='lat' dir='ltr'><strong>Julii</strong></span> <span class='ocrx_word' id='word_1_459' title='bbox 970 3808 1092 3877; x_wconf 92' lang='lat' dir='ltr'><strong>ejus</strong></span> <span class='ocrx_word' id='word_1_460' title='bbox 1108 3812 1230 3860; x_wconf 87' lang='lat' dir='ltr'><strong>acta</strong></span> <span class='ocrx_word' id='word_1_461' title='bbox 1251 3807 1520 3870; x_wconf 75' lang='lat' dir='ltr'><strong>referunt,</strong></span> <span class='ocrx_word' id='word_1_462' title='bbox 1542 3808 1785 3878; x_wconf 89' lang='lat' dir='ltr'><strong>primum</strong></span> <span class='ocrx_word' id='word_1_463' title='bbox 1818 3807 1987 3862; x_wconf 87' lang='lat' dir='ltr'><strong>inter-</strong></span> 
     </span>
    </p>
   </div>
   <div class='ocr_carea' id='block_1_69' title="bbox 390 3896 1982 3972">
    <p class='ocr_par' dir='ltr' id='par_1_69' title="bbox 390 3896 1982 3972">
     <span class='ocr_line' id='line_1_69' title="bbox 390 3896 1982 3972; baseline -0.002 -17"><span class='ocrx_word' id='word_1_464' title='bbox 390 3901 580 3972; x_wconf 84' lang='lat' dir='ltr'><strong>polata</strong></span> <span class='ocrx_word' id='word_1_465' title='bbox 597 3915 630 3952; x_wconf 90' lang='lat' dir='ltr'><strong>a</strong></span> <span class='ocrx_word' id='word_1_466' title='bbox 647 3896 810 3952; x_wconf 93' lang='lat' dir='ltr'><strong>Surio</strong></span> <span class='ocrx_word' id='word_1_467' title='bbox 822 3897 1000 3966; x_wconf 88' lang='lat' dir='ltr'><strong>(torno</strong></span> <span class='ocrx_word' id='word_1_468' title='bbox 1021 3896 1137 3963; x_wconf 78' lang='grc' dir='ltr'><strong>ιν),</strong></span> <span class='ocrx_word' id='word_1_469' title='bbox 1162 3900 1354 3966; x_wconf 86' lang='lat' dir='ltr'><strong>postea</strong></span> <span class='ocrx_word' id='word_1_470' title='bbox 1393 3913 1524 3950; x_wconf 84' lang='lat' dir='ltr'><strong>vero</strong></span> <span class='ocrx_word' id='word_1_471' title='bbox 1547 3913 1580 3950; x_wconf 91' lang='lat' dir='ltr'><strong>a</strong></span> <span class='ocrx_word' id='word_1_472' title='bbox 1600 3903 1782 3952; x_wconf 87' lang='lat' dir='ltr'><strong>morte</strong></span> <span class='ocrx_word' id='word_1_473' title='bbox 1813 3898 1982 3952; x_wconf 88' lang='lat' dir='ltr'><strong>Lam-</strong></span> 
     </span>
    </p>
   </div>
   <div class='ocr_carea' id='block_1_70' title="bbox 386 3984 1445 4058">
    <p class='ocr_par' dir='ltr' id='par_1_70' title="bbox 386 3984 1445 4058">
     <span class='ocr_line' id='line_1_70' title="bbox 386 3984 1445 4058; baseline -0.005 -14"><span class='ocrx_word' id='word_1_474' title='bbox 386 3988 562 4044; x_wconf 88' lang='lat' dir='ltr'><strong>beccii</strong></span> <span class='ocrx_word' id='word_1_475' title='bbox 587 3987 831 4058; x_wconf 90' lang='lat' dir='ltr'><strong>genuine</strong></span> <span class='ocrx_word' id='word_1_476' title='bbox 852 3991 910 4040; x_wconf 93' lang='lat' dir='ltr'><strong>et</strong></span> <span class='ocrx_word' id='word_1_477' title='bbox 930 3985 1250 4056; x_wconf 87' lang='lat' dir='ltr'><strong>incorrupte</strong></span> <span class='ocrx_word' id='word_1_478' title='bbox 1279 3984 1445 4039; x_wconf 88' lang='lat' dir='ltr'><strong>edita.</strong></span> 
     </span>
    </p>
   </div>
   <div class='ocr_carea' id='block_1_71' title="bbox 459 4072 1984 4148">
    <p class='ocr_par' dir='ltr' id='par_1_71' title="bbox 459 4072 1984 4148">
     <span class='ocr_line' id='line_1_71' title="bbox 459 4072 1984 4148; baseline -0.002 -15"><span class='ocrx_word' id='word_1_479' title='bbox 459 4078 642 4148; x_wconf 78' lang='lat' dir='ltr'><strong>Hujus</strong></span> <span class='ocrx_word' id='word_1_480' title='bbox 669 4075 842 4147; x_wconf 88' lang='lat' dir='ltr'><strong>igitur</strong></span> <span class='ocrx_word' id='word_1_481' title='bbox 869 4074 1100 4130; x_wconf 87' lang='lat' dir='ltr'><strong>Joannis</strong></span> <span class='ocrx_word' id='word_1_482' title='bbox 1129 4072 1347 4128; x_wconf 89' lang='lat' dir='ltr'><strong>abbatis</strong></span> <span class='ocrx_word' id='word_1_483' title='bbox 1367 4073 1838 4130; x_wconf 82' lang='lat' dir='ltr'><strong>Vallumbrosiani</strong></span> <span class='ocrx_word' id='word_1_484' title='bbox 1871 4093 1984 4130; x_wconf 88' lang='lat' dir='ltr'><strong>ma-</strong></span> 
     </span>
    </p>
   </div>
   <div class='ocr_carea' id='block_1_72' title="bbox 385 4163 1985 4235">
    <p class='ocr_par' dir='ltr' id='par_1_72' title="bbox 385 4163 1985 4235">
     <span class='ocr_line' id='line_1_72' title="bbox 385 4163 1985 4235; baseline -0.004 -11"><span class='ocrx_word' id='word_1_485' title='bbox 385 4168 535 4224; x_wconf 82' lang='lat' dir='ltr'><strong>xime</strong></span> <span class='ocrx_word' id='word_1_486' title='bbox 566 4166 792 4220; x_wconf 89' lang='lat' dir='ltr'><strong>hortatu</strong></span> <span class='ocrx_word' id='word_1_487' title='bbox 836 4163 1306 4234; x_wconf 81' lang='lat' dir='ltr'><strong>Augustinianam</strong></span> <span class='ocrx_word' id='word_1_488' title='bbox 1342 4163 1508 4218; x_wconf 87' lang='lat' dir='ltr'><strong>istam</strong></span> <span class='ocrx_word' id='word_1_489' title='bbox 1539 4163 1822 4235; x_wconf 91' lang='lat' dir='ltr'><strong>epitomen</strong></span> <span class='ocrx_word' id='word_1_490' title='bbox 1853 4166 1985 4219; x_wconf 87' lang='lat' dir='ltr'><strong>scri-</strong></span> 
     </span>
    </p>
   </div>
   <div class='ocr_carea' id='block_1_73' title="bbox 387 4252 1984 4331">
    <p class='ocr_par' dir='ltr' id='par_1_73' title="bbox 387 4252 1984 4331">
     <span class='ocr_line' id='line_1_73' title="bbox 387 4252 1984 4331; baseline -0.003 -18"><span class='ocrx_word' id='word_1_491' title='bbox 387 4264 541 4331; x_wconf 89' lang='lat' dir='ltr'><strong>ptam</strong></span> <span class='ocrx_word' id='word_1_492' title='bbox 562 4255 737 4310; x_wconf 86' lang='lat' dir='ltr'><strong>fuisse</strong></span> <span class='ocrx_word' id='word_1_493' title='bbox 759 4253 1086 4309; x_wconf 89' lang='lat' dir='ltr'><strong>Lambeccio</strong></span> <span class='ocrx_word' id='word_1_494' title='bbox 1099 4252 1276 4306; x_wconf 91' lang='lat' dir='ltr'><strong>visum</strong></span> <span class='ocrx_word' id='word_1_495' title='bbox 1299 4259 1404 4317; x_wconf 92' lang='lat' dir='ltr'><strong>est,</strong></span> <span class='ocrx_word' id='word_1_496' title='bbox 1423 4269 1489 4308; x_wconf 93' lang='lat' dir='ltr'><strong>eo</strong></span> <span class='ocrx_word' id='word_1_497' title='bbox 1507 4253 1654 4324; x_wconf 91' lang='lat' dir='ltr'><strong>quod</strong></span> <span class='ocrx_word' id='word_1_498' title='bbox 1670 4253 1724 4308; x_wconf 92' lang='lat' dir='ltr'><strong>in</strong></span> <span class='ocrx_word' id='word_1_499' title='bbox 1746 4253 1984 4325; x_wconf 91' lang='lat' dir='ltr'><strong>epistola</strong></span> 
     </span>
    </p>
   </div>
   <div class='ocr_carea' id='block_1_74' title="bbox 2071 3089 3639 3163">
    <p class='ocr_par' dir='ltr' id='par_1_74' title="bbox 2071 3089 3639 3163">
     <span class='ocr_line' id='line_1_74' title="bbox 2071 3089 3639 3163; baseline 0.002 -21"><span class='ocrx_word' id='word_1_500' title='bbox 2071 3089 2177 3160; x_wconf 90' lang='lat' dir='ltr'><strong>ipsi</strong></span> <span class='ocrx_word' id='word_1_501' title='bbox 2217 3097 2410 3146; x_wconf 87' lang='lat' dir='ltr'><strong>sancto</strong></span> <span class='ocrx_word' id='word_1_502' title='bbox 2440 3093 2628 3148; x_wconf 89' lang='lat' dir='ltr'><strong>abbati</strong></span> <span class='ocrx_word' id='word_1_503' title='bbox 2667 3094 2891 3160; x_wconf 87' lang='lat' dir='ltr'><strong>Joanni,</strong></span> <span class='ocrx_word' id='word_1_504' title='bbox 2915 3095 2994 3149; x_wconf 91' lang='lat' dir='ltr'><strong>sic</strong></span> <span class='ocrx_word' id='word_1_505' title='bbox 3017 3095 3191 3151; x_wconf 86' lang='lat' dir='ltr'><strong>etiam</strong></span> <span class='ocrx_word' id='word_1_506' title='bbox 3235 3095 3422 3150; x_wconf 88' lang='lat' dir='ltr'><strong>amicis</strong></span> <span class='ocrx_word' id='word_1_507' title='bbox 3459 3095 3567 3163; x_wconf 91' lang='lat' dir='ltr'><strong>ejus</strong></span> <span class='ocrx_word' id='word_1_508' title='bbox 3592 3099 3639 3146; x_wconf 89' lang='lat' dir='ltr'><strong>et</strong></span> 
     </span>
    </p>
   </div>
   <div class='ocr_carea' id='block_1_75' title="bbox 2070 3178 3640 3256">
    <p class='ocr_par' dir='ltr' id='par_1_75' title="bbox 2070 3178 3640 3256">
     <span class='ocr_line' id='line_1_75' title="bbox 2070 3178 3640 3256; baseline 0.002 -24"><span class='ocrx_word' id='word_1_509' title='bbox 2070 3178 2358 3251; x_wconf 89' lang='lat' dir='ltr'><strong>discipulis</strong></span> <span class='ocrx_word' id='word_1_510' title='bbox 2399 3186 2456 3236; x_wconf 90' lang='lat' dir='ltr'><strong>et</strong></span> <span class='ocrx_word' id='word_1_511' title='bbox 2504 3183 2782 3254; x_wconf 67' lang='lat' dir='ltr'><strong>praecipue</strong></span> <span class='ocrx_word' id='word_1_512' title='bbox 2827 3185 3055 3256; x_wconf 88' lang='lat' dir='ltr'><strong>quidem</strong></span> <span class='ocrx_word' id='word_1_513' title='bbox 3100 3185 3370 3241; x_wconf 88' lang='lat' dir='ltr'><strong>Bonizoni</strong></span> <span class='ocrx_word' id='word_1_514' title='bbox 3399 3188 3640 3256; x_wconf 88' lang='lat' dir='ltr'><strong>perpetua</strong></span> 
     </span>
    </p>
   </div>
   <div class='ocr_carea' id='block_1_76' title="bbox 2068 3267 3045 3344">
    <p class='ocr_par' dir='ltr' id='par_1_76' title="bbox 2068 3267 3045 3344">
     <span class='ocr_line' id='line_1_76' title="bbox 2068 3267 3045 3344; baseline 0.005 -23"><span class='ocrx_word' id='word_1_515' title='bbox 2068 3267 2254 3322; x_wconf 83' lang='lat' dir='ltr'><strong>fuerat</strong></span> <span class='ocrx_word' id='word_1_516' title='bbox 2276 3271 2721 3344; x_wconf 85' lang='lat' dir='ltr'><strong>gravissimaque</strong></span> <span class='ocrx_word' id='word_1_517' title='bbox 2739 3273 3045 3328; x_wconf 89' lang='lat' dir='ltr'><strong>contentio.</strong></span> 
     </span>
    </p>
   </div>
   <div class='ocr_carea' id='block_1_77' title="bbox 2145 3358 3637 3432">
    <p class='ocr_par' dir='ltr' id='par_1_77' title="bbox 2145 3358 3637 3432">
     <span class='ocr_line' id='line_1_77' title="bbox 2145 3358 3637 3432; baseline 0.001 -20"><span class='ocrx_word' id='word_1_518' title='bbox 2145 3358 2422 3413; x_wconf 72' lang='lat' dir='ltr'><strong>Caeterum</strong></span> <span class='ocrx_word' id='word_1_519' title='bbox 2449 3366 2598 3416; x_wconf 83' lang='lat' dir='ltr'><strong>recte</strong></span> <span class='ocrx_word' id='word_1_520' title='bbox 2615 3362 2828 3432; x_wconf 89' lang='lat' dir='ltr'><strong>colligit</strong></span> <span class='ocrx_word' id='word_1_521' title='bbox 2853 3362 2932 3416; x_wconf 87' lang='lat' dir='ltr'><strong>vir</strong></span> <span class='ocrx_word' id='word_1_522' title='bbox 2948 3363 3043 3417; x_wconf 92' lang='lat' dir='ltr'><strong>ille</strong></span> <span class='ocrx_word' id='word_1_523' title='bbox 3074 3364 3436 3428; x_wconf 84' lang='lat' dir='ltr'><strong>clarissimus,</strong></span> <span class='ocrx_word' id='word_1_524' title='bbox 3458 3378 3572 3417; x_wconf 90' lang='lat' dir='ltr'><strong>cum</strong></span> <span class='ocrx_word' id='word_1_525' title='bbox 3590 3359 3637 3414; x_wconf 91' lang='lat' dir='ltr'><strong>in</strong></span> 
     </span>
    </p>
   </div>
   <div class='ocr_carea' id='block_1_78' title="bbox 2069 3449 3637 3525">
    <p class='ocr_par' dir='ltr' id='par_1_78' title="bbox 2069 3449 3637 3525">
     <span class='ocr_line' id='line_1_78' title="bbox 2069 3449 3637 3525; baseline 0.001 -24"><span class='ocrx_word' id='word_1_526' title='bbox 2069 3464 2136 3502; x_wconf 90' lang='lat' dir='ltr'><strong>ea</strong></span> <span class='ocrx_word' id='word_1_527' title='bbox 2183 3449 2507 3520; x_wconf 63' lang='lat' dir='ltr'><strong>praefatione</strong></span> <span class='ocrx_word' id='word_1_528' title='bbox 2554 3451 2695 3504; x_wconf 89' lang='lat' dir='ltr'><strong>nihil</strong></span> <span class='ocrx_word' id='word_1_529' title='bbox 2745 3458 3112 3516; x_wconf 91' lang='lat' dir='ltr'><strong>memoretur,</strong></span> <span class='ocrx_word' id='word_1_530' title='bbox 3151 3454 3302 3525; x_wconf 88' lang='lat' dir='ltr'><strong>quod</strong></span> <span class='ocrx_word' id='word_1_531' title='bbox 3332 3453 3637 3508; x_wconf 86' lang='lat' dir='ltr'><strong>Bonizonem</strong></span> 
     </span>
    </p>
   </div>
   <div class='ocr_carea' id='block_1_79' title="bbox 2067 3537 3635 3613">
    <p class='ocr_par' dir='ltr' id='par_1_79' title="bbox 2067 3537 3635 3613">
     <span class='ocr_line' id='line_1_79' title="bbox 2067 3537 3635 3613; baseline -0.001 -22"><span class='ocrx_word' id='word_1_532' title='bbox 2067 3537 2153 3591; x_wconf 87' lang='lat' dir='ltr'><strong>vel</strong></span> <span class='ocrx_word' id='word_1_533' title='bbox 2181 3537 2504 3608; x_wconf 88' lang='lat' dir='ltr'><strong>episcopum</strong></span> <span class='ocrx_word' id='word_1_534' title='bbox 2536 3539 2620 3593; x_wconf 86' lang='lat' dir='ltr'><strong>vel</strong></span> <span class='ocrx_word' id='word_1_535' title='bbox 2646 3540 2895 3595; x_wconf 83' lang='lat' dir='ltr'><strong>exsulem</strong></span> <span class='ocrx_word' id='word_1_536' title='bbox 2940 3540 3174 3608; x_wconf 86' lang='lat' dir='ltr'><strong>indicet,</strong></span> <span class='ocrx_word' id='word_1_537' title='bbox 3201 3559 3331 3597; x_wconf 91' lang='lat' dir='ltr'><strong>eum</strong></span> <span class='ocrx_word' id='word_1_538' title='bbox 3361 3559 3492 3613; x_wconf 90' lang='lat' dir='ltr'><strong>opus</strong></span> <span class='ocrx_word' id='word_1_539' title='bbox 3515 3538 3635 3594; x_wconf 90' lang='lat' dir='ltr'><strong>illud</strong></span> 
     </span>
    </p>
   </div>
   <div class='ocr_carea' id='block_1_80' title="bbox 2066 3627 3634 3701">
    <p class='ocr_par' dir='ltr' id='par_1_80' title="bbox 2066 3627 3634 3701">
     <span class='ocr_line' id='line_1_80' title="bbox 2066 3627 3634 3701; baseline 0.001 -22"><span class='ocrx_word' id='word_1_540' title='bbox 2066 3627 2222 3696; x_wconf 93' lang='lat' dir='ltr'><strong>prius</strong></span> <span class='ocrx_word' id='word_1_541' title='bbox 2248 3643 2418 3696; x_wconf 91' lang='lat' dir='ltr'><strong>quam</strong></span> <span class='ocrx_word' id='word_1_542' title='bbox 2452 3627 2506 3681; x_wconf 91' lang='lat' dir='ltr'><strong>in</strong></span> <span class='ocrx_word' id='word_1_543' title='bbox 2535 3628 2857 3701; x_wconf 89' lang='lat' dir='ltr'><strong>episc0pum</strong></span> <span class='ocrx_word' id='word_1_544' title='bbox 2889 3630 3188 3686; x_wconf 90' lang='lat' dir='ltr'><strong>Sutrinum</strong></span> <span class='ocrx_word' id='word_1_545' title='bbox 3218 3633 3424 3686; x_wconf 89' lang='lat' dir='ltr'><strong>electus</strong></span> <span class='ocrx_word' id='word_1_546' title='bbox 3443 3630 3634 3692; x_wconf 83' lang='lat' dir='ltr'><strong>fuisset,</strong></span> 
     </span>
    </p>
   </div>
   <div class='ocr_carea' id='block_1_81' title="bbox 2067 3715 2465 3786">
    <p class='ocr_par' dir='ltr' id='par_1_81' title="bbox 2067 3715 2465 3786">
     <span class='ocr_line' id='line_1_81' title="bbox 2067 3715 2465 3786; baseline 0.005 -19"><span class='ocrx_word' id='word_1_547' title='bbox 2067 3715 2465 3786; x_wconf 86' lang='lat' dir='ltr'><strong>composuisse.</strong></span> 
     </span>
    </p>
   </div>
   <div class='ocr_carea' id='block_1_82' title="bbox 2138 3805 3638 3882">
    <p class='ocr_par' dir='ltr' id='par_1_82' title="bbox 2138 3805 3638 3882">
     <span class='ocr_line' id='line_1_82' title="bbox 2138 3805 3638 3882; baseline 0.001 -24"><span class='ocrx_word' id='word_1_548' title='bbox 2138 3805 2223 3858; x_wconf 85' lang='lat' dir='ltr'><strong>An</strong></span> <span class='ocrx_word' id='word_1_549' title='bbox 2255 3822 2385 3860; x_wconf 86' lang='lat' dir='ltr'><strong>vero</strong></span> <span class='ocrx_word' id='word_1_550' title='bbox 2414 3805 2617 3861; x_wconf 87' lang='lat' dir='ltr'><strong>Bonizo</strong></span> <span class='ocrx_word' id='word_1_551' title='bbox 2638 3806 2877 3863; x_wconf 73' lang='lat' dir='ltr'><strong>abbatize</strong></span> <span class='ocrx_word' id='word_1_552' title='bbox 2918 3809 2974 3865; x_wconf 91' lang='lat' dir='ltr'><strong>S.</strong></span> <span class='ocrx_word' id='word_1_553' title='bbox 3004 3809 3159 3864; x_wconf 89' lang='lat' dir='ltr'><strong>Petri</strong></span> <span class='ocrx_word' id='word_1_554' title='bbox 3197 3811 3267 3866; x_wconf 91' lang='lat' dir='ltr'><strong>de</strong></span> <span class='ocrx_word' id='word_1_555' title='bbox 3305 3812 3526 3882; x_wconf 87' lang='lat' dir='ltr'><strong>Campo,</strong></span> <span class='ocrx_word' id='word_1_556' title='bbox 3553 3809 3638 3862; x_wconf 83' lang='lat' dir='ltr'><strong>Pe-</strong></span> 
     </span>
    </p>
   </div>
   <div class='ocr_carea' id='block_1_83' title="bbox 2065 3893 3636 3972">
    <p class='ocr_par' dir='ltr' id='par_1_83' title="bbox 2065 3893 3636 3972">
     <span class='ocr_line' id='line_1_83' title="bbox 2065 3893 3636 3972; baseline 0.002 -25"><span class='ocrx_word' id='word_1_557' title='bbox 2065 3893 2222 3960; x_wconf 88' lang='lat' dir='ltr'><strong>rusii,</strong></span> <span class='ocrx_word' id='word_1_558' title='bbox 2257 3900 2378 3949; x_wconf 89' lang='lat' dir='ltr'><strong>tum</strong></span> <span class='ocrx_word' id='word_1_559' title='bbox 2409 3897 2679 3968; x_wconf 90' lang='lat' dir='ltr'><strong>temporis</strong></span> <span class='ocrx_word' id='word_1_560' title='bbox 2707 3898 3011 3969; x_wconf 72' lang='lat' dir='ltr'><strong>prmfuerit,</strong></span> <span class='ocrx_word' id='word_1_561' title='bbox 3053 3906 3112 3955; x_wconf 91' lang='lat' dir='ltr'><strong>et</strong></span> <span class='ocrx_word' id='word_1_562' title='bbox 3159 3901 3232 3956; x_wconf 86' lang='lat' dir='ltr'><strong>ad</strong></span> <span class='ocrx_word' id='word_1_563' title='bbox 3274 3902 3452 3972; x_wconf 87' lang='lat' dir='ltr'><strong>ipsum</strong></span> <span class='ocrx_word' id='word_1_564' title='bbox 3483 3896 3636 3970; x_wconf 87' lang='lat' dir='ltr'><strong>perti-</strong></span> 
     </span>
    </p>
   </div>
   <div class='ocr_carea' id='block_1_84' title="bbox 2063 3986 3635 4057">
    <p class='ocr_par' dir='ltr' id='par_1_84' title="bbox 2063 3986 3635 4057">
     <span class='ocr_line' id='line_1_84' title="bbox 2063 3986 3635 4057; baseline 0.003 -21"><span class='ocrx_word' id='word_1_565' title='bbox 2063 3989 2255 4048; x_wconf 89' lang='lat' dir='ltr'><strong>neant,</strong></span> <span class='ocrx_word' id='word_1_566' title='bbox 2289 4001 2411 4056; x_wconf 69' lang='lat' dir='ltr'><strong>qum</strong></span> <span class='ocrx_word' id='word_1_567' title='bbox 2458 4002 2522 4039; x_wconf 81' lang='lat' dir='ltr'><strong>ex</strong></span> <span class='ocrx_word' id='word_1_568' title='bbox 2565 3987 2771 4057; x_wconf 90' lang='lat' dir='ltr'><strong>placito</strong></span> <span class='ocrx_word' id='word_1_569' title='bbox 2815 4004 2965 4043; x_wconf 88' lang='lat' dir='ltr'><strong>anno</strong></span> <span class='ocrx_word' id='word_1_570' title='bbox 3008 3986 3166 4057; x_wconf 81' lang='lat'><strong>1072,</strong></span> <span class='ocrx_word' id='word_1_571' title='bbox 3209 3991 3358 4047; x_wconf 88' lang='lat' dir='ltr'><strong>inter</strong></span> <span class='ocrx_word' id='word_1_572' title='bbox 3403 3988 3635 4044; x_wconf 88' lang='lat' dir='ltr'><strong>abbatem</strong></span> 
     </span>
    </p>
   </div>
   <div class='ocr_carea' id='block_1_85' title="bbox 2065 4073 3638 4150">
    <p class='ocr_par' dir='ltr' id='par_1_85' title="bbox 2065 4073 3638 4150">
     <span class='ocr_line' id='line_1_85' title="bbox 2065 4073 3638 4150; baseline 0.002 -24"><span class='ocrx_word' id='word_1_573' title='bbox 2065 4073 2234 4142; x_wconf 87' lang='lat' dir='ltr'><strong>hujus</strong></span> <span class='ocrx_word' id='word_1_574' title='bbox 2257 4074 2500 4128; x_wconf 90' lang='lat' dir='ltr'><strong>nominis</strong></span> <span class='ocrx_word' id='word_1_575' title='bbox 2529 4081 2586 4129; x_wconf 93' lang='lat' dir='ltr'><strong>et</strong></span> <span class='ocrx_word' id='word_1_576' title='bbox 2605 4075 2865 4130; x_wconf 87' lang='lat' dir='ltr'><strong>Maurum</strong></span> <span class='ocrx_word' id='word_1_577' title='bbox 2886 4076 2956 4130; x_wconf 92' lang='lat' dir='ltr'><strong>de</strong></span> <span class='ocrx_word' id='word_1_578' title='bbox 2972 4078 3184 4148; x_wconf 75' lang='lat' dir='ltr'><strong>praedio</strong></span> <span class='ocrx_word' id='word_1_579' title='bbox 3197 4079 3436 4150; x_wconf 89' lang='lat' dir='ltr'><strong>quodam</strong></span> <span class='ocrx_word' id='word_1_580' title='bbox 3450 4078 3502 4132; x_wconf 92' lang='lat' dir='ltr'><strong>in</strong></span> <span class='ocrx_word' id='word_1_581' title='bbox 3519 4092 3638 4148; x_wconf 68' lang='lat' dir='ltr'><strong>pra:-</strong></span> 
     </span>
    </p>
   </div>
   <div class='ocr_carea' id='block_1_86' title="bbox 2065 4163 3640 4238">
    <p class='ocr_par' dir='ltr' id='par_1_86' title="bbox 2065 4163 3640 4238">
     <span class='ocr_line' id='line_1_86' title="bbox 2065 4163 3640 4238; baseline 0.001 -22"><span class='ocrx_word' id='word_1_582' title='bbox 2065 4163 2247 4216; x_wconf 90' lang='lat' dir='ltr'><strong>sentia</strong></span> <span class='ocrx_word' id='word_1_583' title='bbox 2268 4163 2539 4217; x_wconf 75' lang='lat' dir='ltr'><strong>Boatricis</strong></span> <span class='ocrx_word' id='word_1_584' title='bbox 2565 4163 2721 4217; x_wconf 91' lang='lat' dir='ltr'><strong>ducis</strong></span> <span class='ocrx_word' id='word_1_585' title='bbox 2741 4169 2799 4218; x_wconf 89' lang='lat' dir='ltr'><strong>et</strong></span> <span class='ocrx_word' id='word_1_586' title='bbox 2818 4165 3106 4221; x_wconf 86' lang='lat' dir='ltr'><strong>Mathildis</strong></span> <span class='ocrx_word' id='word_1_587' title='bbox 3127 4168 3469 4238; x_wconf 87' lang='lat' dir='ltr'><strong>paciscentes</strong></span> <span class='ocrx_word' id='word_1_588' title='bbox 3487 4163 3640 4222; x_wconf 82' lang='lat' dir='ltr'><strong>refert</strong></span> 
     </span>
    </p>
   </div>
   <div class='ocr_carea' id='block_1_87' title="bbox 2065 4249 3639 4325">
    <p class='ocr_par' dir='ltr' id='par_1_87' title="bbox 2065 4249 3639 4325">
     <span class='ocr_line' id='line_1_87' title="bbox 2065 4249 3639 4325; baseline 0 -21"><span class='ocrx_word' id='word_1_589' title='bbox 2065 4249 2299 4305; x_wconf 86' lang='lat' dir='ltr'><strong>illustris</strong></span> <span class='ocrx_word' id='word_1_590' title='bbox 2326 4251 2670 4306; x_wconf 87' lang='lat' dir='ltr'><strong>Muratorius</strong></span> <span class='ocrx_word' id='word_1_591' title='bbox 2686 4250 2782 4322; x_wconf 79' lang='grc'><strong>(4),</strong></span> <span class='ocrx_word' id='word_1_592' title='bbox 2806 4253 2895 4319; x_wconf 91' lang='lat' dir='ltr'><strong>iis,</strong></span> <span class='ocrx_word' id='word_1_593' title='bbox 2919 4253 3015 4325; x_wconf 87' lang='lat' dir='ltr'><strong>qui</strong></span> <span class='ocrx_word' id='word_1_594' title='bbox 3045 4255 3182 4311; x_wconf 89' lang='lat' dir='ltr'><strong>locis</strong></span> <span class='ocrx_word' id='word_1_595' title='bbox 3213 4254 3568 4312; x_wconf 87' lang='lat' dir='ltr'><strong>controversis</strong></span> <span class='ocrx_word' id='word_1_596' title='bbox 3589 4256 3639 4306; x_wconf 92' lang='lat' dir='ltr'><strong>et</strong></span> 
     </span>
    </p>
   </div>
   <div class='ocr_carea' id='block_1_88' title="bbox 384 4341 3636 4416">
    <p class='ocr_par' dir='ltr' id='par_1_88' title="bbox 384 4341 3636 4416">
     <span class='ocr_line' id='line_1_88' title="bbox 384 4341 3636 4416; baseline -0.003 -12"><span class='ocrx_word' id='word_1_597' title='bbox 384 4343 795 4416; x_wconf 81' lang='lat' dir='ltr'><strong>nuncupatoria</strong></span> <span class='ocrx_word' id='word_1_598' title='bbox 815 4359 1077 4414; x_wconf 85' lang='lat' dir='ltr'><strong>expresse</strong></span> <span class='ocrx_word' id='word_1_599' title='bbox 1097 4342 1321 4412; x_wconf 88' lang='lat' dir='ltr'><strong>legatur</strong></span> <span class='ocrx_word' id='word_1_600' title='bbox 1345 4362 1366 4393; x_wconf 81' lang='grc' dir='ltr'>ι</span> <span class='ocrx_word' id='word_1_601' title='bbox 1399 4342 1842 4414; x_wconf 89' lang='lat' dir='ltr'><strong>ipsiinsudatum</strong></span> <span class='ocrx_word' id='word_1_602' title='bbox 1855 4361 1978 4398; x_wconf 83' lang='lat' dir='ltr'><strong>esse</strong></span> <span class='ocrx_word' id='word_1_603' title='bbox 1997 4405 2040 4416; x_wconf 85' lang='lat'><strong><em>_</em></strong></span> <span class='ocrx_word' id='word_1_604' title='bbox 2064 4341 2446 4395; x_wconf 88' lang='lat' dir='ltr'><strong>monumentis</strong></span> <span class='ocrx_word' id='word_1_605' title='bbox 2484 4358 2679 4396; x_wconf 89' lang='lat' dir='ltr'><strong>eorum</strong></span> <span class='ocrx_word' id='word_1_606' title='bbox 2715 4341 3007 4398; x_wconf 89' lang='lat' dir='ltr'><strong>viciniores</strong></span> <span class='ocrx_word' id='word_1_607' title='bbox 3037 4351 3218 4416; x_wconf 86' lang='lat' dir='ltr'><strong>agunt</strong></span> <span class='ocrx_word' id='word_1_608' title='bbox 3245 4342 3636 4402; x_wconf 87' lang='lat' dir='ltr'><strong>discutiendum</strong></span> 
     </span>
    </p>
   </div>
   <div class='ocr_carea' id='block_1_89' title="bbox 384 4405 2454 4504">
    <p class='ocr_par' dir='ltr' id='par_1_89' title="bbox 384 4405 2454 4504">
     <span class='ocr_line' id='line_1_89' title="bbox 384 4405 2454 4504; baseline -0.004 -11"><span class='ocrx_word' id='word_1_609' title='bbox 384 4434 535 4492; x_wconf 87' lang='lat' dir='ltr'><strong>istud</strong></span> <span class='ocrx_word' id='word_1_610' title='bbox 557 4405 716 4504; x_wconf 64' lang='lat' dir='ltr'><strong>opus,</strong></span> <span class='ocrx_word' id='word_1_611' title='bbox 751 4452 773 4482; x_wconf 73' lang='grc' dir='ltr'>ι</span> <span class='ocrx_word' id='word_1_612' title='bbox 798 4405 905 4486; x_wconf 74' lang='lat' dir='ltr'><strong>hoc</strong></span> <span class='ocrx_word' id='word_1_613' title='bbox 923 4437 1103 4497; x_wconf 89' lang='lat' dir='ltr'><strong>est,ut</strong></span> <span class='ocrx_word' id='word_1_614' title='bbox 1123 4405 1241 4500; x_wconf 68' lang='lat' dir='ltr'><strong>ipse</strong></span> <span class='ocrx_word' id='word_1_615' title='bbox 1265 4405 1690 4502; x_wconf 79' lang='lat' dir='ltr'><strong>interpretatur,</strong></span> <span class='ocrx_word' id='word_1_616' title='bbox 1723 4451 1750 4482; x_wconf 82' lang='grc'>«</span> <span class='ocrx_word' id='word_1_617' title='bbox 1783 4449 1977 4488; x_wconf 89' lang='lat' dir='ltr'><strong>secun-</strong></span> <span class='ocrx_word' id='word_1_618' title='bbox 1997 4405 2046 4465; x_wconf 68' lang='grc' dir='ltr'>Β</span> <span class='ocrx_word' id='word_1_619' title='bbox 2065 4429 2454 4501; x_wconf 86' lang='lat' dir='ltr'><strong>relinquimus.</strong></span> 
     </span>
    </p>
   </div>
   <div class='ocr_carea' id='block_1_90' title="bbox 385 4519 1976 4596">
    <p class='ocr_par' dir='ltr' id='par_1_90' title="bbox 385 4519 1976 4596">
     <span class='ocr_line' id='line_1_90' title="bbox 385 4519 1976 4596; baseline -0.004 -14"><span class='ocrx_word' id='word_1_620' title='bbox 385 4527 520 4582; x_wconf 90' lang='lat' dir='ltr'><strong>dum</strong></span> <span class='ocrx_word' id='word_1_621' title='bbox 549 4523 725 4596; x_wconf 91' lang='lat' dir='ltr'><strong>ipsius</strong></span> <span class='ocrx_word' id='word_1_622' title='bbox 753 4519 1098 4575; x_wconf 90' lang='lat' dir='ltr'><strong>voluntatem</strong></span> <span class='ocrx_word' id='word_1_623' title='bbox 1130 4523 1186 4572; x_wconf 91' lang='lat' dir='ltr'><strong>et</strong></span> <span class='ocrx_word' id='word_1_624' title='bbox 1212 4519 1270 4574; x_wconf 92' lang='lat' dir='ltr'><strong>in</strong></span> <span class='ocrx_word' id='word_1_625' title='bbox 1302 4519 1480 4588; x_wconf 87' lang='lat' dir='ltr'><strong>ipsius</strong></span> <span class='ocrx_word' id='word_1_626' title='bbox 1506 4537 1670 4575; x_wconf 88' lang='lat' dir='ltr'><strong>usum</strong></span> <span class='ocrx_word' id='word_1_627' title='bbox 1702 4537 1814 4575; x_wconf 91' lang='lat' dir='ltr'><strong>non</strong></span> <span class='ocrx_word' id='word_1_628' title='bbox 1845 4522 1976 4577; x_wconf 88' lang='lat' dir='ltr'><strong>abs-</strong></span> 
     </span>
    </p>
   </div>
   <div class='ocr_carea' id='block_1_91' title="bbox 382 4607 1976 4688">
    <p class='ocr_par' dir='ltr' id='par_1_91' title="bbox 382 4607 1976 4688">
     <span class='ocr_line' id='line_1_91' title="bbox 382 4607 1976 4688; baseline -0.004 -16"><span class='ocrx_word' id='word_1_629' title='bbox 382 4632 491 4688; x_wconf 87' lang='lat' dir='ltr'><strong>que</strong></span> <span class='ocrx_word' id='word_1_630' title='bbox 527 4613 732 4669; x_wconf 90' lang='lat' dir='ltr'><strong>sudore</strong></span> <span class='ocrx_word' id='word_1_631' title='bbox 771 4607 910 4680; x_wconf 71' lang='lat' dir='ltr'><strong>illud</strong></span> <span class='ocrx_word' id='word_1_632' title='bbox 940 4625 1006 4662; x_wconf 79' lang='lat' dir='ltr'><strong>ex</strong></span> <span class='ocrx_word' id='word_1_633' title='bbox 1037 4607 1296 4662; x_wconf 91' lang='lat' dir='ltr'><strong>omnibus</strong></span> <span class='ocrx_word' id='word_1_634' title='bbox 1326 4609 1384 4664; x_wconf 93' lang='lat' dir='ltr'><strong>S.</strong></span> <span class='ocrx_word' id='word_1_635' title='bbox 1417 4609 1722 4680; x_wconf 86' lang='lat' dir='ltr'><strong>Augustini</strong></span> <span class='ocrx_word' id='word_1_636' title='bbox 1749 4611 1976 4683; x_wconf 89' lang='lat' dir='ltr'><strong>scriptis</strong></span> 
     </span>
    </p>
   </div>
   <div class='ocr_carea' id='block_1_92' title="bbox 380 4696 1402 4760">
    <p class='ocr_par' dir='ltr' id='par_1_92' title="bbox 380 4696 1402 4760">
     <span class='ocr_line' id='line_1_92' title="bbox 380 4696 1402 4760; baseline -0.01 0"><span class='ocrx_word' id='word_1_637' title='bbox 380 4705 679 4760; x_wconf 89' lang='lat' dir='ltr'><strong>collectum</strong></span> <span class='ocrx_word' id='word_1_638' title='bbox 717 4704 774 4755; x_wconf 91' lang='lat' dir='ltr'><strong>et</strong></span> <span class='ocrx_word' id='word_1_639' title='bbox 802 4696 1148 4753; x_wconf 88' lang='lat' dir='ltr'><strong>elaboratum</strong></span> <span class='ocrx_word' id='word_1_640' title='bbox 1188 4713 1338 4755; x_wconf 88' lang='lat' dir='ltr'><strong>esse.</strong></span> <span class='ocrx_word' id='word_1_641' title='bbox 1377 4717 1402 4750; x_wconf 87' lang='grc'><strong>››</strong></span> 
     </span>
    </p>
   </div>
   <div class='ocr_carea' id='block_1_93' title="bbox 452 4786 1975 4858">
    <p class='ocr_par' dir='ltr' id='par_1_93' title="bbox 452 4786 1975 4858">
     <span class='ocr_line' id='line_1_93' title="bbox 452 4786 1975 4858; baseline -0.003 -9"><span class='ocrx_word' id='word_1_642' title='bbox 452 4794 588 4849; x_wconf 85' lang='lat' dir='ltr'><strong>Erat</strong></span> <span class='ocrx_word' id='word_1_643' title='bbox 613 4794 824 4855; x_wconf 89' lang='lat' dir='ltr'><strong>autem,</strong></span> <span class='ocrx_word' id='word_1_644' title='bbox 865 4791 930 4842; x_wconf 91' lang='lat' dir='ltr'><strong>ut</strong></span> <span class='ocrx_word' id='word_1_645' title='bbox 971 4786 1143 4841; x_wconf 87' lang='lat' dir='ltr'><strong>semel</strong></span> <span class='ocrx_word' id='word_1_646' title='bbox 1187 4787 1293 4841; x_wconf 88' lang='lat' dir='ltr'><strong>hoc</strong></span> <span class='ocrx_word' id='word_1_647' title='bbox 1328 4803 1611 4858; x_wconf 87' lang='lat' dir='ltr'><strong>moneam,</strong></span> <span class='ocrx_word' id='word_1_648' title='bbox 1660 4788 1867 4844; x_wconf 88' lang='lat' dir='ltr'><strong>Bonizo</strong></span> <span class='ocrx_word' id='word_1_649' title='bbox 1892 4791 1975 4844; x_wconf 87' lang='lat' dir='ltr'><strong>vir</strong></span> 
     </span>
    </p>
   </div>
   <div class='ocr_carea' id='block_1_94' title="bbox 375 4875 1968 4955">
    <p class='ocr_par' dir='ltr' id='par_1_94' title="bbox 375 4875 1968 4955">
     <span class='ocr_line' id='line_1_94' title="bbox 375 4875 1968 4955; baseline -0.002 -17"><span class='ocrx_word' id='word_1_650' title='bbox 375 4898 478 4955; x_wconf 92' lang='lat' dir='ltr'><strong>pro</strong></span> <span class='ocrx_word' id='word_1_651' title='bbox 492 4880 696 4937; x_wconf 80' lang='lat' dir='ltr'><strong>saeculo</strong></span> <span class='ocrx_word' id='word_1_652' title='bbox 709 4894 812 4933; x_wconf 92' lang='lat' dir='ltr'><strong>suo</strong></span> <span class='ocrx_word' id='word_1_653' title='bbox 831 4893 944 4932; x_wconf 91' lang='lat' dir='ltr'><strong>non</strong></span> <span class='ocrx_word' id='word_1_654' title='bbox 961 4875 1341 4948; x_wconf 86' lang='lat' dir='ltr'><strong>perfunctorie</strong></span> <span class='ocrx_word' id='word_1_655' title='bbox 1357 4877 1755 4944; x_wconf 66' lang='lat' dir='ltr'><strong>eruditus,vitae</strong></span> <span class='ocrx_word' id='word_1_656' title='bbox 1778 4880 1968 4945; x_wconf 90' lang='lat' dir='ltr'><strong>etiam,</strong></span> 
     </span>
    </p>
   </div>
   <div class='ocr_carea' id='block_1_95' title="bbox 377 4963 1970 5045">
    <p class='ocr_par' dir='ltr' id='par_1_95' title="bbox 377 4963 1970 5045">
     <span class='ocr_line' id='line_1_95' title="bbox 377 4963 1970 5045; baseline -0.003 -16"><span class='ocrx_word' id='word_1_657' title='bbox 377 4989 501 5045; x_wconf 66' lang='lat' dir='ltr'><strong>quae</strong></span> <span class='ocrx_word' id='word_1_658' title='bbox 527 4969 754 5043; x_wconf 91' lang='lat' dir='ltr'><strong>quidem</strong></span> <span class='ocrx_word' id='word_1_659' title='bbox 785 4982 1010 5024; x_wconf 80' lang='lat' dir='ltr'><strong>tuorum</strong></span> <span class='ocrx_word' id='word_1_660' title='bbox 1055 4970 1114 5019; x_wconf 85' lang='lat' dir='ltr'><strong>et</strong></span> <span class='ocrx_word' id='word_1_661' title='bbox 1146 4963 1453 5036; x_wconf 73' lang='lat' dir='ltr'><strong>disciplima</strong></span> <span class='ocrx_word' id='word_1_662' title='bbox 1494 4967 1799 5038; x_wconf 90' lang='lat' dir='ltr'><strong>puritatem</strong></span> <span class='ocrx_word' id='word_1_663' title='bbox 1838 4986 1970 5041; x_wconf 86' lang='lat' dir='ltr'><strong>spe-</strong></span> 
     </span>
    </p>
   </div>
   <div class='ocr_carea' id='block_1_96' title="bbox 369 5144 1965 5224">
    <p class='ocr_par' dir='ltr' id='par_1_96' title="bbox 369 5144 1965 5224">
     <span class='ocr_line' id='line_1_96' title="bbox 369 5144 1965 5224; baseline -0.011 -16"><span class='ocrx_word' id='word_1_664' title='bbox 369 5149 598 5224; x_wconf 82' lang='lat' dir='ltr'><strong>proprio</strong></span> <span class='ocrx_word' id='word_1_665' title='bbox 629 5147 824 5203; x_wconf 89' lang='lat' dir='ltr'><strong>Bonus</strong></span> <span class='ocrx_word' id='word_1_666' title='bbox 840 5150 944 5224; x_wconf 66' lang='lat' dir='ltr'><strong>est,</strong></span> <span class='ocrx_word' id='word_1_667' title='bbox 961 5144 1434 5224; x_wconf 67' lang='lat' dir='ltr'><strong>quemadmodum</strong></span> <span class='ocrx_word' id='word_1_668' title='bbox 1451 5145 1720 5224; x_wconf 62' lang='lat' dir='ltr'><strong>Domnizo</strong></span> <span class='ocrx_word' id='word_1_669' title='bbox 1739 5163 1772 5201; x_wconf 91' lang='lat' dir='ltr'><strong>a</strong></span> <span class='ocrx_word' id='word_1_670' title='bbox 1793 5147 1965 5224; x_wconf 57' lang='lat' dir='ltr'><strong>Dom-</strong></span> 
     </span>
    </p>
   </div>
   <div class='ocr_carea' id='block_1_97' title="bbox 368 5216 1964 5288">
    <p class='ocr_par' dir='ltr' id='par_1_97' title="bbox 368 5216 1964 5288">
     <span class='ocr_line' id='line_1_97' title="bbox 368 5216 1964 5288; baseline -0.003 -10"><span class='ocrx_word' id='word_1_671' title='bbox 368 5216 495 5288; x_wconf 59' lang='lat' dir='ltr'><strong>nus&#39;,</strong></span> <span class='ocrx_word' id='word_1_672' title='bbox 529 5221 721 5276; x_wconf 88' lang='lat' dir='ltr'><strong>Gunzo</strong></span> <span class='ocrx_word' id='word_1_673' title='bbox 761 5237 797 5273; x_wconf 86' lang='lat' dir='ltr'><strong>a</strong></span> <span class='ocrx_word' id='word_1_674' title='bbox 841 5218 1189 5282; x_wconf 87' lang='lat' dir='ltr'><strong>Guntherus,</strong></span> <span class='ocrx_word' id='word_1_675' title='bbox 1223 5216 1400 5283; x_wconf 90' lang='lat' dir='ltr'><strong>Erizo,</strong></span> <span class='ocrx_word' id='word_1_676' title='bbox 1430 5217 1501 5270; x_wconf 90' lang='lat' dir='ltr'><strong>ab</strong></span> <span class='ocrx_word' id='word_1_677' title='bbox 1529 5217 1741 5283; x_wconf 88' lang='lat' dir='ltr'><strong>Ericus,</strong></span> <span class='ocrx_word' id='word_1_678' title='bbox 1775 5226 1832 5274; x_wconf 93' lang='lat' dir='ltr'><strong>et</strong></span> <span class='ocrx_word' id='word_1_679' title='bbox 1851 5221 1964 5274; x_wconf 90' lang='lat' dir='ltr'><strong>alia</strong></span> 
     </span>
    </p>
   </div>
   <div class='ocr_carea' id='block_1_98' title="bbox 369 5290 769 5366">
    <p class='ocr_par' dir='ltr' id='par_1_98' title="bbox 369 5290 769 5366">
     <span class='ocr_line' id='line_1_98' title="bbox 369 5290 769 5366; baseline -0.013 -17"><span class='ocrx_word' id='word_1_680' title='bbox 369 5296 493 5366; x_wconf 81' lang='lat' dir='ltr'><strong>ejus</strong></span> <span class='ocrx_word' id='word_1_681' title='bbox 521 5290 769 5366; x_wconf 82' lang='lat' dir='ltr'><strong>generis.</strong></span> 
     </span>
    </p>
   </div>
   <div class='ocr_carea' id='block_1_99' title="bbox 435 5357 1962 5436">
    <p class='ocr_par' dir='ltr' id='par_1_99' title="bbox 435 5357 1962 5436">
     <span class='ocr_line' id='line_1_99' title="bbox 435 5357 1962 5436; baseline -0.007 -14"><span class='ocrx_word' id='word_1_682' title='bbox 435 5357 813 5436; x_wconf 61' lang='lat' dir='ltr'><strong>(2)1laronius</strong></span> <span class='ocrx_word' id='word_1_683' title='bbox 829 5357 1138 5436; x_wconf 71' lang='lat' dir='ltr'><strong>Suriusque</strong></span> <span class='ocrx_word' id='word_1_684' title='bbox 1163 5358 1850 5436; x_wconf 15' lang='lat' dir='ltr'><strong>Gualbertumgperperam</strong></span> <span class='ocrx_word' id='word_1_685' title='bbox 1870 5378 1962 5416; x_wconf 83' lang='lat' dir='ltr'><strong>vo-</strong></span> 
     </span>
    </p>
   </div>
   <div class='ocr_carea' id='block_1_100' title="bbox 361 5429 1961 5499">
    <p class='ocr_par' dir='ltr' id='par_1_100' title="bbox 361 5429 1961 5499">
     <span class='ocr_line' id='line_1_100' title="bbox 361 5429 1961 5499; baseline -0.004 -8"><span class='ocrx_word' id='word_1_686' title='bbox 361 5429 505 5491; x_wconf 82' lang='lat' dir='ltr'><strong>cant</strong></span> <span class='ocrx_word' id='word_1_687' title='bbox 539 5433 870 5488; x_wconf 87' lang='lat' dir='ltr'><strong>observante</strong></span> <span class='ocrx_word' id='word_1_688' title='bbox 914 5429 1260 5499; x_wconf 88' lang='lat' dir='ltr'><strong>Lambeccio,</strong></span> <span class='ocrx_word' id='word_1_689' title='bbox 1305 5437 1362 5486; x_wconf 93' lang='lat' dir='ltr'><strong>et</strong></span> <span class='ocrx_word' id='word_1_690' title='bbox 1399 5429 1486 5485; x_wconf 90' lang='lat' dir='ltr'><strong>his</strong></span> <span class='ocrx_word' id='word_1_691' title='bbox 1519 5429 1753 5486; x_wconf 84' lang='lat' dir='ltr'><strong>ducibus</strong></span> <span class='ocrx_word' id='word_1_692' title='bbox 1802 5448 1961 5487; x_wconf 91' lang='lat' dir='ltr'><strong>error</strong></span> 
     </span>
    </p>
   </div>
   <div class='ocr_carea' id='block_1_101' title="bbox 2129 4520 3637 4598">
    <p class='ocr_par' dir='ltr' id='par_1_101' title="bbox 2129 4520 3637 4598">
     <span class='ocr_line' id='line_1_101' title="bbox 2129 4520 3637 4598; baseline 0.001 -24"><span class='ocrx_word' id='word_1_693' title='bbox 2129 4520 2214 4574; x_wconf 85' lang='lat' dir='ltr'><strong>Ad</strong></span> <span class='ocrx_word' id='word_1_694' title='bbox 2245 4520 2536 4575; x_wconf 90' lang='lat' dir='ltr'><strong>Sutrinum</strong></span> <span class='ocrx_word' id='word_1_695' title='bbox 2567 4537 2695 4575; x_wconf 89' lang='lat' dir='ltr'><strong>vero</strong></span> <span class='ocrx_word' id='word_1_696' title='bbox 2725 4521 3111 4594; x_wconf 89' lang='lat' dir='ltr'><strong>episcopatum</strong></span> <span class='ocrx_word' id='word_1_697' title='bbox 3143 4525 3370 4596; x_wconf 89' lang='lat' dir='ltr'><strong>quando</strong></span> <span class='ocrx_word' id='word_1_698' title='bbox 3395 4536 3637 4598; x_wconf 84' lang='lat' dir='ltr'><strong>pervene-</strong></span> 
     </span>
    </p>
   </div>
   <div class='ocr_carea' id='block_1_102' title="bbox 2057 4609 3636 4687">
    <p class='ocr_par' dir='ltr' id='par_1_102' title="bbox 2057 4609 3636 4687">
     <span class='ocr_line' id='line_1_102' title="bbox 2057 4609 3636 4687; baseline -0.001 -23"><span class='ocrx_word' id='word_1_699' title='bbox 2057 4609 2134 4664; x_wconf 88' lang='lat' dir='ltr'><strong>rit</strong></span> <span class='ocrx_word' id='word_1_700' title='bbox 2162 4609 2367 4664; x_wconf 90' lang='lat' dir='ltr'><strong>Bonizo</strong></span> <span class='ocrx_word' id='word_1_701' title='bbox 2390 4615 2755 4665; x_wconf 89' lang='lat' dir='ltr'><strong>monumenta</strong></span> <span class='ocrx_word' id='word_1_702' title='bbox 2785 4611 3044 4668; x_wconf 64' lang='lat' dir='ltr'><strong>Ecclesiae</strong></span> <span class='ocrx_word' id='word_1_703' title='bbox 3065 4613 3236 4679; x_wconf 87' lang='lat' dir='ltr'><strong>illius,</strong></span> <span class='ocrx_word' id='word_1_704' title='bbox 3255 4631 3451 4687; x_wconf 90' lang='lat' dir='ltr'><strong>parum</strong></span> <span class='ocrx_word' id='word_1_705' title='bbox 3470 4613 3636 4667; x_wconf 89' lang='lat' dir='ltr'><strong>adhuc</strong></span> 
     </span>
    </p>
   </div>
   <div class='ocr_carea' id='block_1_103' title="bbox 2057 4697 3634 4778">
    <p class='ocr_par' dir='ltr' id='par_1_103' title="bbox 2057 4697 3634 4778">
     <span class='ocr_line' id='line_1_103' title="bbox 2057 4697 3634 4778; baseline 0.004 -26"><span class='ocrx_word' id='word_1_706' title='bbox 2057 4697 2294 4754; x_wconf 88' lang='lat' dir='ltr'><strong>feliciter</strong></span> <span class='ocrx_word' id='word_1_707' title='bbox 2324 4699 2553 4766; x_wconf 88' lang='lat' dir='ltr'><strong>refossa,</strong></span> <span class='ocrx_word' id='word_1_708' title='bbox 2586 4717 2700 4756; x_wconf 92' lang='lat' dir='ltr'><strong>non</strong></span> <span class='ocrx_word' id='word_1_709' title='bbox 2719 4702 2856 4756; x_wconf 89' lang='lat' dir='ltr'><strong>satis</strong></span> <span class='ocrx_word' id='word_1_710' title='bbox 2887 4702 3184 4760; x_wconf 80' lang='lat' dir='ltr'><strong>definiunt.</strong></span> <span class='ocrx_word' id='word_1_711' title='bbox 3213 4706 3479 4778; x_wconf 87' lang='lat' dir='ltr'><strong>Ughellus</strong></span> <span class='ocrx_word' id='word_1_712' title='bbox 3501 4701 3634 4773; x_wconf 45' lang='grc' dir='ltr'><strong>(ἣξει</strong></span> 
     </span>
    </p>
   </div>
   <div class='ocr_carea' id='block_1_104' title="bbox 2054 4786 3634 4850">
    <p class='ocr_par' dir='ltr' id='par_1_104' title="bbox 2054 4786 3634 4850">
     <span class='ocr_line' id='line_1_104' title="bbox 2054 4786 3634 4850; baseline 0.002 -9"><span class='ocrx_word' id='word_1_713' title='bbox 2054 4786 2111 4841; x_wconf 91' lang='lat' dir='ltr'><strong>in</strong></span> <span class='ocrx_word' id='word_1_714' title='bbox 2149 4788 2281 4843; x_wconf 90' lang='lat' dir='ltr'><strong>sede</strong></span> <span class='ocrx_word' id='word_1_715' title='bbox 2307 4804 2455 4843; x_wconf 90' lang='lat' dir='ltr'><strong>anno</strong></span> <span class='ocrx_word' id='word_1_716' title='bbox 2493 4787 2624 4846; x_wconf 79' lang='lat'><strong>1078</strong></span> <span class='ocrx_word' id='word_1_717' title='bbox 2655 4791 2909 4847; x_wconf 86' lang='lat' dir='ltr'><strong>ﬂoruisse</strong></span> <span class='ocrx_word' id='word_1_718' title='bbox 2935 4793 3111 4848; x_wconf 88' lang='lat' dir='ltr'><strong>tradit</strong></span> <span class='ocrx_word' id='word_1_719' title='bbox 3138 4809 3149 4841; x_wconf 77' lang='grc' dir='ltr'>ε</span> <span class='ocrx_word' id='word_1_720' title='bbox 3173 4794 3426 4850; x_wconf 89' lang='lat' dir='ltr'><strong>Colettus</strong></span> <span class='ocrx_word' id='word_1_721' title='bbox 3446 4808 3568 4847; x_wconf 80' lang='lat' dir='ltr'><strong>vero</strong></span> <span class='ocrx_word' id='word_1_722' title='bbox 3581 4792 3634 4845; x_wconf 90' lang='lat' dir='ltr'><strong>in</strong></span> 
     </span>
    </p>
   </div>
   <div class='ocr_carea' id='block_1_105' title="bbox 2053 4875 3633 4954">
    <p class='ocr_par' dir='ltr' id='par_1_105' title="bbox 2053 4875 3633 4954">
     <span class='ocr_line' id='line_1_105' title="bbox 2053 4875 3633 4954; baseline 0.008 -25"><span class='ocrx_word' id='word_1_723' title='bbox 2053 4875 2436 4932; x_wconf 88' lang='lat' dir='ltr'><strong>additionibus</strong></span> <span class='ocrx_word' id='word_1_724' title='bbox 2482 4878 2553 4932; x_wconf 90' lang='lat' dir='ltr'><strong>ad</strong></span> <span class='ocrx_word' id='word_1_725' title='bbox 2599 4877 2747 4934; x_wconf 83' lang='lat' dir='ltr'><strong>idem</strong></span> <span class='ocrx_word' id='word_1_726' title='bbox 2800 4897 2959 4952; x_wconf 90' lang='lat' dir='ltr'><strong>opus,</strong></span> <span class='ocrx_word' id='word_1_727' title='bbox 2991 4886 3218 4953; x_wconf 89' lang='lat' dir='ltr'><strong>tempus</strong></span> <span class='ocrx_word' id='word_1_728' title='bbox 3260 4880 3554 4954; x_wconf 74' lang='lat' dir='ltr'><strong>praevertit,</strong></span> <span class='ocrx_word' id='word_1_729' title='bbox 3583 4883 3633 4932; x_wconf 65' lang='lat' dir='ltr'><strong>et</strong></span> 
     </span>
    </p>
   </div>
   <div class='ocr_carea' id='block_1_106' title="bbox 2053 4965 3627 5041">
    <p class='ocr_par' dir='ltr' id='par_1_106' title="bbox 2053 4965 3627 5041">
     <span class='ocr_line' id='line_1_106' title="bbox 2053 4965 3627 5041; baseline 0.002 -23"><span class='ocrx_word' id='word_1_730' title='bbox 2053 4981 2264 5020; x_wconf 89' lang='lat' dir='ltr'><strong>annum</strong></span> <span class='ocrx_word' id='word_1_731' title='bbox 2299 4965 2436 5023; x_wconf 88' lang='grc'>1075</span> <span class='ocrx_word' id='word_1_732' title='bbox 2463 4969 2694 5023; x_wconf 89' lang='lat' dir='ltr'><strong>mavult.</strong></span> <span class='ocrx_word' id='word_1_733' title='bbox 2721 4969 2941 5040; x_wconf 90' lang='lat' dir='ltr'><strong>Ughelli</strong></span> <span class='ocrx_word' id='word_1_734' title='bbox 2965 4970 3132 5026; x_wconf 88' lang='lat' dir='ltr'><strong>verba</strong></span> <span class='ocrx_word' id='word_1_735' title='bbox 3159 4972 3280 5027; x_wconf 68' lang='lat' dir='ltr'><strong>haec</strong></span> <span class='ocrx_word' id='word_1_736' title='bbox 3319 4976 3451 5028; x_wconf 89' lang='lat' dir='ltr'><strong>sunt</strong></span> <span class='ocrx_word' id='word_1_737' title='bbox 3482 4970 3537 5041; x_wconf 73' lang='grc' dir='ltr'><strong>(ἱ.</strong></span> <span class='ocrx_word' id='word_1_738' title='bbox 3566 4985 3627 5032; x_wconf 79' lang='grc' dir='ltr'><strong>ε.,</strong></span> 
     </span>
    </p>
   </div>
   <div class='ocr_carea' id='block_1_107' title="bbox 2120 5117 3630 5219">
    <p class='ocr_par' dir='ltr' id='par_1_107' title="bbox 2120 5117 3630 5219">
     <span class='ocr_line' id='line_1_107' title="bbox 2120 5117 3630 5219; baseline 0 -21"><span class='ocrx_word' id='word_1_739' title='bbox 2120 5140 2200 5215; x_wconf 89' lang='grc'><strong>(3)</strong></span> <span class='ocrx_word' id='word_1_740' title='bbox 2214 5145 2541 5219; x_wconf 70' lang='lat' dir='ltr'><strong>Comment.</strong></span> <span class='ocrx_word' id='word_1_741' title='bbox 2576 5146 2645 5219; x_wconf 90' lang='lat' dir='ltr'><strong>de</strong></span> <span class='ocrx_word' id='word_1_742' title='bbox 2668 5148 2812 5219; x_wconf 87' lang='lat' dir='ltr'><strong>Aug.</strong></span> <span class='ocrx_word' id='word_1_743' title='bbox 2842 5149 2991 5206; x_wconf 80' lang='lat' dir='ltr'><strong>Caes.</strong></span> <span class='ocrx_word' id='word_1_744' title='bbox 3025 5148 3165 5208; x_wconf 90' lang='lat' dir='ltr'><strong>bibl.</strong></span> <span class='ocrx_word' id='word_1_745' title='bbox 3186 5147 3429 5208; x_wconf 85' lang='lat' dir='ltr'><strong>Vindob.</strong></span> <span class='ocrx_word' id='word_1_746' title='bbox 3453 5147 3548 5204; x_wconf 90' lang='lat' dir='ltr'><strong>lib.</strong></span> 
     </span>
    </p>
   </div>
   <div class='ocr_carea' id='block_1_108' title="bbox 2047 5215 3626 5304">
    <p class='ocr_par' dir='ltr' id='par_1_108' title="bbox 2047 5215 3626 5304">
     <span class='ocr_line' id='line_1_108' title="bbox 2047 5215 3626 5304; baseline 0.003 -36"><span class='ocrx_word' id='word_1_747' title='bbox 2047 5233 2170 5304; x_wconf 60' lang='grc' dir='ltr'><strong>(Ξεψ¹</strong></span> <span class='ocrx_word' id='word_1_748' title='bbox 2209 5215 2263 5282; x_wconf 92' lang='lat'><strong>8,</strong></span> <span class='ocrx_word' id='word_1_749' title='bbox 2291 5235 2348 5299; x_wconf 69' lang='grc' dir='ltr'><strong>ρ.</strong></span> <span class='ocrx_word' id='word_1_750' title='bbox 2381 5235 2457 5272; x_wconf 90' lang='lat' dir='ltr'><strong>m.</strong></span> <span class='ocrx_word' id='word_1_751' title='bbox 2657 5220 2723 5274; x_wconf 90' lang='lat' dir='ltr'><strong>In</strong></span> <span class='ocrx_word' id='word_1_752' title='bbox 2755 5215 3209 5304; x_wconf 69' lang='lat' dir='ltr'><strong>recensioneeod</strong></span> <span class='ocrx_word' id='word_1_753' title='bbox 3266 5238 3470 5304; x_wconf 56' lang='grc' dir='ltr'>ηιξ.ρξ</span> <span class='ocrx_word' id='word_1_754' title='bbox 3496 5222 3626 5274; x_wconf 85' lang='lat' dir='ltr'><strong>Arce</strong></span> 
     </span>
    </p>
   </div>
   <div class='ocr_carea' id='block_1_109' title="bbox 2045 5285 3624 5424">
    <p class='ocr_par' dir='ltr' id='par_1_109' title="bbox 2045 5285 3624 5424">
     <span class='ocr_line' id='line_1_109' title="bbox 2045 5285 3624 5412; baseline 0.002 -72"><span class='ocrx_word' id='word_1_755' title='bbox 2045 5285 2421 5412; x_wconf 42' lang='lat' dir='ltr'><strong>glabrosiana</strong></span> <span class='ocrx_word' id='word_1_756' title='bbox 2453 5290 2523 5345; x_wconf 93' lang='lat' dir='ltr'><strong>ad</strong></span> <span class='ocrx_word' id='word_1_757' title='bbox 2557 5290 2870 5346; x_wconf 85' lang='lat' dir='ltr'><strong>Caesaream</strong></span> <span class='ocrx_word' id='word_1_758' title='bbox 2899 5291 3296 5348; x_wconf 87' lang='lat' dir='ltr'><strong>bibliothecam</strong></span> <span class='ocrx_word' id='word_1_759' title='bbox 3320 5293 3624 5348; x_wconf 89' lang='lat' dir='ltr'><strong>delatorum</strong></span> 
     </span>
     <span class='ocr_line' id='line_1_110' title="bbox 2090 5374 2423 5424; baseline -0.003 -11"><span class='ocrx_word' id='word_1_760' title='bbox 2090 5374 2122 5413; x_wconf 91' lang='grc' dir='ltr'><strong>ο</strong></span> <span class='ocrx_word' id='word_1_761' title='bbox 2169 5398 2182 5411; x_wconf 95' lang='grc'><strong>.</strong></span> <span class='ocrx_word' id='word_1_762' title='bbox 2219 5374 2423 5424; x_wconf 68' lang='lat' dir='ltr'><strong>1.xxxv.</strong></span> 
     </span>
    </p>
   </div>
   <div class='ocr_carea' id='block_1_110' title="bbox 2107 5425 3626 5506">
    <p class='ocr_par' dir='ltr' id='par_1_110' title="bbox 2107 5425 3626 5506">
     <span class='ocr_line' id='line_1_111' title="bbox 2107 5425 3626 5506; baseline -0.003 -14"><span class='ocrx_word' id='word_1_763' title='bbox 2107 5425 2193 5499; x_wconf 70' lang='grc'><strong>(4)</strong></span> <span class='ocrx_word' id='word_1_764' title='bbox 2221 5429 2397 5506; x_wconf 69' lang='lat' dir='ltr'><strong>Italiae</strong></span> <span class='ocrx_word' id='word_1_765' title='bbox 2421 5431 2617 5488; x_wconf 63' lang='lat' dir='ltr'><strong>media</strong></span> <span class='ocrx_word' id='word_1_766' title='bbox 2644 5433 2982 5506; x_wconf 85' lang='lat' dir='ltr'><strong>Antiquitat.</strong></span> <span class='ocrx_word' id='word_1_767' title='bbox 3023 5439 3070 5492; x_wconf 91' lang='lat' dir='ltr'><strong>t.</strong></span> <span class='ocrx_word' id='word_1_768' title='bbox 3119 5436 3190 5494; x_wconf 90' lang='grc' dir='ltr'><strong>ΙΙ.</strong></span> <span class='ocrx_word' id='word_1_769' title='bbox 3237 5435 3334 5492; x_wconf 92' lang='lat' dir='ltr'><strong>fol.</strong></span> <span class='ocrx_word' id='word_1_770' title='bbox 3370 5433 3490 5499; x_wconf 83' lang='grc'><strong>955.</strong></span> <span class='ocrx_word' id='word_1_771' title='bbox 3523 5431 3626 5488; x_wconf 79' lang='lat' dir='ltr'><strong>dis-</strong></span> 
     </span>
    </p>
   </div>
   <div class='ocr_carea' id='block_1_111' title="bbox 361 5500 2332 5577">
    <p class='ocr_par' dir='ltr' id='par_1_111' title="bbox 361 5500 2332 5577">
     <span class='ocr_line' id='line_1_112' title="bbox 361 5500 2332 5577; baseline -0.003 -17"><span class='ocrx_word' id='word_1_772' title='bbox 361 5505 530 5577; x_wconf 81' lang='lat' dir='ltr'><strong>hodie</strong></span> <span class='ocrx_word' id='word_1_773' title='bbox 553 5503 809 5572; x_wconf 78' lang='lat' dir='ltr'><strong>invaluit,</strong></span> <span class='ocrx_word' id='word_1_774' title='bbox 836 5502 1014 5577; x_wconf 83' lang='lat' dir='ltr'><strong>patris</strong></span> <span class='ocrx_word' id='word_1_775' title='bbox 1047 5517 1275 5572; x_wconf 87' lang='lat' dir='ltr'><strong>nomen,</strong></span> <span class='ocrx_word' id='word_1_776' title='bbox 1322 5501 1526 5558; x_wconf 85' lang='lat' dir='ltr'><strong>Joanni</strong></span> <span class='ocrx_word' id='word_1_777' title='bbox 1563 5502 1681 5556; x_wconf 75' lang='lat' dir='ltr'><strong>filio</strong></span> <span class='ocrx_word' id='word_1_778' title='bbox 1709 5502 1959 5558; x_wconf 88' lang='lat' dir='ltr'><strong>tribuen-</strong></span> <span class='ocrx_word' id='word_1_779' title='bbox 2039 5507 2180 5577; x_wconf 69' lang='lat' dir='ltr'><strong>sert.</strong></span> <span class='ocrx_word' id='word_1_780' title='bbox 2217 5500 2332 5577; x_wconf 42' lang='lat'><strong>13!.</strong></span> 
     </span>
    </p>
   </div>
   <div class='ocr_carea' id='block_1_112' title="bbox 359 5575 450 5632">
    <p class='ocr_par' dir='ltr' id='par_1_112' title="bbox 359 5575 450 5632">
     <span class='ocr_line' id='line_1_113' title="bbox 359 5575 450 5632; baseline 0.022 -2"><span class='ocrx_word' id='word_1_781' title='bbox 359 5575 450 5632; x_wconf 72' lang='lat' dir='ltr'><strong>di.</strong></span> 
     </span>
    </p>
   </div>
   <div class='ocr_carea' id='block_1_113' title="bbox 2107 5571 3234 5644">
    <p class='ocr_par' dir='ltr' id='par_1_113' title="bbox 2107 5571 3234 5644">
     <span class='ocr_line' id='line_1_114' title="bbox 2107 5571 3234 5644; baseline 0.009 -18"><span class='ocrx_word' id='word_1_782' title='bbox 2107 5571 2187 5644; x_wconf 82' lang='lat'><strong>(5)</strong></span> <span class='ocrx_word' id='word_1_783' title='bbox 2223 5572 2399 5628; x_wconf 79' lang='lat' dir='ltr'><strong>Italiae</strong></span> <span class='ocrx_word' id='word_1_784' title='bbox 2427 5588 2599 5630; x_wconf 62' lang='lat' dir='ltr'><strong>sacra</strong></span> <span class='ocrx_word' id='word_1_785' title='bbox 2627 5579 2671 5630; x_wconf 84' lang='lat' dir='ltr'><strong>t.</strong></span> <span class='ocrx_word' id='word_1_786' title='bbox 2703 5575 2751 5643; x_wconf 82' lang='grc' dir='ltr'><strong>Ι,</strong></span> <span class='ocrx_word' id='word_1_787' title='bbox 2781 5576 2916 5634; x_wconf 89' lang='lat' dir='ltr'><strong>edit.</strong></span> <span class='ocrx_word' id='word_1_788' title='bbox 2947 5575 3234 5636; x_wconf 67' lang='lat' dir='ltr'><strong>secunde.</strong></span> 
     </span>
    </p>
   </div>
   <div class='ocr_carea' id='block_1_114' title="bbox 3506 5637 3554 5664">
    <p class='ocr_par' dir='ltr' id='par_1_114' title="bbox 3506 5637 3554 5664">
     <span class='ocr_line' id='line_1_115' title="bbox 3506 5637 3554 5664; baseline 0 0"><span class='ocrx_word' id='word_1_789' title='bbox 3506 5637 3554 5664; x_wconf 64' lang='grc' dir='ltr'><strong>σοι</strong></span> 
     </span>
    </p>
   </div>
  </div>
