3872 6168
245 359 343 416 ἷδῦ
1251 367 1345 421 DE
1386 367 1557 424 VITA
1596 368 1683 424 ET
1723 371 2044 430 SGRIP’I‘IS
2083 371 2489 428 BONIZONIS.
3400 374 3503 434 786

238 501 388 542 num.
420 483 572 547 XVI)
604 504 617 542 :
647 485 888 544 Bonizus
925 490 1010 544 vir
1037 489 1201 562 longe
1234 491 1591 550 doctissimus
1634 496 1889 558 floruitA
1911 498 1996 552 rio
2016 495 2127 553 VII
2155 498 2394 570 aliisque
2407 496 2689 554 nonnullis
2709 496 2979 555 Romanis
2999 500 3356 572 pontiﬁcibus
3374 518 3504 559 con-

236 593 378 632 anno
416 574 568 634 1078.
598 601 622 630 δ
1902 591 1994 642 tra
2041 588 2428 643 schismaticos
2471 587 2604 642 olim
2654 589 3097 660 conscriptorum
3144 595 3307 660 (quos
3352 591 3503 648 inter

301 666 562 736 Ejusdem
592 672 743 723 certe
767 669 902 723 anni
923 669 1013 723 die
1029 683 1126 724 xm
1154 671 1305 736 Maii,
1329 672 1385 727 S.
1408 674 1821 730 Thomazzedem
1904 691 2016 730 non
2049 677 2302 731 inﬁmum
2330 677 2512 732 locum
2543 676 2760 732 obtinet
2786 678 2994 734 Paulus
3023 686 3214 735 noster
3245 681 3504 738 Bernrie-

235 755 514 810 Cremonae
541 773 576 811 a
603 757 881 814 Bonizone
932 759 1190 830 episcopo
1240 761 1468 816 Sutrino
1523 764 1820 835 legatoque
1901 763 2104 835 densis)
2129 772 2450 838 excerptum
2482 766 2814 832 retulerunt,
2838 784 2940 822 nos
2964 785 3188 840 quoque
3217 786 3280 824 ex
3301 770 3499 826 eodem

232 844 530 914 apostolico
584 856 966 901 consecratam
1006 847 1179 902 fuisse
1234 849 1385 903 idem
1441 851 1709 921 Ughellus
1761 853 1817 906 in
1900 859 2254 924 syntagmate
2306 860 2644 926 repetemus,
2681 855 2831 926 quod
2863 857 3202 912 Bonizonem
3241 857 3496 913 Ecclesiae

232 930 497 1004 episcOpis
553 933 1028 991 Cremonensibus
1072 943 1350 992 memorat
1395 941 1551 1009 (tom.
1590 938 1686 1006 IV,
1721 940 1814 994 fol.
1903 941 2182 997 Sutriensi
2204 959 2352 999 anno
2385 940 2547 1009 1086,
2583 943 2768 999 denuo
2796 941 3084 1015 praefuisse
3119 962 3189 1001 ex
3218 946 3496 1018 exsequiis

231 1018 366 1093 596).
1902 1031 2052 1086 beati
2079 1033 2332 1087 Anselmi
2379 1033 2668 1100 Lucensis,
2719 1033 2914 1088 eodem
2949 1050 3116 1100 anno,
3158 1041 3325 1106 prout
3351 1036 3494 1092 dixi-

295 1113 402 1170 Sed
431 1131 544 1186 quo
569 1115 757 1170 minus
787 1116 974 1187 quiete
1003 1133 1130 1172 eam
1157 1117 1346 1172 sedem
1391 1119 1670 1174 obtineret
1707 1120 1815 1174 Bo-
1903 1136 2048 1188 mus,
2072 1122 2240 1176 rebus
2269 1122 2532 1176 humanis
2583 1128 2863 1193 exempto,
2923 1122 3245 1178 interfuisse
3289 1124 3493 1182 exinde

230 1203 362 1264 nizo,
388 1205 606 1259 atrocia
632 1204 782 1260 inter
805 1206 1140 1276 Gregorium
1179 1207 1304 1268 VII,
1353 1209 1513 1278 cujus
1561 1209 1815 1280 partibus
1897 1215 2106 1279 pateat.
2139 1229 2164 1262 α
2190 1211 2426 1281 Rogavit
2454 1211 2512 1266 S.
2544 1211 2862 1276 Anselmus,
2886 1212 3069 1281 quoad
3109 1212 3264 1274 vixit,
3298 1218 3492 1283 quate-

232 1295 501 1348 mordicus
522 1295 862 1358 adhaerebat,
892 1301 950 1350 et
971 1296 1270 1350 Henricum
1294 1296 1370 1350 IV
1395 1297 1530 1369 imp.
1563 1314 1674 1352 non
1692 1299 1813 1368 jam
1897 1315 2002 1352 nus
2033 1299 2088 1352 in
2120 1299 2362 1371 capitulo
2393 1300 2718 1353 monasterii
2769 1301 2825 1354 S.
2886 1300 3191 1366 Benedicti,
3227 1302 3372 1372 quod
3406 1308 3494 1357 est

227 1381 530 1450 gliscentis,
561 1383 657 1438 sed
685 1384 742 1437 in
772 1390 1030 1454 apertum
1062 1382 1240 1438 Italia:
1269 1385 1696 1457 Germaniaeque
1724 1386 1813 1439 in-
1895 1386 1954 1440 in
1985 1387 2107 1458 ripa
2136 1387 2382 1441 ﬂuminis
2405 1386 2638 1441 Eridani
2658 1387 2761 1441 sub
2777 1386 3096 1443 obedientia
3115 1388 3257 1443 sacri
3270 1389 3496 1443 Cluniae

227 1471 478 1525 cendium
531 1473 891 1544 erumpentia
933 1473 1063 1527 odia
1103 1473 1442 1531 efficiebant.
1506 1475 1810 1546 Postquam
1893 1476 2074 1530 censis
2103 1477 2358 1542 coenobii,
2393 1476 2541 1531 unde
2573 1476 2750 1531 frater
2786 1475 2905 1548 ipse
2933 1493 2998 1530 ac
3026 1477 3333 1532 monachus
3356 1477 3484 1545 fuit,

225 1561 362 1614 enim
398 1561 712 1632 imperator
739 1579 888 1617 anno
924 1561 1077 1627 [082,
1110 1563 1290 1635 primo
1319 1580 1447 1619 vere
1473 1564 1656 1620 denuo
1694 1565 1808 1620 Ro-
1889 1567 2195 1637 sepulturae
2223 1565 2731 1620 commendaretur.
2770 1564 2840 1620 Et
2888 1575 3014 1620 cum
3047 1565 3482 1620 concedentibus

219 1665 354 1704 mam
381 1651 629 1706 exercitu
660 1652 932 1724 petiisset,
960 1669 1088 1706 cum
1119 1669 1243 1707 eam
1268 1652 1520 1708 obtinere
1546 1670 1654 1708 non
1681 1671 1806 1725 pos-
1886 1655 2144 1725 episcopo
2188 1661 2357 1726 atque
2395 1655 2680 1710 comitissa
2708 1653 2983 1708 Mathilda
3009 1653 3337 1724 caterisque
3365 1670 3484 1709 om-

218 1742 310 1799 set,
332 1739 607 1809 Gregorio
639 1740 836 1795 urbem
861 1746 919 1795 et
936 1757 997 1795 se
1016 1742 1170 1795 omni
1199 1741 1250 1796 vi
1277 1747 1334 1796 et
1362 1741 1593 1796 consilio
1607 1748 1802 1797 tuente
1884 1743 2050 1798 nibus
2095 1745 2214 1814 jam
2243 1745 2557 1799 deferretur
2584 1743 2656 1798 ad
2687 1743 3091 1798 monasterium
3122 1759 3346 1814 corpus,
3377 1741 3482 1797 ad-

218 1824 441 1880 ﬁnitima
496 1827 871 1900 depopulatus
929 1836 1033 1896 est,
1088 1829 1368 1896 omnibus,
1413 1831 1510 1902 qui
1539 1831 1858 1922 GregoriiB
1879 1831 1988 1887 fuit
2036 1833 2220 1888 subito
2263 1833 2568 1889 Sutriensis
2620 1833 2913 1905 episcopus
2977 1831 3206 1887 nomine
3240 1831 3478 1922 iBonizo,

216 1914 454 1981 partibus
483 1916 822 1972 addictiores
837 1919 1383 1990 essent,autfugatis
1397 1914 1857 1992 autcaptisiﬁ).-
1880 1937 2048 1989 quem
2079 1929 2136 1976 et
2177 1922 2419 1993 Spiritus
2465 1927 2693 1977 sanctus
2731 1921 3039 1978 suscitavit.
3093 1927 3157 1976 ut
3205 1921 3478 1978 clamaret

215 2001 400 2058 Bonizo
429 2013 602 2071 certe,
633 2008 781 2079 quod
799 2008 1072 2062 acerbiori
1111 2009 1238 2064 odio
1273 2011 1517 2080 ﬂagrans
1547 2009 1797 2063 timidio-
1879 2007 2111 2080 dignum
2143 2028 2284 2077 esse,
2316 2018 2379 2066 ut
2407 2012 2462 2066 in
2483 2011 2760 2084 episcopio
2789 2011 3082 2082 episcopus
3109 2009 3471 2081 sepeliretur.

214 2091 351 2146 ribus
378 2096 628 2150 consiliis
658 2097 845 2151 minus
874 2104 1111 2170 pateret,
1143 2099 1320 2153 Sutrii
1357 2099 1692 2165 subsistens,
1725 2099 1797 2153 ab
1877 2097 2076 2167 Tanta,
2103 2101 2308 2172 inquit,
2341 2101 2588 2167 lucerna,
2617 2117 2728 2155 non
2749 2101 2910 2155 decet
2955 2105 3018 2154 ut
3047 2098 3422 2153 abscondatur
3462 2117 3476 2166 ;

213 2179 458 2248 Henrico,
494 2185 592 2256 qui
622 2202 653 2240 e
681 2186 946 2241 Farvensi
976 2188 1318 2242 monasterio
1348 2187 1651 2242 exercitum
1680 2205 1798 2243 mo-
1876 2188 1995 2260 ipse
2023 2191 2206 2245 adhuc
2236 2191 2422 2245 vivens
2441 2197 2713 2262 tanquam
2743 2189 3039 2260 indignum
3069 2203 3130 2241 se
3159 2185 3480 2244 humiliavit

209 2279 368 2339 verat,
403 2273 465 2327 in
492 2275 874 2346 captivitatem
927 2277 1188 2332 redactus
1217 2282 1323 2338 est.
1355 2276 1439 2330 uti
1479 2293 1602 2330 eam
1634 2294 1793 2350 expe-
1875 2293 1977 2332 nos
2003 2284 2194 2334 autem
2220 2286 2284 2334 ut
2323 2295 2450 2334 vere
2477 2280 2709 2350 dignum
2739 2279 2986 2333 exaltare
3032 2280 3256 2347 oportet
3297 2274 3476 2330 homi-

209 2359 463 2416 ditionem
512 2363 735 2434 plenius
773 2367 1132 2437 persequitur
1173 2367 1245 2420 ad
1275 2366 1433 2420 illum
1462 2382 1672 2420 annum
1704 2383 1790 2420 re-
1870 2381 2203 2437 nem,quem
2217 2369 2388 2423 fuisse
2407 2369 2615 2423 scimus
2635 2363 3474 2422 sanctissimum.Acclamatum

206 2465 318 2503 rum
353 2449 682 2508 Italicarum
719 2454 940 2508 illustre
967 2455 1142 2522 sidus,
1175 2461 1231 2509 et
1259 2454 1330 2508 ab
1359 2471 1558 2508 occasu
1606 2456 1786 2526 magis
1869 2461 1956 2510 est
1981 2457 2128 2512 idem
2157 2459 2349 2513 statim
2403 2458 2473 2512 ab
2506 2457 2801 2522 universis,
2858 2455 3189 2527 rapiturque
3215 2469 3250 2507 a
3281 2468 3474 2508 mona-

203 2539 372 2594 adhuc
390 2541 606 2608 lucens,
642 2543 954 2598 Ludovicus
984 2544 1268 2598 Antonius
1311 2543 1652 2598 Muratorius
1679 2543 1782 2614 (7).
1874 2545 2107 2601 chorum
2139 2547 2438 2619 obsequiis.
2462 2548 2519 2602 in
2539 2545 2881 2618 episcopium
2902 2541 3353 2614 deferturibique
3382 2558 3476 2597 ve-

266 2629 522 2693 Quandiu
547 2633 606 2686 in
639 2632 867 2686 Henrici
897 2633 1132 2687 vinculis
1151 2631 1374 2686 haeserit
1403 2632 1655 2702 captivus
1675 2634 1790 2704 epi-
1871 2635 2202 2690 nerabiliter
2218 2637 2508 2707 sepelitur.
2545 2657 2570 2687 ι)

201 2735 405 2790 scapus,
444 2737 557 2775 non
582 2721 814 2776 memini
843 2720 1115 2776 hactenus
1143 2741 1176 2775 a
1205 2738 1487 2793 quoquam
1514 2737 1787 2778 memora-
1942 2721 2072 2775 Haec
2097 2723 2161 2776 D.
2185 2723 2437 2778 Anselmi
2469 2721 2735 2776 Lucensis
2754 2718 3119 2790 biographus,
3157 2733 3326 2787 quem
3355 2716 3472 2770 Hu-

202 2812 326 2860 tum.
355 2807 556 2878 Neque
583 2809 849 2863 credibile
870 2809 1073 2863 Bozoni
1093 2809 1332 2864 liberum
1358 2809 1530 2863 fuisse
1551 2809 1784 2864 concilio
1869 2807 2095 2865 baldum
2128 2811 2448 2883 episcopum
2500 2810 2874 2865 Mantuanum
2929 2805 3133 2862 asserit
3172 2803 3466 2875 Ughellus.

199 2896 333 2964 quod
360 2913 511 2951 anno
547 2895 706 2961 1083,
761 2915 829 2952 xx
873 2897 1008 2953 Nov.
1048 2897 1448 2968 componendis
1484 2896 1779 2951 sacerdotii
1866 2898 2139 2954 Eumdem
2168 2900 2351 2954 locum
2382 2899 2657 2955 Baronius
2686 2914 2927 2969 quoque,
2969 2893 3260 2950 annalium
3285 2893 3470 2949 eccle-

197 2991 248 3036 et
273 2984 491 3057 imperii
523 2986 772 3041 dissidiis
797 2995 1201 3058 congregatum
1233 2987 1436 3052 fuerat,
1466 2985 1736 3040 interesse
1762 3004 1775 3053 ;
1861 2987 2214 3043 siasticorum
2242 2995 2420 3061 pater,
2447 2988 2640 3043 retulit
2671 2986 2898 3058 quidem
2928 2983 3055 3049 (10).
3104 2982 3202 3038 sed
3245 2981 3468 3039 duobus

195 3074 327 3143 quod
346 3075 416 3128 ab
447 3092 513 3129 eo
552 3092 750 3130 omnes
780 3077 896 3130 fere
923 3076 1232 3148 episcopos,
1260 3076 1356 3146 qui
1371 3075 1630 3146 Gregorii
1659 3093 1782 3146 par-
1805 3144 1836 3149 _
1863 3076 1921 3132 in
1952 3077 2086 3132 locis
2119 3079 2416 3141 mendose;
2444 3079 2500 3132 in
2515 3078 2664 3149 quod
2692 3082 2824 3130 ante
2836 3075 3119 3131 Oudinum
3133 3073 3464 3130 aliidudum

194 3171 268 3216 tes
294 3165 477 3219 acrius
499 3164 782 3230 fovebant,
816 3171 874 3219 ct
901 3165 959 3219 in
989 3165 1077 3220 his
1109 3167 1404 3234 Hugonem
1433 3165 1776 3235 Lugdunen-
1795 3144 1838 3204 (ἶ
1861 3167 2291 3223 observaverunt
2321 3187 2332 3222 :
2370 3185 2500 3223 nam
2530 3166 2929 3223 Domnizonem
2969 3181 3069 3236 pro
3099 3162 3380 3219 Bonizone
3404 3168 3463 3218 et

191 3255 654 3319 sem,Anselmum
671 3256 976 3309 Lucensem
994 3253 1399 3309 etRainaldum
1421 3254 1773 3322 Comensem,
1857 3273 1960 3336 pro
1981 3255 2258 3310 Sutriensi
2298 3256 2576 3328 episcopo,
2614 3255 2937 3327 episcopum
2967 3250 3333 3309 Sabinensem
3364 3269 3461 3324 ap-

190 3344 449 3398 arcuisset
500 3344 776 3398 Henricus
837 3362 848 3398 :
905 3361 1086 3415 neque
1117 3343 1411 3398 Farvensis
1450 3345 1776 3399 monasterii
1859 3344 2103 3416 pellavit,
2128 3345 2394 3418 deceptus
2419 3345 2568 3400 haud
2599 3343 2766 3399 dubie
2791 3341 2996 3398 notiori
3023 3341 3130 3396 sibi
3169 3342 3460 3399 Domnizo-

190 3430 394 3500 vicinia,
424 3450 537 3505 quo
559 3434 891 3505 plerumque
918 3451 978 3487 se
1007 3433 1256 3505 recipere
1283 3440 1651 3488 consueverat
1678 3433 1778 3490 im-
1858 3435 1946 3490 nis
1971 3435 2218 3502 nomine,
2255 3435 2350 3508 qui
2377 3436 2448 3490 de
2467 3434 2635 3490 rebus
2654 3434 2828 3504 gestis
2854 3431 3143 3486 Mathilda:
3171 3429 3242 3485 ad
3271 3429 3456 3502 ipsam

187 3528 417 3589 perator,
447 3521 675 3577 credere
703 3521 838 3576 sinit
864 3522 1148 3588 Bonizoni,
1174 3521 1260 3576 vel
1296 3520 1529 3576 dimisso
1560 3521 1644 3574 vel
1666 3520 1778 3574 ela-
1858 3523 2192 3579 Mathildam
2225 3541 2365 3597 opus
2394 3523 2690 3578 metricum
2722 3521 3000 3592 scripsita
3027 3518 3304 3574 Leibnitio
3333 3519 3458 3574 edi-

187 3615 364 3684 psoad
383 3633 618 3687 gregem
647 3633 813 3671 suum
857 3616 1041 3670 redire
1096 3615 1381 3684 integrum
1426 3612 1620 3667 fuisse.
1671 3611 1774 3667 Cui
1855 3618 2002 3680 tum,
2029 3629 2156 3667 cum
2187 3629 2314 3666 vero
2346 3617 2588 3682 uterque
2607 3611 2663 3664 in
2685 3611 2817 3664 aula
2830 3608 3284 3664 celebratissima:
3301 3607 3452 3664 illius

187 3705 387 3760 accedit
416 3707 566 3777 quod
606 3707 819 3776 ejectus
851 3723 885 3759 a
914 3705 1158 3760 Roberto
1192 3720 1261 3758 ex
1319 3701 1456 3757 urbe
1500 3702 1772 3757 Henricus
1854 3705 2124 3756 matrona
2152 3702 2434 3772 gratiosus
2463 3701 2648 3764 fuerit,
2674 3699 2835 3754 facile
2855 3714 2978 3769 quae
2995 3697 3064 3752 ad
3089 3697 3453 3754 alterutrum-

185 3806 319 3848 anno
351 3793 511 3862 1081,
547 3795 724 3850 Sutrii
752 3794 1086 3860 substiterit,
1116 3793 1200 3848 uti
1231 3810 1295 3846 ex
1327 3792 1522 3846 charta
1545 3791 1771 3846 conﬁci-
1853 3805 1963 3860 que
1983 3788 2341 3859 pertinebant
2367 3789 2424 3842 in
2452 3804 2628 3842 unum
2657 3787 2814 3842 fuere
2839 3786 3060 3840 collata.

183 3890 269 3938 tur
320 3887 577 3942 Ecclesiae
629 3887 848 3941 Pisanze
885 3903 919 3940 x
979 3885 1101 3940 Kal.
1139 3883 1298 3937 Junii
1342 3881 1572 3946 tradita,
1601 3896 1770 3950 quam
1921 3876 2002 3930 De
2041 3877 2237 3932 ﬁctitio
2259 3878 2363 3931 hoc
2400 3877 2660 3948 episcopo
2691 3875 2986 3930 Sabinensi
3017 3891 3184 3946 quem
3216 3873 3449 3930 Baronii

179 3973 339 4030 refert
374 3976 648 4046 Ughellus
675 3974 745 4044 (8)
771 3975 866 4029 ubi
884 3991 1094 4028 annum
1125 3969 1267 4029 1095
1290 3987 1390 4042 pro
1422 3968 1489 4025 84
1515 3968 1767 4040 irrepsis-
1850 3966 2186 4020 auctoritate
2227 3966 2440 4020 inducti
2469 3965 2740 4036 Ughellus
2769 3970 2827 4018 et
2871 3963 3166 4018 Ciaconius
3193 3963 3448 4018 cardina-

176 4079 248 4126 se,
287 4082 398 4120 non
438 4064 861 4119 advertentibus
889 4063 1123 4134 Ughello
1153 4067 1211 4116 et
1247 4059 1460 4122 Coleto,
1508 4063 1658 4111 recte
1699 4073 1766 4111 ex
1847 4054 1984 4108 lium
2007 4055 2392 4126 episcoporum
2425 4053 2821 4109 Sabinensium
2845 4053 3101 4122 catalogo
3131 4051 3203 4105 ad
3227 4068 3444 4106 annum

178 4154 312 4206 notis
340 4155 576 4225 reliquis
607 4153 879 4225 temporis
908 4152 1157 4222 ejusdem
1206 4147 1546 4220 diplomatis,
1578 4145 1764 4200 obser—
1850 4139 1986 4200 1076
2015 4144 2390 4210 inseruerunt,
2424 4144 2697 4199 videndus
2733 4142 3008 4206 Oudinus,
3063 4140 3160 4211 qui
3191 4157 3443 4196 errorem

176 4248 264 4294 vat
304 4250 600 4298 accuratus
647 4249 908 4297 notarum
955 4247 1152 4296 auctor
1201 4239 1257 4292 in
1286 4237 1437 4292 idem
1465 4235 1762 4297 Muratorii
1843 4232 2014 4287 istum
2047 4251 2111 4288 ex
2131 4235 2250 4289 loco
2280 4234 2520 4289 Hubaldi
2552 4238 2860 4289 memorato
2889 4229 3200 4302 dispungit,
3231 4235 3289 4285 et
3315 4229 3446 4285 Bol-

175 4351 305 4406 opus
329 4333 656 4406 germanico
681 4332 947 4386 idiomate
978 4331 1249 4384 donatum
1287 4329 1380 4394 (9).

1906 4321 2095 4376 ndiani
2125 4323 2194 4376 ad
2225 4323 2281 4376 d.
2312 4340 2403 4377 xvi
2430 4323 2582 4394 Sept.
2601 4323 2659 4376 in
2677 4320 2807 4374 Vita
2835 4319 2894 4374 Β.
2919 4317 3174 4385 Victoris,
3201 4334 3322 4389 cap.
3349 4316 3435 4386 ια

236 4420 487 4475 Rediisse
505 4419 650 4472 forte
673 4417 742 4470 ad
763 4417 950 4471 sedem
977 4415 1274 4487 pristinam
1298 4410 1633 4467 Bonizonem
1659 4426 1761 4464 no-
1843 4426 2084 4481 quorum
2111 4410 2278 4465 verba
2305 4411 2528 4481 integra
2556 4411 2646 4465 hic
2667 4409 2778 4479 legi
2807 4413 3101 4462 merentur
3130 4421 3142 4455 ε
3179 4427 3201 4458 c
3235 4407 3442 4464 Secuns

166 4514 340 4561 strurn
392 4507 634 4562 Henrico
689 4511 848 4559 trans
894 4505 1048 4575 alpes
1076 4519 1348 4574 represso,
1384 4500 1490 4554 etsi
1519 4499 1586 4553 de
1613 4515 1761 4552 anno
1779 4499 1827 4559 D
1845 4499 1981 4554 dum
2029 4501 2355 4556 Ciaconium
2385 4502 2441 4555 in
2469 4499 2741 4570 Gregorio
2769 4497 2898 4562 VII,
2925 4497 3122 4552 fuisset
3147 4496 3438 4565 Domnizo,

166 4597 277 4668 ipso
309 4596 527 4651 reditus
552 4612 665 4649 non
696 4600 886 4648 exacte
909 4598 1150 4657 constet,
1190 4591 1358 4646 rebus
1378 4588 1762 4645 Sutriensibus
1845 4591 1940 4661 qui
1977 4597 2032 4645 et
2072 4591 2294 4662 Regizo.
2355 4589 2556 4660 inquit,
2611 4588 2700 4642 hic
2756 4586 3080 4642 Sabinensis
3121 4586 3438 4658 episcopus,

163 4687 332 4740 densa
361 4683 604 4754 caligine
633 4683 816 4737 adhuc
844 4680 1202 4747 obnubilatis,
1251 4696 1380 4734 vero
1436 4686 1629 4734 tamen
1648 4695 1758 4732 non
1840 4695 1970 4732 cum
2023 4679 2173 4733 dicat
2199 4679 2358 4732 illum
2388 4677 2712 4731 interfuisse
2765 4674 3041 4745 exsequiis
3079 4674 3137 4729 S.
3183 4673 3439 4729 Anselmi

162 4780 241 4828 est
268 4774 552 4829 absimilc.
579 4773 780 4828 Sedem
806 4773 990 4826 denuo
1015 4788 1177 4825 suam
1208 4787 1508 4841 occupasse
1537 4770 1757 4825 videtur
1841 4767 2128 4831 Lucensis,
2159 4784 2306 4822 anno
2333 4767 2587 4838 sequenti
2605 4763 2744 4822 1086
2761 4764 3027 4818 defuncti.
3053 4765 3128 4817 At
3145 4779 3248 4817 nec
3271 4763 3438 4818 Dom-

159 4873 412 4935 tempore
447 4863 634 4916 obitus
650 4862 901 4916 Anselmi
922 4860 1322 4931 Lucensis,qui
1345 4859 1580 4929 contigit
1605 4876 1755 4914 anno
1840 4857 1964 4910 nizo
1993 4873 2119 4910 cum
2151 4856 2430 4927 Regizone
2459 4853 2884 4910 confundendus
2922 4859 3028 4917 est.
3079 4868 3265 4924 neque
3291 4853 3438 4908 alte-

165 4949 311 5015 l086,
347 4951 441 5005 die
454 4964 588 5005 xvm
613 4949 768 5015 Maii,
803 4950 886 5004 uti
911 4955 1068 5020 patet
1098 4965 1163 5002 ex
1213 4948 1332 5002 loco
1364 4947 1626 5013 Hubaldi,
1662 4947 1757 5018 qui
1840 4953 1997 5001 ruter
2024 4946 2130 5000 fuit
2158 4946 2452 5017 episcopus
2477 4943 2822 5008 Sabinensis,
2850 4947 3126 5013 quantum
3155 4942 3434 5012 existimo;

157 5038 298 5094 beati
345 5039 602 5095 Anselmi
629 5039 896 5093 Lucensis
945 5039 1134 5092 Vitam
1191 5038 1250 5092 in
1293 5037 1502 5109 scripta
1540 5036 1757 5092 misisse
1839 5036 1969 5090 licet
1997 5035 2055 5089 in
2089 5035 2391 5090 novissima
2409 5034 2628 5105 Ughelli
2650 5031 2893 5086 editione
2929 5036 3167 5101 uterque
3194 5031 3254 5085 in
3281 5038 3437 5087 cata-

156 5131 364 5199 passim
399 5129 742 5202 perhibetur.
763 5128 1126 5192 Eumlocum,
1151 5144 1316 5199 quem
1337 5127 1673 5198 etUghellus
1703 5133 1760 5180 et
1839 5124 1965 5194 lego
2002 5125 2391 5196 episcoporum
2438 5121 2830 5178 Sabinensium
2878 5119 3212 5190 reperiatur.
3245 5119 3437 5176 Errori

157 5218 412 5274 Oudinus
445 5235 513 5273 ex
549 5217 865 5274 Sebastiani
889 5217 1254 5287 Tengnagelii
1282 5217 1608 5271 collectione
1639 5216 1752 5269 sive
1841 5215 2188 5268 occasionem
2217 5213 2373 5268 dedit
2401 5210 2678 5267 Baronius
2733 5210 2790 5263 in
2838 5206 3151 5263 Annalibus
3202 5207 3275 5260 ad
3329 5224 3434 5262 an-

155 5314 511 5379 syntagmate
549 5313 803 5362 veterum
843 5311 1338 5361 monumentorum
1385 5322 1486 5378 pro
1545 5306 1753 5375 Grego-
1835 5319 1970 5358 num
2007 5299 2162 5369 1086,
2206 5318 2369 5358 num.
2420 5299 2506 5357 10.
2565 5297 2711 5352 Nam
2755 5313 2884 5351 cum
2938 5296 2998 5350 in
3051 5293 3182 5348 Vita
3220 5294 3278 5352 S.
3323 5295 3435 5350 An-

220 5450 292 5520 (6)
322 5451 534 5506 Chron.
568 5450 848 5506 Farvense
891 5449 1042 5520 apud
1087 5448 1390 5516 Murator.,
1432 5453 1475 5502 t.
1504 5448 1578 5512 ll,
1610 5465 1664 5518 p.
1711 5461 1752 5501 ιι
1906 5445 1989 5520 (8)
2005 5445 2066 5520 Τ.
2097 5445 2185 5501 III
2214 5445 2277 5520 in
2300 5441 2788 5520 archiep._?_isan._.
2818 5455 2875 5520 n_.
2907 5437 2998 5502 39,
3023 5437 3129 5492 col.
3159 5435 3286 5495 420.

151 5510 284 5577 ΒΘΗ
310 5523 443 5578 Ital.
927 5510 947 5520 ’
1378 5510 1386 5516 ⁷
1569 5510 1574 5512 ⁷
1610 5510 1629 5518 ’
1904 5510 1984 5586 (9}
2016 5517 2078 5570 P.
2114 5534 2190 5571 m.
2224 5514 2350 5579 452,
2383 5510 2520 5586 ῐοηῐ.
2558 5511 2652 5566 VI.
2680 5510 2884 5586 ιιοιηείΣ

151 5663 192 5719 G
212 5595 290 5665 (7)
323 5593 533 5648 Annali
553 5593 799 5728 dgglia,
831 5600 873 5646 t.
897 5591 1024 5657 VII,
1061 5609 1118 5666 p.
1150 5609 1226 5647 m.
1249 5589 1382 5658 274;
1421 5596 1474 5646 ct
1505 5588 1748 5661 Interpr.
1905 5578 2012 5659 (10)
2036 5588 2100 5644 Τ.
2135 5586 2212 5643 XI
2233 5578 2434 5642 Annal.
2453 5585 2523 5638 ad
2552 5600 2766 5638 annum
2799 5578 2955 5651 1086,
2977 5597 3032 5651 p.
3054 5578 3145 5638 58.

195 5680 370 5728 erm.,
393 5681 447 5728 p.
478 5681 555 5721 ω.
702 5705 716 5719 .

195 5680 370 5730 erm.,
393 5681 447 5740 p.
478 5681 555 5721 ω.
589 5680 716 5728 an.
