3872 6168
423 297 528 361 791

1438 307 1701 366 BONIZO
1738 309 2147 368 PLACENTIN
2152 309 2239 368 US
2278 308 2689 366 EPISCOPUS.

3547 304 3637 363 102

425 424 551 482 nasi
577 426 860 483 recentius
882 428 1289 490 commentum.
1338 446 1503 487 nemo
1546 447 1657 487 non
1698 433 1794 505 qui
1824 437 2347 498 emun-Aerrorem
2379 449 2541 489 suum
2567 446 2928 504 cognoscens.
2960 426 3231 485 suadente
3260 426 3567 502 imperatore
3589 446 3640 486 se

425 514 587 570 ctiori
615 514 813 580 utitur,
835 516 1224 589 deprehendit.

498 604 725 659 Nullam
741 611 1004 660 ceterum
1026 605 1321 663 Bonizonis
1339 609 1486 681 apud
1505 609 1921 684 bibliographos
1936 613 2019 668 in-

425 692 705 764 signiores
719 693 1215 764 SigebertumGem
1223 695 1687 765 blacensem,llcn
1695 700 2020 757 ricumGan—

426 777 748 846 davensem,
778 783 1050 839 Joannem
1078 784 1470 852 Trithemium,
1504 789 1847 844 cardinalem
1890 791 2019 846 Bel-

425 869 751 938 larminum,
792 872 1154 929 Guillelmum
1193 874 1661 947 Eisengreinium,
1703 879 2015 934 Aubertum

423 959 701 1028 Miraeum,
729 962 1037 1017 Antonium
1067 964 1778 1031 Possevinum,Conradum
1802 968 2017 1023 Gesne-

425 1066 552 1105 rum
598 1057 656 1106 et
698 1048 821 1121 ejus
849 1053 1267 1124 epitomatores,
1298 1071 1483 1126 neque
1512 1057 1663 1127 apud
1701 1057 2014 1113 Gerardum

423 1140 700 1195 Joannem
731 1140 1014 1207 Vossium,
1057 1159 1222 1213 quem
1253 1143 1322 1197 de
1358 1144 1637 1199 historicis
1675 1146 2011 1201 scribentem

425 1244 562 1284 cura
583 1228 683 1283 illa
719 1230 951 1302 propius
979 1230 1286 1302 spectabat,
1319 1233 1659 1288 mentionem
1700 1252 2013 1302 occurrere,

425 1333 595 1373 nemo
622 1333 748 1373 cum
780 1319 1055 1375 Casimiro
1082 1321 1302 1376 Oudino
1339 1322 1499 1377 valde
1546 1322 1863 1399 mirabitur,
1897 1326 2013 1396 qui,

424 1423 595 1479 quam
621 1408 821 1480 supine
848 1414 1244 1480 argumentum
1283 1410 1422 1465 illud
1445 1412 1820 1468 vastissimum
1848 1418 2017 1488 atque

426 1497 821 1553 inexhaustum
846 1498 1098 1573 plerique
1117 1515 1309 1554 eorum
1322 1502 1479 1571 (quos
1495 1500 1619 1572 ipsa
1644 1502 1805 1574 copia
1822 1503 2017 1576 inopes

426 1585 664 1642 subinde
916 1588 1300 1654 tractaverint,
1348 1606 1538 1644 secum
1578 1607 1750 1663 prope
1781 1609 2017 1664 perpen-

426 1668 853 1760 derint.
898 1676 1050 1730 enim
1096 1681 1327 1749 tamque
1376 1678 1654 1735 immensa
1701 1696 1829 1735 cum
1869 1686 2019 1736 esset

2097 523 2376 579 abdicavit
2397 522 2598 577 officio.
2625 538 2652 575 ι

2170 612 2307 668 Haec
2335 618 2524 667 autem
2551 627 2664 665 non
2691 608 2841 681 apud
2872 607 3277 664 Domnizonem
3303 607 3474 679 (quem
3497 608 3643 664 videri

2100 708 2290 774 posset
2322 701 2427 756 sub
2458 698 2698 756 Deonito
2726 715 2829 754 suo
2858 696 3214 755 intellexisse)
3252 696 3407 767 cujus
3452 695 3566 752 libri
3586 696 3645 752 ad

2100 790 2430 846 Mathildam
2463 794 2688 844 exstant
2732 787 2802 842 ab
2830 785 3037 842 illustri
3078 784 3350 840 Leibnitio
3390 785 3643 856 recogniti,

2101 877 2199 931 sed
2216 876 2366 948 apud
2383 875 2719 930 Bonizonem
2740 876 3018 936 nostrum,
3039 875 3098 926 et
3114 869 3380 943 prolixius
3396 870 3644 940 leguntur.

2101 966 2211 1021 Sed
2236 970 2294 1019 et
2320 965 2440 1036 ipse
2469 962 2830 1027 Muratorius,
2851 977 2954 1034 pro
2990 975 3218 1015 summa
3243 958 3426 1014 suain
3452 959 3647 1015 edendis

2103 1054 2484 1110 monumentis
2530 1051 2851 1122 integritate
2897 1053 3091 1106 monet
3130 1050 3253 1104 loco
3282 1046 3492 1127 Deoniti
3524 1047 3647 1102 inter

2099 1144 2307 1199 lineam
2351 1142 2656 1214 ascriptum
2690 1141 2749 1195 in
2791 1138 2979 1194 codice
3007 1136 3228 1194 Bonici.
3264 1136 3413 1191 Adeo
3440 1152 3591 1207 prope
3620 1153 3647 1191 a

2099 1250 2229 1288 vero
2284 1232 2463 1287 abfuit
2514 1231 2596 1285 vir
2638 1237 2758 1285 tam
2792 1227 3101 1303 perspicax,
3147 1225 3247 1281 sed
3285 1241 3409 1279 eum
3449 1223 3647 1278 notioris

2101 1321 2455 1378 Domnizonis
2482 1336 2687 1375 nomen
2716 1336 2751 1372 a
2779 1334 2911 1372 vero
2939 1314 3230 1381 abstraxit,
3258 1330 3417 1386 quem
3451 1319 3648 1369 noverat

2098 1410 2355 1467 Mathildi
2375 1410 2581 1466 librum
2604 1423 2975 1478 nuncupasse,
2994 1410 3060 1461 ut
3072 1409 3372 1477 reponeret
3391 1419 3435 1456 τε
3452 1419 3515 1457 an
3532 1402 3648 1458 forte

2104 1499 2308 1567 Donizi,
2333 1516 2431 1554 seu
2459 1497 2821 1556 Domnizonis
2848 1496 2873 1549 ς’
2907 1515 2936 1546 ιι

2172 1588 2289 1644 Sub
2317 1587 2564 1643 Henrico
2588 1586 2667 1643 IV
2696 1585 2988 1640 historiam
3016 1582 3385 1638 Hildebrandi
3407 1585 3470 1650 (ι.
3493 1601 3536 1635 υ.
3562 1581 3646 1633 col.

2099 1677 2222 1739 2‘22)
2254 1678 2456 1751 prioris
2485 1675 2876 1732 Cluniacensis
2904 1677 3098 1746 postea
3131 1670 3409 1744 pontificis
3437 1668 3648 1740 Gregorii

414 1778 639 1831 eorum,
665 1748 921 1837 quorum
952 1766 1159 1837 scripta
1183 1748 1303 1821 tum
1335 1767 1542 1839 passim
1570 1768 1883 1834 exstabant,
1920 1788 2014 1825 co-
2038 1754 2084 1814 Β
2102 1767 2226 1835 VII,
2255 1748 2747 1838 archiepiscopum
2790 1762 3197 1819 Ebronienscm
3243 1758 3494 1815 Simonis:
3535 1757 3650 1811 miro

418 1853 533 1928 pia,
558 1853 722 1910 facile
749 1868 965 1916 eorum.
997 1871 1237 1927 quorum
1257 1861 1378 1910 tum
1409 1863 1468 1912 et
1494 1857 1644 1912 fama
1673 1862 1729 1912 et
1755 1859 2016 1915 lucubra-

419 1942 604 2017 tiones
641 1944 757 1999 alta
809 1943 1050 2015 caligine
1106 1950 1164 2000 et
1199 1944 1313 2001 situ
1352 1946 1772 2017 premebantur,
1812 1948 2016 2004 oblivio

418 2015 686 2103 obrepsit.

493 2119 616 2175 Non
652 2124 844 2176 tamen
874 2121 1173 2177 Bonizonis
1203 2124 1435 2196 ejusque
1463 2142 1700 2197 operum
1742 2127 2017 2182 memoria

416 2208 500 2264 ita
526 2210 757 2265 omnino
786 2211 1119 2277 exoleverat,
1134 2217 1200 2267 ut
1218 2213 1435 2268 nullum
1467 2216 1691 2285 penitus
1721 2216 2014 2287 vestigium

419 2302 664 2353 exstaret
694 2316 706 2353 :
740 2315 874 2354 nam
913 2304 969 2354 et
1009 2315 1326 2371 anonymus
1353 2301 1706 2371 Mellicensis,
1749 2305 2013 2360 Bonizoni

417 2394 612 2442 nostro
668 2387 1038 2459 synchronus,
1084 2405 1120 2443 a
1177 2389 1465 2445 Bernardo
1503 2391 1665 2447 Pezio
1720 2393 1778 2448 in
1827 2395 2012 2449 lucem

418 2481 759 2547 protractus,
789 2477 911 2545 ejus
939 2477 1283 2532 mentionem
1334 2478 1471 2533 facit
1505 2477 1621 2548 ('20)
1655 2481 1745 2536 his
1776 2480 1955 2536 verbis
1999 2501 2011 2537 :

421 2586 443 2618 ε
480 2565 687 2621 Ponizo
734 2565 1043 2621 Sutriensis
1072 2566 1363 2639 presbyter
1391 2568 1627 2640 Septimi
1666 2571 2015 2642 temporibus

420 2654 615 2710 scribit
643 2660 904 2727 excerpta
923 2655 992 2709 de
1005 2655 1365 2712 canonibus.-
1378 2657 1443 2712 Et
1473 2659 1621 2729 quod
1644 2660 2016 2715 Muratorium

418 2742 630 2800 Rerum
677 2736 1001 2801 Italicarum
1047 2749 1202 2800 temo
1227 2746 1329 2812 ΙΙΙ,
1361 2746 1458 2817 qui
1498 2748 1640 2802 Acta
1680 2747 2014 2804 Pontificum

416 2833 802 2889 Romanorum
831 2838 890 2889 et
916 2833 1075 2888 Vitas
1102 2834 1494 2905 complectitur
1522 2852 1556 2890 a
1586 2834 1815 2891 Nicolao
1840 2838 2012 2892 Arra-

415 2922 599 2995 goniae
628 2923 693 2981 S.
732 2921 798 2978 Β.
825 2922 889 2977 Ε.
921 2922 1205 2979 rardinale
1224 2924 1586 2996 conscriptas,
1618 2925 1676 2979 in
1707 2925 1909 2981 Leonis
1939 2927 2015 2982 1X

414 3011 547 3068 Vita
560 3010 855 3067 manifeste
871 3017 1109 3084 apparet
1127 3012 1418 3068 Nicolaum
1446 3013 1742 3070 Bonizonis
1751 3015 2017 3071 historias

414 3117 530 3173 pre
559 3100 734 3155 oculis
768 3073 1068 3156 habuisse:
1102 3101 1242 3156 a’deo
1271 3118 1385 3157 non
1432 3119 1522 3158 res
1549 3109 1772 3159 tantum
1821 3105 1921 3160 sed
1959 3073 2077 3160 etc

413 3186 586 3242 verba
610 3186 782 3255 illius,
828 3204 932 3243 sua
982 3188 1115 3244 facit
1141 3194 1219 3261 (p.
1263 3207 1339 3244 in.
1389 3189 1537 3260 277).
1571 3192 1685 3247 Nec
1728 3192 1787 3247 in
1816 3193 2017 3247 Leonis

414 3281 640 3332 tantum
667 3276 767 3332 sed
785 3282 845 3332 et
869 3278 929 3333 in
960 3277 1230 3350 Stephani
1262 3281 1356 3345 1X,
1385 3279 1603 3334 Nicolai
1623 3281 1674 3336 ΙΙ
1696 3287 1754 3335 et
1773 3282 2016 3336 Alexan-

413 3363 560 3422 driII
573 3365 753 3435 gestis
770 3365 947 3422 vitulo
969 3366 1259 3422 Bonizonis
1274 3374 1505 3423 strenue
1531 3369 1712 3424 aravit
1729 3370 2011 3437 Nicolaus,

415 3454 523 3509 etsi
541 3455 664 3525 ejus
681 3454 909 3509 interim
922 3454 1089 3509 verbo
1106 3472 1216 3511 non
1238 3456 1743 3522 meminerit.Quod
1757 3458 2016 3530 pluribus

413 3544 708 3602 conficere.
736 3559 864 3598 cum
903 3544 1143 3598 conferri
1167 3546 1286 3615 jam
1319 3544 1469 3600 inter
1510 3563 1592 3615 se,
1620 3564 1791 3619 opera
1820 3554 2013 3603 nostra

412 3632 707 3704 utriusque
735 3632 947 3704 scripta
967 3633 1197 3704 possint,
1233 3634 1405 3704 hujus
1428 3635 1534 3689 loci
1566 3652 1732 3707 porro
1754 3654 1866 3692 non
1889 3654 2011 3692 esse

412 3721 652 3777 videtur.
687 3721 942 3777 Sufficiat
968 3722 1167 3776 saltem
1199 3728 1424 3778 notasse
1454 3723 1511 3778 in
1533 3724 1816 3795 specimen
1842 3726 2011 3781 Nico-

414 3810 569 3865 laum
600 3811 658 3865 in
689 3811 801 3865 vita
828 3811 1126 3866 Alexandri
1148 3812 1199 3867 II
1219 3811 1562 3867 mentionem
1602 3814 1786 3869 facere
1812 3815 2011 3871 statuti

414 3915 448 3954 a
490 3898 819 3954 Lombardis
849 3899 1123 3973 episcopis
1152 3900 1426 3956 Guiberto
1454 3901 1747 3958 Parmensi
1780 3912 2010 3959 auctore

413 3987 567 4055 facti,
596 3995 660 4044 ut
687 3988 914 4044 aliunde
935 4006 1046 4045 non
1068 3989 1339 4045 deberent
1369 4007 1570 4063 papam
1598 3993 1866 4065 recipere,
1899 3994 2010 4049 nisi

414 4094 482 4133 ex
503 4078 765 4151 paradiso
789 4078 1116 4151 Italiae,quae
1135 4079 1370 4135 totidem
1390 4080 1570 4136 verbis
1590 4082 1740 4154 apud
1754 4087 2009 4138 nostrum

413 4167 681 4239 leguntur
692 4213 705 4226 .

486 4256 821 4312 Ricobaldus
852 4273 1075 4329 quoque
1120 4257 1515 4323 Ferrariensis,
1548 4259 1852 4314 canonicus
1902 4259 2009 4315 Ra-

412 4361 647 4413 vennas,
675 4346 735 4400 in
769 4346 1016 4401 Historia
1054 4347 1461 4418 imperatorum
1491 4347 2011 4405 Romano-Germa-

2097 1864 2432 1928 argumento
2457 1854 2834 1910 convincentis
2860 1858 2918 1907 et
2949 1852 3020 1906 ad
3049 1849 3454 1906 abdicationem
3476 1862 3650 1918 cogen-

2097 1946 2191 2012 tis,
2222 1946 2420 2001 iisdem
2451 1946 2570 2000 fere
2594 1944 2776 1999 verbis
2805 1947 3018 2009 narrat,
3054 1958 3180 2012 quae
3204 1939 3373 1993 hodie
3411 1936 3651 1993 Bonizone

2098 2040 2352 2090 exstante
2381 2035 2642 2105 legimus.
2697 2031 2820 2097 Quo
2868 2031 2990 2086 loco
3039 2028 3408 2085 Riccobaldus
3444 2024 3651 2081 auctoris

2097 2124 2184 2180 sui
2195 2125 2414 2191 nomenf
2446 2140 2557 2178 non
2574 2124 2695 2193 jam
2713 2126 3032 2175 truncatum
3054 2124 3156 2174 aut
3175 2115 3531 2181 deforme,sed
3549 2130 3652 2168 vere

2098 2218 2156 2269 ct
2198 2213 2444 2284 genuine
2473 2213 2646 2266 refert
2674 2210 3011 2265 Bonizonem
3038 2207 3308 2262 vocando.
3353 2202 3652 2261 Muratorius

2097 2309 2290 2357 tamen
2318 2301 2458 2356 adeo
2490 2300 2626 2354 nihil
2653 2298 2970 2371 suspicatur
2997 2295 3254 2368 genuini,
3290 2299 3354 2350 ut
3378 2300 3433 2348 et
3457 2292 3539 2348 hic
3560 2291 3652 2346 Do-

2096 2391 2351 2446 nizonem
2384 2388 2768 2462 reponendum
2798 2392 2978 2459 putet.

2169 2479 2462 2535 Bonizonis
2478 2477 2719 2549 denique
2750 2475 3008 2531 meminit
3026 2474 3200 2529 etiam
3226 2471 3495 2528 Martinus
3513 2470 3653 2525 Polo-

2098 2577 2205 2625 nus
2234 2569 2294 2624 in
2323 2567 2620 2633 Chronico,
2643 2567 2749 2621 etsi
2778 2582 2880 2620 nec
2902 2566 2959 2620 in
2981 2563 3247 2620 omnibus
3262 2580 3347 2626 co,
3375 2558 3653 2616 necdicibus

2099 2658 2293 2713 eodem
2342 2657 2529 2715 modo.
2567 2656 2732 2710 Juvat
2778 2671 2845 2710 ea
2874 2654 2944 2709 de
2973 2669 3034 2707 rc
3082 2652 3269 2724 ipsum
3299 2650 3487 2707 audire
3513 2649 3651 2703 Lam-

2099 2746 2373 2809 beccium,
2406 2745 2501 2817 qui
2532 2750 2659 2800 octo
2698 2760 2764 2799 ea
2801 2744 2861 2799 in
2897 2760 2957 2798 re
2986 2743 3137 2797 inter
3165 2758 3228 2797 se
3259 2739 3486 2796 contulit
3532 2753 3650 2809 quos

2095 2853 2292 2892 omnes
2322 2835 2758 2907 locupletissima
2786 2833 2882 2888 illa
2907 2839 2963 2889 et
2989 2849 3118 2887 vere
3143 2833 3397 2902 Augusta
3426 2829 3521 2884 icui
3544 2843 3658 2900 prte-

2096 2925 2229 2996 fuit)
2271 2923 2610 2978 bibliotheca
2651 2922 2919 2995 possidet.
2954 2922 3040 2977 Ita
3068 2927 3262 2976 autem
3307 2920 3438 2974 ille:
3488 2938 3509 2969 ι
3541 2914 3653 2971 Ηωο

2103 3014 2277 3085 igitur
2304 3018 2440 3069 sunt
2472 3012 2570 3067 illa
2611 3013 2875 3067 chronica
2899 3010 3220 3075 Bonizonis,
3266 3009 3398 3075 sive,
3427 3012 3488 3062 ut
3527 3005 3654 3060 idem

2098 3102 2237 3157 alias
2267 3108 2528 3174 corrupte
2555 3101 2894 3173 appellatur,
2924 3099 3137 3155 Bonisii
3171 3099 3243 3153 de
3267 3097 3436 3169 gestis
3459 3093 3655 3150 Pontiﬁ-

2097 3208 2223 3246 cum
2276 3191 2679 3253 Romanorum,
2738 3205 2978 3261 quorum
3029 3188 3310 3244 Martinus
3354 3186 3579 3241 Polonus
3610 3182 3656 3235 in

2097 3280 2345 3336 chronici
2370 3280 2458 3335 sui
2488 3278 2812 3351 pmfatione
2837 3277 3094 3332 meminit
3131 3277 3224 3332 his
3251 3275 3428 3331 verbis
3449 3292 3496 3327 ε(
3521 3272 3658 3327 Com-

2101 3389 2128 3424 ι
2159 3370 2325 3442 pilavi
2372 3376 2563 3424 autem
2617 3383 2861 3441 prtesens
2906 3367 3241 3438 opusculum
3277 3382 3340 3421 ex
3371 3361 3574 3435 scriptis
3598 3359 3651 3414 Τ.

2102 3480 2125 3512 ι
2158 3458 2319 3525 Livii,
2366 3475 2430 3512 ex
2460 3457 2738 3512 chronicis
2782 3457 2986 3523 Orosii,
3040 3473 3109 3511 ex
3158 3454 3432 3510 chronicis
3457 3448 3654 3507 Damasi

2100 3569 2123 3600 ι
2160 3565 2317 3620 papae
2362 3546 2443 3602 De
2487 3547 2664 3618 gestis
2692 3545 3044 3617 pontificum,
3078 3562 3145 3599 ex
3174 3542 3447 3600 chronicis
3472 3536 3654 3596 Bonisii

2098 3657 2122 3689 ι
2157 3637 2398 3709 episcopi
2422 3635 2637 3691 Sutrini
2659 3636 2738 3690 De
2755 3634 2932 3706 gestis
2951 3635 3304 3707 pontificum,
3325 3650 3390 3688 ex
3401 3628 3654 3687 chronicis

2099 3747 2121 3777 ι
2157 3726 2317 3780 Pauli
2351 3725 2602 3789 Diaconi,
2637 3744 2660 3776 ι
2694 3729 2808 3782 etc.
2848 3725 2934 3780 Ita
2980 3724 3131 3778 enim
3182 3724 3276 3778 hic
3306 3724 3453 3777 locus
3489 3731 3653 3774 revera

2094 3814 2364 3885 legendus
2392 3819 2495 3878 est,
2518 3830 2629 3868 non
2659 3818 2871 3869 autem.
2892 3818 2959 3868 ut
2986 3811 3044 3867 in
3073 3813 3308 3867 Joannis
3323 3808 3539 3883 Oporini
3562 3804 3656 3861 edi-

2091 3904 2245 3958 tione
2276 3903 2585 3957 Basileensi
2637 3918 2788 3957 anno
2844 3900 3000 3967 1559,
3053 3901 3238 3956 iii-fol.
3272 3906 3330 3956 et
3372 3900 3429 3954 in
3458 3892 3656 3953 Sutfridi

2094 3993 2245 4047 Petri
2274 3992 2518 4047 editione
2543 3991 2952 4064 Antwcrpiensi
2991 3991 3350 4046 Plantiniana
3373 4004 3512 4044 anno
3538 3981 3653 4043 1574

2092 4078 2230 4146 in—8,
2263 4097 2555 4153 perperam
2579 4086 2637 4134 et
2650 4080 2917 4135 mendose
2940 4080 3147 4151 legitur
3180 4099 3193 4135 :
3220 4081 3303 4135 De
3327 4076 3493 4150 gestis
3515 4072 3655 4130 Boni-

2092 4170 2162 4224 zii
2191 4170 2437 4242 episcopi
2463 4170 2699 4231 Sutrini,
2726 4169 2804 4223 De
2829 4170 3005 4240 gestis
3033 4169 3386 4241 pontiﬁcum.
3415 4167 3578 4232 Quam
3597 4158 3656 4215 ad

2090 4275 2212 4313 rem
2243 4262 2445 4314 merito
2476 4258 2973 4330 reprehendendus
2996 4262 3083 4312 est
3109 4259 3357 4312 Joannes
3384 4251 3655 4310 Fabricius.

2090 4348 2422 4418 cognomine
2445 4348 2651 4415 Cmsar,
2674 4347 2769 4419 qui
2786 4346 2845 4401 in
2866 4347 3117 4401 editione
3139 4363 3247 4401 sua
3265 4345 3506 4417 ejusdem
3521 4340 3655 4395 chro-

412 4434 668 4489 nicorum
696 4435 946 4490 aCarolo
974 4436 1233 4507 Musque
1262 4435 1332 4489 ad
1351 4451 1562 4491 annum
1582 4435 1724 4494 1298
1737 4433 2199 4509 productaDnici
2227 4437 2457 4492 colonia;
2486 4436 2810 4508 Agrippinae
2838 4436 2990 4508 typis
3019 4435 3263 4490 Gerardi
3293 4427 3655 4489 Grevenbruch

412 4522 562 4595 apud
591 4523 883 4578 laudatum
910 4524 1284 4579 Muratorium
1337 4530 1395 4586 lt.
1450 4525 1525 4580 IX
1553 4527 1674 4581 Iter.
1707 4526 1876 4597 Ital.)
1912 4528 2009 4599 qui

414 4626 540 4666 eam
569 4611 787 4683 pridem
818 4628 851 4665 a
882 4611 1026 4666 νει.
1050 4618 1109 4667 et
1135 4612 1348 4669 Joanne
1371 4613 1612 4685 Georgio
1638 4615 1881 4672 Ecc'ardo
1895 4616 2011 4671 edi-

413 4706 667 4771 tam,ope
680 4699 885 4756 codicis
902 4700 1152 4756 Estensis
1173 4703 1469 4773 purgatius
1483 4709 1540 4757 et
1551 4704 1883 4775 locupletius
1916 4722 2009 4760 re-

416 4787 548 4843 cudi
575 4786 726 4857 fecit,
746 4788 806 4843 in
832 4788 1075 4844 Henrico
1092 4789 1147 4844 II
1160 4791 1557 4863 imp.quaedam
1577 4809 1608 4846 e
1624 4791 1906 4849 Bonizone
1924 4793 2009 4848 af-

413 4877 667 4946 fert(col.
692 4876 831 4943 121).
852 4894 954 4933 nec
983 4879 1090 4933 nisi
1111 4879 1168 4933 in
1198 4879 1317 4934 solo
1343 4880 1568 4935 nomine
1587 4880 1795 4938 titubat
1810 4883 2010 4939 Deoni-

413 4973 536 5024 tum
549 4966 901 5040 appellando.
914 4985 941 5021 ι
957 4966 1168 5023 Inlibro
1179 4972 1368 5022 tamen
1382 4968 1833 5042 Deoniti,inquit,
1843 4988 2011 5043 quem

415 5057 574 5113 misit
597 5056 669 5112 ad
697 5056 1040 5112 comitissam
1087 5056 1438 5123 Mathildam,
1470 5057 1677 5113 dicitur
1703 5061 1854 5131 quod
1882 5078 2010 5116 cum

413 5148 596 5203 dictus
617 5144 1001 5218 presbyter(de
1012 5145 1284 5200 Gratiano
1305 5153 1544 5218 papatus
1559 5153 1810 5220 emptore
1825 5165 2011 5203 sermo

416 5241 523 5305 est)
556 5233 916 5308 simplicitate
935 5233 1138 5289 ductus
1161 5235 1549 5306 pontificatum
1586 5236 1693 5291 sibi
1719 5254 1820 5309 per
1848 5253 2013 5309 pecu-

412 5325 568 5381 niam
590 5322 995 5395 acquisivisset,
1028 5329 1094 5379 ut
1112 5323 1401 5379 schismati
1431 5324 1700 5391 obviaret,
1733 5327 1854 5398 ipse
1884 5344 2012 5382 mox

492 5465 598 5540 (29)
622 5466 767 5540 'Cap_.
799 5463 1004 5540 1121p.
1031 5483 1115 5540 m1
1139 5462 1263 5540 489,
1296 5467 1369 5521 ad
1395 5467 1603 5523 calcem
1635 5468 1887 5540 ejusdem
1916 5469 2010 5525 Bi-

414 5535 1385 5594 blibthecie'Benedicto-Maurianze.

484 5606 603 5686 (2i)
641 5608 710 5665 In
991 5609 1060 5665 de
1082 5609 1207 5668 cod.
1255 5626 1362 5685 ms.
1391 5609 1761 5669 Ambraciam
1813 5628 2003 5668 unv.

2091 4541 2239 4580 anno
2271 4522 2408 4582 1616
2428 4525 2613 4579 in-fol.
2641 4539 2866 4589 excusa,
2897 4523 3067 4578 verba
3094 4522 3433 4596 przefationis
3457 4513 3654 4574 Martini

2090 4614 2308 4681 Poloni,
2326 4613 2530 4686 quibus
2558 4614 2953 4668 chronicorum
2984 4612 3217 4678 Bonisii,
3249 4612 3363 4667 sive
3394 4603 3655 4665 Bonizonis

2088 4705 2171 4760 De
2188 4705 2362 4774 gestis
2393 4703 2719 4775 pontiﬁcum
2736 4703 3120 4757 Romanorum
3150 4701 3288 4757 facit
3316 4698 3654 4759 mentionem,

2093 4793 2324 4848 omnino
2349 4793 2573 4860 omisit;
2640 4807 2843 4863 nempe
2879 4790 3031 4846 haud
3059 4789 3172 4845 alia
3200 4790 3271 4845 de
3297 4803 3480 4852 causa,
3509 4796 3656 4856 quam

2090 4881 2356 4952 quoniam
2386 4881 2493 4954 ipsi
2516 4880 2771 4937 Bonizius
2800 4881 2908 4936 iste
2936 4879 3051 4934 sive
3068 4878 3298 4946 Bonizo,
3329 4890 3543 4950 prorsus
3566 4868 3658 4925 fuit

2092 4969 2411 5041 incognitus
2444 4969 2749 5040 (21).»Hmc
2765 4968 3147 5038 Lambeccius,
3175 4968 3271 5041 qui
3290 4965 3479 5022 eodem
3501 4960 3586 5017 lib.
3605 4970 3654 5023 ll,

2092 5076 2196 5132 cap
2219 5058 2255 5116 8
2280 5058 2388 5127 (22)
2406 5059 2617 5114 variam
2639 5066 3077 5114 memoratorum
3094 5058 3218 5113 cod.
3258 5073 3366 5111 ms.
3386 5052 3655 5109 lectionem

2094 5150 2245 5204 hisce
2273 5149 2483 5203 indicat
2505 5147 2690 5203 verbis
2722 5165 2735 5202 :
2763 5168 2785 5199 ι
2821 5146 3212 5203 Necessarium
3239 5144 3478 5200 arbitror
3509 5145 3567 5193 ut
3579 5134 3655 5211 hic

2092 5238 2371 5293 corollarii
2400 5237 2580 5292 instar
2610 5236 2813 5291 addam
2833 5236 3114 5307 quomodo
3140 5234 3287 5289 idem
3318 5234 3470 5287 locus
3496 5244 3551 5282 se
3571 5225 3653 5279 ba-

2090 5327 2221 5383 beat
2249 5327 2308 5384 in
2336 5332 2460 5382 octo
2490 5342 2661 5399 supra
2688 5325 3017 5381 memoratis
3065 5324 3187 5380 cod.
3222 5340 3326 5378 ms.
3358 5323 3497 5390 Aug.
3526 5312 3649 5371 Bibl.

2163 5469 2271 5554 (22)
2291 5468 2751 5554 inhrecenskcod.
2773 5484 2959 5550 .ccuv,
2999 5467 3303 5554 inﬂqu‘arto
3568 5453 3651 5528 qui

2092 5532 2325 5600 Martini
2354 5541 2549 5598 Poloni
2578 5539 2921 5599 Chronicum
2947 5532 3215 5608 continet,
3246 5554 3303 5611 p.
3328 5532 3430 5593 872
3454 5547 3563 5601 seq.
