3912 6166
1227 344 1318 400 DE
1361 343 1530 404 VITA
1568 346 1657 404 ET
1695 345 2019 404 SCRIPTIS
2060 346 2463 407 BONlZONIS.

3394 349 3499 407 794

210 471 349 528 Ges.
377 470 446 527 In
469 471 652 544 primo
671 470 845 542 igitur
861 473 920 524 et
943 467 1188 524 secundo
1211 468 1438 526 illorum
1463 472 1587 528 cod.
1615 472 1884 544 legiturA
1902 492 1927 525 ι
1959 479 2156 545 potero
2189 475 2493 544 ruminare,
2532 477 2802 534 fratribus
2829 475 3211 549 indigentibus
3248 475 3494 542 libenter

208 561 314 616 hoc
344 561 515 616 modo
545 579 557 610 :
595 580 621 612 α
653 561 796 616 Item
826 575 891 612 ex
920 558 1198 614 chronicis
1237 560 1422 615 Coniti
1456 562 1671 617 Sutrini
1704 563 1821 635 epi-

209 650 359 721 scopi
383 651 469 705 De
491 649 668 721 gestis
686 649 1014 721 pontificum
1036 654 1095 701 et
1114 647 1541 719 imperatorum.
1565 652 1628 706 In
1652 651 1821 706 tertio

211 739 420 809 legitur
459 758 472 793 :
528 759 552 790 ι
611 739 754 793 Item
805 754 872 791 ex
926 735 1206 790 chronicis
1263 737 1480 803 Bobini,
1531 761 1549 788 ι
1594 745 1709 798 etc.
1754 741 1819 795 In

212 833 415 898 quarto
454 828 702 898 legitur:
742 847 762 878 σ
809 827 951 881 Item
995 828 1071 880 De
1108 825 1284 896 gestis
1323 826 1535 882 Bonisii
1575 829 1822 900 episcopi

213 916 433 970 Sutrini
463 917 542 970 De
570 915 746 985 gestis
790 913 1138 985 pontificum.
1175 933 1201 966 s
1233 915 1296 970 In
1326 933 1376 974 v.
1409 933 1481 981 Vl,
1519 931 1592 971 vn
1631 921 1688 971 et
1722 931 1818 973 vm

213 1006 458 1075 legitur:
490 1023 516 1056 ι
549 1005 690 1060 Item
717 1020 783 1057 ex
807 1002 1085 1057 chronicis
1119 1001 1310 1058 Bobini
1331 1004 1545 1060 Sutrini
1570 1006 1818 1079 episcopi

214 1095 292 1148 De
311 1093 493 1164 gestis
523 1099 918 1164 utrorumque.
953 1111 978 1144 ι)

281 1185 472 1252 Atque
499 1182 616 1236 haec
645 1187 780 1236 sunt
807 1197 930 1251 quae
958 1180 1029 1234 de
1060 1180 1333 1236 Bonizone
1365 1199 1466 1253 pro
1497 1185 1818 1254 argumenti

217 1276 272 1325 et
313 1271 652 1325 eruditionis
699 1270 879 1341 copia,
920 1270 1034 1323 sive
1082 1269 1272 1341 inopia
1317 1272 1524 1342 potius.
1557 1273 1820 1344 colligere

214 1360 392 1430 potui.
413 1361 498 1414 De
518 1376 628 1430 quo
645 1375 772 1413 vero
794 1374 1050 1413 asserere
1070 1375 1368 1430 possumus
1389 1361 1535 1432 quod
1551 1362 1620 1416 de
1642 1363 1818 1418 Servii

215 1448 444 1519 Sulpitii
483 1447 776 1502 nobilitate
811 1447 1004 1502 Cicero
1025 1449 1156 1513 (Pro
1187 1449 1484 1517 Murena),
1507 1471 1530 1500 ι
1566 1467 1690 1506 eam
1716 1452 1820 1506 ho-

214 1537 464 1592 minibus
483 1535 750 1591 litteratis
770 1541 828 1590 et
849 1535 1130 1590 historicis
1152 1536 1427 1591 notiorem
1450 1557 1592 1605 esse,
1612 1541 1816 1612 populo

213 1643 340 1680 vero
369 1630 432 1680 et
459 1624 928 1696 suffragatoribus
955 1623 1357 1680 obscuriorem.
1385 1648 1404 1674 ι
1435 1627 1594 1691 Quod
1625 1645 1816 1699 super-

212 1721 311 1780 est,
339 1715 410 1769 ad
445 1713 659 1784 ingenii
688 1714 812 1783 ejus
840 1719 1208 1768 monumenta
1246 1715 1508 1784 pertinet,
1551 1733 1674 1787 quae
1705 1717 1816 1771 sin-

207 1805 340 1875 gula
368 1803 569 1858 ordine
594 1801 960 1857 recensenda.

622 1924 1054 1982 CATALOGUS
1094 1925 1409 1981 OPERUM.

213 2055 456 2123 Epitome
475 2055 729 2106 omnium
750 2067 977 2120 operum
1007 2055 1053 2103 et
1088 2053 1493 2105 sententiarum
1516 2051 1572 2106 S.
1601 2051 1816 2118 Augus-

281 2129 394 2178 tim'
408 2125 713 2178 Paradisus
735 2125 775 2177 Α
787 2125 1114 2190 ugustz‘m’an
1125 2139 1185 2175 us
1203 2125 1471 2192 inscripta
1487 2127 1535 2177 et
1558 2125 1620 2176 in
1643 2123 1812 2176 libros

273 2201 387 2250 octo
410 2197 612 2248 divisa.

273 2292 495 2348 Primus
511 2292 764 2346 omnium
788 2292 958 2362 hujus
973 2290 1161 2362 operis
1183 2290 1439 2345 notitiam
1457 2291 1606 2346 eruit
1622 2291 1810 2345 belluo

205 2381 294 2436 ille
310 2382 586 2436 librorum
611 2380 1106 2452 (quemadmodum
1125 2380 1264 2434 Cato
1281 2380 1554 2450 appellari
1574 2380 1811 2443 solebat)

206 2469 406 2524 Petrus
451 2470 832 2529 Lambeccius,
865 2469 1213 2523 bibliothecae
1246 2470 1512 2539 Augustae
1541 2470 1809 2525 Caesarea:

208 2559 654 2614 Vindobonensis
674 2565 968 2630 praetectus
986 2558 1150 2627 longe
1184 2558 1580 2627 dignissimus;
1610 2558 1655 2612 is
1680 2576 1810 2613 eum

208 2663 318 2701 una
338 2664 468 2700 cum
491 2647 616 2700 aliis
634 2645 918 2700 codicibus
941 2645 1174 2698 vetustis
1196 2645 1450 2702 Czcsarco
1476 2647 1636 2716 jussu
1663 2663 1811 2701 anno

207 2736 395 2790 saeculi
443 2735 752 2806 superioris
789 2734 1137 2804 sexagesimo
1168 2733 1365 2804 quinto
1404 2751 1468 2787 ex
1509 2751 1636 2788 arce
1675 2737 1811 2790 Am-

207 2823 472 2879 brasiana
507 2825 565 2878 in
602 2824 914 2880 Caesaream
955 2822 1349 2876 bibliothecam
1393 2839 1428 2876 a
1466 2839 1525 2876 se
1561 2825 1812 2878 transla-

205 2920 345 2979 tum,
381 2913 526 2967 libro
551 2913 798 2967 secundo
818 2911 1366 2967 Commentariorum
1393 2928 1645 2978 suorum,
1671 2930 1811 2984 quos

205 3003 272 3057 de
313 3003 515 3057 eadem
561 3001 1033 3074 locupletissimos
1077 3001 1182 3054 etsi
1228 3001 1298 3054 ad
1346 3001 1516 3054 finem
1549 3018 1662 3056 non
1693 3019 1814 3074 per-

207 3092 407 3147 ductos
451 3091 693 3164 posteris
722 3091 1044 3161 reliquerat.
1078 3089 1382 3159 diligenter
1411 3095 1467 3144 et
1501 3096 1692 3145 exacte
1722 3107 1813 3145 re-

207 3180 446 3235 censuit.

273 3269 474 3324 Exstat
519 3285 659 3340 opus
701 3268 757 3322 in
800 3267 922 3322 cod.
965 3282 1161 3322 1.xxxv.
1205 3267 1520 3331 chartaceo,
1565 3267 1811 3334 in-folio,

206 3358 526 3430 conscripto
564 3373 714 3412 anno
752 3356 903 3414 H39.
954 3355 1391 3428 Nuncupavcrat
1427 3356 1564 3410 illud
1608 3357 1814 3412 Bonizo

204 3447 408 3502 Joanni
429 3444 642 3511 abbati,
668 3463 834 3516 quem
865 3445 1022 3500 illum
1052 3445 1288 3499 scientia
1315 3445 1543 3516 pietate,
1572 3453 1629 3500 et
1649 3446 1814 3500 Chri-

204 3537 390 3590 stiana
404 3534 1354 3590 mansuetudinecelebratissimum
1367 3535 1816 3590 JoannemGual-

205 3623 349 3679 berti
377 3625 551 3678 Vallis
571 3623 860 3678 Umbrosze
882 3623 1236 3677 fundatorem
1259 3624 1432 3678 fuisse
1453 3623 1603 3679 inter
1621 3625 1815 3678 doctos

205 3715 422 3768 dudum
463 3721 702 3767 constat.
737 3713 1044 3784 Epistolam
1076 3713 1232 3767 illam
1274 3713 1424 3767 notis
1470 3713 1586 3768 suis
1627 3732 1817 3769 recon-

205 3803 334 3857 ditae
384 3803 722 3857 eruditionis
765 3802 1106 3856 illustratam
1139 3801 1418 3872 integram
1464 3803 1581 3856 fere
1618 3803 1817 3859 inserit

203 3891 644 3947 Commentariis
693 3891 812 3945 suis
857 3890 1244 3955 Lambeccius,
1276 3890 1424 3961 quod
1455 3891 1511 3945 in
1547 3909 1613 3946 ea
1655 3893 1816 3947 insti-

201 3987 395 4035 tutum
447 3987 960 4050 argumentumque
1010 3980 1196 4050 cperis
1247 3979 1414 4050 plane
1463 3986 1521 4034 et
1575 3981 1816 4037 dilucide

198 4071 603 4142 explicaretur.
633 4068 774 4123 Eam
808 4069 912 4122 hoc
939 4073 1208 4140 tanquam
1238 4087 1364 4124 vere
1397 4087 1501 4124 suo
1531 4071 1651 4125 loco
1679 4071 1811 4142 legi,

200 4159 296 4214 ubi
337 4160 410 4212 de
468 4158 766 4213 Bonizonis
822 4157 988 4211 rebus
1043 4175 1107 4212 ex
1163 4158 1424 4213 instituto
1462 4159 1672 4229 agitur,
1711 4177 1814 4214 nec

199 4247 665 4318 intempestivum
712 4262 815 4300 nec
845 4247 1146 4301 molestum
1183 4247 1405 4302 erudito
1441 4248 1637 4303 lectori
1667 4249 1814 4303 vide-

196 4335 360 4390 bitur
379 4335 516 4407 (23).

244 4482 460 4534 Bonz‘zo
491 4482 552 4532 in
581 4479 811 4547 familia
831 4479 932 4532 Dei
961 4480 1238 4532 minimus
1267 4481 1479 4533 Joanm'
1505 4495 1759 4533 reveren-

639 4551 866 4603 dissimo
893 4551 1083 4604 abbati
1122 4553 1377 4604 salutem.

267 4686 291 4719 ι
339 4665 646 4720 Dominica
685 4681 816 4719 voce
853 4681 984 4718 reus
1026 4664 1235 4734 agitur.
1267 4665 1363 4735 qui
1400 4665 1677 4718 talentum
1709 4665 1816 4719 sibi

192 4775 219 4808 ι
252 4755 547 4810 creditum
578 4753 776 4808 maluit
805 4753 979 4807 humo
1005 4759 1197 4823 tegere
1229 4770 1395 4824 quam
1418 4754 1815 4809 nummulariis

191 4865 216 4894 α
250 4845 329 4898 ad
390 4859 652 4896 mensam
701 4842 1080 4906 commodare,
1127 4843 1285 4911 cujus
1321 4842 1552 4896 admissi
1591 4843 1814 4914 culpam

195 4955 219 4984 ι
254 4932 508 4987 sollicite
536 4931 715 4986 vitare
737 4931 1083 4996 desiderans,
1110 4930 1434 4994 deliberavi,
1463 4931 1563 4986 Dei
1584 4933 1817 5000 juvante

192 5044 217 5074 ι
248 5021 474 5094 gratia,
507 5019 757 5090 quandiu
801 5021 1034 5092 spiritus
1066 5019 1248 5074 vitalis
1298 5037 1452 5074 meos
1479 5021 1821 5090 vegetaverit

189 5133 210 5162 ο
248 5109 756 5180 artus,'quidquid
787 5109 985 5163 auditu
1029 5108 1213 5162 cordis
1255 5114 1310 5162 et
1355 5109 1604 5180 corporis
1636 5110 1817 5180 perci-

191 5219 218 5253 ι
250 5216 425 5272 pere,
452 5197 743 5252 intellectu
765 5198 1100 5263 discernere,
1128 5197 1399 5270 quidquid
1424 5198 1611 5269 palato
1633 5197 1817 5253 cordis

267 5340 400 5411 (23)
434 5340 652 5396 Retulit
679 5346 811 5394 ante
837 5357 940 5394 nos
973 5340 1227 5405 Oudinus
1253 5345 1300 5411 7t.
1333 5341 1402 5394 II.
1432 5339 1814 5395 Commentar.

189 5414 277 5470 De
305 5409 582 5484 scriptor.
616 5412 922 5484 ecclesiast.
953 5413 1058 5466 col.
1094 5429 1177 5484 m.
1208 5409 1330 5474 739,
1363 5427 1481 5484 seq.

265 5485 396 5554 (24)
434 5479 529 5538 'De
577 5484 683 5538 hoc
729 5483 1016 5554 Tychonio
1065 5481 1292 5536 natione
1322 5479 1555 5554 Afroad
1589 5479 1820 5536 Genna-

195 5552 368 5626 dium
402 5554 502 5626 lib.
534 5554 617 5626 De
644 5552 1010 5626 scriptoribus
1037 5555 1256 5616 eccles..
1281 5570 1403 5626 cap.
1437 5552 1520 5626 l8,
1548 5558 1607 5608 et
1633 5563 1822 5626 aucto-

193 5645 295 5683 res
324 5625 546 5681 ibidem
574 5624 776 5681 citatos
801 5625 861 5680 in
886 5624 1120 5682 Auberti
1140 5625 1316 5682 limi
1339 5624 1562 5682 Scholia
1580 5625 1820 5681 remittit

1907 583 1929 615 ι
1964 565 2403 625 communicare.
2451 567 2680 640 Suscipe
2719 569 2912 639 igitur.
2951 569 3122 623 Pater
3154 569 3490 628 venerande.

1905 672 1932 707 ι
1964 656 2291 724 Επενριυηι
2319 660 2726 711 sententiarum
2757 661 2986 725 miriﬁci
3015 660 3250 712 doctoris
3269 657 3494 725 Augus-

1905 763 1928 795 ¢
1966 745 2094 808 tini,
2131 745 2233 800 tibi
2279 747 2543 801 sudatum
2586 753 2643 801 et
2681 764 2784 818 per
2825 764 3035 801 annum
3065 747 3153 800 vix
3181 747 3250 800 ad
3282 747 3492 802 calcem

1903 852 1929 886 ε
1963 833 2312 905 perductum,
2344 836 2493 906 quod
2522 842 2646 890 octo
2675 835 3050 890 voluminibus
3073 835 3312 890 divisum
3341 851 3376 890 a
3402 851 3493 890 me

1904 944 1928 978 ι
1963 925 2223 979 Paradisi
2262 925 2489 980 nomine
2527 930 2614 980 est
2653 925 2998 991 decoratum,
3039 930 3096 980 et
3131 941 3245 980 non
3290 924 3493 980 imme-

1905 1035 1927 1066 ‹
1963 1015 2094 1076 rito.
2133 1037 2152 1062 ο
2186 1020 2292 1069 etc.

1973 1105 2163 1159 ltefert
2210 1112 2408 1176 postea
2451 1103 2812 1158 Lambeccius
2856 1119 2978 1174 quae
3034 1103 3105 1157 de
3143 1103 3491 1173 singulorum

1900 1193 2173 1248 librorum
2206 1199 2539 1264 argumento
2577 1193 2724 1247 circa
2765 1194 2931 1248 finem
2965 1192 3215 1262 ejusdem
3245 1193 3493 1263 epistola:

1901 1301 2016 1338 sua:
2046 1289 2324 1337 memorat
2363 1283 2586 1347 Bonizo,
2620 1305 2646 1331 «ι
2679 1283 2982 1352 Accingere
3011 1282 3202 1352 itaque
3231 1297 3488 1351 pergens,

1905 1391 1931 1424 «
1967 1373 2138 1428 Pater
2161 1372 2490 1426 charissime
2521 1377 2578 1426 et
2597 1370 2945 1426 admirabilis
2973 1369 3216 1425 doctoris
3245 1375 3496 1424 scrutare

1905 1480 1932 1514 α
1964 1462 2291 1524 sententias,
2320 1467 2379 1516 et
2409 1461 2538 1533 quid
2562 1461 2636 1516 sit
2655 1461 2824 1520 Deus.
2848 1467 2905 1516 et
2923 1460 3056 1531 quid
3083 1476 3196 1514 non
3224 1459 3298 1513 sit
3321 1457 3492 1525 Deus,

1904 1573 1927 1603 κ
1962 1559 2018 1606 et
2048 1551 2182 1623 quid
2212 1551 2288 1605 sit
2312 1552 2576 1612 Trinitas,
2605 1550 2805 1622 quidve
2835 1549 3021 1604 unitas
3049 1547 3241 1603 subtili
3266 1547 3497 1618 indaga-

1903 1660 1928 1690 «
1961 1640 2116 1694 tione
2143 1640 2453 1700 considera.
2486 1644 2544 1694 et
2579 1640 2648 1694 de
2687 1639 3013 1694 diversitate
3038 1653 3406 1709 personarum
3436 1641 3496 1691 et

1903 1746 1931 1782 ε
1962 1730 2032 1783 de
2064 1729 2506 1800 uniuscujusque
2531 1745 2780 1800 personae
2811 1727 3152 1799 proprietate
3184 1731 3242 1780 et
3269 1726 3338 1779 de
3360 1725 3490 1780 mis-

1905 1839 1928 1871 ι
1961 1819 2118 1874 sione
2157 1819 2282 1872 Filii
2315 1827 2371 1872 et
2407 1819 2476 1872 de
2507 1818 2858 1889 processione
2885 1819 2941 1872 S.
2978 1816 3240 1887 Spiritus,
3273 1821 3331 1869 et
3357 1831 3492 1886 qua-

1904 1925 1930 1958 α
1961 1907 2092 1961 liter
2119 1923 2294 1961 unum
2323 1906 2434 1960 tria
2461 1907 2549 1972 sit,
2579 1913 2637 1960 et
2664 1906 2906 1977 qualiter
2937 1904 3046 1957 tria
3067 1920 3242 1957 unum
3271 1903 3402 1963 sint.
3434 1908 3491 1956 et

1902 2015 1929 2048 (ι
1961 1997 2030 2051 de
2059 1996 2246 2052 divina
2274 1996 2625 2067 providentia
2659 1995 2714 2049 in
2748 1995 2930 2067 primo
2967 1995 3089 2064 lege
3124 1998 3178 2048 et
3219 1992 3490 2062 investiga

1902 2105 1928 2138 ί(
1961 2085 2217 2139 viriliter.
2257 2084 2322 2139 In
2352 2085 2596 2139 secundo
2635 2101 2764 2138 vero
2801 2082 3084 2138 volumine
3121 2082 3191 2136 de
3229 2079 3492 2135 rationali

1897 2193 1923 2227 α
1957 2191 2143 2246 quaere
2188 2179 2449 2229 creatura
2487 2179 2544 2228 et
2593 2173 2836 2244 qualiter
2885 2171 3140 2242 angelica
3189 2175 3380 2224 creata
3417 2169 3494 2224 sit

1897 2284 1923 2316 α
1955 2269 2214 2318 creatura
2237 2265 2544 2335 qualiterve
2567 2263 2832 2318 humana.
2850 2267 2908 2316 et
2925 2277 3026 2315 cur
3041 2261 3189 2315 Deus
3205 2257 3489 2313 diabolum

1897 2375 1922 2403 α
1955 2353 2248 2418 creaverit,
2280 2370 2446 2424 quem
2490 2352 2794 2422 prescierat
2823 2357 3179 2422 peccaturum
3236 2366 3337 2403 cur
3359 2364 3491 2402 vero

1897 2459 1924 2492 «
1957 2441 2264 2507 hominem,
2293 2448 2349 2496 et
2370 2442 2439 2495 de
2468 2442 2644 2494 libero
2668 2440 2900 2496 arbitrio
2923 2447 2980 2493 et
3006 2439 3076 2493 de
3100 2439 3284 2509 gratia
3303 2453 3491 2509 quare

1897 2549 1922 2581 α
1955 2531 2257 2600 diligenter
2285 2535 2342 2584 et
2386 2531 2658 2587 invenies.
2701 2531 2761 2584 In
2801 2529 2970 2583 tertio
3005 2545 3134 2582 vero
3177 2528 3245 2581 de
3275 2527 3491 2597 origine

1897 2638 1922 2670 α
1954 2619 2087 2673 Adae
2113 2627 2168 2673 et
2209 2620 2277 2673 de
2317 2620 2530 2674 Pascha
2557 2627 2614 2674 et
2651 2620 2720 2673 de
2751 2618 3015 2690 baptismi
3046 2618 3408 2672 Sacramenta
3437 2620 3495 2669 et

1897 2728 1921 2760 ι
1955 2709 2025 2762 de
2039 2709 2287 2780 corporis
2311 2717 2366 2762 et
2390 2709 2680 2778 sanguinis
2711 2707 2934 2762 Domini
2968 2706 3308 2761 eucharistia
3337 2711 3394 2760 et
3422 2705 3492 2758 de

1896 2819 1926 2850 ι
1954 2797 2230 2852 charitate
2271 2805 2524 2852 scrutare
2558 2797 2810 2851 viriliter.
2859 2797 2923 2851 In
2968 2801 3170 2867 quarto
3215 2811 3344 2849 vero
3392 2810 3493 2848 cur

1898 2905 1921 2937 ι
1956 2885 2276 2940 adorandus
2303 2886 2378 2940 sit
2406 2887 2574 2952 Deus,
2605 2903 2730 2940 cum
2771 2885 2912 2939 sciat
2941 2884 3076 2956 quid
3104 2883 3265 2938 nobis
3289 2883 3365 2937 sit
3392 2898 3493 2937 ne-

1899 2993 1924 3026 «
1957 2975 2280 3040 cessarium,
2327 2981 2385 3028 et
2413 2976 2481 3028 de
2511 2981 2723 3045 septem
2753 2973 3135 3046 petitionibus,
3166 2978 3224 3027 et
3251 2972 3321 3026 de
3365 2971 3495 3025 dili-

1831 3063 1874 3122 C
1902 3084 1925 3115 ι
1955 3065 2141 3134 gendo
2164 3065 2300 3129 Deo,
2330 3072 2387 3118 et
2407 3064 2476 3118 de
2503 3065 2624 3135 lege
2648 3063 2915 3126 naturali,
2939 3069 2995 3117 et
3017 3062 3166 3134 quod
3194 3063 3395 3117 melius
3424 3060 3498 3117 sit

1899 3172 1926 3208 α
1956 3153 2026 3207 ab
2056 3153 2284 3208 homine
2323 3170 2491 3224 quam
2522 3169 2556 3206 a
2585 3152 2717 3207 vitio
2743 3151 2908 3222 vinci,
2939 3157 2996 3206 et
3024 3152 3092 3206 de
3121 3151 3497 3224 adipiscendis

1901 3262 1924 3295 ι
1957 3241 2259 3296 virtutibus
2306 3249 2363 3296 et
2403 3241 2472 3295 de
2515 3241 2774 3295 cavendis
2813 3240 2982 3306 vitiis,
3014 3246 3071 3295 et
3111 3241 3181 3294 de
3228 3241 3497 3311 fugiendo

1899 3348 1930 3382 ι(
1958 3330 2268 3394 mendacio,
2311 3336 2369 3384 et
2404 3330 2474 3383 de
2521 3334 2644 3382 octo
2683 3327 2984 3399 geneiibus
3013 3329 3287 3398 ejusdem,
3335 3334 3392 3383 et
3429 3329 3498 3384 de

1901 3439 1925 3470 ι
1959 3418 2334 3491 percipiendis
2361 3419 2662 3483 alimentis,
2688 3425 2744 3472 et
2772 3418 3040 3472 adversus
3071 3417 3498 3472 mathematicos

1901 3526 1927 3560 α
1967 3515 2022 3562 et
2037 3515 2233 3563 contra
2244 3508 2678 3579 Origenistas,31
2695 3506 2982 3578 quaesieris
2997 3507 3236 3574 naviter,
3252 3506 3500 3562 invenies

1901 3617 1927 3650 «
1960 3598 2347 3652 dilucidatum.
2389 3597 2452 3652 In
2485 3597 2682 3668 quinto
2713 3613 2841 3650 vero
2872 3595 3118 3650 invenies
3147 3595 3216 3650 de
3244 3596 3500 3651 doctrina

1902 3709 1924 3739 ι
1959 3687 2302 3755 Christiana,
2326 3694 2382 3741 et
2412 3687 2559 3757 quod
2589 3686 2738 3740 inter
2761 3685 2951 3740 omnia
2984 3685 3144 3756 signa
3167 3684 3334 3739 verba
3354 3685 3501 3740 obti-

1903 3797 1927 3829 ‹‹
1961 3783 2135 3831 neant
2163 3777 2558 3847 principatum,
2591 3780 2650 3829 et
2695 3775 2764 3829 de
2813 3775 2990 3844 signis
3032 3775 3310 3845 ambiguis
3339 3780 3393 3829 et
3431 3775 3501 3829 de

1905 3886 1927 3918 ‹
1964 3866 2219 3936 figuratis
2249 3865 2645 3929 locutionibus,
2679 3871 2736 3918 et
2764 3865 3008 3934 qualiter
3031 3864 3394 3933 intelligenda
3426 3864 3502 3918 sit

1901 3973 1930 4008 ι
1963 3956 2135 4009 Sacra
2163 3955 2474 4025 Scriptura,
2507 3961 2565 4008 et
2591 3954 2659 4008 de
2688 3953 2948 4008 cavendis
2992 3952 3322 4006 barbarismi
3353 3952 3501 4007 vitiis

1901 4063 1928 4097 ι
1963 4050 2019 4098 et
2046 4043 2115 4098 de
2139 4043 2346 4098 artium
2371 4043 2573 4114 peritia
2593 4048 2650 4097 et
2673 4043 2743 4096 de
2763 4043 3086 4114 eloquentia
3117 4047 3174 4095 et
3192 4041 3262 4095 de
3281 4047 3499 4113 septem

1904 4152 1926 4183 ι
1959 4133 2228 4204 ’I‘ychonii
2279 4131 2402 4202 (2’1)
2448 4132 2680 4202 regulis,
2721 4138 2778 4185 et
2815 4133 2884 4186 de
2938 4131 3407 4202 quinquagesima
3442 4136 3502 4184 et

1903 4241 1928 4273 «
1961 4222 2411 4293 quadragesima.
2446 4222 2508 4276 In
2539 4228 2695 4276 sexto
2720 4238 2848 4275 vero
2883 4221 2953 4274 de
2983 4219 3324 4274 auctoritate
3354 4219 3502 4273 LXX.

1823 4350 1873 4409 Β
1902 4331 1925 4362 ι
1960 4311 2330 4382 interpretum
2363 4310 2526 4381 quive
2552 4310 2854 4364 fuerint.et
2877 4308 2948 4363 ab
2974 4310 3094 4381 ipso
3120 4307 3282 4362 initio
3308 4305 3498 4361 Gene-

1897 4417 1922 4450 «
1955 4415 2080 4452 seos
2109 4415 2289 4469 usque
2314 4398 2382 4452 ad
2430 4398 2744 4453 Salomonis
2773 4403 3025 4469 tempora
3066 4395 3404 4466 multiplices
3433 4400 3494 4450 et

1897 4509 1919 4539 ι
1954 4487 2226 4546 difﬁciles.
2249 4489 2462 4542 solutas
2483 4503 2516 4540 a
2539 4487 2601 4540 B.
2629 4487 2942 4557 Augustino
2962 4485 3212 4540 invenies
3238 4484 3506 4556 quastio-

1896 4598 1918 4627 α
1957 4594 2075 4631 nes.
2120 4578 2183 4632 In
2234 4584 2430 4632 octavo
2462 4593 2592 4630 vero
2623 4577 2894 4648 scriptum
2943 4575 3209 4647 reperies,
3253 4573 3388 4645 quid
3428 4575 3504 4628 sit

1903 4685 1924 4715 ι
1960 4666 2231 4730 infernus,
2253 4672 2310 4720 et
2326 4672 2516 4719 utrum
2540 4665 2597 4718 in
2615 4664 2831 4719 inferno
2849 4665 2981 4718 mali
3002 4671 3223 4719 tantum
3241 4680 3314 4718 an
3330 4663 3500 4718 etiam

1901 4775 1926 4804 α
1959 4754 2092 4808 boni
2123 4755 2372 4809 mansuri
2403 4755 2534 4819 sint,
2574 4760 2632 4807 et
2669 4770 2740 4807 an
2770 4769 3006 4825 corpora
3034 4753 3253 4824 possint
3291 4769 3412 4808 esse
3444 4752 3503 4806 in

1901 4862 1927 4894 «
1960 4844 2182 4898 ustione
2213 4844 2358 4914 ignis
2381 4849 2670 4914 perpetua.
2695 4853 2752 4898 et
2773 4843 2976 4914 quibus
3004 4842 3340 4897 sacrificium
3371 4859 3503 4914 pro-

1905 4949 1931 4982 α
1964 4933 2040 4987 sit
2091 4940 2218 5004 post
2256 4942 2515 5007 mortem,
2559 4940 2616 4987 et
2663 4933 2906 5003 qualiter
2945 4933 3155 4986 mortui
3194 4933 3252 4985 in
3291 4931 3504 4985 somnis

1903 5039 1931 5073 ε
1962 5020 2272 5076 viventibus
2301 5027 2629 5092 appareant,
2663 5027 2722 5074 et
2746 5021 2815 5075 de
2851 5020 3133 5076 oblatione
3163 5027 3219 5076 et
3257 5021 3502 5074 eleemo-

1905 5129 1927 5161 ι
1963 5114 2220 5181 syna'pro
2239 5109 2536 5173 defunctis,
2556 5115 2616 5164 et
2633 5110 2782 5181 quod
2805 5111 2983 5165 Adam
3007 5116 3187 5165 morte
3213 5107 3504 5163 Dominica

1903 5218 1928 5250 ς(
1961 5199 2034 5253 ab
2062 5198 2280 5252 inferno
2307 5199 2383 5252 sit
2411 5197 2700 5265 liberatus,
2725 5212 2779 5254 et
2800 5200 2870 5254 de
2895 5200 3114 5255 duabus
3144 5196 3510 5252 resurrectio-

1902 5339 2262 5413 Lambeccius
2277 5341 2586 5413 lectorem.
2601 5341 2682 5413 De
2703 5341 2824 5413 ipso
2851 5357 2987 5413 vero;
3009 5339 3310 5413 Donatista:
3336 5338 3504 5408 hujus

1901 5412 2130 5482 scripto,
2157 5412 2358 5482 saepius
2374 5413 2491 5482 jam
2525 5411 2675 5466 edito
2706 5411 2868 5482 plura
2888 5411 3070 5482 habet
3102 5411 3176 5466 cl.
3217 5411 3504 5479 Schcetge-

1902 5481 2031 5536 nius
2083 5483 2118 5535 l.
2161 5481 2252 5536 xxi
2298 5481 2642 5537 bibliothecae
2683 5481 2920 5537 Fabricii
2967 5481 3166 5537 mediae
3197 5488 3254 5536 et
3297 5482 3502 5540 infimae

1901 5553 2243 5621 Latinitatis,
2277 5571 2332 5626 p.
2364 5571 2438 5608 m.
2470 5552 2596 5610 764.
