3912 6166
454 350 571 426 1795

1460 359 1722 427 BQNIZO
1761 362 2265 423 PLACENTINUS
2301 363 2731 422 EPISCOPUS.

3600 364 3691 424 πθ

455 495 488 554 ,ᾳ
518 478 700 534 nibus.
736 485 792 555 et
831 481 978 551 quod
1019 487 1242 557 peracto
1282 484 1494 554 judicio
1525 485 1670 555 ignis
1702 488 1798 540 ﬁet
1842 490 2110 550 conﬂa-A
2135 505 2278 542 cere.
2303 490 2447 558 Ejus
2486 495 2683 543 auctor
2723 494 2810 543 est
2854 491 3076 543 Bonizo.
3114 508 3139 542 ι
3173 491 3238 544 de
3267 507 3393 560 quo,
3432 489 3691 562 postquam

463 563 487 617 ci
519 569 722 637 gratio,
739 574 794 622 et
812 585 883 622 an
901 569 970 622 ad
989 571 1262 624 Dominici
1278 575 1524 644 corporis
1543 577 1789 638 modum,
1804 578 2054 631 omnium

459 644 490 724 ’ᾳ
522 662 873 711 mortuorum
904 672 1288 714 resurrectura
1325 662 1438 716 sint
1478 680 1730 734 corpora,
1775 676 1830 720 et
1856 668 1924 720 de
1953 684 2054 719 no—

464 761 494 794 «
524 743 692 798 vitato
707 746 954 816 corporis
976 748 1281 818 spiritualis
1303 758 1358 803 et
1377 752 1445 804 de
1468 757 1815 822 possessione
1835 763 2055 814 aeternae

460 823 491 883 ἀ
524 821 906 899 beatitudinis,
928 843 985 888 et
1009 837 1077 889 de
1107 839 1375 907 qualitate
1411 821 1656 906 visionis,
1683 861 1791 912 qua
1827 845 1969 897 Deus
1999 845 2054 898 in

458 941 489 991 ς(
523 923 713 976 futuro
737 924 1032 985 videbitur,
1058 935 1111 990 et
1143 927 1210 978 de
1238 936 1458 982 aeternae
1487 930 1723 984 civitatis
1757 933 1852 985 Dei
1884 934 2054 986 felici-

465 1018 660 1064 «tate.
705 1013 931 1066 Talibus
979 1014 1303 1070 deliciarum
1357 1019 1536 1088 pomis
1596 1037 1830 1081 vescere,
1874 1022 1960 1075 bis
1999 1029 2056 1075 te

469 1119 492 1151 ε
527 1118 690 1171 pasce
721 1101 952 1166 deliciis,
982 1103 1170 1176 sicque
1209 1105 1344 1176 ligni
1378 1108 1501 1161 vitae
1544 1110 1831 1178 saginatus
1869 1111 2057 1164 dulce-

469 1210 498 1239 «
531 1190 659 1244 dine
699 1208 984 1245 sermones
1030 1193 1236 1247 Christi
1267 1197 1533 1254 servabis.
1572 1206 1920 1269 mortemque
1950 1218 2061 1254 non

470 1298 495 1329 «
528 1280 782 1349 gustabis
834 1281 890 1334 in
939 1289 1230 1336 zeternum.
1285 1286 1419 1337 Meae
1463 1304 1682 1356 quoque
1721 1291 2064 1358 compatiens

473 1389 494 1417 κ
531 1368 867 1434 infirmitati,
903 1372 1008 1422 mei
1060 1371 1264 1424 laboris
1303 1390 1414 1425 non
1456 1375 1748 1428 immemor
1785 1377 1853 1429 ab
1891 1396 2065 1432 temu-

471 1457 712 1510 «lorum
761 1459 1056 1512 latratibus
1111 1468 1266 1514 scuto
1312 1466 1423 1514 tuae
1469 1464 1737 1518 orationis
1794 1484 1882 1519 me
1935 1485 2066 1538 pro-

465 1565 492 1616 ζ
524 1552 670 1617 tege.
710 1568 730 1597 ι

541 1635 730 1710 Refert
786 1645 980 1706 postea
1031 1639 1255 1693 initium
1312 1637 1438 1693 libri
1499 1643 1663 1711 primi
1703 1645 1789 1696 his
1829 1643 2007 1697 verbis
2050 1663 2060 1696 :

472 1741 498 1774 α
533 1724 710 1777 Omne
760 1727 904 1794 quod
939 1734 1022 1780 est
1065 1729 1218 1782 aliud
1259 1738 1362 1791 est,
1425 1732 1571 1801 quod
1617 1740 1869 1799 constat;
1913 1735 2064 1788 aliud

2139 595 2265 632 eum
2309 596 2370 632 ex
2419 579 2735 640 Bertholdo,
2787 580 3040 650 Ughello.
3085 579 3421 639 Lambeccio.
3467 582 3626 635 Caveo
3651 580 3697 637 et

2139 668 2360 722 Oudino
2389 670 2662 721 notiorem
2686 669 2832 728 fecit,
2863 686 3026 738 porro
3051 677 3258 733 monet,
3290 671 3530 738 opusculi
3557 667 3698 741 hujus

2137 765 2269 810 ante
2299 774 2358 811 se
2406 774 2514 810 non
2546 759 2725 811 solum
2757 758 3161 821 Mabil‘lonium,
3196 759 3288 810 sed
3323 766 3378 811 et
3406 769 3530 812 ante
3554 760 3696 814 istum

2140 847 2365 899 Petrum
2408 847 2639 900 Mariam
2671 848 2964 918 Campium
2998 847 3244 900 historiae
3274 848 3590 901 Placentinae
3617 866 3699 901 au-

2140 941 2348 988 ctorem
2380 941 2502 988 tum
2530 936 2711 988 adhuc
2736 936 3029 1000 ineditum,
3057 934 3380 989 meminisse
3408 931 3650 1006 tanquam
3675 953 3700 989 a

2140 1040 2200 1094 se
2229 1024 2415 1077 Romae
2454 1025 2553 1077 visi
2583 1024 2687 1077 sub
2714 1025 2884 1077 rubro
2919 1027 2992 1078 De
3017 1025 3402 1078 ecclesiasticis
3429 1043 3702 1079 sacramen-

2141 1112 2230 1164 tis.
2276 1133 2296 1162 α
2356 1114 2470 1166 lloc
2521 1114 2694 1182 igitur
2745 1115 3071 1183 opusculum
3130 1114 3333 1184 (pergit
3389 1114 3699 1180 Muratorius)

2147 1202 2291 1270 quod
2319 1219 2349 1255 e
2370 1203 2752 1273 manuscripto
2778 1203 2964 1255 codice
2992 1203 3375 1257 Ambrosiame
3400 1203 3703 1257 bibliothecae

2147 1291 2277 1342 olim
2301 1307 2402 1360 ego
2435 1292 2593 1344 hausi
2620 1293 2688 1344 ad
2713 1291 3059 1344 Gualterium
3093 1292 3396 1344 Leonensis
3423 1291 3705 1344 monasterii

2147 1396 2260 1432 non
2290 1379 2548 1433 abbatem
2583 1381 2678 1443 (uti
2720 1387 3085 1451 properanter
3121 1381 3339 1449 legerat
3368 1379 3703 1449 Mabillonius)

2149 1469 2241 1522 sed
2279 1470 2539 1538 priorem,
2577 1470 2844 1540 scriptum
2889 1470 3272 1523 dissertationi
3320 1464 3448 1523 huic
3492 1464 3705 1522 additum

2149 1559 2294 1610 volo.
2323 1578 2345 1607 ι

2220 1649 2284 1702 Id
2328 1666 2446 1710 nos,
2479 1648 2583 1702 etsi
2621 1650 2814 1702 multis
2844 1648 3153 1702 rationibus
3184 1649 3475 1702 doctorum
3504 1648 3708 1700 virorum

2149 1738 2509 1791 meditatione
2540 1745 2596 1791 et
2637 1739 3031 1791 exercitatione
3070 1738 3462 1807 dignissimum
3499 1753 3611 1790 cum
3643 1736 3710 1788 al-

475 1831 496 1862 α
534 1821 617 1866 est
649 1831 756 1894 quo
784 1823 1041 1892 constat;
1076 1819 1224 1871 aliud
1260 1837 1369 1890 quo
1410 1821 1734 1880 dicernitur,
1773 1823 1926 1876 aliud
1956 1813 2127 1893 quoB
2150 1827 2309 1879 tioris
2341 1829 2412 1880 sit
2443 1827 2719 1895 indaginis
2751 1833 2806 1880 et
2840 1829 2956 1897 jam
2991 1823 3196 1897 publici
3221 1828 3371 1896 juris
3407 1832 3598 1879 factum
3635 1826 3706 1888 sit,

475 1922 498 1954 α
534 1903 822 1970 congruit.
859 1906 1126 1960 Universa
1155 1908 1327 1977 igitur
1363 1916 1636 1970 creatura,
1676 1930 1698 1960 ι
1732 1919 1835 1964 etc.

541 1990 606 2045 In
639 1992 814 2061 ipsius
839 2011 968 2047 vero
998 1997 1180 2066 operis
1205 2000 1742 2054 commendationem
1767 2001 1881 2054 hzec
1903 2018 2067 2071 porro

470 2080 663 2151 adjicit
705 2083 1013 2138 indefessus
1058 2085 1149 2138 ille
1196 2083 1691 2158 bibliothecarius:
1731 2109 1754 2139 «
1799 2090 2066 2154 Dignissi-

472 2186 626 2223 mum
661 2173 909 2240 profecto
933 2181 1018 2227 est
1043 2174 1146 2227 hoc.
1178 2192 1316 2245 opus
1344 2183 1405 2230 ut
1441 2177 1782 2231 adminiculo
1812 2187 2071 2248 typogra-

470 2259 615 2340 phiae
648 2261 854 2331 publici
886 2263 984 2316 ﬁat
1009 2263 1172 2333 juris,
1209 2281 1332 2317 cum
1369 2272 1596 2335 propter
1626 2268 2067 2321 enucleationem

472 2349 736 2404 doctrinm
793 2351 848 2403 S.
890 2353 1208 2421 AugUstini,
1261 2360 1379 2406 tum
1428 2372 1556 2407 vero
1600 2355 1766 2408 etiam
1819 2365 2070 2426 respectu

473 2437 648 2506 ipsius
691 2439 1002 2505 Bonizonis,
1032 2442 1188 2509 cujus
1228 2459 1317 2494 res
1362 2460 1425 2494 ex
1467 2443 1765 2496 Bertholdo
1798 2446 2070 2497 Constan-

473 2525 658 2584 tiensi.
709 2527 960 2596 Ughcllo.
995 2531 1222 2590 Baroni,
1269 2530 1638 2602 Ferrarioque
1667 2533 1771 2586 hoc
1801 2534 1919 2587 loco
1952 2552 2075 2604 pro-

475 2615 585 2668 lixe
611 2622 664 2668 et
694 2616 967 2671 laboriose
993 2620 1377 2689 prosequitur.
1420 2643 1443 2671 »

1237 2708 1309 2762 II.

555 2849 562 2870 λ
825 2799 897 2872 [Ic
927 2800 1300 2850 ecclesiasticis
1332 2802 1713 2852 sacramentis.

545 2883 766 2938 Primus
791 2885 924 2938 illud
949 2888 1276 2962 opusculum
1296 2889 1608 2958 reipublicae
1631 2889 1916 2943 litterariae
1937 2890 2078 2943 indi-

475 2973 619 3043 cavit
656 2974 899 3027 Joannes
927 3025 932 3029 ,
961 2975 1325 3040 Mabillonius,
1378 2979 1626 3046 ejusdem
1681 2985 2074 3032 ornamentum

473 3061 637 3131 longe
667 3063 999 3119 maximum.
1042 3067 1344 3135 liepertum
1375 3073 1432 3120 et
1470 3068 1752 3120 evolutum
1783 3085 1815 3120 a
1843 3085 1900 3120 se
1929 3067 2075 3132 (bre-

2151 1917 2274 1968 aliis
2312 1917 2743 1969 examinandum
2775 1926 2831 1970 et
2874 1917 3280 1970 recensendum
3313 1916 3555 1970 consulto
3578 1914 3712 1967 relin-

2153 2005 2396 2074 quimus.

2225 2094 2480 2147 Meminit
2524 2095 2581 2146 in
2611 2111 2676 2147 eo
2710 2095 2913 2147 Bonizo
2965 2094 3194 2147 alterius
3245 2093 3529 2164 cujusdam
3557 2089 3712 2145 libria

2153 2200 2211 2236 se
2229 2183 2419 2252 scripti
2442 2183 2500 2236 in
2514 2183 2763 2252 Ugonem
2787 2183 3206 2237 schismaticum
3222 2184 3295 2237 de
3311 2201 3421 2254 quo
3440 2189 3618 2253 postea
3633 2195 3711 2232 suo

2153 2272 2292 2324 loco.

2906 2345 3005 2398 III.

2154 2435 2445 2494 [)ccrctalc,
2460 2437 2568 2485 sive
2589 2440 2883 2500 syntagma
2903 2435 3249 2486 decretorum.
3271 2437 3711 2500 ecclesiasticarum

2227 2521 2289 2556 ex
2317 2521 2474 2556 sacra
2511 2505 2804 2572 Scriptura
2833 2507 3178 2572 probatisque
3207 2508 3479 2568 conciliis,
3521 2509 3575 2556 ut
3599 2506 3639 2553 et
3664 2517 3716 2553 ex

2223 2579 2549 2644 ponti/tcum
2567 2578 2940 2630 Romanorum
2957 2581 3006 2627 et
3024 2582 3349 2630 sanctorum
3378 2580 3592 2630 Patrum
3607 2577 3716 2625 alio-

2231 2664 2463 2715 rznnque
2485 2649 2912 2700 orthodoxam»;
2937 2653 3231 2700 auctorum
3266 2649 3617 2704 momnncntis
3637 2647 3718 2696 col-

2229 2723 2362 2772 lcclu
2375 2736 2421 2770 ιη
2435 2723 2481 2769 ct
2496 2721 2795 2771 secundum
2812 2724 2945 2773 [ocos
2967 2734 3283 2772 communes
3303 2722 3363 2772 ιή
3380 2724 3564 2786 septem
3581 2719 3716 2770 tit/ros

2226 2791 2485 2842 divisum.

2230 2879 2309 2933 Ita
2341 2869 2557 2948 insigne
2586 2880 2691 2932 hoc
2721 2897 2860 2951 opus
2889 2886 3142 2958 recenset
3171 2879 3528 2934 Lambeccius
3565 2893 3622 2930 ex
3646 2871 3720 2958 cc},-

2158 2960 2278 3021 dice
2337 2963 2694 3021 membraneo
2750 2970 3015 3038 Augustae
3070 2968 3536 3030 Vindobonensis,
3585 2953 3719 3046 (μιέῷ

2160 3058 2358 3110 merito
2381 3057 2621 3127 propriis
2649 3057 2826 3110 verbis
2853 3075 2970 3110 rem
2993 3063 3356 3111 cnarrantem
3381 3056 3638 3110 audimus.
3660 3051 3720 3104 De

472 3150 761 3204 vissimum
804 3153 951 3206 enim
998 3132 1141 3226 est):
1175 3155 1232 3207 in
1271 3155 1643 3208 Ambrosiana
1679 3132 2143 3210 Mediolanens1C
2164 3146 2454 3198 Βοηὶκοηὶε
2482 3147 2629 3199 enim
2658 3146 3135 3200 lucubrationibus
3166 3164 3343 3215 agens
3375 3145 3567 3217 partim
3591 3143 3721 3195 theo-

475 3256 599 3310 cum
632 3257 778 3293 anno
808 3229 939 3294 1685
968 3240 1206 3305 Italiam,
1230 3243 1516 3296 litterariae
1539 3245 1738 3296 mercis
1765 3245 2076 3314 emporium

472 3329 834 3391 ditissimum,
867 3330 1006 3400 pede
1051 3330 1292 3400 impigro
1333 3339 1700 3402 percurreret.
1754 3335 1838 3385 lta
1887 3340 2074 3386 autem

474 3401 567 3470 ille
599 3417 651 3469 in
685 3418 890 3491 Itinere
921 3419 1114 3471 Italico
1150 3425 1300 3471 tome
1335 3421 1353 3472 Ι
1382 3419 1556 3472 Musei
1589 3420 1763 3472 Italici
1794 3422 2076 3491 prannisso

499 3503 582 3570 ‘25)
621 3523 632 3555 :
673 3524 696 3556 (ι
733 3505 797 3558 In
824 3506 933 3578 alio
965 3507 1151 3560 codice
1191 3513 1367 3560 exstat
1399 3508 1686 3561 Honizonis
1717 3511 1928 3563 Sutrini
1958 3501 2075 3579 epi-

475 3595 623 3664 scopi
654 3595 795 3647 liber
827 3596 894 3648 de
936 3598 1302 3649 sacramentis
1330 3598 1399 3649 ad
1431 3598 1738 3651 Galterium
1780 3599 2077 3652 Leonensis

475 3683 797 3735 monasterii
829 3685 1086 3738 abbatem
1122 3698 1132 3730 ε
1168 3703 1276 3755 quo
1306 3686 1360 3738 in
1396 3687 1535 3739 libro
1580 3695 1776 3740 auctor
1822 3689 2078 3742 meminit

474 3772 706 3842 alterius
719 3775 968 3843 opusculi
989 3775 1078 3826 cui
1104 3781 1296 3827 contra
1321 3776 1566 3844 Ugonem
1589 3777 2020 3831 schismaticum.
2048 3798 2068 3827 ι

476 3851 605 3930 Hzec
636 3861 840 3914 ibidem
875 3863 1224 3917 )labillonius
1255 3865 1412 3934 quasi
1443 3866 1648 3918 cursim
1697 3866 1948 3920 Pressius
1979 3885 2073 3937 pe-

476 3939 600 4002 dem
626 3951 745 4028 liait
773 3951 1008 4004 illustris
1030 3951 1389 4008 b‘luratorius.
1413 3954 1505 4022 qui
1533 3956 1860 4023 opusculum
1890 3956 2073 4025 ipsum

471 4055 536 4091 ex
581 4041 798 4105 eodem,
841 4058 1006 4110 quem
1048 4041 1406 4094 Mabillonius
1451 4043 1665 4095 viderat
1706 4044 2074 4108 Ambrosiano

471 4130 657 4184 codice
711 4132 1050 4206 descriptum
1102 4131 1307 4204 publici
1351 4132 1495 4200 juris
1548 4133 1678 4185 fecit
1725 4133 1782 4186 in
1815 4134 2075 4203 praeclaro

470 4236 637 4288 opere
683 4217 1098 4290 Antiquitatum
1135 4221 1452 4274 Italicarum
1504 4221 1670 4273 medii
1717 4222 1834 4284 aevi,
1877 4222 2078 4274 disser-

471 4310 685 4362 tatione
715 4324 894 4362 xxxvii
930 4309 1030 4372 {‘26)
1079 4311 1266 4380 Agens
1289 4311 1436 4364 enim
1466 4326 1528 4362 ex
1553 4311 1842 4363 occasione
1867 4310 2078 4364 tabula-
2106 4381 2109 4384 _

2159 3235 2368 3304 logicis,
2410 3236 2615 3305 partim
2661 3236 2956 3300 historicis,
3016 3256 3037 3285 ι
3090 3251 3294 3299 unum,
3328 3235 3505 3304 inquit
3554 3229 3651 3299 (lib.
3691 3243 3721 3280 ῐι

2161 3326 2483 3386 Comment,
2520 3343 2571 3395 p.
2611 3321 2748 3390 707).
2783 3342 2893 3395 pra:
2924 3325 3136 3378 caeteris
3168 3324 3532 3377 memorabile
3573 3318 3722 3394 reperi

2162 3413 2306 3466 inter
2347 3417 2610 3484 Augustae
2642 3413 2984 3467 bibliothecae
3022 3414 3294 3483 Caesarea:
3319 3407 3722 3466 Vindobonensis

2161 3503 2279 3554 cod.
2317 3519 2415 3554 ms.
2454 3501 2747 3556 historicos
2780 3503 3022 3563 Latinos,
3059 3504 3151 3572 qui
3184 3503 3436 3576 nondum
3469 3500 3621 3554 certis
3641 3515 3724 3550 nu-

2162 3592 2330 3643 meris
2363 3593 2537 3644 notati
2585 3598 2732 3644 sunt.
2778 3592 3067 3652 Volumen,
3104 3609 3212 3661 quo
3252 3592 3397 3645 illud
3427 3587 3720 3668 continetur,

2162 3680 2646 3733 membranaceum
2683 3686 2764 3733 est
2802 3680 2861 3734 in
2890 3681 3020 3733 folio
3050 3681 3249 3733 minori
3285 3699 3385 3735 seu
3416 3688 3601 3751 quarto
3629 3669 3725 3754 ma-

2151 3771 2282 3838 jori.
2305 3778 2361 3823 et
2388 3779 2658 3840 quantum
2679 3787 2742 3821 ex
2773 3771 3048 3840 scriptura
3070 3769 3312 3838 aliisque
3334 3763 3726 3824 circumstantiis

2152 3858 2405 3927 judicare
2453 3859 2599 3920 licet,
2657 3876 2767 3911 non
2817 3845 2992 3934 multo
3032 3853 3157 3930 post
3199 3859 3496 3912 Bonizonis
3528 3862 3724 3910 mortem

2158 3949 2444 4003 exaratum
2480 3957 2583 4001 cst.
2623 3949 2916 4001 Possessor
2949 3945 3116 4014 hujus
3162 3949 3443 4002 rarissimi
3483 3954 3534 4001 et
3571 3945 3724 4016 fcis-an

2158 4039 2308 4092 unici
2342 4037 2450 4105 (:27)
2483 4029 2685 4090 codicis
2714 4055 2816 4090 nis.
2851 4036 2956 4089 fuit
2993 4035 3145 4097 olim,
3185 4043 3242 4090 ut
3283 4038 3402 4110 ipse
3435 4037 3600 4108 primo
3631 4033 3728 4110 cju‘s

2160 4117 2289 4179 folio
2317 4127 2541 4196 pmpria
2568 4144 2738 4179 manu
2760 4131 3018 4194 testatur,
3055 4128 3304 4180 Joannes
3333 4125 3582 4180 Albertus
3603 4118 3732 4174 Wid-

2162 4215 2465 4268 mestadius
2510 4216 2865 4285 imperatoris
2907 4205 3220 4271 Ferdinand
3254 4217 3282 4270 Ι
3329 4209 3660 4269 consiliarius
3686 4212 3726 4292 et

2162 4307 2569 4376 provinciarum
2601 4306 2840 4360 Austriw
2863 4307 3150 4361 orientalis
3172 4305 3557 4360 cancellarius.
3580 4322 3599 4350 ι
3622 4287 3730 4352 Posl

473 4415 598 4450 rum
643 4400 1004 4472 antiquarum
1055 4399 1111 4450 in
1159 4400 1276 4472 loco
1319 4399 1450 4452 Leni
1483 4399 1735 4452 dioecesis
1781 4399 2077 4451 Brixiensis
2161 4398 2320 4464 cujus
2352 4395 2744 4448 litteratissimi
2773 4397 2871 4449 viri
2897 4406 2952 4450 et
2977 4398 3160 4451 sagculi
3194 4396 3284 4449 sui
3320 4389 3664 4462 Polihystoris
3681 4401 3730 4438 ac

473 4493 848 4544 exaratarum.
887 4487 1210 4540 monasterii
1256 4488 1558 4562 Leonensis
1601 4489 1714 4540 sive
1763 4488 1833 4539 ad
1863 4489 2075 4540 Leones

473 4581 536 4628 ut
580 4575 978 4648 posterioribus
1019 4576 1368 4646 temporibus
1406 4578 1748 4646 appellatum
1790 4576 1895 4628 fuit
1927 4577 2078 4630 varia

472 4670 838 4716 monumenta
876 4664 928 4716 in
973 4665 1154 4717 lucem
1200 4666 1473 4734 producit.
1519 4665 1627 4718 Sed
1672 4665 1848 4734 ipsum
1894 4666 2076 4734 potius

470 4752 664 4805 audire
713 4757 940 4821 praestat
990 4753 1191 4806 edendi
1239 4753 1491 4822 opusculi
1533 4754 1877 4806 occasionem
1913 4754 2078 4823 expli-

473 4847 721 4909 cantem.
765 4858 791 4891 ((
835 4839 941 4894 Sed
982 4843 1224 4912 quando,
1259 4842 1462 4912 inquit.
1509 4850 1817 4895 memorato
1853 4842 1971 4895 loco
2021 4843 2077 4895 in

474 4927 764 5006 Leonense
809 4931 1211 4983 monasterium
1254 4930 1574 4994 incidimus,
1621 4931 1835 4984 veniam
1881 4931 2016 5000 mihi
2046 4948 2080 4982 a

474 5019 774 5087 lectoribus
801 5020 1068 5089 polliceor
1097 5020 1332 5079 (veniam
1359 5020 1382 5071 ?
1412 5020 1523 5073 imo
1551 5021 1820 5089 gratiam)
1850 5021 1896 5073 si
1940 5021 2078 5074 illud

475 5126 584 5163 non
629 5115 760 5184 ante
789 5109 1053 5162 dimisero
1084 5125 1252 5178 quam
1290 5111 1618 5179 opusculum
1654 5110 1924 5162 hactenus
1957 5111 2078 5163 luce

472 5216 668 5252 carens
700 5197 852 5250 hisce
883 5204 1129 5250 veterum
1167 5197 1497 5251 suiculorum
1527 5198 1904 5251 monumentis
1933 5197 2078 5267 adji-

549 5339 656 5407 (25)
689 5339 876 5400 Lutet.
925 5339 1102 5392 Paris.
1158 5338 1307 5398 172i,
1343 5338 1458 5391 iii-4
1487 5357 1541 5408 p.
1583 5356 1657 5396 ω.
1690 5339 1774 5392 13.
1817 5369 1880 5378 --
1918 5338 2071 5400 1685.

474 5412 653 5482 Aprili
685 5411 742 5482 in
773 5410 1146 5482 descriptione
1172 5409 1553 5482 Anibrosianae
1586 5410 2019 5472 \lediolanensis.

553 5483 656 5554 i‘lt‘ir)
688 5473 767 5554 Τη
805 5473 902 5547 lIl,
1051 5498 1122 5554 m.
1175 5479 1294 5542 .399,
1340 5499 1458 5554 seq
1505 5475 1726 5542 dissert.
1773 5483 2075 5554 axx’vu,de

477 5551 860 5623 Hospitalibus
891 5551 1335 5622 peregrinorum,
1369 5551 1741 5617 inﬁrmorum,
1774 5551 2073 5606 inlantium

481 5625 884 5693 eXpositorum,
920 5632 1024 5677 etc.

557 5689 672 5762 (‘27)
713 5695 1030 5748 Pleniorom
1067 5696 1246 5749 multo
1300 5695 1450 5749 inter
1497 5695 1770 5749 Brixianae
1822 5694 2079 5749 Ecclesiae

2160 4484 2468 4552 Poliphemi
2500 4483 2710 4547 laudes,
2749 4500 2818 4537 ne
2847 4486 3070 4554 quidem
3100 4491 3224 4556 post
3252 4483 3554 4537 reconditae
3580 4475 3733 4532 erudi-

2159 4573 2326 4625 tionis
2361 4575 2549 4639 plenos
2579 4573 2646 4624 de
2674 4574 2795 4640 ejus
2829 4574 3042 4626 meritis
3083 4573 3376 4627 litterariis
3415 4578 3729 4624 summorum

2160 4662 2405 4726 virorum
2438 4662 2784 4714 Schoellornii
2814 4670 2866 4714 et
2904 4664 3132 4716 Maschii
3161 4660 3591 4716 commentarios
3618 4653 3731 4707 satis

2160 4752 2560 4822 depraedicatos
2608 4751 2965 4805 Lambeccius
3005 4769 3168 4823 porro
3218 4752 3296 4805 ita
3347 4747 3726 4821 prosequitur:

2167 4861 2188 4891 α
2221 4841 2551 4894 Continetur
2582 4846 2769 4892 autem
2796 4842 2915 4909 jam
2947 4846 3256 4894 memorato
3286 4840 3475 4893 codice
3496 4839 3732 4890 hactenus

2161 4929 2435 4982 ineditum
2469 4929 2762 4982 Bonizunis
2793 4929 3090 4993 decretale,
3115 4929 3228 4982 sive
3256 4935 3550 4998 syntagma
3573 4924 3733 4976 decre-

2161 5024 2346 5071 torum
2369 5017 2889 5080 ecclesiasticorum,
2912 5036 2977 5071 ex
2999 5035 3158 5072 sacra
3177 5019 3467 5087 Scriptura
3496 5008 3735 5086 probatis-

2161 5125 2268 5178 que
2310 5107 2576 5178 conciliis,
2609 5114 2673 5159 ut
2713 5113 2768 5160 et
2815 5125 2878 5159 ex
2927 5108 3249 5177 pontiﬁcum
3296 5107 3663 5165 Romanorum
3688 5103 3734 5148 et

2161 5202 2480 5250 sanctorum
2502 5173 2729 5248 l’atrum
2751 5195 3103 5265 aliorumque
3125 5195 3558 5248 orthodoxorum
3573 5191 3734 5242 aucto-

2157 5338 2373 5411 codices
2406 5354 2505 5390 ms.
2557 5339 2820 5411 latentem
2859 5353 2986 5411 mox
3019 5335 3408 5411 indicabimus.
3442 5336 3542 5411 list
3569 5335 3731 5411 autem

2156 5408 2601 5461 deobonensis
2641 5409 2734 5460 ille
2788 5408 3249 5462 membranaceus
3299 5407 3511 5466 in-t‘olio
3555 5407 3732 5457 minori

2157 5497 2255 5538 seu
2278 5488 2476 5549 quarto
2511 5479 2728 5548 majori,
2749 5488 2800 5530 ct
2829 5485 3104 5547 quantum
3132 5496 3197 5530 «τω
3222 5481 3504 5544 scriptura
3526 5479 3732 5550 aliisquf'

2159 5546 2876 5620 circumstantiisjudz‘care
2897 5554 3040 5614 Hect,
3069 5566 3178 5622 non
3199 5552 3438 5622 inuttam
3465 5551 3572 5622 post
3595 5546 3727 5622 Bom-

2160 5617 2314 5695 sonis
2342 5628 2573 5676 mortem
2592 5617 2873 5688 exercitus,
2907 5629 2972 5676 ut
2999 5619 3168 5688 verba
3195 5619 3332 5689 sunt
3354 5617 3670 5686 Lambeccii,
3709 5665 3721 5675 ,
