3912 6166
229 342 365 425 .797

1276 345 1373 400 DE
1408 343 1580 399 VITA
1617 344 1707 399 ET
1745 343 2067 405 SCRIPTIS
2088 348 2519 415 -ΒΟΝΙΖΘΝΙΒ,

3401 346 3542 411 ⁹ἳ¹98

249 489 388 528 rum
408 477 795 550 monumentis
813 475 1109 537 collectum
1132 478 1190 529 et
1206 473 1516 528 secundum
1546 472 1699 527 locos
1713 487 1861 524 com-
1883 473 1928 531 A
1954 471 2079 539 (29).
2118 497 2139 520 ιι
2174 473 2368 530 Placet
2393 474 2572 531 doctis
2620 474 2897 532 Brixianis
2935 477 3186 549 spartam
3212 472 3361 537 hanc
3372 486 3540 535 exor-

249 579 463 619 munes
494 564 551 637 in
581 571 797 637 septem
831 565 1003 619 libros
1030 556 1271 618 divisum
1307 581 1317 615 :
1345 562 1431 616 cui
1469 561 1720 632 prommii
1744 562 1865 616 loco

253 654 491 724 prmﬁxa
510 663 597 708 est
619 654 1013 725 epitomehistc
1028 653 1122 707 rite
1145 653 1466 723 pontiﬁcum
1486 652 1864 706 Romanorum

255 758 292 796 a
324 743 383 796 S.
416 743 619 815 Petro,
639 744 1020 814 apostolorum
1075 742 1325 812 principe
1356 757 1533 810 usque
1565 741 1636 795 ad
1662 757 1864 811 papam

260 830 559 885 Urbanum
580 833 652 896 II,
676 832 769 903 qui
794 832 884 884 die
903 846 979 884 χιι
1004 831 1190 887 Martii
1207 831 1340 885 anni
1360 828 1500 886 1088
1520 830 1727 884 electus
1756 836 1862 888 est.

260 920 495 989 Titulus
507 922 624 991 jam
655 926 980 975 memoratae
1005 920 1277 991 epitomes
1294 920 1386 974 hic
1427 926 1513 973 est
1543 938 1553 972 :
1593 919 1863 974 Chronica

257 1008 655 1064 Romanorum
683 1012 1013 1078 pontiﬁcum
1042 1011 1183 1064 edita
1215 1026 1249 1063 α
1286 1010 1587 1064 Bona/zona
1628 1008 1861 1064 Sutrino

258 1101 504 1168 episcopo
528 1102 648 1153 uiro
671 1115 770 1169 per
797 1102 989 1153 omnia
1018 1100 1344 1153 doctissimo.
1375 1121 1395 1145 υ

335 1187 531 1241 Refert
557 1194 755 1258 postea
809 1186 1146 1259 principium
1196 1187 1397 1257 operis,
1443 1187 1592 1258 quod
1649 1204 1775 1241 cum
1804 1188 1862 1241 in

264 1276 459 1330 codice
503 1276 763 1330 Brixiano
814 1276 1080 1347 acephalo
1110 1276 1476 1340 desideretur,
1510 1283 1679 1348 prout
1704 1278 1795 1330 ille
1834 1294 1863 1329 e

260 1365 682 1420 Vindobonensi
727 1365 1046 1435 descripsit,
1077 1365 1403 1419 exhibemus
1439 1384 1449 1418 :
1489 1387 1510 1416 ι
1544 1353 1897 1436 εει-ἱρῐυιευε’

262 1454 334 1507 de
368 1455 696 1509 excellentia
721 1455 985 1508 Romanae
1009 1454 1264 1508 Ecclesiae
1281 1462 1336 1508 et
1364 1455 1433 1507 de
1462 1455 1765 1526 privilegiis
1793 1456 1861 1509 ad

262 1543 517 1612 ejusdem
551 1543 805 1597 Ecclesiae
861 1543 1180 1614 episcopum
1228 1543 1655 1615 pertinentibus,
1698 1552 1753 1597 et
1790 1545 1859 1598 de
1941 1545 2077 1600 dicis
2103 1544 2556 1614 etprmstantiam
2578 1542 3331 1605 co:isixleresAlteriusenim
3352 1542 3536 1597 solum
3616 1565 3631 1575 -

261 1633 763 1701 constitutionibus
805 1633 1074 1702 ejusdem,
1109 1634 1375 1686 solertem
1408 1650 1540 1707 rogo
1570 1635 1856 1696 lectorem,

259 1737 333 1774 ne
356 1721 628 1775 citissime
646 1721 702 1775 in
730 1737 910 1774 meam
930 1722 1711 1792 prorumpatsugillationem,
1726 1723 1859 1776 dum

1949 563 2194 618 nandam
2226 564 2567 631 relinquere,
2600 572 2658 619 et
2677 564 2735 619 in
2764 565 2931 618 unius
2959 569 3178 617 tantum
3209 562 3415 625 codicis
3442 562 3541 627 de-

1948 652 2251 722 scriptione
2290 653 2697 725 aliquantisper
2734 652 3051 709 immorari.
3090 640 3452 723 Conscriptus
3490 653 3539 707 is

1948 747 2033 794 est
2059 742 2259 795 saeculo
2278 757 2353 796 x1.
2371 742 2617 799 Titulum
2652 742 2876 813 praefert
2893 758 2992 795 ora
3019 727 3276 796 secunda;
3293 742 3532 812 paginae,

1948 831 2045 906 qui
2074 830 2155 884 sic
2212 847 2272 883 se
2313 830 2482 884 habet
2512 849 2522 883 :
2559 833 2852 885 Bonizonis
2880 833 3113 899 episcopi
3130 832 3194 885 de
3219 835 3540 897 sanctorum

1946 922 2180 973 Patrum
2201 921 2537 974 autlacnticis
2566 922 2848 974 canonicis
2869 921 2943 974 ad
2969 920 3297 987 Gregorium
3316 921 3538 988 presby-

1946 1015 2143 1064 terum.
2182 1030 2205 1062 ι
3172 1024 3181 1029 “

2022 1099 2157 1153 Post
2179 1099 2404 1152 brevem
2436 1105 2633 1170 postea
2660 1099 2729 1153 de
2755 1099 3035 1153 Bonizone
3057 1104 3113 1153 et
3139 1100 3261 1169 ejus
3280 1099 3540 1179 lucubra-

1947 1188 2195 1243 tionibus
2216 1205 2281 1242 ac
2303 1187 2460 1242 libris
2483 1189 2765 1253 notitiam,
2780 1205 2948 1258 porro
2978 1188 3059 1242 ita
3084 1189 3442 1259 prosequitur
3459 1189 3545 1244 vir

1946 1277 2330 1332 doctissimus:
2362 1296 2386 1329 α
2416 1278 2560 1349 Atei;
2576 1277 2662 1330 his
2676 1277 2867 1330 nullus
2899 1276 2995 1329 illo
3012 1277 3541 1347 praestantiorcujus

1947 1385 2012 1421 ex
2038 1367 2297 1421 Brixiano
2326 1366 2549 1420 archivo
2568 1382 2716 1419 nunc
2734 1365 2939 1419 damus
2951 1365 3403 1435 descriptionem,
3427 1365 3542 1419 sive

1947 1474 2036 1511 res
2054 1455 2315 1509 attendas
2366 1472 2504 1526 quas
2534 1454 2940 1523 complectitur,
2983 1454 3099 1508 sive
3131 1454 3425 1509 raritatem
3452 1469 3543 1507 co-

1944 1636 2185 1691 occurrit
2206 1635 2413 1688 mentio
2436 1634 2491 1687 in
2522 1633 2972 1686 Vindobonensis
3000 1632 3348 1687 bibliothecae
3387 1649 3536 1687 com-

1945 1724 2254 1781 mentariis.
2275 1740 2440 1793 quem
2469 1722 2819 1789 rarissimum
2852 1723 3089 1777 fortasse
3119 1722 3288 1777 etiam
3311 1722 3539 1777 unicum

260 1810 469 1862 viderit
492 1827 580 1864 me
609 1810 667 1862 in
698 1816 813 1862 tam
842 1809 1065 1880 profuso
1093 1827 1259 1880 opere
1289 1810 1652 1874 succinctum,
1686 1828 1861 1882 pauca
1881 1827 1929 1887 Β
1947 1816 2194 1886 appellat
2223 1815 2341 1867 loco
2383 1813 2553 1865 citato
2583 1811 2837 1866 Oudinus
2867 1817 2929 1873 (t.
2954 1810 3028 1873 II,
3051 1828 3106 1881 p.
3142 1810 3284 1871 737i.
3313 1810 3544 1883 Accedit

260 1899 469 1952 dixisse
492 1899 559 1952 de
582 1899 822 1968 magnis.
844 1899 1001 1962 Quod
1020 1899 1067 1952 si
1090 1900 1308 1969 Moyses
1333 1917 1554 1954 omnem
1573 1896 1861 1955 scientiam

261 1989 462 2043 doctus
499 1989 908 2059 Egyptiacam,
942 1989 1035 2060 qui
1066 1994 1188 2041 erat
1226 1988 1310 2041 vir
1338 1989 1668 2044 mitissimus
1696 2007 1865 2062 super

262 2095 460 2131 omnes
490 2077 749 2132 homines
774 2078 867 2148 qui
898 2077 1232 2132 habitabant
1257 2078 1311 2132 in
1343 2084 1516 2142 terra,
1548 2096 1712 2149 quem
1747 2081 1860 2134 Do—

261 2167 451 2220 minus
480 2174 707 2221 noverat
742 2184 806 2220 ex
859 2167 1106 2231 nomine,
1139 2166 1584 2221 incircumcisum
1618 2185 1677 2222 se
1706 2160 1864 2222 labiis

264 2255 423 2315 dicit.
450 2273 521 2309 ne
551 2257 875 2310 mitteretur
903 2256 975 2309 ad
1020 2256 1345 2327 Egj'ptum,
1380 2262 1437 2310 et
1482 2258 1757 2311 Jeremias
1804 2275 1864 2311 se

269 2361 509 2414 puerum
551 2344 824 2398 nominat.
873 2361 944 2397 ne
974 2344 1043 2398 ad
1079 2361 1250 2413 regna
1300 2345 1589 2398 evellenda
1617 2355 1674 2399 et
1711 2348 1866 2417 plan-

266 2434 464 2497 tanda,
514 2434 841 2488 aediﬁcanda
890 2438 948 2486 et
975 2433 1313 2487 destruenda
1360 2434 1681 2488 mitteretur
1708 2453 1866 2489 excu-

263 2538 397 2576 sans
428 2542 440 2575 :
472 2522 605 2594 quid
652 2539 755 2592 ego
813 2522 1165 2576 miserrimus
1215 2522 1425 2576 nullius
1486 2523 1751 2578 bonitatis
1781 2526 1865 2579 vel

263 2612 514 2666 scientia:
546 2613 683 2681 mihi
714 2612 991 2671 conscius.
1026 2612 1176 2665 aliud
1230 2630 1396 2682 quam
1458 2630 1545 2666 me
1574 2614 1863 2683 indignum

265 2706 426 2754 tanto
455 2718 622 2771 opere
665 2700 930 2770 judicabo
952 2700 979 2751 ‘?
1013 2700 1119 2756 Sed
1149 2701 1280 2771 quia
1312 2701 1460 2754 Deus
1507 2702 1563 2754 in
1616 2703 1866 2757 sentibus

263 2791 487 2844 locutus
517 2798 618 2852 est,
654 2796 712 2843 et
731 2806 856 2843 cum
882 2789 1074 2853 voluit,
1104 2789 1350 2867 linguam
1379 2790 1868 2846 rudentisresolvit

264 2878 320 2932 in
348 2878 521 2933 verba
554 2878 856 2951 loquentis
898 2885 1123 2949 accepta
1180 2872 1384 2933 fiducia
1412 2878 1483 2932 ab
1522 2880 1635 2941 illo,
1669 2897 1701 2934 a
1754 2898 1865 2950 quo

264 2984 430 3021 omne
450 2967 647 3021 datum
661 2967 936 3038 optimum
954 2972 1185 3020 etomne
1199 2968 1408 3020 donum
1428 2968 1733 3038 perfectum
1751 2975 1854 3029 est,

269 3054 600 3127 supplicabo
613 3056 684 3118 ei,
711 3072 879 3110 orans
896 3062 958 3109 ut
971 3072 1123 3109 meas
1136 3056 1349 3109 utinam
1373 3058 1383 3110 l
1401 3073 1510 3110 non
1527 3057 1865 3128 dedignatur

266 3145 729 3199 inviseresentes.
759 3145 1028 3199 Mihivero
1060 3146 1239 3198 multa
1256 3146 1474 3199 voventi
1508 3162 1571 3199 ac
1597 3147 1865 3223 cogitanti

262 3234 339 3307 nil
370 3234 576 3288 melius
606 3235 867 3297 occurrit,
921 3251 1088 3304 quam
1151 3235 1297 3305 quod
1347 3235 1463 3288 haec
1510 3243 1866 3290 sacrosancta

260 3323 512 3377 Ecclesia
538 3323 711 3376 nullis
731 3323 1012 3393 synodicis
1046 3324 1369 3385 constituta,
1404 3324 1500 3377 sed
1547 3325 1722 3394 ipsius
1753 3326 1833 3379 Do

262 3412 403 3466 mini
443 3417 532 3465 est
558 3429 694 3489 voce
722 3411 1227 3473 fundata,dicentis
1248 3413 1315 3466 ad
1347 3412 1570 3466 beatum
1592 3414 1818 3469 Petrum
1846 3433 1857 3468 :

264 3502 347 3555 Tu
372 3502 736 3561 esPetrus.et
750 3518 919 3571 super
940 3501 1083 3554 hanc
1116 3500 1340 3554 Petram
1365 3502 1651 3555 aedificabo
1684 3504 1864 3557 Eccle-

266 3590 405 3643 siam
444 3606 627 3642 meam
688 3590 998 3644 Cuiaddita
1020 3598 1105 3643 est
1124 3590 1362 3645 societas
1387 3590 1535 3644 beati
1565 3592 1718 3645 Pauli
1752 3609 1866 3646 ma-

263 3677 427 3746 gistri
446 3677 723 3747 gentium,
762 3686 825 3729 ut
859 3694 981 3747 qum
1020 3682 1144 3730 erat
1172 3677 1347 3730 eiecta
1392 3685 1561 3748 caput
1584 3680 1860 3748 gentium,

261 3767 421 3819 sedes
446 3772 594 3819 esset
627 3766 1008 3836 apostolorum
1063 3766 1329 3835 principis
1359 3772 1415 3819 et
1446 3767 1696 3836 magistri
1725 3786 1863 3839 gen-

261 3855 426 3907 tium.
452 3855 581 3923 Ipsa
608 3860 693 3907 est
724 3854 875 3907 enim
892 3859 1076 3907 vertex
1097 3860 1152 3907 et
1177 3856 1588 3908 ﬁrmamentum
1612 3856 1863 3911 omnium

262 3943 639 4021 Ecclesiarum
672 3943 896 3997 dicente
926 3943 1165 3997 Domino
1191 3944 1261 3997 ad
1296 3944 1524 3998 beatum
1583 3944 1815 4000 Petrum
1848 3962 1861 4000 :

260 4034 370 4099 Ego
391 4048 496 4103 pro
521 4038 566 4084 te
594 4036 802 4100 rogari.
829 4034 1003 4097 Pctre,
1043 4038 1103 4085 ut
1129 4050 1237 4086 non
1261 4035 1475 4100 deﬁciat
1520 4037 1648 4101 ﬁdes
1679 4041 1795 4093 tua.
1819 4042 1867 4089 et

264 4125 320 4172 tu
348 4123 657 4188 aliquando
687 4138 977 4173 conversus
1004 4124 1274 4187 conﬁrma
1322 4123 1528 4188 fratres
1552 4127 1687 4177 tuos.
1722 4124 1867 4187 Quid

266 4211 448 4263 dicam
473 4206 623 4279 quod
646 4211 828 4264 omnis
845 4210 1167 4264 Christiana
1188 4210 1441 4283 religio,»
1467 4200 1865 4267 etc.Hactenus

275 4299 499 4369 quidem
533 4298 893 4353 Lambeccius
927 4317 989 4352 ex
1023 4300 1211 4353 codice
1255 4300 1697 4376 Vindobonensi.
1738 4303 1866 4356 Plc-

264 4387 483 4440 niorem
502 4387 685 4459 operis
708 4388 878 4457 hujus
900 4388 1161 4442 notitiam
1178 4387 1337 4443 nobis
1359 4376 1681 4461 suppeditat
1698 4392 1864 4445 codex

261 4476 587 4541 Brixianus,
616 4494 780 4547 quem
808 4494 872 4530 ex
897 4478 1120 4531 archivo
1138 4478 1381 4532 ecclesiae
1403 4478 1870 4534 illiuscathedrali

261 4573 525 4620 recenset
554 4566 636 4618 vir
656 4583 764 4619 non
788 4566 968 4619 solum
1003 4566 1072 4619 ab
1096 4583 1161 4619 ea
1189 4584 1311 4637 quae
1343 4584 1376 4619 a
1404 4560 1676 4637 sanguine
1700 4564 1869 4633 venit,

258 4656 357 4710 sed
386 4660 447 4708 et
477 4671 608 4709 vera
629 4654 726 4708 illa
741 4672 906 4726 quam
931 4654 1134 4708 litterae
1162 4656 1393 4726 pariunt
1415 4657 1708 4710 nobilitate
1738 4675 1871 4713 con-

259 4742 498 4815 spicuus
528 4743 771 4796 Joannes
803 4744 1179 4817 Hieronymus
1211 4745 1554 4799 (iradonicus
1598 4762 1719 4799 can.
1752 4763 1867 4816 reg.

260 4833 468 4887 Brixiae
484 4848 653 4885 sacrae
675 4833 1326 4886 aw'torlaudatissimus.
1353 4833 1737 4888 Constituerat
1767 4836 1861 4889 ille

255 4922 537 4976 absoluta
564 4938 598 4974 a
636 4938 694 4974 se
740 4922 1067 4991 pontiﬁcum
1123 4922 1515 4976 Brixianorum
1567 4923 1731 4977 seriei
1758 4923 1867 4989 (‘28)

1946 1905 2104 1959 illum
2137 1918 2397 1955 mancum
2415 1917 2691 1964 essc,cum
2718 1904 2931 1970 septem
2953 1900 3234 1954 duntaxat
3250 1899 3538 1953 contineat

1945 1993 2135 2056 libros,
2185 1992 2378 2045 decem
2430 2006 2559 2043 vero
2618 1989 2931 2043 Brixianus.
2968 1988 3157 2042 Prima
3182 1988 3379 2045 charta
3408 2003 3535 2045 cum

1944 2081 2315 2141 desideretur,
2335 2078 2463 2133 libri
2486 2078 2653 2132 etiam
2680 2076 2848 2148 primi
2868 2077 3089 2131 initium
3102 2077 3278 2143 deest,
3301 2077 3547 2147 reliquo-

1946 2187 2071 2225 rum
2104 2186 2230 2223 vero
2248 2167 2409 2223 initia
2441 2173 2575 2221 sunt
2604 2166 2718 2220 hiec
2745 2181 2756 2214 :

2022 2277 2047 2310 «
2082 2257 2285 2328 Incipit
2312 2256 2454 2310 liber
2482 2255 2782 2310 secundus.
2818 2255 2978 2319 Quod
3007 2259 3139 2308 ante
3160 2254 3234 2308 sit
3255 2253 3539 2309 docendus

1952 2347 2192 2401 «omnis
2244 2362 2413 2417 quam
2461 2344 2825 2414 baptizandus
2871 2362 2882 2396 :
2938 2348 2997 2397 et
3046 2343 3178 2414 quid
3236 2342 3311 2395 sit
3362 2341 3544 2413 bapti-

1953 2456 1976 2485 «
2013 2452 2197 2507 smus:
2231 2439 2287 2486 et
2304 2431 2508 2503 quibus
2525 2432 2705 2485 modis
2722 2432 2822 2485 fiat
2845 2450 2854 2484 :
2883 2436 2983 2485 eta
2997 2448 3106 2501 quo
3124 2430 3367 2501 sumpsit
3381 2446 3542 2485 exor-

1956 2546 1976 2575 l
2010 2524 2188 2578 dium.
3478 2586 3484 2595 ι

2026 2634 2046 2664 ι
2084 2611 2288 2682 incipit
2315 2610 2457 2665 liber
2485 2611 2704 2664 tertius.
2733 2610 2995 2664 Clemens
3050 2609 3309 2680 episcopo
3337 2608 3542 2679 Jacobo

1952 2723 1977 2755 «
2009 2704 2066 2756 in
2092 2701 2180 2754 his
2221 2699 2541 2754 civitatibus
2571 2700 2955 2769 apostolorum
2987 2698 3244 2768 princeps
3274 2697 3543 2767 primates

1953 2814 1975 2845 α
2012 2790 2324 2846 instituisse
2347 2788 2439 2843 ubi
2471 2788 2730 2859 primitus
2760 2786 3187 2853 architlamines,
3217 2792 3323 2841 etc.

2023 2905 2043 2927 «ι
2081 2879 2286 2950 Incipit
2316 2878 2460 2933 liber
2474 2883 2736 2949 quartus:
2770 2877 3092 2947 Scripturus
3115 2876 3185 2928 de
3214 2874 3543 2954 excellentia

1956 2991 1979 3023 ι
2009 2971 2275 3024 Romanae
2303 2967 2563 3039 Ecclesiae
2606 2974 2662 3020 et
2718 2967 2786 3020 de
2835 2964 3138 3039 privilegiis
3187 2963 3256 3017 ad
3288 2962 3540 3033 ejusdem

1956 3081 1976 3111 ι
2017 3059 2273 3113 Ecclesiae
2299 3056 2586 3127 episcopos
2618 3054 3045 3125 pertinentibus,
3080 3059 3185 3106 etc.

2024 3166 2049 3199 α
2085 3136 2283 3217 Incipit
2327 3145 2469 3199 liber
2485 3140 3348 3219 quintus:Superioribustribus
3377 3139 3539 3193 libel-

1955 3256 1976 3288 ι
2011 3237 2101 3301 lis,
2166 3235 2347 3306 qualis
2413 3233 2616 3288 debeat
2680 3232 2810 3302 eligi
2875 3232 3233 3301 episcopus...
3285 3233 3542 3299 superest

1953 3344 1974 3377 α
2001 3342 2150 3379 nunc
2176 3325 2245 3377 de
2275 3323 2505 3377 secundi
2531 3322 2743 3375 ordinis
2772 3320 3154 3375 sacerdotibus
3180 3324 3238 3374 et
3263 3317 3543 3372 diaconi--

1950 3435 1972 3465 ι
2007 3414 2110 3471 bus
2137 3413 2462 3482 czeterisque
2478 3410 2788 3475 ordinibus,
2808 3415 2975 3481 prout
3004 3408 3155 3481 Deus
3182 3406 3521 3463 concesserit

1952 3525 1973 3555 ι
2009 3518 2294 3565 enarrare,
2327 3508 2383 3556 et
2412 3501 2652 3572 primum
2698 3500 2768 3553 ab
2825 3498 3179 3553 ordinatione
3229 3497 3541 3562 ordiamur,

1952 3612 1973 3641 α
2008 3596 2119 3647 etc.

2025 3700 2047 3731 ‹‹
2106 3678 2308 3750 Incipit
2347 3677 2487 3732 liber
2539 3683 2727 3749 sextus
2777 3694 2788 3727 :
2842 3674 3244 3750 Monachorum
3303 3660 3545 3743 quatuqr

1958 3787 1979 3817 α
2016 3785 2138 3822 esse
2156 3784 2383 3837 genera,
2437 3766 2602 3819 beato
2638 3763 2933 3818 Benedicto
2962 3763 3261 3825 referente,
3289 3761 3543 3831 cognovi-
3575 3746 3589 3763 ⁸

1952 3878 1976 3910 «
2007 3875 2151 3921 mus,
2185 3862 2288 3910 etc.
2960 3918 2967 3921 ,
3446 3904 3450 3915 ι
3482 3912 3507 3923 α

2025 3967 2047 3996 ι
2097 3946 2299 4016 Incipit
2329 3944 2468 3997 liber
2510 3944 2783 4015 septimus
2816 3961 2826 3995 :
2860 3941 3181 4012 Scripturas
3226 3939 3295 3993 de
3318 3938 3542 4015 regibus

1954 4052 1980 4086 α
2015 4042 2069 4088 et
2092 4034 2394 4103 judicibus,
2431 4039 2486 4086 et
2517 4033 2584 4086 de
2624 4032 2709 4085 his
2762 4031 2856 4101 qui
2890 4030 2945 4083 in
2974 4029 3159 4083 laicali
3188 4028 3385 4082 ordine
3411 4033 3544 4081 sunt

1956 4144 1981 4176 ((
2015 4123 2324 4185 constituti,
2360 4138 2541 4191 operae
2570 4119 3015 4195 pretiumvisum
3049 4122 3154 4187 est,
3185 4122 3291 4169 etc.
3361 4180 3365 4185 θ
3404 4166 3409 4189 ί

2025 4232 2049 4263 (ι
2073 4211 2274 4281 Incipit
2306 4209 2445 4263 liber
2459 4216 2684 4287 octavus
2711 4228 2721 4260 :
2744 4194 2887 4271 Quia
2930 4223 3056 4260 vero
3095 4204 3371 4276 superiori
3400 4203 3542 4275 libro

1955 4322 1977 4352 ι
2012 4302 2080 4355 de
2112 4299 2355 4372 praelatis
2382 4299 2439 4351 in
2477 4298 2770 4377 laical'ique
2796 4295 3007 4349 ordinis
3049 4292 3308 4365 positis...
3342 4293 3545 4365 Super-

1956 4412 1977 4442 ¢
2014 4396 2101 4445 est
2118 4406 2267 4443 nunc
2282 4388 2336 4442 in
2356 4387 2606 4441 ulteriori
2630 4386 2770 4439 libro
2787 4384 3030 4455 qualiter
3044 4380 3252 4437 subditi
3267 4382 3438 4436 vitam
3456 4382 3550 4438 de-

1960 4503 1984 4530 .c
2020 4479 2191 4533 beant
2220 4478 2532 4533 instituere.
2557 4474 2800 4530 breviter
2826 4473 3113 4543 indagare.

2031 4587 2056 4620 «
2083 4567 2280 4638 Incipit
2310 4564 2450 4619 liber
2471 4582 2651 4618 nonus
2671 4584 2681 4615 :
2701 4563 2866 4618 Liber
2901 4563 3005 4616 iste
3056 4563 3407 4617 medicinalis
3456 4563 3549 4617 in-

1961 4678 1983 4709 ε
2018 4656 2299 4719 scribitur,
2318 4673 2382 4709 eo
2408 4655 2553 4726 quod
2573 4653 2967 4724 agrotantium
2994 4652 3147 4705 varia
3167 4652 3416 4706 continet
3435 4668 3551 4707 me-

1959 4768 1979 4797 (
2015 4747 2327 4801 dicamenta
2352 4744 2688 4797 animarum.
3196 4806 3199 4811 ι

2028 4854 2053 4888 α
2088 4834 2290 4911 Incipit
2345 4833 2484 4889 liber
2546 4831 2827 4886 decimus:
2861 4831 3144 4903 Superiori
3171 4830 3312 4901 libro
3343 4830 3549 4886 dixisse

1956 4945 1978 4975 «
2014 4942 2102 4978 me
2132 4922 2426 4977 memini...
2458 4937 2641 4997 opera;
2665 4919 2905 4990 pretium
2943 4919 3122 4972 visum
3149 4925 3236 4973 est
3263 4919 3400 4973 mihi
3421 4936 3548 4975 auc-

255 5011 385 5065 cod.
425 5011 648 5079 ms.qui
680 5009 735 5062 in
767 5010 989 5063 archivo
1022 5010 1263 5065 ecclesias
1294 5010 1444 5065 illius
1477 5012 1873 5067 custodiuntur
1957 5034 1979 5065 ι
2013 5013 2270 5066 toritates
2315 5017 2369 5064 et
2418 5010 2673 5079 exempla
2722 5008 2819 5062 SS.
2876 5006 3110 5061 Patrum
3150 5006 3546 5082 compendiose

258 5100 575 5173 Elenchum
605 5088 847 5168 adjicere
871 5117 882 5165 ;
917 5088 1014 5152 sed
1042 5088 1258 5153 mutato
1280 5107 1476 5170 postea
1494 5101 1725 5154 consilio
1740 5119 1870 5155 eru-

256 5189 396 5243 ditis
428 5205 530 5261 spe
578 5204 681 5242 sua
735 5188 975 5243 exclusis
1034 5196 1182 5241 certe
1240 5178 1499 5248 dolendo.
1527 5189 1678 5243 intra
1705 5192 1869 5245 unius

257 5278 475 5333 codicis
502 5277 883 5331 recensionem
916 5274 1185 5341 substitit,
1217 5278 1311 5349 qui
1364 5278 1655 5333 Bonizonis
1692 5281 1869 5334 nostri

254 5366 547 5421 decretale
569 5365 836 5419 continet.
857 5366 961 5419 Sed
984 5366 1167 5435 ipsum
1184 5367 1368 5436 potius
1418 5352 1507 5420 cui
1526 5375 1658 5421 ante
1679 5370 1869 5423 oculos

261 5464 322 5510 et
342 5458 411 5510 in
438 5454 679 5525 genibus
727 5455 899 5508 codex
939 5455 1034 5508 ille
1064 5455 1171 5509 fuit
1202 5463 1526 5510 narrantem
1572 5457 1869 5512 audiamus

254 5705 265 5715 .
328 5631 442 5761 (Ξε)
466 5624 850 5717 Bi'iiiai'1755,
885 5649 953 5688 ex
977 5637 1202 5706 typogr.
1245 5634 1368 5689 Joh.
1419 5634 1582 5706 B'apt.
1638 5634 1864 5691 Bossini

254 5721 315 5759 in
408 5721 544 5761 mai.
1822 5730 1828 5735 .

249 5721 315 5759 in
341 5721 377 5761 ιι
408 5721 544 5775 ma).
1822 5730 1828 5735 -

1957 5121 1981 5154 (ι
2014 5102 2343 5171 colligereet
2377 5098 2587 5170 judicia
2618 5098 2685 5175 de
2715 5096 3046 5151 criminibus
3070 5096 3312 5168 qualiter
3333 5095 3547 5165 judica-

1955 5210 1977 5241 α
2012 5208 2161 5246 vero.
2185 5190 2313 5261 huic
2342 5188 2526 5242 libello
2549 5187 2813 5240 inserere.
2849 5205 2870 5239 ιι
3170 5234 3197 5261 ,ὁ

2024 5281 2100 5337 Ex
2125 5258 2599 5355 quibusomnibus
2625 5292 2736 5329 non
2759 5275 2904 5327 male
2926 5258 3207 5327 concludit
3233 5271 3316 5345 vir
3348 5270 3542 5341 claris-

1953 5368 1998 5422 si
2008 5386 2129 5423 mus
2142 5367 2443 5442 plurimum
2467 5370 2734 5437 praestate
2763 5359 3179 5416 Vindobonensi
3197 5359 3376 5413 codici
3398 5359 3547 5414 hunc

1952 5458 2295 5512 Brixianum.

2007 5634 2126 5724 ἐξω)
2149 5638 2213 5692 In
2245 5636 2556 5709 appendice
2614 5633 2682 5686 de
2734 5631 2856 5684 cod.
2902 5644 3009 5682 ms.
3038 5610 3337 5702 memomi,
3474 5626 3550 5691 ὦ.

1946 5703 2072 5763 443⁵.
