  <div class='ocr_page' id='page_1' title='image "/cluster/home/n/w/nwhite01/storage/ocr_20150623/150/hvd.32044054760087/405.png"; bbox 0 0 3872 6168; ppageno 0'>
   <div class='ocr_carea' id='block_1_1' title="bbox 445 344 552 413">
    <p class='ocr_par' dir='ltr' id='par_1_1' title="bbox 445 344 552 413">
     <span class='ocr_line' id='line_1_1' title="bbox 445 344 552 413; baseline -0.047 0"><span class='ocrx_word' id='word_1_1' title='bbox 445 344 552 413; x_wconf 75' lang='lat'><strong>799</strong></span> 
     </span>
    </p>
   </div>
   <div class='ocr_carea' id='block_1_2' title="bbox 1444 344 2705 408">
    <p class='ocr_par' dir='ltr' id='par_1_2' title="bbox 1444 344 2705 408">
     <span class='ocr_line' id='line_1_2' title="bbox 1444 344 2705 408; baseline 0.006 -8"><span class='ocrx_word' id='word_1_2' title='bbox 1444 344 1706 402; x_wconf 78' lang='lat' dir='ltr'><strong>BONIZO</strong></span> <span class='ocrx_word' id='word_1_3' title='bbox 1744 347 2247 405; x_wconf 76' lang='lat' dir='ltr'><strong>PLACENTINUS</strong></span> <span class='ocrx_word' id='word_1_4' title='bbox 2286 349 2705 408; x_wconf 79' lang='lat' dir='ltr'><strong>EPISCOPUS.</strong></span> 
     </span>
    </p>
   </div>
   <div class='ocr_carea' id='block_1_3' title="bbox 3594 354 3683 411">
    <p class='ocr_par' dir='ltr' id='par_1_3' title="bbox 3594 354 3683 411">
     <span class='ocr_line' id='line_1_3' title="bbox 3594 354 3683 411; baseline 0 -3"><span class='ocrx_word' id='word_1_5' title='bbox 3594 354 3683 411; x_wconf 79' lang='lat'><strong>800</strong></span> 
     </span>
    </p>
   </div>
   <div class='ocr_carea' id='block_1_4' title="bbox 516 438 3680 548">
    <p class='ocr_par' dir='ltr' id='par_1_4' title="bbox 516 438 3680 548">
     <span class='ocr_line' id='line_1_4' title="bbox 516 438 3680 548; baseline 0 -17"><span class='ocrx_word' id='word_1_6' title='bbox 516 471 742 531; x_wconf 87' lang='lat' dir='ltr'><strong>Primus</strong></span> <span class='ocrx_word' id='word_1_7' title='bbox 787 475 910 546; x_wconf 91' lang='lat' dir='ltr'><strong>ejus</strong></span> <span class='ocrx_word' id='word_1_8' title='bbox 962 471 1149 546; x_wconf 87' lang='lat' dir='ltr'><strong>operis</strong></span> <span class='ocrx_word' id='word_1_9' title='bbox 1203 470 1548 528; x_wconf 81' lang='lat' dir='ltr'><strong>mentionem</strong></span> <span class='ocrx_word' id='word_1_10' title='bbox 1597 470 1795 528; x_wconf 85' lang='lat' dir='ltr'><strong>fecisse</strong></span> <span class='ocrx_word' id='word_1_11' title='bbox 1823 472 2109 537; x_wconf 79' lang='lat' dir='ltr'><strong>videturA</strong></span> <span class='ocrx_word' id='word_1_12' title='bbox 2125 474 2431 547; x_wconf 80' lang='lat' dir='ltr'><strong>privilegiis</strong></span> <span class='ocrx_word' id='word_1_13' title='bbox 2453 474 2523 531; x_wconf 87' lang='lat' dir='ltr'><strong>ad</strong></span> <span class='ocrx_word' id='word_1_14' title='bbox 2551 438 2869 532; x_wconf 85' lang='lat' dir='ltr'><strong>Romanum</strong></span> <span class='ocrx_word' id='word_1_15' title='bbox 2907 473 3238 548; x_wconf 81' lang='lat' dir='ltr'><strong>pontificem</strong></span> <span class='ocrx_word' id='word_1_16' title='bbox 3284 474 3680 548; x_wconf 82' lang='lat' dir='ltr'><strong>pertinentibus,</strong></span> 
     </span>
    </p>
   </div>
   <div class='ocr_carea' id='block_1_5' title="bbox 446 560 2040 638">
    <p class='ocr_par' dir='ltr' id='par_1_5' title="bbox 446 560 2040 638">
     <span class='ocr_line' id='line_1_5' title="bbox 446 560 2040 638; baseline -0.002 -16"><span class='ocrx_word' id='word_1_17' title='bbox 446 569 779 638; x_wconf 79' lang='lat' dir='ltr'><strong>Anonymus</strong></span> <span class='ocrx_word' id='word_1_18' title='bbox 826 563 1163 620; x_wconf 85' lang='lat' dir='ltr'><strong>Mellicensis</strong></span> <span class='ocrx_word' id='word_1_19' title='bbox 1192 560 1452 634; x_wconf 83' lang='lat' dir='ltr'><strong>superius</strong></span> <span class='ocrx_word' id='word_1_20' title='bbox 1480 579 1515 617; x_wconf 89' lang='lat' dir='ltr'><strong>a</strong></span> <span class='ocrx_word' id='word_1_21' title='bbox 1554 561 1714 617; x_wconf 87' lang='lat' dir='ltr'><strong>nobis</strong></span> <span class='ocrx_word' id='word_1_22' title='bbox 1746 563 2040 629; x_wconf 85' lang='lat' dir='ltr'><strong>adductus,</strong></span> 
     </span>
    </p>
   </div>
   <div class='ocr_carea' id='block_1_6' title="bbox 449 654 2047 729">
    <p class='ocr_par' dir='ltr' id='par_1_6' title="bbox 449 654 2047 729">
     <span class='ocr_line' id='line_1_6' title="bbox 449 654 2047 729; baseline -0.002 -17"><span class='ocrx_word' id='word_1_23' title='bbox 449 658 545 729; x_wconf 94' lang='lat' dir='ltr'><strong>qui</strong></span> <span class='ocrx_word' id='word_1_24' title='bbox 568 656 639 711; x_wconf 91' lang='lat' dir='ltr'><strong>ab</strong></span> <span class='ocrx_word' id='word_1_25' title='bbox 666 673 779 711; x_wconf 89' lang='lat' dir='ltr'><strong>uno</strong></span> <span class='ocrx_word' id='word_1_26' title='bbox 806 672 974 729; x_wconf 89' lang='lat' dir='ltr'><strong>opere</strong></span> <span class='ocrx_word' id='word_1_27' title='bbox 1003 655 1335 711; x_wconf 85' lang='lat' dir='ltr'><strong>Bonizonem</strong></span> <span class='ocrx_word' id='word_1_28' title='bbox 1388 654 1609 710; x_wconf 80' lang='lat' dir='ltr'><strong>videtur</strong></span> <span class='ocrx_word' id='word_1_29' title='bbox 1639 655 1878 710; x_wconf 84' lang='lat' dir='ltr'><strong>novisse.</strong></span> <span class='ocrx_word' id='word_1_30' title='bbox 1908 654 2047 710; x_wconf 84' lang='lat' dir='ltr'><strong>Post</strong></span> 
     </span>
    </p>
   </div>
   <div class='ocr_carea' id='block_1_7' title="bbox 448 743 2043 801">
    <p class='ocr_par' dir='ltr' id='par_1_7' title="bbox 448 743 2043 801">
     <span class='ocr_line' id='line_1_7' title="bbox 448 743 2043 801; baseline -0.001 0"><span class='ocrx_word' id='word_1_31' title='bbox 448 744 767 801; x_wconf 84' lang='lat' dir='ltr'><strong>Lambeccii</strong></span> <span class='ocrx_word' id='word_1_32' title='bbox 782 761 911 800; x_wconf 91' lang='lat' dir='ltr'><strong>vero</strong></span> <span class='ocrx_word' id='word_1_33' title='bbox 930 744 1312 799; x_wconf 90' lang='lat' dir='ltr'><strong>recensionem</strong></span> <span class='ocrx_word' id='word_1_34' title='bbox 1349 763 1372 794; x_wconf 77' lang='grc' dir='ltr'>σ</span> <span class='ocrx_word' id='word_1_35' title='bbox 1387 743 1634 798; x_wconf 85' lang='lat' dir='ltr'><strong>Brixiani</strong></span> <span class='ocrx_word' id='word_1_36' title='bbox 1665 744 1870 798; x_wconf 87' lang='lat' dir='ltr'><strong>codicis</strong></span> <span class='ocrx_word' id='word_1_37' title='bbox 1893 744 2043 799; x_wconf 86' lang='lat' dir='ltr'><strong>noti-</strong></span> 
     </span>
    </p>
   </div>
   <div class='ocr_carea' id='block_1_8' title="bbox 444 832 2046 907">
    <p class='ocr_par' dir='ltr' id='par_1_8' title="bbox 444 832 2046 907">
     <span class='ocr_line' id='line_1_8' title="bbox 444 832 2046 907; baseline -0.001 -18"><span class='ocrx_word' id='word_1_38' title='bbox 444 834 584 889; x_wconf 85' lang='lat' dir='ltr'><strong>tiam</strong></span> <span class='ocrx_word' id='word_1_39' title='bbox 618 834 923 907; x_wconf 84' lang='lat' dir='ltr'><strong>(pergimus</strong></span> <span class='ocrx_word' id='word_1_40' title='bbox 942 833 1002 888; x_wconf 90' lang='lat' dir='ltr'><strong>in</strong></span> <span class='ocrx_word' id='word_1_41' title='bbox 1021 833 1205 888; x_wconf 81' lang='lat' dir='ltr'><strong>verbis</strong></span> <span class='ocrx_word' id='word_1_42' title='bbox 1216 832 1537 903; x_wconf 87' lang='lat' dir='ltr'><strong>Gradenigi)</strong></span> <span class='ocrx_word' id='word_1_43' title='bbox 1553 833 1771 904; x_wconf 90' lang='lat' dir='ltr'><strong>primus</strong></span> <span class='ocrx_word' id='word_1_44' title='bbox 1798 832 2046 904; x_wconf 80' lang='lat' dir='ltr'><strong>vulgavit</strong></span> 
     </span>
    </p>
   </div>
   <div class='ocr_carea' id='block_1_9' title="bbox 446 921 2045 995">
    <p class='ocr_par' dir='ltr' id='par_1_9' title="bbox 446 921 2045 995">
     <span class='ocr_line' id='line_1_9' title="bbox 446 921 2045 995; baseline -0.001 -17"><span class='ocrx_word' id='word_1_45' title='bbox 446 922 506 978; x_wconf 88' lang='lat' dir='ltr'><strong>in</strong></span> <span class='ocrx_word' id='word_1_46' title='bbox 537 923 945 995; x_wconf 83' lang='lat' dir='ltr'><strong>supplementis</strong></span> <span class='ocrx_word' id='word_1_47' title='bbox 963 923 1035 976; x_wconf 91' lang='lat' dir='ltr'><strong>ad</strong></span> <span class='ocrx_word' id='word_1_48' title='bbox 1058 921 1431 977; x_wconf 68' lang='lat' dir='ltr'><strong>Labbaeanam</strong></span> <span class='ocrx_word' id='word_1_49' title='bbox 1451 921 1813 976; x_wconf 89' lang='lat' dir='ltr'><strong>conciliorum</strong></span> <span class='ocrx_word' id='word_1_50' title='bbox 1841 922 2045 977; x_wconf 86' lang='lat' dir='ltr'><strong>editio-</strong></span> 
     </span>
    </p>
   </div>
   <div class='ocr_carea' id='block_1_10' title="bbox 447 1012 2045 1082">
    <p class='ocr_par' dir='ltr' id='par_1_10' title="bbox 447 1012 2045 1082">
     <span class='ocr_line' id='line_1_10' title="bbox 447 1012 2045 1082; baseline -0.001 -15"><span class='ocrx_word' id='word_1_51' title='bbox 447 1028 578 1067; x_wconf 88' lang='lat' dir='ltr'><strong>nem</strong></span> <span class='ocrx_word' id='word_1_52' title='bbox 606 1012 932 1068; x_wconf 87' lang='lat' dir='ltr'><strong>Dominicus</strong></span> <span class='ocrx_word' id='word_1_53' title='bbox 971 1012 1221 1067; x_wconf 86' lang='lat' dir='ltr'><strong>Mansius</strong></span> <span class='ocrx_word' id='word_1_54' title='bbox 1257 1017 1413 1082; x_wconf 87' lang='lat' dir='ltr'><strong>(tom.</strong></span> <span class='ocrx_word' id='word_1_55' title='bbox 1447 1012 1520 1078; x_wconf 86' lang='lat' dir='ltr'><strong>II,</strong></span> <span class='ocrx_word' id='word_1_56' title='bbox 1571 1014 1635 1065; x_wconf 85' lang='lat' dir='ltr'><strong>in</strong></span> <span class='ocrx_word' id='word_1_57' title='bbox 1663 1013 1826 1079; x_wconf 63' lang='lat' dir='ltr'><strong>Praef.</strong></span> <span class='ocrx_word' id='word_1_58' title='bbox 1856 1013 1932 1065; x_wconf 85' lang='lat' dir='ltr'><strong>ad</strong></span> <span class='ocrx_word' id='word_1_59' title='bbox 1951 1027 2045 1080; x_wconf 77' lang='lat' dir='ltr'><strong>ap-</strong></span> 
     </span>
    </p>
   </div>
   <div class='ocr_carea' id='block_1_11' title="bbox 447 1099 2042 1173">
    <p class='ocr_par' dir='ltr' id='par_1_11' title="bbox 447 1099 2042 1173">
     <span class='ocr_line' id='line_1_11' title="bbox 447 1099 2042 1173; baseline -0.001 -17"><span class='ocrx_word' id='word_1_60' title='bbox 447 1104 632 1172; x_wconf 80' lang='lat' dir='ltr'><strong>pend.,</strong></span> <span class='ocrx_word' id='word_1_61' title='bbox 661 1119 717 1173; x_wconf 93' lang='lat' dir='ltr'><strong>p.</strong></span> <span class='ocrx_word' id='word_1_62' title='bbox 751 1107 826 1170; x_wconf 82' lang='lat'><strong>3),</strong></span> <span class='ocrx_word' id='word_1_63' title='bbox 860 1117 1030 1173; x_wconf 87' lang='lat' dir='ltr'><strong>quem</strong></span> <span class='ocrx_word' id='word_1_64' title='bbox 1075 1102 1146 1155; x_wconf 91' lang='lat' dir='ltr'><strong>de</strong></span> <span class='ocrx_word' id='word_1_65' title='bbox 1198 1101 1429 1173; x_wconf 81' lang='lat' dir='ltr'><strong>pretiosi</strong></span> <span class='ocrx_word' id='word_1_66' title='bbox 1485 1099 1690 1155; x_wconf 83' lang='lat' dir='ltr'><strong>codicis</strong></span> <span class='ocrx_word' id='word_1_67' title='bbox 1722 1100 2042 1156; x_wconf 81' lang='lat' dir='ltr'><strong>inventione</strong></span> 
     </span>
    </p>
   </div>
   <div class='ocr_carea' id='block_1_12' title="bbox 448 1189 2045 1247">
    <p class='ocr_par' dir='ltr' id='par_1_12' title="bbox 448 1189 2045 1247">
     <span class='ocr_line' id='line_1_12' title="bbox 448 1189 2045 1247; baseline 0.001 -2"><span class='ocrx_word' id='word_1_68' title='bbox 448 1190 880 1246; x_wconf 85' lang='lat' dir='ltr'><strong>reddideramus</strong></span> <span class='ocrx_word' id='word_1_69' title='bbox 934 1190 1251 1246; x_wconf 84' lang='lat' dir='ltr'><strong>certiorem.</strong></span> <span class='ocrx_word' id='word_1_70' title='bbox 1284 1191 1367 1246; x_wconf 90' lang='lat' dir='ltr'><strong>Cl.</strong></span> <span class='ocrx_word' id='word_1_71' title='bbox 1400 1189 1571 1245; x_wconf 88' lang='lat' dir='ltr'><strong>abbas</strong></span> <span class='ocrx_word' id='word_1_72' title='bbox 1608 1189 1981 1245; x_wconf 86' lang='lat' dir='ltr'><strong>Trombellius</strong></span> <span class='ocrx_word' id='word_1_73' title='bbox 2010 1208 2045 1247; x_wconf 84' lang='lat' dir='ltr'><strong>a</strong></span> 
     </span>
    </p>
   </div>
   <div class='ocr_carea' id='block_1_13' title="bbox 449 1277 2046 1334">
    <p class='ocr_par' dir='ltr' id='par_1_13' title="bbox 449 1277 2046 1334">
     <span class='ocr_line' id='line_1_13' title="bbox 449 1277 2046 1334; baseline -0.001 0"><span class='ocrx_word' id='word_1_74' title='bbox 449 1278 612 1334; x_wconf 88' lang='lat' dir='ltr'><strong>nobis</strong></span> <span class='ocrx_word' id='word_1_75' title='bbox 634 1279 897 1334; x_wconf 87' lang='lat' dir='ltr'><strong>laudatus</strong></span> <span class='ocrx_word' id='word_1_76' title='bbox 916 1295 1046 1334; x_wconf 90' lang='lat' dir='ltr'><strong>eum</strong></span> <span class='ocrx_word' id='word_1_77' title='bbox 1069 1278 1312 1333; x_wconf 83' lang='lat' dir='ltr'><strong>codicem</strong></span> <span class='ocrx_word' id='word_1_78' title='bbox 1325 1295 1449 1333; x_wconf 89' lang='lat' dir='ltr'><strong>cum</strong></span> <span class='ocrx_word' id='word_1_79' title='bbox 1464 1277 1751 1333; x_wconf 88' lang='lat' dir='ltr'><strong>nobiscum</strong></span> <span class='ocrx_word' id='word_1_80' title='bbox 1782 1284 1915 1333; x_wconf 85' lang='lat' dir='ltr'><strong>ante</strong></span> <span class='ocrx_word' id='word_1_81' title='bbox 1942 1279 2046 1333; x_wconf 90' lang='lat' dir='ltr'><strong>ali-</strong></span> 
     </span>
    </p>
   </div>
   <div class='ocr_carea' id='block_1_14' title="bbox 452 1367 2048 1440">
    <p class='ocr_par' dir='ltr' id='par_1_14' title="bbox 452 1367 2048 1440">
     <span class='ocr_line' id='line_1_14' title="bbox 452 1367 2048 1440; baseline 0.001 -18"><span class='ocrx_word' id='word_1_82' title='bbox 452 1373 593 1440; x_wconf 86' lang='lat' dir='ltr'><strong>quot</strong></span> <span class='ocrx_word' id='word_1_83' title='bbox 620 1384 799 1422; x_wconf 91' lang='lat' dir='ltr'><strong>annos</strong></span> <span class='ocrx_word' id='word_1_84' title='bbox 842 1368 902 1423; x_wconf 92' lang='lat' dir='ltr'><strong>in</strong></span> <span class='ocrx_word' id='word_1_85' title='bbox 958 1369 1129 1423; x_wconf 89' lang='lat' dir='ltr'><strong>citato</strong></span> <span class='ocrx_word' id='word_1_86' title='bbox 1181 1368 1405 1423; x_wconf 83' lang='lat' dir='ltr'><strong>archivo</strong></span> <span class='ocrx_word' id='word_1_87' title='bbox 1430 1367 1675 1431; x_wconf 83' lang='lat' dir='ltr'><strong>vidisset,</strong></span> <span class='ocrx_word' id='word_1_88' title='bbox 1705 1367 2048 1440; x_wconf 82' lang='lat' dir='ltr'><strong>provinciam</strong></span> 
     </span>
    </p>
   </div>
   <div class='ocr_carea' id='block_1_15' title="bbox 452 1456 2045 1529">
    <p class='ocr_par' dir='ltr' id='par_1_15' title="bbox 452 1456 2045 1529">
     <span class='ocr_line' id='line_1_15' title="bbox 452 1456 2045 1529; baseline 0 -17"><span class='ocrx_word' id='word_1_89' title='bbox 452 1458 702 1529; x_wconf 84' lang='lat' dir='ltr'><strong>suscepit</strong></span> <span class='ocrx_word' id='word_1_90' title='bbox 723 1458 783 1512; x_wconf 91' lang='lat' dir='ltr'><strong>in</strong></span> <span class='ocrx_word' id='word_1_91' title='bbox 812 1457 994 1512; x_wconf 87' lang='lat' dir='ltr'><strong>lucem</strong></span> <span class='ocrx_word' id='word_1_92' title='bbox 1018 1457 1331 1523; x_wconf 86' lang='lat' dir='ltr'><strong>emittendi,</strong></span> <span class='ocrx_word' id='word_1_93' title='bbox 1365 1456 1595 1513; x_wconf 81' lang='lat' dir='ltr'><strong>obtenta</strong></span> <span class='ocrx_word' id='word_1_94' title='bbox 1631 1457 1690 1513; x_wconf 90' lang='lat' dir='ltr'><strong>in</strong></span> <span class='ocrx_word' id='word_1_95' title='bbox 1715 1474 1844 1512; x_wconf 92' lang='lat' dir='ltr'><strong>eum</strong></span> <span class='ocrx_word' id='word_1_96' title='bbox 1874 1458 2045 1513; x_wconf 84' lang='lat' dir='ltr'><strong>tinem</strong></span> 
     </span>
    </p>
   </div>
   <div class='ocr_carea' id='block_1_16' title="bbox 450 1545 2045 1602">
    <p class='ocr_par' dir='ltr' id='par_1_16' title="bbox 450 1545 2045 1602">
     <span class='ocr_line' id='line_1_16' title="bbox 450 1545 2045 1602; baseline -0.001 0"><span class='ocrx_word' id='word_1_97' title='bbox 450 1546 604 1602; x_wconf 87' lang='lat' dir='ltr'><strong>illius</strong></span> <span class='ocrx_word' id='word_1_98' title='bbox 624 1546 969 1601; x_wconf 87' lang='lat' dir='ltr'><strong>exscribendi</strong></span> <span class='ocrx_word' id='word_1_99' title='bbox 993 1545 1064 1601; x_wconf 88' lang='lat' dir='ltr'><strong>ab</strong></span> <span class='ocrx_word' id='word_1_100' title='bbox 1088 1546 1371 1601; x_wconf 88' lang='lat' dir='ltr'><strong>illustriss.</strong></span> <span class='ocrx_word' id='word_1_101' title='bbox 1400 1563 1466 1600; x_wconf 89' lang='lat' dir='ltr'><strong>ac</strong></span> <span class='ocrx_word' id='word_1_102' title='bbox 1492 1563 1608 1602; x_wconf 90' lang='lat' dir='ltr'><strong>rev.</strong></span> <span class='ocrx_word' id='word_1_103' title='bbox 1641 1546 1923 1602; x_wconf 80' lang='lat' dir='ltr'><strong>canonicis</strong></span> <span class='ocrx_word' id='word_1_104' title='bbox 1960 1546 2045 1601; x_wconf 86' lang='lat' dir='ltr'><strong>fa-</strong></span> 
     </span>
    </p>
   </div>
   <div class='ocr_carea' id='block_1_17' title="bbox 449 1636 736 1690">
    <p class='ocr_par' dir='ltr' id='par_1_17' title="bbox 449 1636 736 1690">
     <span class='ocr_line' id='line_1_17' title="bbox 449 1636 736 1690; baseline -0.01 0"><span class='ocrx_word' id='word_1_105' title='bbox 449 1636 679 1690; x_wconf 87' lang='lat' dir='ltr'><strong>cultate.</strong></span> <span class='ocrx_word' id='word_1_106' title='bbox 712 1655 736 1687; x_wconf 74' lang='grc' dir='ltr'><strong>ι</strong></span> 
     </span>
    </p>
   </div>
   <div class='ocr_carea' id='block_1_18' title="bbox 524 1723 2046 1797">
    <p class='ocr_par' dir='ltr' id='par_1_18' title="bbox 524 1723 2046 1797">
     <span class='ocr_line' id='line_1_18' title="bbox 524 1723 2046 1797; baseline -0.001 -16"><span class='ocrx_word' id='word_1_107' title='bbox 524 1723 844 1796; x_wconf 84' lang='lat' dir='ltr'><strong>Optandam</strong></span> <span class='ocrx_word' id='word_1_108' title='bbox 872 1741 1010 1780; x_wconf 87' lang='lat' dir='ltr'><strong>sane</strong></span> <span class='ocrx_word' id='word_1_109' title='bbox 1039 1725 1568 1781; x_wconf 87' lang='lat' dir='ltr'><strong>reverendissimum</strong></span> <span class='ocrx_word' id='word_1_110' title='bbox 1614 1725 1782 1781; x_wconf 85' lang='lat' dir='ltr'><strong>hodie</strong></span> <span class='ocrx_word' id='word_1_111' title='bbox 1809 1741 2046 1797; x_wconf 84' lang='lat' dir='ltr'><strong>congre—</strong></span> 
     </span>
    </p>
   </div>
   <div class='ocr_carea' id='block_1_19' title="bbox 450 1813 2048 1886">
    <p class='ocr_par' dir='ltr' id='par_1_19' title="bbox 450 1813 2048 1886">
     <span class='ocr_line' id='line_1_19' title="bbox 450 1813 2048 1886; baseline -0.001 -17"><span class='ocrx_word' id='word_1_112' title='bbox 450 1813 697 1885; x_wconf 86' lang='lat' dir='ltr'><strong>gationis</strong></span> <span class='ocrx_word' id='word_1_113' title='bbox 725 1815 783 1869; x_wconf 88' lang='lat' dir='ltr'><strong>S.</strong></span> <span class='ocrx_word' id='word_1_114' title='bbox 841 1814 1147 1870; x_wconf 87' lang='lat' dir='ltr'><strong>Salvatoris</strong></span> <span class='ocrx_word' id='word_1_115' title='bbox 1189 1814 1449 1869; x_wconf 80' lang='lat' dir='ltr'><strong>abbatem</strong></span> <span class='ocrx_word' id='word_1_116' title='bbox 1505 1816 1849 1886; x_wconf 86' lang='lat' dir='ltr'><strong>generalem,</strong></span> <span class='ocrx_word' id='word_1_117' title='bbox 1885 1820 1942 1869; x_wconf 87' lang='lat' dir='ltr'><strong>et</strong></span> <span class='ocrx_word' id='word_1_118' title='bbox 1963 1819 2048 1870; x_wconf 91' lang='lat' dir='ltr'><strong>tot</strong></span> 
     </span>
    </p>
   </div>
   <div class='ocr_carea' id='block_1_20' title="bbox 2126 563 3686 638">
    <p class='ocr_par' dir='ltr' id='par_1_20' title="bbox 2126 563 3686 638">
     <span class='ocr_line' id='line_1_20' title="bbox 2126 563 3686 638; baseline 0 -18"><span class='ocrx_word' id='word_1_119' title='bbox 2126 571 2184 620; x_wconf 88' lang='lat' dir='ltr'><strong>et</strong></span> <span class='ocrx_word' id='word_1_120' title='bbox 2198 566 2269 621; x_wconf 91' lang='lat' dir='ltr'><strong>de</strong></span> <span class='ocrx_word' id='word_1_121' title='bbox 2288 566 2661 638; x_wconf 64' lang='lat' dir='ltr'><strong>praerogativa</strong></span> <span class='ocrx_word' id='word_1_122' title='bbox 2680 564 2855 636; x_wconf 88' lang='lat' dir='ltr'><strong>ipsius</strong></span> <span class='ocrx_word' id='word_1_123' title='bbox 2865 563 3033 627; x_wconf 85' lang='lat' dir='ltr'><strong>sedis,</strong></span> <span class='ocrx_word' id='word_1_124' title='bbox 3054 580 3172 620; x_wconf 90' lang='lat' dir='ltr'><strong>non</strong></span> <span class='ocrx_word' id='word_1_125' title='bbox 3213 564 3439 636; x_wconf 83' lang='lat' dir='ltr'><strong>profuse</strong></span> <span class='ocrx_word' id='word_1_126' title='bbox 3467 565 3557 620; x_wconf 86' lang='lat' dir='ltr'><strong>sed</strong></span> <span class='ocrx_word' id='word_1_127' title='bbox 3582 582 3686 620; x_wconf 82' lang='lat' dir='ltr'><strong>suc-</strong></span> 
     </span>
    </p>
   </div>
   <div class='ocr_carea' id='block_1_21' title="bbox 2124 653 3687 727">
    <p class='ocr_par' dir='ltr' id='par_1_21' title="bbox 2124 653 3687 727">
     <span class='ocr_line' id='line_1_21' title="bbox 2124 653 3687 727; baseline -0.001 -16"><span class='ocrx_word' id='word_1_128' title='bbox 2124 657 2327 722; x_wconf 86' lang='lat' dir='ltr'><strong>cincte,</strong></span> <span class='ocrx_word' id='word_1_129' title='bbox 2345 656 2443 712; x_wconf 90' lang='lat' dir='ltr'><strong>Dei</strong></span> <span class='ocrx_word' id='word_1_130' title='bbox 2468 658 2706 727; x_wconf 88' lang='lat' dir='ltr'><strong>juvante</strong></span> <span class='ocrx_word' id='word_1_131' title='bbox 2728 654 2932 727; x_wconf 82' lang='lat' dir='ltr'><strong>gratia,</strong></span> <span class='ocrx_word' id='word_1_132' title='bbox 2955 653 3324 708; x_wconf 86' lang='lat' dir='ltr'><strong>disseramus.</strong></span> <span class='ocrx_word' id='word_1_133' title='bbox 3358 673 3380 704; x_wconf 72' lang='grc' dir='ltr'><strong>ι</strong></span> <span class='ocrx_word' id='word_1_134' title='bbox 3399 653 3527 709; x_wconf 85' lang='lat' dir='ltr'><strong>Post</strong></span> <span class='ocrx_word' id='word_1_135' title='bbox 3539 671 3687 727; x_wconf 87' lang='lat' dir='ltr'><strong>quam</strong></span> 
     </span>
    </p>
   </div>
   <div class='ocr_carea' id='block_1_22' title="bbox 2124 742 3687 819">
    <p class='ocr_par' dir='ltr' id='par_1_22' title="bbox 2124 742 3687 819">
     <span class='ocr_line' id='line_1_22' title="bbox 2124 742 3687 819; baseline -0.003 -19"><span class='ocrx_word' id='word_1_136' title='bbox 2124 747 2280 802; x_wconf 86' lang='lat' dir='ltr'><strong>velut</strong></span> <span class='ocrx_word' id='word_1_137' title='bbox 2292 746 2671 819; x_wconf 84' lang='lat' dir='ltr'><strong>prophonesin</strong></span> <span class='ocrx_word' id='word_1_138' title='bbox 2689 745 2760 799; x_wconf 90' lang='lat' dir='ltr'><strong>ad</strong></span> <span class='ocrx_word' id='word_1_139' title='bbox 2779 744 3060 799; x_wconf 91' lang='lat' dir='ltr'><strong>decretale</strong></span> <span class='ocrx_word' id='word_1_140' title='bbox 3099 759 3291 810; x_wconf 90' lang='lat' dir='ltr'><strong>suum,</strong></span> <span class='ocrx_word' id='word_1_141' title='bbox 3315 742 3384 797; x_wconf 91' lang='lat' dir='ltr'><strong>de</strong></span> <span class='ocrx_word' id='word_1_142' title='bbox 3412 759 3517 814; x_wconf 90' lang='lat' dir='ltr'><strong>quo</strong></span> <span class='ocrx_word' id='word_1_143' title='bbox 3544 759 3687 813; x_wconf 83' lang='lat' dir='ltr'><strong>supe-</strong></span> 
     </span>
    </p>
   </div>
   <div class='ocr_carea' id='block_1_23' title="bbox 2123 834 2909 908">
    <p class='ocr_par' dir='ltr' id='par_1_23' title="bbox 2123 834 2909 908">
     <span class='ocr_line' id='line_1_23' title="bbox 2123 834 2909 908; baseline -0.005 -17"><span class='ocrx_word' id='word_1_144' title='bbox 2123 836 2244 891; x_wconf 85' lang='lat' dir='ltr'><strong>rius</strong></span> <span class='ocrx_word' id='word_1_145' title='bbox 2273 836 2510 907; x_wconf 84' lang='lat' dir='ltr'><strong>egimus,</strong></span> <span class='ocrx_word' id='word_1_146' title='bbox 2532 834 2909 908; x_wconf 87' lang='lat' dir='ltr'><strong>progreditur.</strong></span> 
     </span>
    </p>
   </div>
   <div class='ocr_carea' id='block_1_24' title="bbox 2194 917 3689 993">
    <p class='ocr_par' dir='ltr' id='par_1_24' title="bbox 2194 917 3689 993">
     <span class='ocr_line' id='line_1_24' title="bbox 2194 917 3689 993; baseline -0.003 -14"><span class='ocrx_word' id='word_1_147' title='bbox 2194 923 2503 979; x_wconf 87' lang='lat' dir='ltr'><strong>Casimirus</strong></span> <span class='ocrx_word' id='word_1_148' title='bbox 2523 922 2799 988; x_wconf 84' lang='lat' dir='ltr'><strong>Oudinus,</strong></span> <span class='ocrx_word' id='word_1_149' title='bbox 2831 920 2927 993; x_wconf 87' lang='lat' dir='ltr'><strong>qui</strong></span> <span class='ocrx_word' id='word_1_150' title='bbox 2967 919 3191 992; x_wconf 87' lang='lat' dir='ltr'><strong>primus</strong></span> <span class='ocrx_word' id='word_1_151' title='bbox 3221 936 3256 973; x_wconf 87' lang='lat' dir='ltr'><strong>a</strong></span> <span class='ocrx_word' id='word_1_152' title='bbox 3287 917 3616 986; x_wconf 89' lang='lat' dir='ltr'><strong>Lambeccio,</strong></span> <span class='ocrx_word' id='word_1_153' title='bbox 3643 928 3689 975; x_wconf 90' lang='lat' dir='ltr'><strong>et</strong></span> 
     </span>
    </p>
   </div>
   <div class='ocr_carea' id='block_1_25' title="bbox 2126 1007 3686 1085">
    <p class='ocr_par' dir='ltr' id='par_1_25' title="bbox 2126 1007 3686 1085">
     <span class='ocr_line' id='line_1_25' title="bbox 2126 1007 3686 1085; baseline -0.005 -17"><span class='ocrx_word' id='word_1_154' title='bbox 2126 1030 2191 1068; x_wconf 86' lang='lat' dir='ltr'><strong>ex</strong></span> <span class='ocrx_word' id='word_1_155' title='bbox 2208 1014 2308 1069; x_wconf 91' lang='lat' dir='ltr'><strong>illo</strong></span> <span class='ocrx_word' id='word_1_156' title='bbox 2324 1012 2679 1085; x_wconf 89' lang='lat' dir='ltr'><strong>potissimum</strong></span> <span class='ocrx_word' id='word_1_157' title='bbox 2696 1010 3035 1065; x_wconf 84' lang='lat' dir='ltr'><strong>Bonizonem</strong></span> <span class='ocrx_word' id='word_1_158' title='bbox 3053 1007 3429 1079; x_wconf 88' lang='lat' dir='ltr'><strong>scriptoribus</strong></span> <span class='ocrx_word' id='word_1_159' title='bbox 3458 1007 3686 1067; x_wconf 74' lang='lat' dir='ltr'><strong>Historia:</strong></span> 
     </span>
    </p>
   </div>
   <div class='ocr_carea' id='block_1_26' title="bbox 2126 1096 3703 1169">
    <p class='ocr_par' dir='ltr' id='par_1_26' title="bbox 2126 1096 3703 1169">
     <span class='ocr_line' id='line_1_26' title="bbox 2126 1096 3703 1169; baseline -0.003 -12"><span class='ocrx_word' id='word_1_160' title='bbox 2126 1102 2514 1158; x_wconf 82' lang='lat' dir='ltr'><strong>ecclesiasticae</strong></span> <span class='ocrx_word' id='word_1_161' title='bbox 2534 1101 2793 1168; x_wconf 90' lang='lat' dir='ltr'><strong>inseruit,</strong></span> <span class='ocrx_word' id='word_1_162' title='bbox 2833 1099 3004 1155; x_wconf 90' lang='lat' dir='ltr'><strong>alium</strong></span> <span class='ocrx_word' id='word_1_163' title='bbox 3034 1098 3297 1169; x_wconf 90' lang='lat' dir='ltr'><strong>ejusdem</strong></span> <span class='ocrx_word' id='word_1_164' title='bbox 3328 1096 3585 1169; x_wconf 87' lang='lat' dir='ltr'><strong>epitomes</strong></span> <span class='ocrx_word' id='word_1_165' title='bbox 3607 1113 3703 1152; x_wconf 46' lang='lat' dir='ltr'><strong>com</strong></span> 
     </span>
    </p>
   </div>
   <div class='ocr_carea' id='block_1_27' title="bbox 2124 1186 3688 1257">
    <p class='ocr_par' dir='ltr' id='par_1_27' title="bbox 2124 1186 3688 1257">
     <span class='ocr_line' id='line_1_27' title="bbox 2124 1186 3688 1257; baseline -0.004 -9"><span class='ocrx_word' id='word_1_166' title='bbox 2124 1193 2305 1248; x_wconf 90' lang='lat' dir='ltr'><strong>dicem</strong></span> <span class='ocrx_word' id='word_1_167' title='bbox 2330 1209 2435 1247; x_wconf 91' lang='lat' dir='ltr'><strong>ms.</strong></span> <span class='ocrx_word' id='word_1_168' title='bbox 2455 1208 2519 1246; x_wconf 88' lang='lat' dir='ltr'><strong>ex</strong></span> <span class='ocrx_word' id='word_1_169' title='bbox 2539 1191 2757 1245; x_wconf 86' lang='lat' dir='ltr'><strong>Thoma</strong></span> <span class='ocrx_word' id='word_1_170' title='bbox 2799 1188 2979 1245; x_wconf 86' lang='lat' dir='ltr'><strong>Smito</strong></span> <span class='ocrx_word' id='word_1_171' title='bbox 3001 1186 3249 1257; x_wconf 84' lang='lat' dir='ltr'><strong>catalogi</strong></span> <span class='ocrx_word' id='word_1_172' title='bbox 3276 1186 3397 1240; x_wconf 91' lang='lat' dir='ltr'><strong>cod.</strong></span> <span class='ocrx_word' id='word_1_173' title='bbox 3431 1202 3556 1240; x_wconf 87' lang='lat' dir='ltr'><strong>mss.</strong></span> <span class='ocrx_word' id='word_1_174' title='bbox 3584 1187 3688 1241; x_wconf 85' lang='lat' dir='ltr'><strong>Cot-</strong></span> 
     </span>
    </p>
   </div>
   <div class='ocr_carea' id='block_1_28' title="bbox 2127 1275 3683 1349">
    <p class='ocr_par' dir='ltr' id='par_1_28' title="bbox 2127 1275 3683 1349">
     <span class='ocr_line' id='line_1_28' title="bbox 2127 1275 3683 1349; baseline -0.006 -12"><span class='ocrx_word' id='word_1_175' title='bbox 2127 1282 2370 1337; x_wconf 69' lang='lat' dir='ltr'><strong>tonianaz</strong></span> <span class='ocrx_word' id='word_1_176' title='bbox 2414 1286 2691 1335; x_wconf 82' lang='lat' dir='ltr'><strong>memorat</strong></span> <span class='ocrx_word' id='word_1_177' title='bbox 2717 1278 2827 1349; x_wconf 84' lang='lat' dir='ltr'><strong>(3i)</strong></span> <span class='ocrx_word' id='word_1_178' title='bbox 2870 1278 2958 1332; x_wconf 85' lang='lat' dir='ltr'><strong>his</strong></span> <span class='ocrx_word' id='word_1_179' title='bbox 3013 1276 3201 1331; x_wconf 86' lang='lat' dir='ltr'><strong>verbis</strong></span> <span class='ocrx_word' id='word_1_180' title='bbox 3234 1292 3304 1329; x_wconf 68' lang='grc' dir='ltr'><em>τα</em></span> <span class='ocrx_word' id='word_1_181' title='bbox 3340 1275 3523 1330; x_wconf 78' lang='lat' dir='ltr'><strong>Exstat</strong></span> <span class='ocrx_word' id='word_1_182' title='bbox 3556 1275 3683 1329; x_wconf 86' lang='lat' dir='ltr'><strong>aliud</strong></span> 
     </span>
    </p>
   </div>
   <div class='ocr_carea' id='block_1_29' title="bbox 2127 1363 3687 1442">
    <p class='ocr_par' dir='ltr' id='par_1_29' title="bbox 2127 1363 3687 1442">
     <span class='ocr_line' id='line_1_29' title="bbox 2127 1363 3687 1442; baseline -0.004 -17"><span class='ocrx_word' id='word_1_183' title='bbox 2127 1387 2233 1425; x_wconf 88' lang='lat' dir='ltr'><strong>ms.</strong></span> <span class='ocrx_word' id='word_1_184' title='bbox 2268 1370 2554 1442; x_wconf 84' lang='lat' dir='ltr'><strong>exemplar</strong></span> <span class='ocrx_word' id='word_1_185' title='bbox 2576 1369 2745 1439; x_wconf 87' lang='lat' dir='ltr'><strong>hujus</strong></span> <span class='ocrx_word' id='word_1_186' title='bbox 2770 1366 3026 1439; x_wconf 89' lang='lat' dir='ltr'><strong>operisin</strong></span> <span class='ocrx_word' id='word_1_187' title='bbox 3042 1364 3386 1421; x_wconf 86' lang='lat' dir='ltr'><strong>Cottoniaua</strong></span> <span class='ocrx_word' id='word_1_188' title='bbox 3403 1364 3600 1433; x_wconf 62' lang='lat' dir='ltr'><strong>Anglia:</strong></span> <span class='ocrx_word' id='word_1_189' title='bbox 3622 1363 3687 1418; x_wconf 84' lang='lat' dir='ltr'><strong>bi-</strong></span> 
     </span>
    </p>
   </div>
   <div class='ocr_carea' id='block_1_30' title="bbox 2127 1454 3681 1529">
    <p class='ocr_par' dir='ltr' id='par_1_30' title="bbox 2127 1454 3681 1529">
     <span class='ocr_line' id='line_1_30' title="bbox 2127 1454 3681 1529; baseline -0.004 -16"><span class='ocrx_word' id='word_1_190' title='bbox 2127 1459 2403 1515; x_wconf 87' lang='lat' dir='ltr'><strong>bliotheca</strong></span> <span class='ocrx_word' id='word_1_191' title='bbox 2421 1458 2526 1514; x_wconf 88' lang='lat' dir='ltr'><strong>sub</strong></span> <span class='ocrx_word' id='word_1_192' title='bbox 2545 1458 2731 1529; x_wconf 86' lang='lat' dir='ltr'><strong>efﬁgie</strong></span> <span class='ocrx_word' id='word_1_193' title='bbox 2767 1455 2902 1512; x_wconf 86' lang='lat' dir='ltr'><strong>Julii</strong></span> <span class='ocrx_word' id='word_1_194' title='bbox 2934 1456 3124 1511; x_wconf 88' lang='lat' dir='ltr'><strong>littera</strong></span> <span class='ocrx_word' id='word_1_195' title='bbox 3151 1458 3220 1523; x_wconf 86' lang='grc' dir='ltr'><strong>Λ,</strong></span> <span class='ocrx_word' id='word_1_196' title='bbox 3260 1455 3383 1511; x_wconf 92' lang='lat' dir='ltr'><strong>cod.</strong></span> <span class='ocrx_word' id='word_1_197' title='bbox 3412 1454 3530 1520; x_wconf 87' lang='lat' dir='ltr'><strong>VII,</strong></span> <span class='ocrx_word' id='word_1_198' title='bbox 3553 1469 3681 1508; x_wconf 90' lang='lat' dir='ltr'><strong>num.</strong></span> 
     </span>
    </p>
   </div>
   <div class='ocr_carea' id='block_1_31' title="bbox 2126 1544 3687 1615">
    <p class='ocr_par' dir='ltr' id='par_1_31' title="bbox 2126 1544 3687 1615">
     <span class='ocr_line' id='line_1_31' title="bbox 2126 1544 3687 1615; baseline -0.006 -9"><span class='ocrx_word' id='word_1_199' title='bbox 2126 1566 2183 1611; x_wconf 80' lang='lat' dir='ltr'><strong>Il.</strong></span> <span class='ocrx_word' id='word_1_200' title='bbox 2199 1548 2287 1604; x_wconf 88' lang='lat' dir='ltr'><strong>his</strong></span> <span class='ocrx_word' id='word_1_201' title='bbox 2308 1547 2520 1604; x_wconf 62' lang='lat' dir='ltr'><strong>verbis?</strong></span> <span class='ocrx_word' id='word_1_202' title='bbox 2547 1548 2819 1603; x_wconf 79' lang='lat' dir='ltr'><strong>Chronica</strong></span> <span class='ocrx_word' id='word_1_203' title='bbox 2832 1548 3210 1603; x_wconf 83' lang='lat' dir='ltr'><strong>Romanorum</strong></span> <span class='ocrx_word' id='word_1_204' title='bbox 3226 1546 3541 1615; x_wconf 73' lang='lat' dir='ltr'><strong>pontiﬁcum</strong></span> <span class='ocrx_word' id='word_1_205' title='bbox 3567 1544 3687 1597; x_wconf 80' lang='lat' dir='ltr'><strong>edita</strong></span> 
     </span>
    </p>
   </div>
   <div class='ocr_carea' id='block_1_32' title="bbox 2125 1634 3687 1704">
    <p class='ocr_par' dir='ltr' id='par_1_32' title="bbox 2125 1634 3687 1704">
     <span class='ocr_line' id='line_1_32' title="bbox 2125 1634 3687 1704; baseline -0.006 -11"><span class='ocrx_word' id='word_1_206' title='bbox 2125 1654 2163 1694; x_wconf 89' lang='lat' dir='ltr'><strong>a</strong></span> <span class='ocrx_word' id='word_1_207' title='bbox 2190 1637 2488 1693; x_wconf 75' lang='lat' dir='ltr'><strong>Bonithons</strong></span> <span class='ocrx_word' id='word_1_208' title='bbox 2516 1634 2749 1690; x_wconf 77' lang='lat' dir='ltr'><strong>Sutrino</strong></span> <span class='ocrx_word' id='word_1_209' title='bbox 2762 1638 3020 1704; x_wconf 75' lang='lat' dir='ltr'><strong>episcopo,</strong></span> <span class='ocrx_word' id='word_1_210' title='bbox 3044 1636 3170 1688; x_wconf 80' lang='lat' dir='ltr'><strong>viro</strong></span> <span class='ocrx_word' id='word_1_211' title='bbox 3197 1634 3520 1698; x_wconf 74' lang='lat' dir='ltr'><strong>doctissimo,</strong></span> <span class='ocrx_word' id='word_1_212' title='bbox 3548 1647 3687 1699; x_wconf 74' lang='lat' dir='ltr'><strong>usque</strong></span> 
     </span>
    </p>
   </div>
   <div class='ocr_carea' id='block_1_33' title="bbox 2127 1718 3688 1791">
    <p class='ocr_par' dir='ltr' id='par_1_33' title="bbox 2127 1718 3688 1791">
     <span class='ocr_line' id='line_1_33' title="bbox 2127 1718 3688 1791; baseline -0.006 -10"><span class='ocrx_word' id='word_1_213' title='bbox 2127 1728 2202 1781; x_wconf 84' lang='lat' dir='ltr'><strong>ad</strong></span> <span class='ocrx_word' id='word_1_214' title='bbox 2233 1726 2517 1782; x_wconf 81' lang='lat' dir='ltr'><strong>Urbanum</strong></span> <span class='ocrx_word' id='word_1_215' title='bbox 2548 1725 2625 1791; x_wconf 86' lang='lat' dir='ltr'><strong>ll,</strong></span> <span class='ocrx_word' id='word_1_216' title='bbox 2651 1727 2714 1777; x_wconf 82' lang='lat' dir='ltr'><strong>ut</strong></span> <span class='ocrx_word' id='word_1_217' title='bbox 2768 1723 2926 1777; x_wconf 75' lang='lat' dir='ltr'><strong>habet</strong></span> <span class='ocrx_word' id='word_1_218' title='bbox 2972 1724 3176 1777; x_wconf 74' lang='lat' dir='ltr'><strong>titulus</strong></span> <span class='ocrx_word' id='word_1_219' title='bbox 3205 1741 3222 1777; x_wconf 93' lang='lat'><strong><em>:</em></strong></span> <span class='ocrx_word' id='word_1_220' title='bbox 3262 1721 3443 1791; x_wconf 84' lang='lat' dir='ltr'><strong>Hujus</strong></span> <span class='ocrx_word' id='word_1_221' title='bbox 3484 1718 3688 1774; x_wconf 83' lang='lat' dir='ltr'><strong>Romani</strong></span> 
     </span>
    </p>
   </div>
   <div class='ocr_carea' id='block_1_34' title="bbox 2130 1807 3685 1888">
    <p class='ocr_par' dir='ltr' id='par_1_34' title="bbox 2130 1807 3685 1888">
     <span class='ocr_line' id='line_1_34' title="bbox 2130 1807 3685 1888; baseline -0.007 -17"><span class='ocrx_word' id='word_1_222' title='bbox 2130 1814 2413 1888; x_wconf 82' lang='lat' dir='ltr'><strong>pontificis</strong></span> <span class='ocrx_word' id='word_1_223' title='bbox 2434 1818 2577 1880; x_wconf 88' lang='lat' dir='ltr'><strong>acta,</strong></span> <span class='ocrx_word' id='word_1_224' title='bbox 2611 1818 2806 1867; x_wconf 90' lang='lat' dir='ltr'><strong>auctor</strong></span> <span class='ocrx_word' id='word_1_225' title='bbox 2838 1811 3036 1867; x_wconf 88' lang='lat' dir='ltr'><strong>intime</strong></span> <span class='ocrx_word' id='word_1_226' title='bbox 3065 1827 3128 1867; x_wconf 91' lang='lat' dir='ltr'><strong>se</strong></span> <span class='ocrx_word' id='word_1_227' title='bbox 3169 1809 3456 1881; x_wconf 86' lang='lat' dir='ltr'><strong>scripsisse</strong></span> <span class='ocrx_word' id='word_1_228' title='bbox 3489 1807 3621 1863; x_wconf 87' lang='lat' dir='ltr'><strong>dicit.</strong></span> <span class='ocrx_word' id='word_1_229' title='bbox 3664 1826 3685 1860; x_wconf 66' lang='grc' dir='ltr'><strong>ι</strong></span> 
     </span>
    </p>
   </div>
   <div class='ocr_carea' id='block_1_35' title="bbox 451 1868 3688 1975">
    <p class='ocr_par' dir='ltr' id='par_1_35' title="bbox 451 1868 3688 1975">
     <span class='ocr_line' id='line_1_35' title="bbox 451 1868 3688 1975; baseline -0.003 -17"><span class='ocrx_word' id='word_1_230' title='bbox 451 1902 1127 1975; x_wconf 64' lang='lat' dir='ltr'><strong>ingeniiatquedoctrinaa</strong></span> <span class='ocrx_word' id='word_1_231' title='bbox 1148 1903 1754 1959; x_wconf 68' lang='lat' dir='ltr'><strong>eximiaemonumentis</strong></span> <span class='ocrx_word' id='word_1_232' title='bbox 1770 1868 2263 1974; x_wconf 68' lang='lat' dir='ltr'><strong>insignemBHazc</strong></span> <span class='ocrx_word' id='word_1_233' title='bbox 2286 1903 2383 1969; x_wconf 89' lang='lat' dir='ltr'><strong>ibi,</strong></span> <span class='ocrx_word' id='word_1_234' title='bbox 2411 1903 2508 1957; x_wconf 89' lang='lat' dir='ltr'><strong>ubi</strong></span> <span class='ocrx_word' id='word_1_235' title='bbox 2539 1909 2730 1957; x_wconf 86' lang='lat' dir='ltr'><strong>tamen</strong></span> <span class='ocrx_word' id='word_1_236' title='bbox 2773 1900 2985 1955; x_wconf 77' lang='lat' dir='ltr'><strong>fallitur</strong></span> <span class='ocrx_word' id='word_1_237' title='bbox 3028 1900 3116 1954; x_wconf 90' lang='lat' dir='ltr'><strong>vir</strong></span> <span class='ocrx_word' id='word_1_238' title='bbox 3174 1896 3538 1963; x_wconf 87' lang='lat' dir='ltr'><strong>doctissimus,</strong></span> <span class='ocrx_word' id='word_1_239' title='bbox 3578 1895 3688 1949; x_wconf 88' lang='lat' dir='ltr'><strong>dum</strong></span> 
     </span>
    </p>
   </div>
   <div class='ocr_carea' id='block_1_36' title="bbox 451 1991 2048 2064">
    <p class='ocr_par' dir='ltr' id='par_1_36' title="bbox 451 1991 2048 2064">
     <span class='ocr_line' id='line_1_36' title="bbox 451 1991 2048 2064; baseline 0.001 -19"><span class='ocrx_word' id='word_1_240' title='bbox 451 1992 726 2046; x_wconf 88' lang='lat' dir='ltr'><strong>Joannem</strong></span> <span class='ocrx_word' id='word_1_241' title='bbox 742 1992 1205 2064; x_wconf 87' lang='lat' dir='ltr'><strong>Chrysostomum</strong></span> <span class='ocrx_word' id='word_1_242' title='bbox 1226 1991 1805 2056; x_wconf 87' lang='lat' dir='ltr'><strong>Trombellium,abea</strong></span> <span class='ocrx_word' id='word_1_243' title='bbox 1823 2009 1923 2064; x_wconf 88' lang='lat' dir='ltr'><strong>spe</strong></span> <span class='ocrx_word' id='word_1_244' title='bbox 1945 2007 2048 2046; x_wconf 92' lang='lat' dir='ltr'><strong>nos</strong></span> 
     </span>
    </p>
   </div>
   <div class='ocr_carea' id='block_1_37' title="bbox 451 2080 2049 2153">
    <p class='ocr_par' dir='ltr' id='par_1_37' title="bbox 451 2080 2049 2153">
     <span class='ocr_line' id='line_1_37' title="bbox 451 2080 2049 2153; baseline 0 -19"><span class='ocrx_word' id='word_1_245' title='bbox 451 2096 564 2135; x_wconf 90' lang='lat' dir='ltr'><strong>non</strong></span> <span class='ocrx_word' id='word_1_246' title='bbox 608 2080 909 2135; x_wconf 88' lang='lat' dir='ltr'><strong>deturbare</strong></span> <span class='ocrx_word' id='word_1_247' title='bbox 964 2080 1034 2135; x_wconf 92' lang='lat' dir='ltr'><strong>ob</strong></span> <span class='ocrx_word' id='word_1_248' title='bbox 1080 2081 1569 2136; x_wconf 89' lang='lat' dir='ltr'><strong>mendosissimum</strong></span> <span class='ocrx_word' id='word_1_249' title='bbox 1607 2088 1665 2136; x_wconf 90' lang='lat' dir='ltr'><strong>et</strong></span> <span class='ocrx_word' id='word_1_250' title='bbox 1720 2081 2049 2153; x_wconf 87' lang='lat' dir='ltr'><strong>acephalum</strong></span> 
     </span>
    </p>
   </div>
   <div class='ocr_carea' id='block_1_38' title="bbox 452 2168 2049 2243">
    <p class='ocr_par' dir='ltr' id='par_1_38' title="bbox 452 2168 2049 2243">
     <span class='ocr_line' id='line_1_38' title="bbox 452 2168 2049 2243; baseline 0 -20"><span class='ocrx_word' id='word_1_251' title='bbox 452 2169 702 2224; x_wconf 89' lang='lat' dir='ltr'><strong>codicem</strong></span> <span class='ocrx_word' id='word_1_252' title='bbox 759 2168 1125 2236; x_wconf 87' lang='lat' dir='ltr'><strong>Brixiensem,</strong></span> <span class='ocrx_word' id='word_1_253' title='bbox 1157 2187 1323 2241; x_wconf 89' lang='lat' dir='ltr'><strong>quem</strong></span> <span class='ocrx_word' id='word_1_254' title='bbox 1364 2170 1545 2226; x_wconf 88' lang='lat' dir='ltr'><strong>obiter</strong></span> <span class='ocrx_word' id='word_1_255' title='bbox 1581 2170 1891 2243; x_wconf 89' lang='lat' dir='ltr'><strong>inspectum</strong></span> <span class='ocrx_word' id='word_1_256' title='bbox 1922 2169 2049 2224; x_wconf 75' lang='lat' dir='ltr'><strong>offl-</strong></span> 
     </span>
    </p>
   </div>
   <div class='ocr_carea' id='block_1_39' title="bbox 451 2257 2048 2331">
    <p class='ocr_par' dir='ltr' id='par_1_39' title="bbox 451 2257 2048 2331">
     <span class='ocr_line' id='line_1_39' title="bbox 451 2257 2048 2331; baseline 0.001 -19"><span class='ocrx_word' id='word_1_257' title='bbox 451 2257 599 2314; x_wconf 87' lang='lat' dir='ltr'><strong>ciose</strong></span> <span class='ocrx_word' id='word_1_258' title='bbox 619 2258 790 2313; x_wconf 89' lang='lat' dir='ltr'><strong>nimis</strong></span> <span class='ocrx_word' id='word_1_259' title='bbox 818 2260 1348 2315; x_wconf 87' lang='lat' dir='ltr'><strong>commendaverant</strong></span> <span class='ocrx_word' id='word_1_260' title='bbox 1368 2260 1483 2316; x_wconf 89' lang='lat' dir='ltr'><strong>alii.</strong></span> <span class='ocrx_word' id='word_1_261' title='bbox 1502 2260 1747 2315; x_wconf 81' lang='lat' dir='ltr'><strong>Maxime</strong></span> <span class='ocrx_word' id='word_1_262' title='bbox 1761 2277 1889 2315; x_wconf 90' lang='lat' dir='ltr'><strong>cum</strong></span> <span class='ocrx_word' id='word_1_263' title='bbox 1919 2274 2048 2331; x_wconf 89' lang='lat' dir='ltr'><strong>spes</strong></span> 
     </span>
    </p>
   </div>
   <div class='ocr_carea' id='block_1_40' title="bbox 450 2347 2049 2421">
    <p class='ocr_par' dir='ltr' id='par_1_40' title="bbox 450 2347 2049 2421">
     <span class='ocr_line' id='line_1_40' title="bbox 450 2347 2049 2421; baseline 0.004 -20"><span class='ocrx_word' id='word_1_264' title='bbox 450 2347 702 2402; x_wconf 90' lang='lat' dir='ltr'><strong>nondum</strong></span> <span class='ocrx_word' id='word_1_265' title='bbox 725 2348 1016 2403; x_wconf 81' lang='lat' dir='ltr'><strong>decollarit</strong></span> <span class='ocrx_word' id='word_1_266' title='bbox 1044 2363 1109 2403; x_wconf 88' lang='lat' dir='ltr'><strong>ea</strong></span> <span class='ocrx_word' id='word_1_267' title='bbox 1137 2366 1261 2421; x_wconf 74' lang='lat' dir='ltr'><strong>quae</strong></span> <span class='ocrx_word' id='word_1_268' title='bbox 1291 2349 1372 2403; x_wconf 86' lang='lat' dir='ltr'><strong>vel</strong></span> <span class='ocrx_word' id='word_1_269' title='bbox 1403 2349 1563 2404; x_wconf 87' lang='lat' dir='ltr'><strong>hiant</strong></span> <span class='ocrx_word' id='word_1_270' title='bbox 1610 2350 1696 2404; x_wconf 83' lang='lat' dir='ltr'><strong>vel</strong></span> <span class='ocrx_word' id='word_1_271' title='bbox 1722 2350 1991 2406; x_wconf 83' lang='lat' dir='ltr'><strong>deﬁciunt</strong></span> <span class='ocrx_word' id='word_1_272' title='bbox 2016 2369 2049 2408; x_wconf 92' lang='lat' dir='ltr'><strong>e</strong></span> 
     </span>
    </p>
   </div>
   <div class='ocr_carea' id='block_1_41' title="bbox 451 2433 2049 2503">
    <p class='ocr_par' dir='ltr' id='par_1_41' title="bbox 451 2433 2049 2503">
     <span class='ocr_line' id='line_1_41' title="bbox 451 2433 2049 2503; baseline 0.004 -13"><span class='ocrx_word' id='word_1_273' title='bbox 451 2433 899 2503; x_wconf 87' lang='lat' dir='ltr'><strong>Vindobonensi,</strong></span> <span class='ocrx_word' id='word_1_274' title='bbox 948 2437 1309 2503; x_wconf 88' lang='lat' dir='ltr'><strong>resarciendi,</strong></span> <span class='ocrx_word' id='word_1_275' title='bbox 1350 2438 1686 2494; x_wconf 89' lang='lat' dir='ltr'><strong>emendandi</strong></span> <span class='ocrx_word' id='word_1_276' title='bbox 1715 2446 1773 2494; x_wconf 91' lang='lat' dir='ltr'><strong>et</strong></span> <span class='ocrx_word' id='word_1_277' title='bbox 1798 2440 2049 2496; x_wconf 88' lang='lat' dir='ltr'><strong>redinte-</strong></span> 
     </span>
    </p>
   </div>
   <div class='ocr_carea' id='block_1_42' title="bbox 449 2526 2047 2598">
    <p class='ocr_par' dir='ltr' id='par_1_42' title="bbox 449 2526 2047 2598">
     <span class='ocr_line' id='line_1_42' title="bbox 449 2526 2047 2598; baseline 0.004 -18"><span class='ocrx_word' id='word_1_278' title='bbox 449 2526 673 2595; x_wconf 89' lang='lat' dir='ltr'><strong>grandi.</strong></span> <span class='ocrx_word' id='word_1_279' title='bbox 692 2527 758 2582; x_wconf 83' lang='lat' dir='ltr'><strong>In</strong></span> <span class='ocrx_word' id='word_1_280' title='bbox 777 2527 1032 2598; x_wconf 88' lang='lat' dir='ltr'><strong>catalogo</strong></span> <span class='ocrx_word' id='word_1_281' title='bbox 1049 2526 1170 2598; x_wconf 91' lang='lat' dir='ltr'><strong>ipso</strong></span> <span class='ocrx_word' id='word_1_282' title='bbox 1181 2527 1302 2582; x_wconf 89' lang='lat' dir='ltr'><strong>cod.</strong></span> <span class='ocrx_word' id='word_1_283' title='bbox 1327 2527 1700 2583; x_wconf 87' lang='lat' dir='ltr'><strong>Brixiensium</strong></span> <span class='ocrx_word' id='word_1_284' title='bbox 1732 2529 2047 2586; x_wconf 82' lang='lat' dir='ltr'><strong>Gradonico</strong></span> 
     </span>
    </p>
   </div>
   <div class='ocr_carea' id='block_1_43' title="bbox 453 2613 2043 2690">
    <p class='ocr_par' dir='ltr' id='par_1_43' title="bbox 453 2613 2043 2690">
     <span class='ocr_line' id='line_1_43' title="bbox 453 2613 2043 2690; baseline 0.004 -23"><span class='ocrx_word' id='word_1_285' title='bbox 453 2613 730 2671; x_wconf 83' lang='lat' dir='ltr'><strong>referente</strong></span> <span class='ocrx_word' id='word_1_286' title='bbox 759 2616 841 2671; x_wconf 87' lang='lat' dir='ltr'><strong>ita</strong></span> <span class='ocrx_word' id='word_1_287' title='bbox 864 2623 1191 2671; x_wconf 89' lang='lat' dir='ltr'><strong>recensetur</strong></span> <span class='ocrx_word' id='word_1_288' title='bbox 1212 2638 1223 2672; x_wconf 87' lang='lat'>:</span> <span class='ocrx_word' id='word_1_289' title='bbox 1247 2637 1269 2668; x_wconf 80' lang='grc' dir='ltr'><strong>ι</strong></span> <span class='ocrx_word' id='word_1_290' title='bbox 1296 2616 1597 2671; x_wconf 86' lang='lat' dir='ltr'><strong>Bonizonis</strong></span> <span class='ocrx_word' id='word_1_291' title='bbox 1618 2617 1880 2690; x_wconf 81' lang='lat' dir='ltr'><strong>episcopi.</strong></span> <span class='ocrx_word' id='word_1_292' title='bbox 1914 2626 2043 2688; x_wconf 89' lang='lat' dir='ltr'><strong>etc.,</strong></span> 
     </span>
    </p>
   </div>
   <div class='ocr_carea' id='block_1_44' title="bbox 452 2703 2044 2781">
    <p class='ocr_par' dir='ltr' id='par_1_44' title="bbox 452 2703 2044 2781">
     <span class='ocr_line' id='line_1_44' title="bbox 452 2703 2044 2781; baseline 0.004 -23"><span class='ocrx_word' id='word_1_293' title='bbox 452 2707 561 2758; x_wconf 85' lang='lat' dir='ltr'><strong>etc.</strong></span> <span class='ocrx_word' id='word_1_294' title='bbox 593 2703 861 2759; x_wconf 90' lang='lat' dir='ltr'><strong>Collectio</strong></span> <span class='ocrx_word' id='word_1_295' title='bbox 898 2722 1177 2761; x_wconf 89' lang='lat' dir='ltr'><strong>canonum</strong></span> <span class='ocrx_word' id='word_1_296' title='bbox 1226 2711 1314 2759; x_wconf 88' lang='lat' dir='ltr'><strong>est</strong></span> <span class='ocrx_word' id='word_1_297' title='bbox 1367 2722 1516 2760; x_wconf 91' lang='lat' dir='ltr'><strong>anno</strong></span> <span class='ocrx_word' id='word_1_298' title='bbox 1555 2704 1688 2763; x_wconf 84' lang='lat' dir='ltr'><strong>llOO</strong></span> <span class='ocrx_word' id='word_1_299' title='bbox 1715 2707 1803 2761; x_wconf 91' lang='lat' dir='ltr'><strong>vix</strong></span> <span class='ocrx_word' id='word_1_300' title='bbox 1832 2709 2044 2781; x_wconf 87' lang='lat' dir='ltr'><strong>elapso,</strong></span> 
     </span>
    </p>
   </div>
   <div class='ocr_carea' id='block_1_45' title="bbox 452 2792 2045 2867">
    <p class='ocr_par' dir='ltr' id='par_1_45' title="bbox 452 2792 2045 2867">
     <span class='ocr_line' id='line_1_45' title="bbox 452 2792 2045 2867; baseline 0.003 -20"><span class='ocrx_word' id='word_1_301' title='bbox 452 2792 706 2857; x_wconf 75' lang='lat' dir='ltr'><strong>contecta</strong></span> <span class='ocrx_word' id='word_1_302' title='bbox 726 2794 863 2865; x_wconf 91' lang='lat' dir='ltr'><strong>(imo</strong></span> <span class='ocrx_word' id='word_1_303' title='bbox 882 2795 1152 2850; x_wconf 90' lang='lat' dir='ltr'><strong>decennio</strong></span> <span class='ocrx_word' id='word_1_304' title='bbox 1183 2799 1316 2849; x_wconf 89' lang='lat' dir='ltr'><strong>ante</strong></span> <span class='ocrx_word' id='word_1_305' title='bbox 1348 2799 1407 2850; x_wconf 90' lang='lat' dir='ltr'><strong>et</strong></span> <span class='ocrx_word' id='word_1_306' title='bbox 1434 2795 1674 2867; x_wconf 88' lang='lat' dir='ltr'><strong>amplius</strong></span> <span class='ocrx_word' id='word_1_307' title='bbox 1704 2797 1851 2851; x_wconf 88' lang='lat' dir='ltr'><strong>diem</strong></span> <span class='ocrx_word' id='word_1_308' title='bbox 1882 2813 2045 2852; x_wconf 91' lang='lat' dir='ltr'><strong>suum</strong></span> 
     </span>
    </p>
   </div>
   <div class='ocr_carea' id='block_1_46' title="bbox 447 2882 2050 2959">
    <p class='ocr_par' dir='ltr' id='par_1_46' title="bbox 447 2882 2050 2959">
     <span class='ocr_line' id='line_1_46' title="bbox 447 2882 2050 2959; baseline 0.003 -22"><span class='ocrx_word' id='word_1_309' title='bbox 447 2882 567 2952; x_wconf 84' lang='lat' dir='ltr'><strong>jam</strong></span> <span class='ocrx_word' id='word_1_310' title='bbox 596 2882 816 2938; x_wconf 91' lang='lat' dir='ltr'><strong>obierat</strong></span> <span class='ocrx_word' id='word_1_311' title='bbox 833 2882 1063 2951; x_wconf 82' lang='lat' dir='ltr'><strong>Bonizo)</strong></span> <span class='ocrx_word' id='word_1_312' title='bbox 1096 2901 1237 2956; x_wconf 90' lang='lat' dir='ltr'><strong>opus</strong></span> <span class='ocrx_word' id='word_1_313' title='bbox 1279 2884 1555 2939; x_wconf 87' lang='lat' dir='ltr'><strong>ineditum</strong></span> <span class='ocrx_word' id='word_1_314' title='bbox 1592 2891 1697 2941; x_wconf 90' lang='lat' dir='ltr'><strong>est.</strong></span> <span class='ocrx_word' id='word_1_315' title='bbox 1736 2886 1927 2941; x_wconf 88' lang='lat' dir='ltr'><strong>Prima</strong></span> <span class='ocrx_word' id='word_1_316' title='bbox 1954 2904 2050 2959; x_wconf 86' lang='lat' dir='ltr'><strong>pa-</strong></span> 
     </span>
    </p>
   </div>
   <div class='ocr_carea' id='block_1_47' title="bbox 453 2971 2051 3046">
    <p class='ocr_par' dir='ltr' id='par_1_47' title="bbox 453 2971 2051 3046">
     <span class='ocr_line' id='line_1_47' title="bbox 453 2971 2051 3046; baseline 0.004 -21"><span class='ocrx_word' id='word_1_317' title='bbox 453 2971 585 3041; x_wconf 88' lang='lat' dir='ltr'><strong>gina</strong></span> <span class='ocrx_word' id='word_1_318' title='bbox 616 2972 973 3029; x_wconf 90' lang='lat' dir='ltr'><strong>desideratur</strong></span> <span class='ocrx_word' id='word_1_319' title='bbox 998 2973 1235 3046; x_wconf 62' lang='lat' dir='ltr'><strong>aliasque</strong></span> <span class='ocrx_word' id='word_1_320' title='bbox 1265 2974 1550 3029; x_wconf 70' lang='lat' dir='ltr'><strong>nonnulla:</strong></span> <span class='ocrx_word' id='word_1_321' title='bbox 1578 2976 1863 3031; x_wconf 87' lang='lat' dir='ltr'><strong>nonnullis</strong></span> <span class='ocrx_word' id='word_1_322' title='bbox 1893 2975 1952 3031; x_wconf 91' lang='lat' dir='ltr'><strong>in</strong></span> <span class='ocrx_word' id='word_1_323' title='bbox 1973 2977 2051 3031; x_wconf 82' lang='lat' dir='ltr'><strong>lo-</strong></span> 
     </span>
    </p>
   </div>
   <div class='ocr_carea' id='block_1_48' title="bbox 450 3059 607 3116">
    <p class='ocr_par' dir='ltr' id='par_1_48' title="bbox 450 3059 607 3116">
     <span class='ocr_line' id='line_1_48' title="bbox 450 3059 607 3116; baseline 0 -2"><span class='ocrx_word' id='word_1_324' title='bbox 450 3059 550 3116; x_wconf 87' lang='lat' dir='ltr'><strong>cis.</strong></span> <span class='ocrx_word' id='word_1_325' title='bbox 581 3081 607 3114; x_wconf 69' lang='grc' dir='ltr'><strong>ιν</strong></span> 
     </span>
    </p>
   </div>
   <div class='ocr_carea' id='block_1_49' title="bbox 1194 3155 1296 3210">
    <p class='ocr_par' dir='ltr' id='par_1_49' title="bbox 1194 3155 1296 3210">
     <span class='ocr_line' id='line_1_49' title="bbox 1194 3155 1296 3210; baseline 0 0"><span class='ocrx_word' id='word_1_326' title='bbox 1194 3155 1296 3210; x_wconf 88' lang='lat' dir='ltr'><strong>IV.</strong></span> 
     </span>
    </p>
   </div>
   <div class='ocr_carea' id='block_1_50' title="bbox 613 3241 1887 3313">
    <p class='ocr_par' dir='ltr' id='par_1_50' title="bbox 613 3241 1887 3313">
     <span class='ocr_line' id='line_1_50' title="bbox 613 3241 1887 3313; baseline 0 -18"><span class='ocrx_word' id='word_1_327' title='bbox 613 3241 860 3310; x_wconf 79' lang='lat' dir='ltr'><strong>Epitome</strong></span> <span class='ocrx_word' id='word_1_328' title='bbox 878 3243 1122 3298; x_wconf 57' lang='lat' dir='ltr'><strong>historiis</strong></span> <span class='ocrx_word' id='word_1_329' title='bbox 1146 3246 1466 3313; x_wconf 68' lang='lat' dir='ltr'><strong>pontiﬁcum</strong></span> <span class='ocrx_word' id='word_1_330' title='bbox 1492 3246 1887 3300; x_wconf 83' lang='lat' dir='ltr'><strong>Romanorum.</strong></span> 
     </span>
    </p>
   </div>
   <div class='ocr_carea' id='block_1_51' title="bbox 524 3327 2047 3390">
    <p class='ocr_par' dir='ltr' id='par_1_51' title="bbox 524 3327 2047 3390">
     <span class='ocr_line' id='line_1_51' title="bbox 524 3327 2047 3390; baseline 0.004 -7"><span class='ocrx_word' id='word_1_331' title='bbox 524 3327 759 3385; x_wconf 83' lang='lat' dir='ltr'><strong>Exhibet</strong></span> <span class='ocrx_word' id='word_1_332' title='bbox 775 3330 929 3385; x_wconf 88' lang='lat' dir='ltr'><strong>illam</strong></span> <span class='ocrx_word' id='word_1_333' title='bbox 944 3330 1091 3386; x_wconf 90' lang='lat' dir='ltr'><strong>idem</strong></span> <span class='ocrx_word' id='word_1_334' title='bbox 1110 3331 1204 3386; x_wconf 91' lang='lat' dir='ltr'><strong>ille</strong></span> <span class='ocrx_word' id='word_1_335' title='bbox 1225 3332 1394 3387; x_wconf 83' lang='lat' dir='ltr'><strong>codex</strong></span> <span class='ocrx_word' id='word_1_336' title='bbox 1416 3332 1870 3389; x_wconf 82' lang='lat' dir='ltr'><strong>Vindobonensis</strong></span> <span class='ocrx_word' id='word_1_337' title='bbox 1881 3334 2047 3390; x_wconf 87' lang='lat' dir='ltr'><strong>modo</strong></span> 
     </span>
    </p>
   </div>
   <div class='ocr_carea' id='block_1_52' title="bbox 454 3420 2048 3491">
    <p class='ocr_par' dir='ltr' id='par_1_52' title="bbox 454 3420 2048 3491">
     <span class='ocr_line' id='line_1_52' title="bbox 454 3420 2048 3491; baseline 0.004 -19"><span class='ocrx_word' id='word_1_338' title='bbox 454 3429 821 3485; x_wconf 85' lang='lat' dir='ltr'><strong>memoratus,</strong></span> <span class='ocrx_word' id='word_1_339' title='bbox 854 3420 950 3491; x_wconf 89' lang='lat' dir='ltr'><strong>qui</strong></span> <span class='ocrx_word' id='word_1_340' title='bbox 981 3420 1275 3476; x_wconf 88' lang='lat' dir='ltr'><strong>Bonizonis</strong></span> <span class='ocrx_word' id='word_1_341' title='bbox 1302 3421 1581 3477; x_wconf 86' lang='lat' dir='ltr'><strong>decretale</strong></span> <span class='ocrx_word' id='word_1_342' title='bbox 1609 3425 1879 3487; x_wconf 83' lang='lat' dir='ltr'><strong>continet,</strong></span> <span class='ocrx_word' id='word_1_343' title='bbox 1898 3442 1926 3478; x_wconf 75' lang='grc' dir='ltr'><strong>ι</strong></span> <span class='ocrx_word' id='word_1_344' title='bbox 1957 3425 2048 3479; x_wconf 88' lang='lat' dir='ltr'><strong>cui</strong></span> 
     </span>
    </p>
   </div>
   <div class='ocr_carea' id='block_1_53' title="bbox 451 3506 2049 3580">
    <p class='ocr_par' dir='ltr' id='par_1_53' title="bbox 451 3506 2049 3580">
     <span class='ocr_line' id='line_1_53' title="bbox 451 3506 2049 3580; baseline 0.005 -20"><span class='ocrx_word' id='word_1_345' title='bbox 451 3506 716 3562; x_wconf 74' lang='lat' dir='ltr'><strong>Pxocemii</strong></span> <span class='ocrx_word' id='word_1_346' title='bbox 748 3507 869 3564; x_wconf 90' lang='lat' dir='ltr'><strong>loco</strong></span> <span class='ocrx_word' id='word_1_347' title='bbox 898 3511 1123 3580; x_wconf 65' lang='lat' dir='ltr'><strong>praeﬁxa</strong></span> <span class='ocrx_word' id='word_1_348' title='bbox 1179 3516 1268 3565; x_wconf 90' lang='lat' dir='ltr'><strong>est</strong></span> <span class='ocrx_word' id='word_1_349' title='bbox 1319 3515 1474 3578; x_wconf 79' lang='lat' dir='ltr'><strong>(sunt</strong></span> <span class='ocrx_word' id='word_1_350' title='bbox 1516 3511 1687 3567; x_wconf 86' lang='lat' dir='ltr'><strong>verba</strong></span> <span class='ocrx_word' id='word_1_351' title='bbox 1736 3511 2049 3569; x_wconf 91' lang='lat' dir='ltr'><strong>Lambeccii</strong></span> 
     </span>
    </p>
   </div>
   <div class='ocr_carea' id='block_1_54' title="bbox 453 3596 2049 3674">
    <p class='ocr_par' dir='ltr' id='par_1_54' title="bbox 453 3596 2049 3674">
     <span class='ocr_line' id='line_1_54' title="bbox 453 3596 2049 3674; baseline 0.004 -24"><span class='ocrx_word' id='word_1_352' title='bbox 453 3596 574 3667; x_wconf 87' lang='lat' dir='ltr'><strong>[loc.</strong></span> <span class='ocrx_word' id='word_1_353' title='bbox 609 3600 726 3664; x_wconf 83' lang='lat' dir='ltr'><strong>cit.,</strong></span> <span class='ocrx_word' id='word_1_354' title='bbox 759 3615 795 3669; x_wconf 90' lang='lat' dir='ltr'><strong>p</strong></span> <span class='ocrx_word' id='word_1_355' title='bbox 837 3596 964 3669; x_wconf 79' lang='lat'><strong>797]</strong></span> <span class='ocrx_word' id='word_1_356' title='bbox 995 3616 1026 3653; x_wconf 90' lang='lat' dir='ltr'><strong>a</strong></span> <span class='ocrx_word' id='word_1_357' title='bbox 1053 3599 1108 3654; x_wconf 92' lang='lat' dir='ltr'><strong>S.</strong></span> <span class='ocrx_word' id='word_1_358' title='bbox 1142 3598 1308 3653; x_wconf 88' lang='lat' dir='ltr'><strong>Petro</strong></span> <span class='ocrx_word' id='word_1_359' title='bbox 1359 3600 1741 3672; x_wconf 88' lang='lat' dir='ltr'><strong>apostolorum</strong></span> <span class='ocrx_word' id='word_1_360' title='bbox 1798 3602 2049 3674; x_wconf 86' lang='lat' dir='ltr'><strong>principe</strong></span> 
     </span>
    </p>
   </div>
   <div class='ocr_carea' id='block_1_55' title="bbox 452 3687 2049 3761">
    <p class='ocr_par' dir='ltr' id='par_1_55' title="bbox 452 3687 2049 3761">
     <span class='ocr_line' id='line_1_55' title="bbox 452 3687 2049 3761; baseline 0.003 -20"><span class='ocrx_word' id='word_1_361' title='bbox 452 3702 632 3758; x_wconf 89' lang='lat' dir='ltr'><strong>usque</strong></span> <span class='ocrx_word' id='word_1_362' title='bbox 649 3687 719 3741; x_wconf 86' lang='lat' dir='ltr'><strong>ad</strong></span> <span class='ocrx_word' id='word_1_363' title='bbox 738 3704 940 3759; x_wconf 87' lang='lat' dir='ltr'><strong>papam</strong></span> <span class='ocrx_word' id='word_1_364' title='bbox 968 3687 1260 3743; x_wconf 87' lang='lat' dir='ltr'><strong>Urbanum</strong></span> <span class='ocrx_word' id='word_1_365' title='bbox 1280 3689 1351 3755; x_wconf 87' lang='lat' dir='ltr'><strong>ll,</strong></span> <span class='ocrx_word' id='word_1_366' title='bbox 1365 3691 1462 3761; x_wconf 86' lang='lat' dir='ltr'><strong>qui</strong></span> <span class='ocrx_word' id='word_1_367' title='bbox 1481 3691 1571 3746; x_wconf 89' lang='lat' dir='ltr'><strong>die</strong></span> <span class='ocrx_word' id='word_1_368' title='bbox 1593 3705 1669 3745; x_wconf 82' lang='lat' dir='ltr'><strong>xu</strong></span> <span class='ocrx_word' id='word_1_369' title='bbox 1694 3689 1886 3747; x_wconf 85' lang='lat' dir='ltr'><strong>Martii</strong></span> <span class='ocrx_word' id='word_1_370' title='bbox 1914 3693 2049 3746; x_wconf 89' lang='lat' dir='ltr'><strong>anni</strong></span> 
     </span>
    </p>
   </div>
   <div class='ocr_carea' id='block_1_56' title="bbox 456 3772 2048 3853">
    <p class='ocr_par' dir='ltr' id='par_1_56' title="bbox 456 3772 2048 3853">
     <span class='ocr_line' id='line_1_56' title="bbox 456 3772 2048 3853; baseline 0.002 -21"><span class='ocrx_word' id='word_1_371' title='bbox 456 3772 597 3832; x_wconf 86' lang='grc'><strong>1138</strong></span> <span class='ocrx_word' id='word_1_372' title='bbox 623 3775 834 3830; x_wconf 90' lang='lat' dir='ltr'><strong>electus</strong></span> <span class='ocrx_word' id='word_1_373' title='bbox 858 3781 962 3835; x_wconf 85' lang='lat' dir='ltr'><strong>est.</strong></span> <span class='ocrx_word' id='word_1_374' title='bbox 993 3777 1215 3832; x_wconf 86' lang='lat' dir='ltr'><strong>Titulus</strong></span> <span class='ocrx_word' id='word_1_375' title='bbox 1263 3780 1383 3850; x_wconf 82' lang='lat' dir='ltr'><strong>jam</strong></span> <span class='ocrx_word' id='word_1_376' title='bbox 1423 3788 1748 3836; x_wconf 70' lang='lat' dir='ltr'><strong>memoratae</strong></span> <span class='ocrx_word' id='word_1_377' title='bbox 1774 3781 2048 3853; x_wconf 88' lang='lat' dir='ltr'><strong>epitomes</strong></span> 
     </span>
    </p>
   </div>
   <div class='ocr_carea' id='block_1_57' title="bbox 453 3864 2047 3940">
    <p class='ocr_par' dir='ltr' id='par_1_57' title="bbox 453 3864 2047 3940">
     <span class='ocr_line' id='line_1_57' title="bbox 453 3864 2047 3940; baseline 0.004 -22"><span class='ocrx_word' id='word_1_378' title='bbox 453 3864 547 3918; x_wconf 89' lang='lat' dir='ltr'><strong>hic</strong></span> <span class='ocrx_word' id='word_1_379' title='bbox 574 3868 661 3918; x_wconf 89' lang='lat' dir='ltr'><strong>est</strong></span> <span class='ocrx_word' id='word_1_380' title='bbox 694 3881 706 3917; x_wconf 91' lang='lat'>:</span> <span class='ocrx_word' id='word_1_381' title='bbox 744 3865 1015 3920; x_wconf 76' lang='lat' dir='ltr'><strong>Chronica</strong></span> <span class='ocrx_word' id='word_1_382' title='bbox 1045 3868 1423 3923; x_wconf 72' lang='lat' dir='ltr'><strong>Ronianorum</strong></span> <span class='ocrx_word' id='word_1_383' title='bbox 1464 3873 1791 3940; x_wconf 79' lang='lat' dir='ltr'><strong>pontiﬁcum</strong></span> <span class='ocrx_word' id='word_1_384' title='bbox 1838 3871 1985 3924; x_wconf 78' lang='lat' dir='ltr'><strong>edita</strong></span> <span class='ocrx_word' id='word_1_385' title='bbox 2012 3886 2047 3923; x_wconf 89' lang='lat' dir='ltr'><strong>a</strong></span> 
     </span>
    </p>
   </div>
   <div class='ocr_carea' id='block_1_58' title="bbox 452 3952 2049 4028">
    <p class='ocr_par' dir='ltr' id='par_1_58' title="bbox 452 3952 2049 4028">
     <span class='ocr_line' id='line_1_58' title="bbox 452 3952 2049 4028; baseline 0.002 -19"><span class='ocrx_word' id='word_1_386' title='bbox 452 3952 752 4009; x_wconf 81' lang='lat' dir='ltr'><strong>Bonithone</strong></span> <span class='ocrx_word' id='word_1_387' title='bbox 774 3953 1012 4009; x_wconf 76' lang='lat' dir='ltr'><strong>Sutrino</strong></span> <span class='ocrx_word' id='word_1_388' title='bbox 1036 3958 1292 4027; x_wconf 77' lang='lat' dir='ltr'><strong>episcopo,</strong></span> <span class='ocrx_word' id='word_1_389' title='bbox 1325 3961 1447 4012; x_wconf 82' lang='lat' dir='ltr'><strong>viro</strong></span> <span class='ocrx_word' id='word_1_390' title='bbox 1473 3975 1572 4028; x_wconf 79' lang='lat' dir='ltr'><strong>per</strong></span> <span class='ocrx_word' id='word_1_391' title='bbox 1591 3962 1785 4014; x_wconf 86' lang='lat' dir='ltr'><strong>omnia</strong></span> <span class='ocrx_word' id='word_1_392' title='bbox 1805 3961 2049 4014; x_wconf 77' lang='lat' dir='ltr'><strong>doctissi-</strong></span> 
     </span>
    </p>
   </div>
   <div class='ocr_carea' id='block_1_59' title="bbox 452 4058 611 4096">
    <p class='ocr_par' dir='ltr' id='par_1_59' title="bbox 452 4058 611 4096">
     <span class='ocr_line' id='line_1_59' title="bbox 452 4058 611 4096; baseline 0 -2"><span class='ocrx_word' id='word_1_393' title='bbox 452 4058 560 4096; x_wconf 62' lang='grc' dir='ltr'><strong>ωηο.</strong></span> <span class='ocrx_word' id='word_1_394' title='bbox 584 4060 611 4094; x_wconf 67' lang='grc' dir='ltr'><em>Ὠ</em></span> 
     </span>
    </p>
   </div>
   <div class='ocr_carea' id='block_1_60' title="bbox 522 4129 2048 4209">
    <p class='ocr_par' dir='ltr' id='par_1_60' title="bbox 522 4129 2048 4209">
     <span class='ocr_line' id='line_1_60' title="bbox 522 4129 2048 4209; baseline 0.003 -23"><span class='ocrx_word' id='word_1_395' title='bbox 522 4129 766 4187; x_wconf 89' lang='lat' dir='ltr'><strong>Illustris</strong></span> <span class='ocrx_word' id='word_1_396' title='bbox 794 4132 1155 4202; x_wconf 88' lang='lat' dir='ltr'><strong>Muratorius,</strong></span> <span class='ocrx_word' id='word_1_397' title='bbox 1184 4152 1352 4207; x_wconf 92' lang='lat' dir='ltr'><strong>quem</strong></span> <span class='ocrx_word' id='word_1_398' title='bbox 1382 4136 1524 4191; x_wconf 88' lang='lat' dir='ltr'><strong>nihil</strong></span> <span class='ocrx_word' id='word_1_399' title='bbox 1543 4137 1688 4209; x_wconf 88' lang='lat' dir='ltr'><strong>fugit</strong></span> <span class='ocrx_word' id='word_1_400' title='bbox 1715 4136 1865 4209; x_wconf 88' lang='lat' dir='ltr'><strong>quod</strong></span> <span class='ocrx_word' id='word_1_401' title='bbox 1880 4136 2048 4192; x_wconf 89' lang='lat' dir='ltr'><strong>rebus</strong></span> 
     </span>
    </p>
   </div>
   <div class='ocr_carea' id='block_1_61' title="bbox 450 4217 2050 4295">
    <p class='ocr_par' dir='ltr' id='par_1_61' title="bbox 450 4217 2050 4295">
     <span class='ocr_line' id='line_1_61' title="bbox 450 4217 2050 4295; baseline 0.005 -21"><span class='ocrx_word' id='word_1_402' title='bbox 450 4217 629 4277; x_wconf 68' lang='lat' dir='ltr'><strong>Italia:</strong></span> <span class='ocrx_word' id='word_1_403' title='bbox 657 4220 1010 4277; x_wconf 89' lang='lat' dir='ltr'><strong>illustrandis</strong></span> <span class='ocrx_word' id='word_1_404' title='bbox 1040 4240 1265 4295; x_wconf 91' lang='lat' dir='ltr'><strong>quoque</strong></span> <span class='ocrx_word' id='word_1_405' title='bbox 1295 4224 1459 4279; x_wconf 91' lang='lat' dir='ltr'><strong>modo</strong></span> <span class='ocrx_word' id='word_1_406' title='bbox 1487 4225 1714 4290; x_wconf 86' lang='lat' dir='ltr'><strong>faceret,</strong></span> <span class='ocrx_word' id='word_1_407' title='bbox 1747 4242 1873 4281; x_wconf 78' lang='lat' dir='ltr'><strong>eum</strong></span> <span class='ocrx_word' id='word_1_408' title='bbox 1904 4224 2050 4282; x_wconf 87' lang='lat' dir='ltr'><strong>Lan-</strong></span> 
     </span>
    </p>
   </div>
   <div class='ocr_carea' id='block_1_62' title="bbox 2131 1984 3686 2059">
    <p class='ocr_par' dir='ltr' id='par_1_62' title="bbox 2131 1984 3686 2059">
     <span class='ocr_line' id='line_1_62' title="bbox 2131 1984 3686 2059; baseline -0.008 -9"><span class='ocrx_word' id='word_1_409' title='bbox 2131 1994 2419 2051; x_wconf 84' lang='lat' dir='ltr'><strong>existimat</strong></span> <span class='ocrx_word' id='word_1_410' title='bbox 2446 1991 2752 2048; x_wconf 81' lang='lat' dir='ltr'><strong>Martinam</strong></span> <span class='ocrx_word' id='word_1_411' title='bbox 2781 1991 3082 2059; x_wconf 89' lang='lat' dir='ltr'><strong>Polonum,</strong></span> <span class='ocrx_word' id='word_1_412' title='bbox 3111 1989 3250 2044; x_wconf 89' lang='lat' dir='ltr'><strong>dum</strong></span> <span class='ocrx_word' id='word_1_413' title='bbox 3285 1985 3599 2043; x_wconf 90' lang='lat' dir='ltr'><strong>Bonizonem</strong></span> <span class='ocrx_word' id='word_1_414' title='bbox 3623 1984 3686 2037; x_wconf 90' lang='lat' dir='ltr'><strong>De</strong></span> 
     </span>
    </p>
   </div>
   <div class='ocr_carea' id='block_1_63' title="bbox 2127 2071 3686 2154">
    <p class='ocr_par' dir='ltr' id='par_1_63' title="bbox 2127 2071 3686 2154">
     <span class='ocr_line' id='line_1_63' title="bbox 2127 2071 3686 2154; baseline -0.008 -16"><span class='ocrx_word' id='word_1_415' title='bbox 2127 2083 2303 2154; x_wconf 87' lang='lat' dir='ltr'><strong>gestis</strong></span> <span class='ocrx_word' id='word_1_416' title='bbox 2333 2081 2663 2154; x_wconf 78' lang='lat' dir='ltr'><strong>pontificum</strong></span> <span class='ocrx_word' id='word_1_417' title='bbox 2688 2081 2913 2152; x_wconf 81' lang='lat' dir='ltr'><strong>allegat,</strong></span> <span class='ocrx_word' id='word_1_418' title='bbox 2933 2080 3081 2134; x_wconf 88' lang='lat' dir='ltr'><strong>hanc</strong></span> <span class='ocrx_word' id='word_1_419' title='bbox 3104 2078 3394 2151; x_wconf 89' lang='lat' dir='ltr'><strong>epitomen</strong></span> <span class='ocrx_word' id='word_1_420' title='bbox 3418 2090 3524 2146; x_wconf 68' lang='lat' dir='ltr'><strong>pra:</strong></span> <span class='ocrx_word' id='word_1_421' title='bbox 3543 2071 3686 2127; x_wconf 84' lang='lat' dir='ltr'><strong>oculis</strong></span> 
     </span>
    </p>
   </div>
   <div class='ocr_carea' id='block_1_64' title="bbox 2128 2162 3686 2239">
    <p class='ocr_par' dir='ltr' id='par_1_64' title="bbox 2128 2162 3686 2239">
     <span class='ocr_line' id='line_1_64' title="bbox 2128 2162 3686 2239; baseline -0.009 -12"><span class='ocrx_word' id='word_1_422' title='bbox 2128 2171 2414 2239; x_wconf 86' lang='lat' dir='ltr'><strong>habuisse,</strong></span> <span class='ocrx_word' id='word_1_423' title='bbox 2438 2189 2565 2226; x_wconf 90' lang='lat' dir='ltr'><strong>cum</strong></span> <span class='ocrx_word' id='word_1_424' title='bbox 2597 2176 2817 2225; x_wconf 90' lang='lat' dir='ltr'><strong>constet</strong></span> <span class='ocrx_word' id='word_1_425' title='bbox 2834 2168 3040 2224; x_wconf 89' lang='lat' dir='ltr'><strong>librum</strong></span> <span class='ocrx_word' id='word_1_426' title='bbox 3070 2169 3145 2223; x_wconf 90' lang='lat' dir='ltr'><strong>ad</strong></span> <span class='ocrx_word' id='word_1_427' title='bbox 3170 2166 3448 2226; x_wconf 83' lang='lat' dir='ltr'><strong>Amicum,</strong></span> <span class='ocrx_word' id='word_1_428' title='bbox 3477 2162 3564 2234; x_wconf 92' lang='lat' dir='ltr'><strong>qui</strong></span> <span class='ocrx_word' id='word_1_429' title='bbox 3584 2176 3686 2214; x_wconf 88' lang='lat' dir='ltr'><strong>vere</strong></span> 
     </span>
    </p>
   </div>
   <div class='ocr_carea' id='block_1_65' title="bbox 2130 2249 3673 2330">
    <p class='ocr_par' dir='ltr' id='par_1_65' title="bbox 2130 2249 3673 2330">
     <span class='ocr_line' id='line_1_65' title="bbox 2130 2249 3673 2330; baseline -0.008 -14"><span class='ocrx_word' id='word_1_430' title='bbox 2130 2260 2280 2316; x_wconf 84' lang='lat' dir='ltr'><strong>hunc</strong></span> <span class='ocrx_word' id='word_1_431' title='bbox 2308 2260 2541 2316; x_wconf 89' lang='lat' dir='ltr'><strong>titulum</strong></span> <span class='ocrx_word' id='word_1_432' title='bbox 2563 2263 2852 2330; x_wconf 90' lang='lat' dir='ltr'><strong>gestorum</strong></span> <span class='ocrx_word' id='word_1_433' title='bbox 2884 2256 3103 2329; x_wconf 86' lang='lat' dir='ltr'><strong>implet,</strong></span> <span class='ocrx_word' id='word_1_434' title='bbox 3133 2255 3430 2326; x_wconf 88' lang='lat' dir='ltr'><strong>designare</strong></span> <span class='ocrx_word' id='word_1_435' title='bbox 3450 2249 3673 2305; x_wconf 84' lang='lat' dir='ltr'><strong>voluisse.</strong></span> 
     </span>
    </p>
   </div>
   <div class='ocr_carea' id='block_1_66' title="bbox 2311 2432 3526 2506">
    <p class='ocr_par' dir='ltr' id='par_1_66' title="bbox 2311 2432 3526 2506">
     <span class='ocr_line' id='line_1_66' title="bbox 2311 2432 3526 2506; baseline -0.011 -11"><span class='ocrx_word' id='word_1_436' title='bbox 2311 2440 2518 2496; x_wconf 75' lang='lat' dir='ltr'><strong>Contra</strong></span> <span class='ocrx_word' id='word_1_437' title='bbox 2545 2438 2829 2506; x_wconf 81' lang='lat' dir='ltr'><strong>Hugonem</strong></span> <span class='ocrx_word' id='word_1_438' title='bbox 2856 2436 3274 2491; x_wconf 76' lang='lat' dir='ltr'><strong>schismaticum</strong></span> <span class='ocrx_word' id='word_1_439' title='bbox 3304 2432 3526 2487; x_wconf 67' lang='lat' dir='ltr'><strong>libellus.</strong></span> 
     </span>
    </p>
   </div>
   <div class='ocr_carea' id='block_1_67' title="bbox 2201 2515 3681 2598">
    <p class='ocr_par' dir='ltr' id='par_1_67' title="bbox 2201 2515 3681 2598">
     <span class='ocr_line' id='line_1_67' title="bbox 2201 2515 3681 2598; baseline -0.011 -15"><span class='ocrx_word' id='word_1_440' title='bbox 2201 2529 2342 2585; x_wconf 87' lang='lat' dir='ltr'><strong>Eum</strong></span> <span class='ocrx_word' id='word_1_441' title='bbox 2371 2527 2599 2593; x_wconf 88' lang='lat' dir='ltr'><strong>librum,</strong></span> <span class='ocrx_word' id='word_1_442' title='bbox 2632 2526 2730 2598; x_wconf 90' lang='lat' dir='ltr'><strong>qui</strong></span> <span class='ocrx_word' id='word_1_443' title='bbox 2763 2524 2974 2581; x_wconf 88' lang='lat' dir='ltr'><strong>Urbani</strong></span> <span class='ocrx_word' id='word_1_444' title='bbox 3003 2525 3053 2580; x_wconf 88' lang='grc' dir='ltr'><strong>ΙΙ</strong></span> <span class='ocrx_word' id='word_1_445' title='bbox 3080 2524 3248 2579; x_wconf 88' lang='lat' dir='ltr'><strong>initia</strong></span> <span class='ocrx_word' id='word_1_446' title='bbox 3291 2515 3681 2592; x_wconf 86' lang='lat' dir='ltr'><strong>comprehende-</strong></span> 
     </span>
    </p>
   </div>
   <div class='ocr_carea' id='block_1_68' title="bbox 2130 2603 3680 2687">
    <p class='ocr_par' dir='ltr' id='par_1_68' title="bbox 2130 2603 3680 2687">
     <span class='ocr_line' id='line_1_68' title="bbox 2130 2603 3680 2687; baseline -0.009 -16"><span class='ocrx_word' id='word_1_447' title='bbox 2130 2617 2246 2681; x_wconf 87' lang='lat' dir='ltr'><strong>bat,</strong></span> <span class='ocrx_word' id='word_1_448' title='bbox 2275 2618 2442 2672; x_wconf 89' lang='lat' dir='ltr'><strong>hodie</strong></span> <span class='ocrx_word' id='word_1_449' title='bbox 2469 2622 2571 2672; x_wconf 89' lang='lat' dir='ltr'><strong>aut</strong></span> <span class='ocrx_word' id='word_1_450' title='bbox 2596 2621 2920 2687; x_wconf 81' lang='lat' dir='ltr'><strong>exspectare</strong></span> <span class='ocrx_word' id='word_1_451' title='bbox 2936 2613 3209 2686; x_wconf 87' lang='lat' dir='ltr'><strong>jubemur</strong></span> <span class='ocrx_word' id='word_1_452' title='bbox 3228 2613 3487 2666; x_wconf 81' lang='lat' dir='ltr'><strong>latentem</strong></span> <span class='ocrx_word' id='word_1_453' title='bbox 3504 2613 3591 2660; x_wconf 91' lang='lat' dir='ltr'><strong>aut</strong></span> <span class='ocrx_word' id='word_1_454' title='bbox 3604 2603 3680 2657; x_wconf 82' lang='lat' dir='ltr'><strong>de-</strong></span> 
     </span>
    </p>
   </div>
   <div class='ocr_carea' id='block_1_69' title="bbox 2128 2692 3680 2781">
    <p class='ocr_par' dir='ltr' id='par_1_69' title="bbox 2128 2692 3680 2781">
     <span class='ocr_line' id='line_1_69' title="bbox 2128 2692 3680 2781; baseline -0.013 -17"><span class='ocrx_word' id='word_1_455' title='bbox 2128 2709 2351 2781; x_wconf 89' lang='lat' dir='ltr'><strong>plorare</strong></span> <span class='ocrx_word' id='word_1_456' title='bbox 2365 2705 3001 2779; x_wconf 59' lang='lat' dir='ltr'><strong>deperditumchminit</strong></span> <span class='ocrx_word' id='word_1_457' title='bbox 3011 2705 3137 2775; x_wconf 89' lang='lat' dir='ltr'><strong>ejus</strong></span> <span class='ocrx_word' id='word_1_458' title='bbox 3153 2703 3273 2775; x_wconf 90' lang='lat' dir='ltr'><strong>ipse</strong></span> <span class='ocrx_word' id='word_1_459' title='bbox 3293 2698 3483 2756; x_wconf 79' lang='lat' dir='ltr'><strong>Bonizo</strong></span> <span class='ocrx_word' id='word_1_460' title='bbox 3496 2692 3680 2781; x_wconf 87' lang='lat' dir='ltr'><strong>duobus</strong></span> 
     </span>
    </p>
   </div>
   <div class='ocr_carea' id='block_1_70' title="bbox 2130 2780 3681 2866">
    <p class='ocr_par' dir='ltr' id='par_1_70' title="bbox 2130 2780 3681 2866">
     <span class='ocr_line' id='line_1_70' title="bbox 2130 2780 3681 2866; baseline -0.012 -14"><span class='ocrx_word' id='word_1_461' title='bbox 2130 2780 2189 2853; x_wconf 90' lang='lat' dir='ltr'><strong>in</strong></span> <span class='ocrx_word' id='word_1_462' title='bbox 2213 2797 2368 2864; x_wconf 86' lang='lat' dir='ltr'><strong>locis,</strong></span> <span class='ocrx_word' id='word_1_463' title='bbox 2422 2796 2598 2851; x_wconf 89' lang='lat' dir='ltr'><strong>semel</strong></span> <span class='ocrx_word' id='word_1_464' title='bbox 2642 2795 2699 2849; x_wconf 92' lang='lat' dir='ltr'><strong>in</strong></span> <span class='ocrx_word' id='word_1_465' title='bbox 2731 2794 2999 2866; x_wconf 88' lang='lat' dir='ltr'><strong>opusculo</strong></span> <span class='ocrx_word' id='word_1_466' title='bbox 3039 2793 3122 2848; x_wconf 91' lang='lat' dir='ltr'><strong>De</strong></span> <span class='ocrx_word' id='word_1_467' title='bbox 3151 2785 3505 2846; x_wconf 83' lang='lat' dir='ltr'><strong>sacramentis</strong></span> <span class='ocrx_word' id='word_1_468' title='bbox 3531 2780 3681 2838; x_wconf 83' lang='lat' dir='ltr'><strong>Eccle-</strong></span> 
     </span>
    </p>
   </div>
   <div class='ocr_carea' id='block_1_71' title="bbox 2129 2869 3739 2959">
    <p class='ocr_par' dir='ltr' id='par_1_71' title="bbox 2129 2869 3739 2959">
     <span class='ocr_line' id='line_1_71' title="bbox 2129 2869 3739 2959; baseline -0.014 -16"><span class='ocrx_word' id='word_1_469' title='bbox 2129 2888 2244 2953; x_wconf 69' lang='lat' dir='ltr'><strong>siae,</strong></span> <span class='ocrx_word' id='word_1_470' title='bbox 2262 2886 2411 2959; x_wconf 90' lang='lat' dir='ltr'><strong>quod</strong></span> <span class='ocrx_word' id='word_1_471' title='bbox 2429 2883 3036 2940; x_wconf 89' lang='lat' dir='ltr'><strong>Muratoriusinlucem</strong></span> <span class='ocrx_word' id='word_1_472' title='bbox 3050 2879 3346 2954; x_wconf 85' lang='lat' dir='ltr'><strong>protraxit,</strong></span> <span class='ocrx_word' id='word_1_473' title='bbox 3376 2876 3461 2931; x_wconf 88' lang='lat' dir='ltr'><strong>his</strong></span> <span class='ocrx_word' id='word_1_474' title='bbox 3485 2869 3641 2927; x_wconf 85' lang='lat' dir='ltr'><strong>verbis</strong></span> <span class='ocrx_word' id='word_1_475' title='bbox 3666 2886 3677 2920; x_wconf 88' lang='lat'><strong>:</strong></span> <span class='ocrx_word' id='word_1_476' title='bbox 3731 2906 3739 2911; x_wconf 85' lang='grc'><strong><em>-</em></strong></span> 
     </span>
    </p>
   </div>
   <div class='ocr_carea' id='block_1_72' title="bbox 2134 2960 3684 3045">
    <p class='ocr_par' dir='ltr' id='par_1_72' title="bbox 2134 2960 3684 3045">
     <span class='ocr_line' id='line_1_72' title="bbox 2134 2960 3684 3045; baseline -0.008 -15"><span class='ocrx_word' id='word_1_477' title='bbox 2134 2997 2158 3030; x_wconf 75' lang='grc' dir='ltr'><strong>ι</strong></span> <span class='ocrx_word' id='word_1_478' title='bbox 2194 2977 2448 3042; x_wconf 87' lang='lat' dir='ltr'><strong>Qualiter</strong></span> <span class='ocrx_word' id='word_1_479' title='bbox 2479 2991 2610 3029; x_wconf 91' lang='lat' dir='ltr'><strong>vero</strong></span> <span class='ocrx_word' id='word_1_480' title='bbox 2658 2973 2877 3045; x_wconf 90' lang='lat' dir='ltr'><strong>primus</strong></span> <span class='ocrx_word' id='word_1_481' title='bbox 2908 2972 2982 3026; x_wconf 90' lang='lat' dir='ltr'><strong>sit</strong></span> <span class='ocrx_word' id='word_1_482' title='bbox 3023 2973 3102 3040; x_wconf 87' lang='lat' dir='ltr'><strong>(S.</strong></span> <span class='ocrx_word' id='word_1_483' title='bbox 3138 2971 3399 3027; x_wconf 88' lang='lat' dir='ltr'><strong>Clemens</strong></span> <span class='ocrx_word' id='word_1_484' title='bbox 3425 2960 3570 3037; x_wconf 84' lang='lat' dir='ltr'><strong>papa)</strong></span> <span class='ocrx_word' id='word_1_485' title='bbox 3602 2972 3684 3030; x_wconf 73' lang='lat' dir='ltr'><strong>per</strong></span> 
     </span>
    </p>
   </div>
   <div class='ocr_carea' id='block_1_73' title="bbox 2133 3054 3682 3132">
    <p class='ocr_par' dir='ltr' id='par_1_73' title="bbox 2133 3054 3682 3132">
     <span class='ocr_line' id='line_1_73' title="bbox 2133 3054 3682 3132; baseline -0.012 -12"><span class='ocrx_word' id='word_1_486' title='bbox 2133 3065 2461 3120; x_wconf 89' lang='lat' dir='ltr'><strong>electionem</strong></span> <span class='ocrx_word' id='word_1_487' title='bbox 2490 3062 2666 3119; x_wconf 87' lang='lat' dir='ltr'><strong>Petri.</strong></span> <span class='ocrx_word' id='word_1_488' title='bbox 2687 3068 2745 3117; x_wconf 92' lang='lat' dir='ltr'><strong>et</strong></span> <span class='ocrx_word' id='word_1_489' title='bbox 2770 3062 2973 3116; x_wconf 89' lang='lat' dir='ltr'><strong>tertius</strong></span> <span class='ocrx_word' id='word_1_490' title='bbox 2992 3061 3049 3115; x_wconf 91' lang='lat' dir='ltr'><strong>in</strong></span> <span class='ocrx_word' id='word_1_491' title='bbox 3067 3060 3275 3132; x_wconf 83' lang='lat' dir='ltr'><strong>gradu,</strong></span> <span class='ocrx_word' id='word_1_492' title='bbox 3297 3056 3344 3111; x_wconf 90' lang='lat' dir='ltr'><strong>si</strong></span> <span class='ocrx_word' id='word_1_493' title='bbox 3364 3054 3483 3127; x_wconf 90' lang='lat' dir='ltr'><strong>quis</strong></span> <span class='ocrx_word' id='word_1_494' title='bbox 3505 3062 3682 3122; x_wconf 76' lang='lat' dir='ltr'><strong>gnarus</strong></span> 
     </span>
    </p>
   </div>
   <div class='ocr_carea' id='block_1_74' title="bbox 2067 3137 3681 3223">
    <p class='ocr_par' dir='ltr' id='par_1_74' title="bbox 2067 3137 3681 3223">
     <span class='ocr_line' id='line_1_74' title="bbox 2067 3137 3681 3223; baseline -0.012 -12"><span class='ocrx_word' id='word_1_495' title='bbox 2067 3148 2113 3211; x_wconf 77' lang='grc' dir='ltr'>Ο</span> <span class='ocrx_word' id='word_1_496' title='bbox 2133 3172 2254 3211; x_wconf 89' lang='lat' dir='ltr'><strong>esse</strong></span> <span class='ocrx_word' id='word_1_497' title='bbox 2282 3153 2539 3217; x_wconf 86' lang='lat' dir='ltr'><strong>voluerit,</strong></span> <span class='ocrx_word' id='word_1_498' title='bbox 2563 3151 2715 3223; x_wconf 88' lang='lat' dir='ltr'><strong>legat</strong></span> <span class='ocrx_word' id='word_1_499' title='bbox 2738 3150 2987 3215; x_wconf 86' lang='lat' dir='ltr'><strong>Librum,</strong></span> <span class='ocrx_word' id='word_1_500' title='bbox 3021 3166 3193 3221; x_wconf 88' lang='lat' dir='ltr'><strong>quem</strong></span> <span class='ocrx_word' id='word_1_501' title='bbox 3221 3145 3412 3218; x_wconf 89' lang='lat' dir='ltr'><strong>scripsi</strong></span> <span class='ocrx_word' id='word_1_502' title='bbox 3440 3143 3494 3197; x_wconf 91' lang='lat' dir='ltr'><strong>in</strong></span> <span class='ocrx_word' id='word_1_503' title='bbox 3514 3137 3681 3207; x_wconf 86' lang='lat' dir='ltr'><strong>Hugo-</strong></span> 
     </span>
    </p>
   </div>
   <div class='ocr_carea' id='block_1_75' title="bbox 2129 3224 3678 3307">
    <p class='ocr_par' dir='ltr' id='par_1_75' title="bbox 2129 3224 3678 3307">
     <span class='ocr_line' id='line_1_75' title="bbox 2129 3224 3678 3307; baseline -0.014 -7"><span class='ocrx_word' id='word_1_504' title='bbox 2129 3261 2259 3300; x_wconf 88' lang='lat' dir='ltr'><strong>nem</strong></span> <span class='ocrx_word' id='word_1_505' title='bbox 2282 3242 2721 3307; x_wconf 88' lang='lat' dir='ltr'><strong>schismaticum,</strong></span> <span class='ocrx_word' id='word_1_506' title='bbox 2740 3246 2799 3295; x_wconf 92' lang='lat' dir='ltr'><strong>et</strong></span> <span class='ocrx_word' id='word_1_507' title='bbox 2842 3240 2921 3294; x_wconf 92' lang='lat' dir='ltr'><strong>ibi</strong></span> <span class='ocrx_word' id='word_1_508' title='bbox 2951 3238 3202 3294; x_wconf 87' lang='lat' dir='ltr'><strong>inveniet</strong></span> <span class='ocrx_word' id='word_1_509' title='bbox 3222 3236 3291 3292; x_wconf 81' lang='lat' dir='ltr'><strong>ad</strong></span> <span class='ocrx_word' id='word_1_510' title='bbox 3321 3234 3532 3307; x_wconf 91' lang='lat' dir='ltr'><strong>plenum</strong></span> <span class='ocrx_word' id='word_1_511' title='bbox 3558 3224 3678 3281; x_wconf 83' lang='lat' dir='ltr'><strong>dilu-</strong></span> 
     </span>
    </p>
   </div>
   <div class='ocr_carea' id='block_1_76' title="bbox 2129 3322 3680 3403">
    <p class='ocr_par' dir='ltr' id='par_1_76' title="bbox 2129 3322 3680 3403">
     <span class='ocr_line' id='line_1_76' title="bbox 2129 3322 3680 3403; baseline -0.012 -14"><span class='ocrx_word' id='word_1_512' title='bbox 2129 3335 2374 3390; x_wconf 88' lang='lat' dir='ltr'><strong>cidatum</strong></span> <span class='ocrx_word' id='word_1_513' title='bbox 2404 3331 2539 3403; x_wconf 77' lang='lat'><strong>(32).</strong></span> <span class='ocrx_word' id='word_1_514' title='bbox 2575 3330 2682 3386; x_wconf 61' lang='grc' dir='ltr'><strong>Ἐἰ</strong></span> <span class='ocrx_word' id='word_1_515' title='bbox 2698 3330 2883 3385; x_wconf 90' lang='lat' dir='ltr'><strong>denuo</strong></span> <span class='ocrx_word' id='word_1_516' title='bbox 2910 3335 3080 3400; x_wconf 89' lang='lat' dir='ltr'><strong>atque</strong></span> <span class='ocrx_word' id='word_1_517' title='bbox 3107 3326 3386 3400; x_wconf 89' lang='lat' dir='ltr'><strong>c0piosius</strong></span> <span class='ocrx_word' id='word_1_518' title='bbox 3413 3322 3465 3376; x_wconf 91' lang='lat' dir='ltr'><strong>in</strong></span> <span class='ocrx_word' id='word_1_519' title='bbox 3493 3328 3680 3403; x_wconf 78' lang='lat' dir='ltr'><strong>perora-</strong></span> 
     </span>
    </p>
   </div>
   <div class='ocr_carea' id='block_1_77' title="bbox 2130 3401 3672 3495">
    <p class='ocr_par' dir='ltr' id='par_1_77' title="bbox 2130 3401 3672 3495">
     <span class='ocr_line' id='line_1_77' title="bbox 2130 3401 3672 3495; baseline -0.01 -16"><span class='ocrx_word' id='word_1_520' title='bbox 2130 3424 2286 3479; x_wconf 80' lang='lat' dir='ltr'><strong>tione</strong></span> <span class='ocrx_word' id='word_1_521' title='bbox 2309 3401 2583 3495; x_wconf 82' lang='lat' dir='ltr'><strong>cpitomes</strong></span> <span class='ocrx_word' id='word_1_522' title='bbox 2613 3419 2911 3493; x_wconf 71' lang='lat' dir='ltr'><strong>pontificiae</strong></span> <span class='ocrx_word' id='word_1_523' title='bbox 2964 3418 3233 3473; x_wconf 69' lang='lat' dir='ltr'><strong>Historia:</strong></span> <span class='ocrx_word' id='word_1_524' title='bbox 3267 3415 3336 3469; x_wconf 90' lang='lat' dir='ltr'><strong>de</strong></span> <span class='ocrx_word' id='word_1_525' title='bbox 3376 3426 3479 3484; x_wconf 85' lang='lat' dir='ltr'><strong>qua</strong></span> <span class='ocrx_word' id='word_1_526' title='bbox 3517 3401 3672 3464; x_wconf 62' lang='lat' dir='ltr'><strong>modo.</strong></span> 
     </span>
    </p>
   </div>
   <div class='ocr_carea' id='block_1_78' title="bbox 2131 3494 3671 3588">
    <p class='ocr_par' dir='ltr' id='par_1_78' title="bbox 2131 3494 3671 3588">
     <span class='ocr_line' id='line_1_78' title="bbox 2131 3494 3671 3588; baseline -0.006 -20"><span class='ocrx_word' id='word_1_527' title='bbox 2131 3494 2458 3585; x_wconf 83' lang='lat' dir='ltr'><strong>sequentem</strong></span> <span class='ocrx_word' id='word_1_528' title='bbox 2507 3512 2564 3565; x_wconf 91' lang='lat' dir='ltr'><strong>in</strong></span> <span class='ocrx_word' id='word_1_529' title='bbox 2617 3508 2847 3564; x_wconf 91' lang='lat' dir='ltr'><strong>modum</strong></span> <span class='ocrx_word' id='word_1_530' title='bbox 2881 3507 3049 3580; x_wconf 86' lang='lat' dir='ltr'><strong>(apud</strong></span> <span class='ocrx_word' id='word_1_531' title='bbox 3101 3501 3499 3563; x_wconf 83' lang='lat' dir='ltr'><strong>Lambeccium,</strong></span> <span class='ocrx_word' id='word_1_532' title='bbox 3526 3494 3671 3588; x_wconf 49' lang='lat'><strong>1:0)3</strong></span> 
     </span>
    </p>
   </div>
   <div class='ocr_carea' id='block_1_79' title="bbox 2131 3583 3672 3672">
    <p class='ocr_par' dir='ltr' id='par_1_79' title="bbox 2131 3583 3672 3672">
     <span class='ocr_line' id='line_1_79' title="bbox 2131 3583 3672 3672; baseline -0.014 -15"><span class='ocrx_word' id='word_1_533' title='bbox 2131 3583 2344 3658; x_wconf 84' lang='lat' dir='ltr'><strong>Urbani</strong></span> <span class='ocrx_word' id='word_1_534' title='bbox 2376 3617 2504 3655; x_wconf 82' lang='lat' dir='ltr'><strong>vero</strong></span> <span class='ocrx_word' id='word_1_535' title='bbox 2534 3597 2814 3672; x_wconf 78' lang='lat' dir='ltr'><strong>pontificis</strong></span> <span class='ocrx_word' id='word_1_536' title='bbox 2841 3602 2986 3664; x_wconf 89' lang='lat' dir='ltr'><strong>acta,</strong></span> <span class='ocrx_word' id='word_1_537' title='bbox 3020 3600 3078 3651; x_wconf 91' lang='lat' dir='ltr'><strong>et</strong></span> <span class='ocrx_word' id='word_1_538' title='bbox 3114 3595 3189 3651; x_wconf 90' lang='lat' dir='ltr'><strong>de</strong></span> <span class='ocrx_word' id='word_1_539' title='bbox 3218 3596 3337 3665; x_wconf 87' lang='lat' dir='ltr'><strong>ejus</strong></span> <span class='ocrx_word' id='word_1_540' title='bbox 3382 3583 3672 3672; x_wconf 63' lang='lat' dir='ltr'><strong>victoria,_5i</strong></span> 
     </span>
    </p>
   </div>
   <div class='ocr_carea' id='block_1_80' title="bbox 2130 3668 3674 3766">
    <p class='ocr_par' dir='ltr' id='par_1_80' title="bbox 2130 3668 3674 3766">
     <span class='ocr_line' id='line_1_80' title="bbox 2130 3668 3674 3766; baseline -0.016 -19"><span class='ocrx_word' id='word_1_541' title='bbox 2130 3692 2256 3763; x_wconf 89' lang='lat' dir='ltr'><strong>quis</strong></span> <span class='ocrx_word' id='word_1_542' title='bbox 2274 3690 2416 3746; x_wconf 90' lang='lat' dir='ltr'><strong>scire</strong></span> <span class='ocrx_word' id='word_1_543' title='bbox 2435 3668 2692 3748; x_wconf 82' lang='lat' dir='ltr'><strong>voluerit.</strong></span> <span class='ocrx_word' id='word_1_544' title='bbox 2706 3688 2860 3758; x_wconf 89' lang='lat' dir='ltr'><strong>legat</strong></span> <span class='ocrx_word' id='word_1_545' title='bbox 2884 3685 3089 3741; x_wconf 84' lang='lat' dir='ltr'><strong>librum</strong></span> <span class='ocrx_word' id='word_1_546' title='bbox 3119 3701 3288 3756; x_wconf 87' lang='lat' dir='ltr'><strong>quem</strong></span> <span class='ocrx_word' id='word_1_547' title='bbox 3317 3675 3499 3748; x_wconf 87' lang='lat' dir='ltr'><strong>scripsi</strong></span> <span class='ocrx_word' id='word_1_548' title='bbox 3525 3668 3674 3766; x_wconf 88' lang='lat' dir='ltr'><strong>in</strong></span> 
     </span>
    </p>
   </div>
   <div class='ocr_carea' id='block_1_81' title="bbox 2127 3756 3673 3853">
    <p class='ocr_par' dir='ltr' id='par_1_81' title="bbox 2127 3756 3673 3853">
     <span class='ocr_line' id='line_1_81' title="bbox 2127 3756 3673 3853; baseline -0.019 -16"><span class='ocrx_word' id='word_1_549' title='bbox 2127 3756 2333 3853; x_wconf 73' lang='lat' dir='ltr'><strong>gonem</strong></span> <span class='ocrx_word' id='word_1_550' title='bbox 2357 3756 2794 3845; x_wconf 37' lang='lat' dir='ltr'><strong>schismaticum&#39;,</strong></span> <span class='ocrx_word' id='word_1_551' title='bbox 2827 3782 2885 3830; x_wconf 90' lang='lat' dir='ltr'><strong>et</strong></span> <span class='ocrx_word' id='word_1_552' title='bbox 2909 3775 2989 3830; x_wconf 89' lang='lat' dir='ltr'><strong>ibi</strong></span> <span class='ocrx_word' id='word_1_553' title='bbox 3018 3774 3267 3830; x_wconf 88' lang='lat' dir='ltr'><strong>inveniet</strong></span> <span class='ocrx_word' id='word_1_554' title='bbox 3293 3770 3362 3826; x_wconf 91' lang='lat' dir='ltr'><strong>ad</strong></span> <span class='ocrx_word' id='word_1_555' title='bbox 3394 3766 3594 3839; x_wconf 89' lang='lat' dir='ltr'><strong>plenum</strong></span> <span class='ocrx_word' id='word_1_556' title='bbox 3609 3756 3673 3810; x_wconf 86' lang='lat' dir='ltr'><strong>di-</strong></span> 
     </span>
    </p>
   </div>
   <div class='ocr_carea' id='block_1_82' title="bbox 2129 3871 2393 3925">
    <p class='ocr_par' dir='ltr' id='par_1_82' title="bbox 2129 3871 2393 3925">
     <span class='ocr_line' id='line_1_82' title="bbox 2129 3871 2393 3925; baseline -0.008 0"><span class='ocrx_word' id='word_1_557' title='bbox 2129 3871 2393 3925; x_wconf 83' lang='lat' dir='ltr'><strong>lucidata.</strong></span> 
     </span>
    </p>
   </div>
   <div class='ocr_carea' id='block_1_83' title="bbox 2200 3930 3672 4028">
    <p class='ocr_par' dir='ltr' id='par_1_83' title="bbox 2200 3930 3672 4028">
     <span class='ocr_line' id='line_1_83' title="bbox 2200 3930 3672 4028; baseline -0.018 -13"><span class='ocrx_word' id='word_1_558' title='bbox 2200 3959 2281 4014; x_wconf 91' lang='lat' dir='ltr'><strong>De</strong></span> <span class='ocrx_word' id='word_1_559' title='bbox 2303 3958 2538 4028; x_wconf 83' lang='lat' dir='ltr'><strong>Hugone</strong></span> <span class='ocrx_word' id='word_1_560' title='bbox 2554 3951 2805 4010; x_wconf 89' lang='lat' dir='ltr'><strong>Candido</strong></span> <span class='ocrx_word' id='word_1_561' title='bbox 2823 3951 3116 4018; x_wconf 88' lang='lat' dir='ltr'><strong>cardinali,</strong></span> <span class='ocrx_word' id='word_1_562' title='bbox 3142 3951 3239 4024; x_wconf 91' lang='lat' dir='ltr'><strong>qui</strong></span> <span class='ocrx_word' id='word_1_563' title='bbox 3253 3956 3307 4005; x_wconf 90' lang='lat' dir='ltr'><strong>et</strong></span> <span class='ocrx_word' id='word_1_564' title='bbox 3335 3939 3615 4028; x_wconf 73' lang='lat' dir='ltr'><strong>Alexandro</strong></span> <span class='ocrx_word' id='word_1_565' title='bbox 3633 3930 3672 3986; x_wconf 89' lang='grc' dir='ltr'><strong>ΙΙ</strong></span> 
     </span>
    </p>
   </div>
   <div class='ocr_carea' id='block_1_84' title="bbox 2128 4026 3673 4121">
    <p class='ocr_par' dir='ltr' id='par_1_84' title="bbox 2128 4026 3673 4121">
     <span class='ocr_line' id='line_1_84' title="bbox 2128 4026 3673 4121; baseline -0.016 -17"><span class='ocrx_word' id='word_1_566' title='bbox 2128 4047 2279 4121; x_wconf 87' lang='lat' dir='ltr'><strong>apud</strong></span> <span class='ocrx_word' id='word_1_567' title='bbox 2318 4026 2594 4117; x_wconf 74' lang='lat' dir='ltr'><strong>Agnetem</strong></span> <span class='ocrx_word' id='word_1_568' title='bbox 2618 4048 2869 4097; x_wconf 89' lang='lat' dir='ltr'><strong>nostram</strong></span> <span class='ocrx_word' id='word_1_569' title='bbox 2900 4048 3204 4112; x_wconf 87' lang='lat' dir='ltr'><strong>augustam</strong></span> <span class='ocrx_word' id='word_1_570' title='bbox 3243 4033 3459 4095; x_wconf 78' lang='lat' dir='ltr'><strong>Henriri</strong></span> <span class='ocrx_word' id='word_1_571' title='bbox 3488 4026 3673 4121; x_wconf 44' lang='lat' dir='ltr'><strong>1X11)?-</strong></span> 
     </span>
    </p>
   </div>
   <div class='ocr_carea' id='block_1_85' title="bbox 2127 4112 3670 4202">
    <p class='ocr_par' dir='ltr' id='par_1_85' title="bbox 2127 4112 3670 4202">
     <span class='ocr_line' id='line_1_85' title="bbox 2127 4112 3670 4202; baseline -0.008 -9"><span class='ocrx_word' id='word_1_572' title='bbox 2127 4112 2274 4193; x_wconf 72' lang='lat' dir='ltr'><strong>trem</strong></span> <span class='ocrx_word' id='word_1_573' title='bbox 2304 4112 2508 4191; x_wconf 61' lang='lat' dir='ltr'><strong>ﬂuctus</strong></span> <span class='ocrx_word' id='word_1_574' title='bbox 2537 4131 2814 4197; x_wconf 86' lang='lat' dir='ltr'><strong>excitavit,</strong></span> <span class='ocrx_word' id='word_1_575' title='bbox 2862 4136 2920 4185; x_wconf 90' lang='lat' dir='ltr'><strong>et</strong></span> <span class='ocrx_word' id='word_1_576' title='bbox 2969 4136 3164 4202; x_wconf 87' lang='lat' dir='ltr'><strong>postea</strong></span> <span class='ocrx_word' id='word_1_577' title='bbox 3214 4122 3471 4197; x_wconf 86' lang='lat' dir='ltr'><strong>Gregorio</strong></span> <span class='ocrx_word' id='word_1_578' title='bbox 3512 4112 3603 4181; x_wconf 64' lang='lat' dir='ltr'><strong>Vn</strong></span> <span class='ocrx_word' id='word_1_579' title='bbox 3627 4112 3670 4161; x_wconf 67' lang='lat' dir='ltr'><strong>in</strong></span> 
     </span>
    </p>
   </div>
   <div class='ocr_carea' id='block_1_86' title="bbox 2128 4206 3671 4296">
    <p class='ocr_par' dir='ltr' id='par_1_86' title="bbox 2128 4206 3671 4296">
     <span class='ocr_line' id='line_1_86' title="bbox 2128 4206 3671 4296; baseline -0.014 -15"><span class='ocrx_word' id='word_1_580' title='bbox 2128 4225 2368 4296; x_wconf 87' lang='lat' dir='ltr'><strong>gratiam</strong></span> <span class='ocrx_word' id='word_1_581' title='bbox 2400 4222 2626 4277; x_wconf 81' lang='lat' dir='ltr'><strong>Henrici</strong></span> <span class='ocrx_word' id='word_1_582' title='bbox 2654 4219 2752 4274; x_wconf 86' lang='lat' dir='ltr'><strong>ﬁlii</strong></span> <span class='ocrx_word' id='word_1_583' title='bbox 2781 4220 3023 4274; x_wconf 87' lang='lat' dir='ltr'><strong>maxime</strong></span> <span class='ocrx_word' id='word_1_584' title='bbox 3064 4219 3390 4275; x_wconf 88' lang='lat' dir='ltr'><strong>adversatus</strong></span> <span class='ocrx_word' id='word_1_585' title='bbox 3432 4212 3525 4271; x_wconf 72' lang='lat' dir='ltr'><strong>est,</strong></span> <span class='ocrx_word' id='word_1_586' title='bbox 3552 4206 3671 4296; x_wconf 66' lang='lat' dir='ltr'><strong>tetu-</strong></span> 
     </span>
    </p>
   </div>
   <div class='ocr_carea' id='block_1_87' title="bbox 450 4291 3671 4388">
    <p class='ocr_par' dir='ltr' id='par_1_87' title="bbox 450 4291 3671 4388">
     <span class='ocr_line' id='line_1_87' title="bbox 450 4291 3671 4388; baseline -0.002 -23"><span class='ocrx_word' id='word_1_587' title='bbox 450 4303 713 4365; x_wconf 86' lang='lat' dir='ltr'><strong>becciana</strong></span> <span class='ocrx_word' id='word_1_588' title='bbox 731 4310 845 4366; x_wconf 67' lang='lat' dir='ltr'><strong>haec</strong></span> <span class='ocrx_word' id='word_1_589' title='bbox 874 4291 1104 4382; x_wconf 77' lang='lat' dir='ltr'><strong>legeret,</strong></span> <span class='ocrx_word' id='word_1_590' title='bbox 1123 4291 1341 4368; x_wconf 76' lang='lat' dir='ltr'><strong>nullum</strong></span> <span class='ocrx_word' id='word_1_591' title='bbox 1371 4330 1484 4369; x_wconf 88' lang='lat' dir='ltr'><strong>non</strong></span> <span class='ocrx_word' id='word_1_592' title='bbox 1514 4314 1759 4387; x_wconf 88' lang='lat' dir='ltr'><strong>lapidem</strong></span> <span class='ocrx_word' id='word_1_593' title='bbox 1777 4315 1969 4383; x_wconf 87' lang='lat' dir='ltr'><strong>movit,</strong></span> <span class='ocrx_word' id='word_1_594' title='bbox 1988 4321 2055 4372; x_wconf 87' lang='lat' dir='ltr'><strong>ut</strong></span> <span class='ocrx_word' id='word_1_595' title='bbox 2130 4291 2333 4388; x_wconf 70' lang='lat' dir='ltr'><strong>porum</strong></span> <span class='ocrx_word' id='word_1_596' title='bbox 2356 4314 2579 4367; x_wconf 89' lang='lat' dir='ltr'><strong>illorum</strong></span> <span class='ocrx_word' id='word_1_597' title='bbox 2602 4309 2922 4381; x_wconf 86' lang='lat' dir='ltr'><strong>scriptores,</strong></span> <span class='ocrx_word' id='word_1_598' title='bbox 2940 4325 3040 4381; x_wconf 91' lang='lat' dir='ltr'><strong>pro</strong></span> <span class='ocrx_word' id='word_1_599' title='bbox 3068 4309 3313 4380; x_wconf 89' lang='lat' dir='ltr'><strong>partium</strong></span> <span class='ocrx_word' id='word_1_600' title='bbox 3338 4299 3552 4388; x_wconf 39' lang='lat' dir='ltr'><strong>quisq“.e</strong></span> <span class='ocrx_word' id='word_1_601' title='bbox 3581 4291 3671 4388; x_wconf 45' lang='grc' dir='ltr'><strong>δίᾳ·</strong></span> 
     </span>
    </p>
   </div>
   <div class='ocr_carea' id='block_1_88' title="bbox 451 4380 3670 4479">
    <p class='ocr_par' dir='ltr' id='par_1_88' title="bbox 451 4380 3670 4479">
     <span class='ocr_line' id='line_1_88' title="bbox 451 4380 3670 4479; baseline -0.002 -26"><span class='ocrx_word' id='word_1_602' title='bbox 451 4405 881 4455; x_wconf 89' lang='lat' dir='ltr'><strong>monumentum</strong></span> <span class='ocrx_word' id='word_1_603' title='bbox 930 4380 1035 4455; x_wconf 81' lang='lat' dir='ltr'><strong>hoc</strong></span> <span class='ocrx_word' id='word_1_604' title='bbox 1080 4401 1288 4473; x_wconf 89' lang='lat' dir='ltr'><strong>publici</strong></span> <span class='ocrx_word' id='word_1_605' title='bbox 1339 4404 1486 4475; x_wconf 91' lang='lat' dir='ltr'><strong>juris</strong></span> <span class='ocrx_word' id='word_1_606' title='bbox 1526 4380 1755 4472; x_wconf 66' lang='lat' dir='ltr'><strong>faceret,</strong></span> <span class='ocrx_word' id='word_1_607' title='bbox 1800 4406 1883 4460; x_wconf 90' lang='lat' dir='ltr'><strong>uti</strong></span> <span class='ocrx_word' id='word_1_608' title='bbox 1928 4380 2225 4479; x_wconf 39' lang='lat' dir='ltr'><strong>ipseﬁdio</strong></span> <span class='ocrx_word' id='word_1_609' title='bbox 2246 4403 2488 4476; x_wconf 89' lang='lat' dir='ltr'><strong>plurima</strong></span> <span class='ocrx_word' id='word_1_610' title='bbox 2511 4403 2848 4456; x_wconf 86' lang='lat' dir='ltr'><strong>memorant.</strong></span> <span class='ocrx_word' id='word_1_611' title='bbox 2873 4380 2999 4470; x_wconf 80' lang='lat' dir='ltr'><strong>Ipse</strong></span> <span class='ocrx_word' id='word_1_612' title='bbox 3016 4397 3221 4452; x_wconf 88' lang='lat' dir='ltr'><strong>Bonizo</strong></span> <span class='ocrx_word' id='word_1_613' title='bbox 3238 4396 3293 4451; x_wconf 89' lang='lat' dir='ltr'><strong>in</strong></span> <span class='ocrx_word' id='word_1_614' title='bbox 3313 4380 3670 4479; x_wconf 43' lang='lat' dir='ltr'><strong>rebusAienl&#39;:</strong></span> 
     </span>
    </p>
   </div>
   <div class='ocr_carea' id='block_1_89' title="bbox 451 4465 3670 4564">
    <p class='ocr_par' dir='ltr' id='par_1_89' title="bbox 451 4465 3670 4564">
     <span class='ocr_line' id='line_1_89' title="bbox 451 4465 3670 4564; baseline -0.007 -22"><span class='ocrx_word' id='word_1_615' title='bbox 451 4492 695 4542; x_wconf 83' lang='lat' dir='ltr'><strong>testatur</strong></span> <span class='ocrx_word' id='word_1_616' title='bbox 739 4489 827 4542; x_wconf 89' lang='lat' dir='ltr'><strong>his</strong></span> <span class='ocrx_word' id='word_1_617' title='bbox 877 4488 1059 4544; x_wconf 90' lang='lat' dir='ltr'><strong>verbis</strong></span> <span class='ocrx_word' id='word_1_618' title='bbox 1080 4465 1116 4538; x_wconf 56' lang='grc' dir='ltr'><strong>ἐ</strong></span> <span class='ocrx_word' id='word_1_619' title='bbox 1167 4489 1278 4563; x_wconf 89' lang='lat'><strong>(30)</strong></span> <span class='ocrx_word' id='word_1_620' title='bbox 1312 4465 1360 4544; x_wconf 40' lang='lat' dir='ltr'><strong>av</strong></span> <span class='ocrx_word' id='word_1_621' title='bbox 1393 4494 1552 4563; x_wconf 89' lang='lat' dir='ltr'><strong>cujus</strong></span> <span class='ocrx_word' id='word_1_622' title='bbox 1605 4465 1874 4564; x_wconf 78' lang='lat' dir='ltr'><strong>postremi</strong></span> <span class='ocrx_word' id='word_1_623' title='bbox 1918 4465 2216 4549; x_wconf 77' lang='lat' dir='ltr'><strong>libriDdri</strong></span> <span class='ocrx_word' id='word_1_624' title='bbox 2246 4465 2321 4549; x_wconf 50' lang='lat'><strong>.11</strong></span> <span class='ocrx_word' id='word_1_625' title='bbox 2370 4491 2641 4563; x_wconf 86' lang='lat' dir='ltr'><strong>prolixam</strong></span> <span class='ocrx_word' id='word_1_626' title='bbox 2689 4465 3034 4542; x_wconf 75' lang='lat' dir='ltr'><strong>mentionem</strong></span> <span class='ocrx_word' id='word_1_627' title='bbox 3088 4486 3243 4550; x_wconf 84' lang='lat' dir='ltr'><strong>facit,</strong></span> <span class='ocrx_word' id='word_1_628' title='bbox 3280 4480 3376 4536; x_wconf 87' lang='lat' dir='ltr'><strong>sed</strong></span> <span class='ocrx_word' id='word_1_629' title='bbox 3402 4467 3670 4551; x_wconf 84' lang='lat' dir='ltr'><strong>uberiorem</strong></span> 
     </span>
    </p>
   </div>
   <div class='ocr_carea' id='block_1_90' title="bbox 455 4576 2046 4655">
    <p class='ocr_par' dir='ltr' id='par_1_90' title="bbox 455 4576 2046 4655">
     <span class='ocr_line' id='line_1_90' title="bbox 455 4576 2046 4655; baseline 0.006 -25"><span class='ocrx_word' id='word_1_630' title='bbox 455 4576 728 4647; x_wconf 78' lang='lat' dir='ltr'><strong>(epitomes</strong></span> <span class='ocrx_word' id='word_1_631' title='bbox 745 4579 990 4633; x_wconf 68' lang='lat' dir='ltr'><strong>historia:</strong></span> <span class='ocrx_word' id='word_1_632' title='bbox 1004 4583 1329 4649; x_wconf 76' lang='lat' dir='ltr'><strong>ponti/lcum</strong></span> <span class='ocrx_word' id='word_1_633' title='bbox 1351 4584 1773 4653; x_wconf 85' lang='lat' dir='ltr'><strong>Romanorum),</strong></span> <span class='ocrx_word' id='word_1_634' title='bbox 1794 4600 1921 4639; x_wconf 88' lang='lat' dir='ltr'><strong>cum</strong></span> <span class='ocrx_word' id='word_1_635' title='bbox 1944 4601 2046 4655; x_wconf 89' lang='lat' dir='ltr'><strong>ego</strong></span> 
     </span>
    </p>
   </div>
   <div class='ocr_carea' id='block_1_91' title="bbox 449 4666 2047 4738">
    <p class='ocr_par' dir='ltr' id='par_1_91' title="bbox 449 4666 2047 4738">
     <span class='ocr_line' id='line_1_91' title="bbox 449 4666 2047 4738; baseline 0.005 -19"><span class='ocrx_word' id='word_1_636' title='bbox 449 4681 806 4738; x_wconf 88' lang='lat' dir='ltr'><strong>summopere</strong></span> <span class='ocrx_word' id='word_1_637' title='bbox 856 4666 1051 4722; x_wconf 88' lang='lat' dir='ltr'><strong>avidus</strong></span> <span class='ocrx_word' id='word_1_638' title='bbox 1102 4671 1299 4736; x_wconf 81' lang='lat' dir='ltr'><strong>forem,</strong></span> <span class='ocrx_word' id='word_1_639' title='bbox 1330 4671 1579 4726; x_wconf 87' lang='lat' dir='ltr'><strong>intellexi</strong></span> <span class='ocrx_word' id='word_1_640' title='bbox 1625 4672 1852 4726; x_wconf 88' lang='lat' dir='ltr'><strong>tandem</strong></span> <span class='ocrx_word' id='word_1_641' title='bbox 1907 4672 2047 4727; x_wconf 89' lang='lat' dir='ltr'><strong>nihil</strong></span> 
     </span>
    </p>
   </div>
   <div class='ocr_carea' id='block_1_92' title="bbox 450 4755 2046 4834">
    <p class='ocr_par' dir='ltr' id='par_1_92' title="bbox 450 4755 2046 4834">
     <span class='ocr_line' id='line_1_92' title="bbox 450 4755 2046 4834; baseline 0.007 -26"><span class='ocrx_word' id='word_1_642' title='bbox 450 4755 604 4809; x_wconf 89' lang='lat' dir='ltr'><strong>aliud</strong></span> <span class='ocrx_word' id='word_1_643' title='bbox 627 4755 743 4810; x_wconf 89' lang='lat' dir='ltr'><strong>illic</strong></span> <span class='ocrx_word' id='word_1_644' title='bbox 771 4755 1042 4822; x_wconf 85' lang='lat' dir='ltr'><strong>exhiberi,</strong></span> <span class='ocrx_word' id='word_1_645' title='bbox 1070 4758 1178 4813; x_wconf 90' lang='lat' dir='ltr'><strong>nisi</strong></span> <span class='ocrx_word' id='word_1_646' title='bbox 1208 4777 1425 4816; x_wconf 89' lang='lat' dir='ltr'><strong>merum</strong></span> <span class='ocrx_word' id='word_1_647' title='bbox 1477 4760 1698 4816; x_wconf 89' lang='lat' dir='ltr'><strong>brevem</strong></span> <span class='ocrx_word' id='word_1_648' title='bbox 1729 4763 2046 4834; x_wconf 86' lang='lat' dir='ltr'><strong>catalogum</strong></span> 
     </span>
    </p>
   </div>
   <div class='ocr_carea' id='block_1_93' title="bbox 459 4843 2043 4921">
    <p class='ocr_par' dir='ltr' id='par_1_93' title="bbox 459 4843 2043 4921">
     <span class='ocr_line' id='line_1_93' title="bbox 459 4843 2043 4921; baseline 0.006 -23"><span class='ocrx_word' id='word_1_649' title='bbox 459 4843 844 4899; x_wconf 88' lang='lat' dir='ltr'><strong>Romanorum</strong></span> <span class='ocrx_word' id='word_1_650' title='bbox 876 4846 1229 4917; x_wconf 82' lang='lat' dir='ltr'><strong>pontiﬁcum,</strong></span> <span class='ocrx_word' id='word_1_651' title='bbox 1255 4850 1449 4921; x_wconf 88' lang='lat' dir='ltr'><strong>quales</strong></span> <span class='ocrx_word' id='word_1_652' title='bbox 1491 4850 1697 4906; x_wconf 91' lang='lat' dir='ltr'><strong>multos</strong></span> <span class='ocrx_word' id='word_1_653' title='bbox 1750 4851 2043 4920; x_wconf 82' lang='lat' dir='ltr'><strong>habemus,</strong></span> 
     </span>
    </p>
   </div>
   <div class='ocr_carea' id='block_1_94' title="bbox 450 4933 2046 5010">
    <p class='ocr_par' dir='ltr' id='par_1_94' title="bbox 450 4933 2046 5010">
     <span class='ocr_line' id='line_1_94' title="bbox 450 4933 2046 5010; baseline 0.006 -25"><span class='ocrx_word' id='word_1_654' title='bbox 450 4936 863 5005; x_wconf 89' lang='lat' dir='ltr'><strong>proptereaque</strong></span> <span class='ocrx_word' id='word_1_655' title='bbox 890 4933 962 4988; x_wconf 91' lang='lat' dir='ltr'><strong>ab</strong></span> <span class='ocrx_word' id='word_1_656' title='bbox 1008 4950 1074 4989; x_wconf 91' lang='lat' dir='ltr'><strong>eo</strong></span> <span class='ocrx_word' id='word_1_657' title='bbox 1103 4935 1255 4991; x_wconf 87' lang='lat' dir='ltr'><strong>ultra</strong></span> <span class='ocrx_word' id='word_1_658' title='bbox 1299 4938 1440 4992; x_wconf 86' lang='lat' dir='ltr'><strong>mihi</strong></span> <span class='ocrx_word' id='word_1_659' title='bbox 1490 4939 1842 5010; x_wconf 88' lang='lat' dir='ltr'><strong>procurando</strong></span> <span class='ocrx_word' id='word_1_660' title='bbox 1868 4940 2046 4996; x_wconf 86' lang='lat' dir='ltr'><strong>absti-</strong></span> 
     </span>
    </p>
   </div>
   <div class='ocr_carea' id='block_1_95' title="bbox 451 5036 636 5078">
    <p class='ocr_par' dir='ltr' id='par_1_95' title="bbox 451 5036 636 5078">
     <span class='ocr_line' id='line_1_95' title="bbox 451 5036 636 5078; baseline -0.005 0"><span class='ocrx_word' id='word_1_661' title='bbox 451 5036 571 5078; x_wconf 80' lang='grc' dir='ltr'><strong>ιιιιι.</strong></span> <span class='ocrx_word' id='word_1_662' title='bbox 609 5042 636 5077; x_wconf 71' lang='grc' dir='ltr'><strong>ι)</strong></span> 
     </span>
    </p>
   </div>
   <div class='ocr_carea' id='block_1_96' title="bbox 520 5112 2047 5189">
    <p class='ocr_par' dir='ltr' id='par_1_96' title="bbox 520 5112 2047 5189">
     <span class='ocr_line' id='line_1_96' title="bbox 520 5112 2047 5189; baseline 0.003 -21"><span class='ocrx_word' id='word_1_663' title='bbox 520 5112 814 5170; x_wconf 89' lang='lat' dir='ltr'><strong>Postrema</strong></span> <span class='ocrx_word' id='word_1_664' title='bbox 839 5115 1008 5171; x_wconf 87' lang='lat' dir='ltr'><strong>verba</strong></span> <span class='ocrx_word' id='word_1_665' title='bbox 1025 5117 1197 5188; x_wconf 89' lang='lat' dir='ltr'><strong>hujus</strong></span> <span class='ocrx_word' id='word_1_666' title='bbox 1216 5116 1490 5189; x_wconf 90' lang='lat' dir='ltr'><strong>epitomes</strong></span> <span class='ocrx_word' id='word_1_667' title='bbox 1518 5118 1635 5173; x_wconf 65' lang='lat' dir='ltr'><strong>haec</strong></span> <span class='ocrx_word' id='word_1_668' title='bbox 1663 5124 1795 5174; x_wconf 88' lang='lat' dir='ltr'><strong>sunt</strong></span> <span class='ocrx_word' id='word_1_669' title='bbox 1822 5137 1835 5171; x_wconf 91' lang='lat'><strong>:</strong></span> <span class='ocrx_word' id='word_1_670' title='bbox 1869 5137 1897 5172; x_wconf 73' lang='grc' dir='ltr'><strong><em>α</em></strong></span> <span class='ocrx_word' id='word_1_671' title='bbox 1926 5119 2047 5173; x_wconf 82' lang='lat' dir='ltr'><strong>llu-</strong></span> 
     </span>
    </p>
   </div>
   <div class='ocr_carea' id='block_1_97' title="bbox 447 5202 2046 5276">
    <p class='ocr_par' dir='ltr' id='par_1_97' title="bbox 447 5202 2046 5276">
     <span class='ocr_line' id='line_1_97' title="bbox 447 5202 2046 5276; baseline 0.002 -21"><span class='ocrx_word' id='word_1_672' title='bbox 447 5217 658 5273; x_wconf 90' lang='lat' dir='ltr'><strong>cusque</strong></span> <span class='ocrx_word' id='word_1_673' title='bbox 679 5202 951 5274; x_wconf 90' lang='lat' dir='ltr'><strong>incipiens</strong></span> <span class='ocrx_word' id='word_1_674' title='bbox 971 5219 1005 5256; x_wconf 89' lang='lat' dir='ltr'><strong>a</strong></span> <span class='ocrx_word' id='word_1_675' title='bbox 1020 5203 1185 5258; x_wconf 88' lang='lat' dir='ltr'><strong>beato</strong></span> <span class='ocrx_word' id='word_1_676' title='bbox 1205 5204 1375 5259; x_wconf 90' lang='lat' dir='ltr'><strong>Petro</strong></span> <span class='ocrx_word' id='word_1_677' title='bbox 1395 5205 1774 5276; x_wconf 86' lang='lat' dir='ltr'><strong>apostolorum</strong></span> <span class='ocrx_word' id='word_1_678' title='bbox 1795 5204 2046 5276; x_wconf 87' lang='lat' dir='ltr'><strong>principe</strong></span> 
     </span>
    </p>
   </div>
   <div class='ocr_carea' id='block_1_98' title="bbox 450 5291 2043 5365">
    <p class='ocr_par' dir='ltr' id='par_1_98' title="bbox 450 5291 2043 5365">
     <span class='ocr_line' id='line_1_98' title="bbox 450 5291 2043 5365; baseline 0.003 -20"><span class='ocrx_word' id='word_1_679' title='bbox 450 5305 631 5361; x_wconf 88' lang='lat' dir='ltr'><strong>usque</strong></span> <span class='ocrx_word' id='word_1_680' title='bbox 656 5291 726 5345; x_wconf 91' lang='lat' dir='ltr'><strong>ad</strong></span> <span class='ocrx_word' id='word_1_681' title='bbox 767 5298 963 5347; x_wconf 86' lang='lat' dir='ltr'><strong>nostra</strong></span> <span class='ocrx_word' id='word_1_682' title='bbox 990 5298 1248 5365; x_wconf 89' lang='lat' dir='ltr'><strong>tempora</strong></span> <span class='ocrx_word' id='word_1_683' title='bbox 1284 5294 1666 5349; x_wconf 86' lang='lat' dir='ltr'><strong>Romanorum</strong></span> <span class='ocrx_word' id='word_1_684' title='bbox 1714 5294 2043 5365; x_wconf 77' lang='lat' dir='ltr'><strong>pontificum</strong></span> 
     </span>
    </p>
   </div>
   <div class='ocr_carea' id='block_1_99' title="bbox 443 5379 2043 5456">
    <p class='ocr_par' dir='ltr' id='par_1_99' title="bbox 443 5379 2043 5456">
     <span class='ocr_line' id='line_1_99' title="bbox 443 5379 2043 5456; baseline 0.002 -22"><span class='ocrx_word' id='word_1_685' title='bbox 443 5386 570 5434; x_wconf 86' lang='lat' dir='ltr'><strong>acta</strong></span> <span class='ocrx_word' id='word_1_686' title='bbox 597 5379 991 5451; x_wconf 89' lang='lat' dir='ltr'><strong>compendiose</strong></span> <span class='ocrx_word' id='word_1_687' title='bbox 1040 5380 1397 5451; x_wconf 89' lang='lat' dir='ltr'><strong>digessimus,</strong></span> <span class='ocrx_word' id='word_1_688' title='bbox 1428 5387 1688 5456; x_wconf 89' lang='lat' dir='ltr'><strong>superest</strong></span> <span class='ocrx_word' id='word_1_689' title='bbox 1715 5397 1866 5435; x_wconf 89' lang='lat' dir='ltr'><strong>nunc</strong></span> <span class='ocrx_word' id='word_1_690' title='bbox 1892 5390 1953 5437; x_wconf 88' lang='lat' dir='ltr'><strong>ut</strong></span> <span class='ocrx_word' id='word_1_691' title='bbox 1973 5382 2043 5438; x_wconf 91' lang='lat' dir='ltr'><strong>de</strong></span> 
     </span>
    </p>
   </div>
   <div class='ocr_carea' id='block_1_100' title="bbox 446 5518 2042 5648">
    <p class='ocr_par' dir='ltr' id='par_1_100' title="bbox 446 5518 2042 5648">
     <span class='ocr_line' id='line_1_100' title="bbox 446 5518 2042 5648; baseline 0.003 -71"><span class='ocrx_word' id='word_1_692' title='bbox 446 5518 630 5648; x_wconf 49' lang='lat'><strong>592,30:</strong></span> <span class='ocrx_word' id='word_1_693' title='bbox 661 5521 859 5648; x_wconf 53' lang='grc' dir='ltr'><strong>ἰῗίιιὶει.</strong></span> <span class='ocrx_word' id='word_1_694' title='bbox 897 5521 1078 5579; x_wconf 71' lang='lat' dir='ltr'><strong>Italiae</strong></span> <span class='ocrx_word' id='word_1_695' title='bbox 1109 5522 1278 5579; x_wconf 72' lang='lat' dir='ltr'><strong>Medii</strong></span> <span class='ocrx_word' id='word_1_696' title='bbox 1309 5525 1411 5581; x_wconf 67' lang='lat' dir='ltr'><strong>aevi</strong></span> <span class='ocrx_word' id='word_1_697' title='bbox 1437 5524 1665 5582; x_wconf 85' lang='lat' dir='ltr'><strong>dissert.</strong></span> <span class='ocrx_word' id='word_1_698' title='bbox 1704 5539 1904 5592; x_wconf 83' lang='lat' dir='ltr'><strong>xxxvu,</strong></span> <span class='ocrx_word' id='word_1_699' title='bbox 1932 5525 2042 5581; x_wconf 92' lang='lat' dir='ltr'><strong>col.</strong></span> 
     </span>
    </p>
   </div>
   <div class='ocr_carea' id='block_1_101' title="bbox 554 5630 763 5658">
    <p class='ocr_par' dir='ltr' id='par_1_101' title="bbox 554 5630 763 5658">
     <span class='ocr_line' id='line_1_101' title="bbox 554 5630 763 5658; baseline 0.005 -12"><span class='ocrx_word' id='word_1_700' title='bbox 554 5630 570 5658; x_wconf 56' lang='grc' dir='ltr'><strong>ν</strong></span> <span class='ocrx_word' id='word_1_701' title='bbox 597 5630 636 5647; x_wconf 70' lang='grc' dir='ltr'><strong>υ.</strong></span> <span class='ocrx_word' id='word_1_702' title='bbox 661 5630 763 5648; x_wconf 69' lang='grc' dir='ltr'><strong>ιιι.</strong></span> 
     </span>
    </p>
   </div>
   <div class='ocr_carea' id='block_1_102' title="bbox 520 5658 2047 5741">
    <p class='ocr_par' dir='ltr' id='par_1_102' title="bbox 520 5658 2047 5741">
     <span class='ocr_line' id='line_1_102' title="bbox 520 5658 2047 5741; baseline 0.003 -21"><span class='ocrx_word' id='word_1_703' title='bbox 520 5658 630 5730; x_wconf 71' lang='grc'><strong>(31)</strong></span> <span class='ocrx_word' id='word_1_704' title='bbox 660 5663 723 5723; x_wconf 83' lang='grc' dir='ltr'><strong>Τ.</strong></span> <span class='ocrx_word' id='word_1_705' title='bbox 741 5664 815 5729; x_wconf 86' lang='lat' dir='ltr'><strong>II,</strong></span> <span class='ocrx_word' id='word_1_706' title='bbox 844 5682 901 5737; x_wconf 91' lang='lat' dir='ltr'><strong>p.</strong></span> <span class='ocrx_word' id='word_1_707' title='bbox 933 5666 1057 5731; x_wconf 77' lang='grc'><strong>744,</strong></span> <span class='ocrx_word' id='word_1_708' title='bbox 1091 5666 1214 5733; x_wconf 68' lang='grc'><strong>745,</strong></span> <span class='ocrx_word' id='word_1_709' title='bbox 1246 5666 1343 5730; x_wconf 77' lang='lat' dir='ltr'><strong>ubi</strong></span> <span class='ocrx_word' id='word_1_710' title='bbox 1367 5668 1580 5723; x_wconf 86' lang='lat' dir='ltr'><strong>mentio</strong></span> <span class='ocrx_word' id='word_1_711' title='bbox 1605 5668 1849 5739; x_wconf 79' lang='lat' dir='ltr'><strong>catalogi</strong></span> <span class='ocrx_word' id='word_1_712' title='bbox 1876 5668 2047 5741; x_wconf 77' lang='lat' dir='ltr'><strong>hujus</strong></span> 
     </span>
    </p>
   </div>
   <div class='ocr_carea' id='block_1_103' title="bbox 2130 4563 3665 4652">
    <p class='ocr_par' dir='ltr' id='par_1_103' title="bbox 2130 4563 3665 4652">
     <span class='ocr_line' id='line_1_103' title="bbox 2130 4563 3665 4652; baseline -0.015 -17"><span class='ocrx_word' id='word_1_713' title='bbox 2130 4582 2306 4636; x_wconf 88' lang='lat' dir='ltr'><strong>multo</strong></span> <span class='ocrx_word' id='word_1_714' title='bbox 2328 4580 2479 4635; x_wconf 87' lang='lat' dir='ltr'><strong>haud</strong></span> <span class='ocrx_word' id='word_1_715' title='bbox 2509 4577 2678 4633; x_wconf 91' lang='lat' dir='ltr'><strong>dubie</strong></span> <span class='ocrx_word' id='word_1_716' title='bbox 2704 4576 2761 4631; x_wconf 90' lang='lat' dir='ltr'><strong>in</strong></span> <span class='ocrx_word' id='word_1_717' title='bbox 2795 4592 2861 4630; x_wconf 92' lang='lat' dir='ltr'><strong>eo</strong></span> <span class='ocrx_word' id='word_1_718' title='bbox 2884 4575 3111 4647; x_wconf 89' lang='lat' dir='ltr'><strong>scripto,</strong></span> <span class='ocrx_word' id='word_1_719' title='bbox 3137 4591 3249 4645; x_wconf 88' lang='lat' dir='ltr'><strong>quo</strong></span> <span class='ocrx_word' id='word_1_720' title='bbox 3263 4566 3418 4625; x_wconf 90' lang='lat' dir='ltr'><strong>hodie</strong></span> <span class='ocrx_word' id='word_1_721' title='bbox 3432 4563 3665 4652; x_wconf 45' lang='lat' dir='ltr'><strong>carenluéi</strong></span> 
     </span>
    </p>
   </div>
   <div class='ocr_carea' id='block_1_104' title="bbox 2128 4650 3667 4740">
    <p class='ocr_par' dir='ltr' id='par_1_104' title="bbox 2128 4650 3667 4740">
     <span class='ocr_line' id='line_1_104' title="bbox 2128 4650 3667 4740; baseline -0.003 -15"><span class='ocrx_word' id='word_1_722' title='bbox 2128 4670 2355 4731; x_wconf 87' lang='lat' dir='ltr'><strong>fecerat,</strong></span> <span class='ocrx_word' id='word_1_723' title='bbox 2384 4668 2530 4740; x_wconf 89' lang='lat' dir='ltr'><strong>quod</strong></span> <span class='ocrx_word' id='word_1_724' title='bbox 2581 4667 2769 4738; x_wconf 89' lang='lat' dir='ltr'><strong>ipsum</strong></span> <span class='ocrx_word' id='word_1_725' title='bbox 2800 4665 2945 4719; x_wconf 91' lang='lat' dir='ltr'><strong>forte</strong></span> <span class='ocrx_word' id='word_1_726' title='bbox 3000 4679 3126 4718; x_wconf 91' lang='lat' dir='ltr'><strong>cum</strong></span> <span class='ocrx_word' id='word_1_727' title='bbox 3159 4660 3438 4734; x_wconf 81' lang='lat' dir='ltr'><strong>deplorata</strong></span> <span class='ocrx_word' id='word_1_728' title='bbox 3468 4650 3667 4740; x_wconf 41' lang='lat' dir='ltr'><strong>iam“?</strong></span> 
     </span>
    </p>
   </div>
   <div class='ocr_carea' id='block_1_105' title="bbox 2129 4730 3703 4827">
    <p class='ocr_par' dir='ltr' id='par_1_105' title="bbox 2129 4730 3703 4827">
     <span class='ocr_line' id='line_1_105' title="bbox 2129 4730 3703 4827; baseline -0.025 -12"><span class='ocrx_word' id='word_1_729' title='bbox 2129 4730 2374 4815; x_wconf 89' lang='lat' dir='ltr'><strong>auctoris</strong></span> <span class='ocrx_word' id='word_1_730' title='bbox 2388 4730 2562 4812; x_wconf 78' lang='lat' dir='ltr'><strong>nostri</strong></span> <span class='ocrx_word' id='word_1_731' title='bbox 2588 4730 2795 4827; x_wconf 73' lang='lat' dir='ltr'><strong>scripta</strong></span> <span class='ocrx_word' id='word_1_732' title='bbox 2815 4759 2985 4826; x_wconf 89' lang='lat' dir='ltr'><strong>caput</strong></span> <span class='ocrx_word' id='word_1_733' title='bbox 3011 4730 3314 4825; x_wconf 75' lang='lat' dir='ltr'><strong>proferant,</strong></span> <span class='ocrx_word' id='word_1_734' title='bbox 3338 4745 3469 4799; x_wconf 89' lang='lat' dir='ltr'><strong>bono</strong></span> <span class='ocrx_word' id='word_1_735' title='bbox 3499 4730 3664 4788; x_wconf 85' lang='lat' dir='ltr'><strong>eventu</strong></span> <span class='ocrx_word' id='word_1_736' title='bbox 3700 4822 3703 4825; x_wconf 21' lang='grc' dir='ltr'><strong>Ι</strong></span> 
     </span>
    </p>
   </div>
   <div class='ocr_carea' id='block_1_106' title="bbox 2128 4853 3629 4922">
    <p class='ocr_par' dir='ltr' id='par_1_106' title="bbox 2128 4853 3629 4922">
     <span class='ocr_line' id='line_1_106' title="bbox 2128 4853 3629 4922; baseline -0.002 -19"><span class='ocrx_word' id='word_1_737' title='bbox 2128 4853 2397 4918; x_wconf 86' lang='lat' dir='ltr'><strong>emerget.</strong></span> <span class='ocrx_word' id='word_1_738' title='bbox 3425 4918 3438 4922; x_wconf 92' lang='lat'><em>_</em></span> <span class='ocrx_word' id='word_1_739' title='bbox 3511 4911 3523 4922; x_wconf 39' lang='grc' dir='ltr'><strong><em>ο</em></strong></span> <span class='ocrx_word' id='word_1_740' title='bbox 3616 4901 3629 4922; x_wconf 43' lang='grc' dir='ltr'><em>ε</em></span> 
     </span>
    </p>
   </div>
   <div class='ocr_carea' id='block_1_107' title="bbox 2198 4914 3662 5005">
    <p class='ocr_par' dir='ltr' id='par_1_107' title="bbox 2198 4914 3662 5005">
     <span class='ocr_line' id='line_1_107' title="bbox 2198 4914 3662 5005; baseline -0.004 -14"><span class='ocrx_word' id='word_1_741' title='bbox 2198 4914 2331 4992; x_wconf 73' lang='lat' dir='ltr'><strong>Ant.</strong></span> <span class='ocrx_word' id='word_1_742' title='bbox 2377 4934 2580 5005; x_wconf 86' lang='lat' dir='ltr'><strong>Pagius</strong></span> <span class='ocrx_word' id='word_1_743' title='bbox 2631 4932 2848 4988; x_wconf 80' lang='lat' dir='ltr'><strong>Criticae</strong></span> <span class='ocrx_word' id='word_1_744' title='bbox 2903 4914 3593 5005; x_wconf 44' lang='lat' dir='ltr'><strong>Historico-Chi&#39;onoltlgi&quot;83</strong></span> 
     </span>
    </p>
   </div>
   <div class='ocr_carea' id='block_1_108' title="bbox 2128 4997 3663 5091">
    <p class='ocr_par' dir='ltr' id='par_1_108' title="bbox 2128 4997 3663 5091">
     <span class='ocr_line' id='line_1_108' title="bbox 2128 4997 3663 5091; baseline -0.02 -8"><span class='ocrx_word' id='word_1_745' title='bbox 2128 5027 2332 5082; x_wconf 83' lang='lat' dir='ltr'><strong>Annal.</strong></span> <span class='ocrx_word' id='word_1_746' title='bbox 2368 4997 2595 5080; x_wconf 60' lang='lat' dir='ltr'><strong>Beronii</strong></span> <span class='ocrx_word' id='word_1_747' title='bbox 2624 5027 2667 5077; x_wconf 91' lang='lat' dir='ltr'><strong>t.</strong></span> <span class='ocrx_word' id='word_1_748' title='bbox 2702 5021 2800 5091; x_wconf 75' lang='grc' dir='ltr'><strong>ιν,</strong></span> <span class='ocrx_word' id='word_1_749' title='bbox 2822 5020 2893 5075; x_wconf 89' lang='lat' dir='ltr'><strong>ad</strong></span> <span class='ocrx_word' id='word_1_750' title='bbox 2922 5036 3054 5075; x_wconf 89' lang='lat' dir='ltr'><strong>ann.</strong></span> <span class='ocrx_word' id='word_1_751' title='bbox 3110 5017 3266 5084; x_wconf 72' lang='grc'>1044,</span> <span class='ocrx_word' id='word_1_752' title='bbox 3306 5030 3358 5085; x_wconf 94' lang='lat' dir='ltr'><strong>p.</strong></span> <span class='ocrx_word' id='word_1_753' title='bbox 3389 5002 3484 5063; x_wconf 72' lang='grc'><strong>166</strong></span> <span class='ocrx_word' id='word_1_754' title='bbox 3518 4997 3564 5091; x_wconf 49' lang='grc' dir='ltr'><strong>ξ),</strong></span> 
     </span>
    </p>
   </div>
   <div class='ocr_carea' id='block_1_109' title="bbox 2130 5080 3657 5183">
    <p class='ocr_par' dir='ltr' id='par_1_109' title="bbox 2130 5080 3657 5183">
     <span class='ocr_line' id='line_1_109' title="bbox 2130 5080 3657 5183; baseline -0.003 -12"><span class='ocrx_word' id='word_1_755' title='bbox 2130 5118 2248 5171; x_wconf 89' lang='lat' dir='ltr'><strong>viro</strong></span> <span class='ocrx_word' id='word_1_756' title='bbox 2292 5132 2327 5170; x_wconf 91' lang='lat' dir='ltr'><strong>a</strong></span> <span class='ocrx_word' id='word_1_757' title='bbox 2354 5131 2414 5170; x_wconf 90' lang='lat' dir='ltr'><strong>se</strong></span> <span class='ocrx_word' id='word_1_758' title='bbox 2446 5111 2655 5183; x_wconf 86' lang='lat' dir='ltr'><strong>sagaci,</strong></span> <span class='ocrx_word' id='word_1_759' title='bbox 2705 5126 2906 5166; x_wconf 89' lang='lat' dir='ltr'><strong>nasum</strong></span> <span class='ocrx_word' id='word_1_760' title='bbox 2942 5109 3196 5164; x_wconf 91' lang='lat' dir='ltr'><strong>criticum</strong></span> <span class='ocrx_word' id='word_1_761' title='bbox 3242 5105 3490 5183; x_wconf 41' lang='lat' dir='ltr'><strong>praeter?</strong></span> <span class='ocrx_word' id='word_1_762' title='bbox 3510 5080 3657 5183; x_wconf 33' lang='lat' dir='ltr'><strong>ﬁm‘t’</strong></span> 
     </span>
    </p>
   </div>
   <div class='ocr_carea' id='block_1_110' title="bbox 2114 5179 3657 5279">
    <p class='ocr_par' dir='ltr' id='par_1_110' title="bbox 2114 5179 3657 5279">
     <span class='ocr_line' id='line_1_110' title="bbox 2114 5179 3657 5279; baseline 0.023 -34"><span class='ocrx_word' id='word_1_763' title='bbox 2114 5204 2446 5279; x_wconf 76' lang='lat' dir='ltr'><strong>.prodigium</strong></span> <span class='ocrx_word' id='word_1_764' title='bbox 2472 5179 2803 5256; x_wconf 68' lang='lat' dir='ltr'><strong>eruditionis</strong></span> <span class='ocrx_word' id='word_1_765' title='bbox 2831 5200 3216 5269; x_wconf 84' lang='lat' dir='ltr'><strong>Longueryus,</strong></span> <span class='ocrx_word' id='word_1_766' title='bbox 3248 5195 3323 5249; x_wconf 68' lang='lat' dir='ltr'><strong>ita</strong></span> <span class='ocrx_word' id='word_1_767' title='bbox 3348 5186 3427 5279; x_wconf 73' lang='lat' dir='ltr'><strong>d°_</strong></span> <span class='ocrx_word' id='word_1_768' title='bbox 3443 5179 3657 5279; x_wconf 35' lang='lat'><strong>308025:</strong></span> 
     </span>
    </p>
   </div>
   <div class='ocr_carea' id='block_1_111' title="bbox 2129 5253 3661 5361">
    <p class='ocr_par' dir='ltr' id='par_1_111' title="bbox 2129 5253 3661 5361">
     <span class='ocr_line' id='line_1_111' title="bbox 2129 5253 3661 5361; baseline -0.01 -11"><span class='ocrx_word' id='word_1_769' title='bbox 2129 5253 2425 5351; x_wconf 45' lang='lat' dir='ltr'><strong>becas‘iaone</strong></span> <span class='ocrx_word' id='word_1_770' title='bbox 2449 5291 2619 5361; x_wconf 85' lang='lat' dir='ltr'><strong>hujus</strong></span> <span class='ocrx_word' id='word_1_771' title='bbox 2666 5288 2843 5361; x_wconf 89' lang='lat' dir='ltr'><strong>ipsius</strong></span> <span class='ocrx_word' id='word_1_772' title='bbox 2889 5287 3142 5360; x_wconf 91' lang='lat' dir='ltr'><strong>opusculi</strong></span> <span class='ocrx_word' id='word_1_773' title='bbox 3169 5304 3182 5341; x_wconf 90' lang='lat'><strong>:</strong></span> <span class='ocrx_word' id='word_1_774' title='bbox 3214 5306 3236 5336; x_wconf 74' lang='grc' dir='ltr'><strong>ε</strong></span> <span class='ocrx_word' id='word_1_775' title='bbox 3269 5273 3545 5361; x_wconf 64' lang='lat' dir='ltr'><strong>lnscriptus</strong></span> 
     </span>
    </p>
   </div>
   <div class='ocr_carea' id='block_1_112' title="bbox 2125 5355 3656 5455">
    <p class='ocr_par' dir='ltr' id='par_1_112' title="bbox 2125 5355 3656 5455">
     <span class='ocr_line' id='line_1_112' title="bbox 2125 5355 3656 5455; baseline -0.013 -15"><span class='ocrx_word' id='word_1_776' title='bbox 2125 5386 2185 5440; x_wconf 89' lang='lat' dir='ltr'><strong>in</strong></span> <span class='ocrx_word' id='word_1_777' title='bbox 2206 5385 2500 5455; x_wconf 88' lang='lat' dir='ltr'><strong>Hugonem</strong></span> <span class='ocrx_word' id='word_1_778' title='bbox 2523 5355 2963 5446; x_wconf 76' lang='lat' dir='ltr'><strong>schismaticum,</strong></span> <span class='ocrx_word' id='word_1_779' title='bbox 2977 5378 3082 5433; x_wconf 91' lang='lat' dir='ltr'><strong>hoc</strong></span> <span class='ocrx_word' id='word_1_780' title='bbox 3115 5381 3202 5431; x_wconf 90' lang='lat' dir='ltr'><strong>est</strong></span> <span class='ocrx_word' id='word_1_781' title='bbox 3212 5376 3393 5429; x_wconf 74' lang='lat' dir='ltr'><strong>contra</strong></span> <span class='ocrx_word' id='word_1_782' title='bbox 3409 5355 3656 5424; x_wconf 69' lang='grc' dir='ltr'><strong>Ηυεοηθηι</strong></span> 
     </span>
    </p>
   </div>
   <div class='ocr_carea' id='block_1_113' title="bbox 2124 5516 3649 5624">
    <p class='ocr_par' dir='ltr' id='par_1_113' title="bbox 2124 5516 3649 5624">
     <span class='ocr_line' id='line_1_113' title="bbox 2124 5516 3649 5624; baseline 0 0"><span class='ocrx_word' id='word_1_783' title='bbox 2124 5521 2689 5624; x_wconf 54' lang='grc' dir='ltr'><strong>θηξξξέιέἒῖθέκεὶιὲηίί</strong></span> <span class='ocrx_word' id='word_1_784' title='bbox 2717 5519 3074 5624; x_wconf 56' lang='grc' dir='ltr'><strong>Ξτὲἕὲὲξέἑξέν</strong></span> <span class='ocrx_word' id='word_1_785' title='bbox 3093 5516 3248 5624; x_wconf 55' lang='grc' dir='ltr'><strong>ἒλὲιι</strong></span> <span class='ocrx_word' id='word_1_786' title='bbox 3277 5579 3463 5624; x_wconf 58' lang='lat' dir='ltr'><strong>mm.</strong></span> <span class='ocrx_word' id='word_1_787' title='bbox 3490 5576 3580 5624; x_wconf 75' lang='lat'><strong>1.0-</strong></span> <span class='ocrx_word' id='word_1_788' title='bbox 3603 5569 3649 5624; x_wconf 77' lang='grc' dir='ltr'><strong>ι»-</strong></span> 
     </span>
    </p>
   </div>
   <div class='ocr_carea' id='block_1_114' title="bbox 2125 5579 3580 5725">
    <p class='ocr_par' dir='ltr' id='par_1_114' title="bbox 2125 5579 3580 5724">
     <span class='ocr_line' id='line_1_114' title="bbox 2125 5579 3580 5724; baseline -0.043 -60"><span class='ocrx_word' id='word_1_789' title='bbox 2125 5579 2550 5724; x_wconf 37' lang='grc' dir='ltr'><strong>ᾧὲἷόἒγῖιίδὸιιο</strong></span> <span class='ocrx_word' id='word_1_790' title='bbox 2591 5596 2661 5652; x_wconf 89' lang='lat' dir='ltr'><strong>de</strong></span> <span class='ocrx_word' id='word_1_791' title='bbox 2688 5579 3074 5659; x_wconf 71' lang='lat' dir='ltr'><strong>sacramentis,</strong></span> <span class='ocrx_word' id='word_1_792' title='bbox 3095 5579 3251 5664; x_wconf 70' lang='lat' dir='ltr'><strong>&#39;apud</strong></span> <span class='ocrx_word' id='word_1_793' title='bbox 3277 5579 3463 5640; x_wconf 62' lang='lat' dir='ltr'><strong>Mum,</strong></span> <span class='ocrx_word' id='word_1_794' title='bbox 3490 5584 3521 5633; x_wconf 66' lang='grc' dir='ltr'><strong>ι,</strong></span> <span class='ocrx_word' id='word_1_795' title='bbox 3538 5579 3580 5614; x_wconf 74' lang='grc' dir='ltr'><strong>ο,</strong></span> 
     </span>
    </p>
   </div>
  </div>
