3912 6166
168 290 256 353 ιω
1168 295 1264 351 DE
1300 296 1472 353 VlTA
1507 296 1598 353 ET
1636 293 1961 352 SCRIPTIS
2000 293 2415 352 BONlZONIS.
3118 292 3121 299 ’
3330 289 3438 351 802

164 423 530 490 cognomento
554 417 1246 481 Candidum,cardinalem
1268 419 1661 492 presbyterum
1684 422 1749 478 Τ.
1767 419 1821 483 Α
1904 418 2133 475 Plenius
2155 419 2213 474 id
2234 419 2524 493 praestabit
2537 436 2680 494 opus
2706 417 3067 493 ipsum,quod
3084 416 3436 474 eruditorum

167 508 219 563 S.
270 508 582 563 Clementis
658 508 755 581 qui
793 525 941 563 anno
981 505 1109 565 lOGl
1146 515 1274 580 post
1300 508 1516 565 obitum
1546 510 1762 566 Nicolai
1843 508 2019 563 oculis
2046 507 2382 565 subductum
2412 514 2469 563 et
2496 511 2664 581 longa
2686 509 2964 564 oblivione
2993 506 3266 562 memoria
3293 506 3440 579 ipso-

166 612 316 669 papae
336 603 510 669 caput
532 603 593 652 et
617 596 1025 668 antesignanus
1054 597 1162 652 fuit
1196 614 1392 652 eorum
1424 599 1521 671 qui
1552 616 1758 655 novum
1843 614 1970 652 rum
2001 604 2342 670 exemptum,
2390 615 2587 670 parum
2635 598 2814 653 abfuit
2851 597 2988 668 quin
3046 595 3169 668 ipso
3213 596 3331 649 fere
3381 595 3441 649 in

167 686 480 758 pontiﬁcem
508 687 826 741 Romanum
859 704 972 743 non
1018 688 1126 744 nisi
1155 689 1410 743 consulto
1448 694 1506 743 et
1531 705 1762 744 consen-
1843 694 2008 758 portu
2034 688 2389 758 naufragium
2412 687 2703 743 faceret.E
2730 686 3063 741 bibliotheca
3083 684 3233 739 enim
3253 683 3438 749 Boica,

164 777 335 831 tiente
372 776 513 848 imp.
540 775 781 831 Henrico
830 776 905 831 IV
951 776 1256 833 creandum
1293 794 1417 833 esse
1455 778 1760 833 contende-
1845 774 1941 829 ubi
1995 775 2207 830 latebat
2234 781 2292 831 et
2317 776 2544 831 fallebat
2570 776 2796 846 ignotus
2843 775 3033 837 codex,
3078 773 3137 827 in
3194 770 3440 827 hominis

166 870 316 920 runt.
350 882 378 918 ι
1846 864 2049 935 privati
2076 864 2471 920 bibliothecam
2495 865 2864 936 (superﬂuam
2894 864 3057 917 luxus
3086 867 3144 916 et
3176 859 3439 932 potentia:

907 954 1004 1009 VI.
1846 954 2270 1025 supellectilem)
2303 954 2612 1019 traductus,
2657 970 2692 1008 a
2734 957 2915 1007 morte
2945 952 3087 1021 ejus,
3127 950 3186 1004 in
3226 948 3434 1021 angulo

672 1045 829 1098 Liber
855 1045 929 1098 ad
955 1046 1235 1099 Amicum.
1847 1043 2089 1116 quodam
2123 1043 2349 1098 familiae
2375 1042 2756 1097 herciscundae
2804 1040 3157 1096 commodum
3188 1045 3436 1110 tempus,

230 1132 318 1186 Ita
356 1148 489 1186 eum
539 1131 809 1203 indigitat
850 1132 972 1204 ipse
1020 1132 1225 1187 Bonizo
1255 1132 1315 1187 in
1350 1133 1461 1188 ﬁne
1490 1132 1763 1205 epitomes
1844 1133 2024 1187 donec
2043 1132 2114 1186 ad
2150 1131 2490 1187 bractearios
2522 1131 2650 1197 iret,
2682 1130 3129 1203 praestolabatur,
3155 1129 3290 1183 dum
3320 1138 3439 1181 ma-

171 1220 421 1275 Historiae
452 1221 768 1293 pontiﬁciae,
786 1237 1064 1276 canonum
1084 1222 1397 1277 collectioni
1426 1240 1461 1277 a
1489 1238 1550 1277 se
1580 1238 1764 1276 susce-
1844 1239 1980 1277 num
2011 1223 2251 1277 ducente
2270 1222 2525 1277 Minerva
2550 1222 2607 1278 in
2628 1239 2757 1276 eum
2774 1220 2971 1275 incidit
2996 1219 3078 1273 vir
3101 1217 3439 1273 reverendus

169 1316 283 1379 ptas,
309 1309 367 1362 in
386 1309 574 1365 codice
595 1310 1016 1365 Vindobonensi
1038 1312 1399 1383 praeﬁxaEst
1413 1317 1605 1366 autem
1622 1329 1763 1384 opus
1844 1316 1900 1366 et
1924 1311 2280 1383 gravioribus
2323 1327 2481 1383 aeque
2523 1327 2587 1365 ac
2641 1308 3040 1365 amoenioribus
3076 1307 3301 1372 litteris,
3333 1322 3436 1378 pro

168 1398 308 1452 istud
330 1398 567 1469 insigne,
599 1399 788 1470 ipsum
817 1399 960 1454 illud
990 1399 1139 1471 quod
1161 1416 1228 1454 ex
1258 1399 1602 1455 membranis
1635 1400 1761 1455 Boi-
1842 1401 2117 1455 natalium
2140 1405 2199 1454 et
2216 1399 2459 1455 instituti
2488 1399 2766 1470 dignitate
2794 1396 3261 1453 instructissimus
3274 1396 3443 1451 Joan-

169 1486 256 1549 cis,
282 1504 484 1542 novem
506 1486 680 1543 libros
703 1488 1026 1560 complexis,
1064 1489 1229 1543 modo
1258 1488 1316 1543 in
1336 1490 1517 1545 lucem
1538 1495 1760 1561 protra-
1843 1506 1944 1545 nes
1974 1489 2352 1545 Edelweckius
2381 1489 2633 1543 clericor.
2692 1506 2810 1559 reg.
2862 1488 2933 1543 Ι).
2978 1485 3236 1557 Cajetani
3280 1484 3433 1557 apud

168 1576 783 1647 himus.Argumentum
797 1578 1041 1633 breviter
1051 1577 1131 1632 ita
1140 1577 1498 1633 adumbravit
1517 1579 1723 1634 Bonizo
1740 1597 1754 1632 ε

175 1684 196 1715 ι
226 1664 501 1720 Caeterum
527 1664 575 1719 si
605 1665 732 1737 quis
758 1666 829 1720 de
857 1666 1256 1738 Theophilacto
1281 1668 1760 1740 Tusculano,qua-

170 1753 287 1808 liter
300 1753 504 1808 Joanni
529 1754 808 1810 sacerdoti
823 1755 1070 1810 vendidit
1090 1762 1378 1829 papatum,
1404 1763 1461 1811 et
1481 1758 1762 1829 quomodo

171 1859 271 1896 uno
298 1843 611 1914 eodemque
634 1848 889 1915 tempore
906 1844 1359 1916 The0phylactus
1377 1850 1435 1899 et
1454 1846 1761 1917 Gregorius

172 1936 223 1985 et
247 1932 527 2002 Sylvester
546 1932 867 1995 Romanum
895 1949 1007 1988 non
1023 1934 1311 2004 regebant,
1338 1935 1438 1989 sed
1466 1934 1764 1990 vastabant

173 2020 567 2091 pontiﬁcatum,
620 2027 680 2077 et
725 2022 969 2093 qualiter
1022 2021 1302 2078 Henricus
1353 2040 1470 2089 rex,
1521 2023 1764 2079 Conradi

174 2109 327 2175 ﬁlius,
359 2111 673 2165 Romanam
704 2110 1006 2165 Ecclesiam
1036 2128 1070 2165 a
1097 2111 1304 2166 talibus
1345 2112 1594 2184 pestibus
1622 2112 1762 2168 libe-

173 2199 320 2261 ravit,
354 2215 567 2270 gnarus
603 2216 726 2254 esse
761 2200 1020 2262 voluerit,
1053 2200 1204 2272 legat
1231 2200 1435 2256 librum
1474 2218 1643 2273 quem
1672 2202 1763 2257 di-

174 2288 327 2354 ctavi,
355 2289 449 2360 qui
478 2288 810 2343 inscribitur
854 2290 943 2346 Ad
969 2291 1263 2353 Amicum;
1305 2296 1375 2349 et,
1405 2290 1482 2344 ibi
1515 2290 1763 2345 inveniet

176 2376 280 2431 haec
297 2378 691 2433 onlinabiliter
705 2395 827 2433 esse
851 2379 1091 2449 digesta.
1115 2379 1370 2434 Inveniet
1388 2384 1598 2443 autem,
1613 2386 1671 2434 et
1686 2379 1765 2434 ibi

174 2482 307 2537 papa
341 2466 600 2522 Clemens
619 2467 830 2522 electus
841 2467 1084 2539 qualiter
1097 2467 1194 2535 sit,
1222 2468 1532 2541 qualiterve
1560 2468 1768 2524 Henri-

1842 1596 1945 1634 nos
1972 1578 2297 1650 degentium
2333 1583 2457 1633 tum
2498 1577 2850 1651 praepositus,
2876 1575 2971 1647 qui
3009 1576 3307 1647 profugum
3337 1577 3440 1628 aut

1777 1694 1825 1755 Β
1843 1673 2068 1740 raptum
2102 1668 2327 1723 familiae
2353 1667 2618 1755 restituit.

1916 1757 2103 1812 Codex
2136 1757 2255 1828 ipse
2287 1742 2748 1833 membranaceus
2794 1759 2882 1809 est
2927 1754 2986 1809 in
3027 1758 3226 1825 quarta
3267 1767 3438 1823 quam

1842 1852 2043 1900 vocant
2089 1846 2269 1900 forma
2315 1839 2494 1917 eaque
2523 1845 2739 1899 minore
2768 1849 2826 1899 et
2872 1860 2999 1898 vere
3044 1841 3338 1914 quadrata.
3375 1841 3440 1895 In

1844 1934 2176 1990 Bavaricam
2227 1952 2294 1989 ex
2324 1934 2693 1989 Schedeliana
2731 1933 2981 1998 transiit,
3022 1930 3189 1986 toties
3219 1947 3253 1984 a
3280 1928 3442 1983 nobis

1854 2024 2541 2095 memorataAntiquioris
2551 2022 2765 2078 domini
2782 2023 3000 2078 nullum
3023 2021 3101 2076 ibi
3120 2018 3440 2090 vestigium,

1844 2114 1903 2169 in
1936 2113 2152 2185 postico
2177 2128 2366 2167 assere
2412 2112 2471 2167 in
2518 2112 2787 2166 schedula
2824 2109 3196 2182 agglutinata,
3241 2107 3443 2162 chara-

1844 2207 1995 2256 ctere
2023 2218 2188 2274 quem
2218 2206 2419 2256 vocant
2436 2201 2746 2256 monastico
2774 2198 2981 2271 legitur
3004 2216 3017 2252 :
3051 2200 3285 2253 Libellus
3304 2195 3444 2250 Boni

1861 2292 2080 2357 Thom's,
2121 2295 2171 2344 et
2215 2294 2289 2345 est
2322 2289 2595 2345 Glu'om'ca
2623 2306 2659 2343 a
2690 2288 3054 2343 Constantino
3109 2300 3297 2354 usque,
3331 2287 3439 2338 etc.

1918 2380 1984 2435 In
2031 2378 2217 2434 antico
2249 2395 2380 2433 vero
2428 2376 2782 2433 forinsecus:
2834 2377 3084 2432 Historia
3122 2373 3443 2429 Bom‘thom's

1855 2468 2134 2525 Sutrfens.
2187 2470 2347 2536 θρίω.
2391 2468 2454 2521 dc
2480 2468 2853 2536 persecutione
2890 2465 3155 2519 Ecclesia.
3200 2462 3438 2532 Adjecta

183 2571 273 2609 cus
300 2573 397 2609 rex
424 2555 735 2627 imperator
783 2556 855 2610 ab
905 2556 1102 2611 eodem
1147 2556 1440 2612 ordinatus
1485 2557 1579 2623 sit,
1612 2563 1670 2612 et
1695 2558 1765 2613 de
1853 2564 1988 2612 nota
2029 2554 2202 2612 veteri
2231 2555 2577 2611 bibliotheca:
2624 2555 2763 2611 Stat.
2797 2555 2906 2619 VII,
2941 2569 3100 2606 num.
3132 2564 3223 2606 LIV
3246 2552 3316 2620 A,
3346 2549 3443 2621 qui

177 2643 411 2698 Damaso
437 2644 558 2715 ejus
587 2662 909 2700 successore
931 2646 1139 2717 quotin
1153 2652 1365 2718 papatu
1385 2647 1607 2702 duxerit
1621 2647 1759 2711 dies,
1851 2645 2010 2712 ordo,
2038 2644 2372 2700 bibliotheca
2395 2661 2462 2698 ex
2489 2641 3049 2698 arteTaufkirchensi
3080 2638 3442 2695 monachium

173 2739 224 2785 et
249 2733 316 2787 de
343 2734 609 2804 praeclaro
637 2735 842 2795 Leone.
876 2735 1012 2805 quid
1042 2735 1101 2790 in
1134 2742 1344 2807 papatu
1388 2735 1593 2807 egerit,
1623 2753 1765 2807 qua-
1847 2734 1918 2788 ab
1966 2733 2199 2788 Albi-rte
2230 2733 2526 2798 translata,
2558 2736 2750 2803 postea
2777 2729 3128 2792 immutatus,
3160 2725 3445 2781 codicibus

174 2821 359 2876 literve
387 2822 557 2877 vitam
589 2822 817 2888 ﬁnierit,
849 2828 907 2878 et
933 2824 1003 2878 de
1038 2824 1257 2879 Victore
1280 2826 1405 2896 ejus
1434 2841 1759 2880 successore
1843 2822 2026 2877 adhuc
2075 2822 2250 2877 lueret
2299 2821 2493 2875 illitus.
2545 2820 2725 2874 Hodie
2767 2819 2918 2873 inter
2972 2817 3095 2872 cod.
3155 2832 3261 2870 ms.
3314 2814 3443 2870 Lat.

174 2911 296 2982 quid
323 2912 524 2983 egerit,
565 2918 663 2967 aut
693 2912 828 2984 quid
858 2915 981 2984 ejus
1008 2913 1358 2985 temporibus
1399 2931 1606 2969 novum
1633 2930 1760 2969 eve-
1845 2928 2004 2967 num.
2040 2925 2242 2965 Dcxvm
2270 2910 2526 2981 signatus
2551 2916 2658 2964 est.
2690 2908 2817 2980 Ipse
2849 2907 3022 2961 codex
3058 2906 3443 2961 characterem

174 3000 335 3067 nerit;
366 3009 425 3055 et
452 3001 523 3055 de
561 3002 845 3073 Stephano
877 3002 1167 3057 Godefridi
1196 3003 1355 3058 ducis
1385 3019 1678 3074 germano,
1707 3008 1823 3074 et“
1847 3000 2035 3055 saeculi
2073 2999 2393 3054 duodecimi
2448 2998 2529 3053 ita
2576 2996 2844 3068 graphice
2879 2996 3070 3056 refert,
3110 3000 3174 3049 ut
3219 2991 3445 3065 paradi-

174 3090 410 3159 qualiter
437 3091 561 3161 ejus
588 3090 934 3163 temporibus
954 3094 1190 3147 Patarea
1215 3092 1364 3163 apud
1384 3080 1826 3147 Mediolanum“
1850 3089 2058 3162 gmatis
2086 3090 2207 3143 loco
2232 3088 2313 3143 rei
2345 3086 2718 3160 diplomaticze
2745 3085 3041 3158 tyronibus
3058 3100 3193 3161 ,esse
3220 3080 3395 3154 possit
3429 3097 3440 3133 :

175 3184 354 3232 exorta
376 3184 502 3244 est;
533 3183 592 3233 et
620 3179 691 3233 de
711 3180 943 3235 Nicolao
974 3197 1122 3252 papa
1144 3186 1201 3236 et
1227 3180 1298 3235 de
1335 3180 1434 3235 lite
1466 3196 1635 3252 quam
1664 3180 1769 3234 ha-
1849 3180 2051 3234 litterae
2115 3177 2384 3249 capitales
2447 3175 2612 3231 hodie
2668 3174 2891 3236 rubent.
2963 3174 3064 3228 sed
3118 3172 3178 3227 in
3241 3169 3446 3244 quibus

175 3265 289 3322 buit
309 3285 438 3323 cum
472 3267 771 3323 Benedicto
798 3269 1080 3330 invasere.
1114 3275 1172 3325 et
1199 3270 1333 3341 quid
1370 3270 1552 3341 egerit
1577 3270 1635 3325 in
1664 3286 1767 3342 pa-
1848 3267 2085 3338 vestigia
2103 3266 2345 3337 argenti,
2377 3282 2487 3337 quo
2509 3265 2747 3319 inductae
2773 3263 3017 3327 fuerant,
3056 3260 3242 3315 adhuc
3270 3257 3447 3314 mani-

173 3361 320 3425 patu,
351 3361 412 3411 et
439 3355 512 3410 de
539 3356 855 3411 Alexandro
887 3374 1051 3429 papa,
1076 3364 1135 3413 et
1162 3357 1232 3412 de
1261 3358 1542 3429 litequam
1567 3357 1769 3412 habuit
1847 3357 2010 3412 festa.
2036 3357 2116 3413 De
2144 3371 2312 3427 opere
2343 3354 2462 3426 ipso
2492 3353 2631 3408 nihil
2660 3358 2747 3407 est
2777 3351 2925 3424 quod
2957 3354 3089 3405 ante
3118 3347 3281 3403 dictis
3305 3345 3446 3418 adji-

173 3460 289 3499 cum
313 3445 528 3500 Cadolo
573 3444 878 3501 Parmense
909 3452 968 3501 et
994 3447 1064 3501 de
1094 3447 1216 3517 ejus
1243 3447 1495 3514 victoria,
1547 3451 1606 3501 et
1630 3446 1766 3518 quid
1849 3446 2011 3501 ciam.
2044 3447 2268 3501 Testem
2319 3450 2639 3516 temporum
2671 3441 2897 3496 illorum
2934 3455 3145 3495 novum
3175 3436 3443 3509 produco,

176 3533 346 3602 egerit
368 3534 427 3588 in
454 3540 664 3606 papatu
694 3540 751 3589 et
769 3535 839 3588 de
862 3536 985 3606 ejus
1011 3536 1140 3601 ﬁne,
1172 3541 1230 3591 et
1258 3535 1328 3591 de
1357 3536 1597 3608 septimo
1629 3536 1766 3590 Gre-
1850 3551 1921 3589 an
1961 3539 2019 3589 et
2060 3533 2351 3588 veritatis?
2373 3533 2413 3588 ii
2440 3531 2791 3587 arbitrantur
2817 3530 2914 3602 qui
2958 3534 3207 3584 veterum
3239 3526 3443 3599 elogia,

175 3621 325 3690 gorio
348 3630 408 3677 et
434 3623 509 3677 de
529 3623 647 3692 ejus
676 3623 967 3689 electione,
1001 3630 1060 3679 et
1105 3625 1175 3679 de
1201 3624 1314 3679 vita
1338 3626 1461 3695 ejus
1509 3630 1569 3680 et
1595 3625 1773 3679 mori-
1852 3640 1977 3679 cum
2008 3628 2264 3678 recenter
2288 3621 2523 3694 repertis
2552 3620 2889 3675 testimoniis
2934 3618 3242 3673 conferent.
3274 3618 3453 3671 Notas

175 3708 291 3775 bus,
322 3717 383 3766 et
410 3712 657 3783 qualiter
693 3713 765 3767 ad
811 3713 989 3767 altare
1020 3714 1246 3768 Domini
1290 3714 1349 3768 in
1392 3714 1687 3768 nativitate
1736 3731 1772 3769 a
1853 3729 1965 3767 non
1995 3712 2170 3783 adjeci
2195 3712 2364 3783 idque
2379 3710 2634 3765 consulto
2656 3727 2727 3764 ne
2750 3709 2888 3763 mihi
2916 3724 3125 3779 coquos
3142 3705 3455 3777 iniquiores

176 3798 368 3854 Gentio
396 3801 517 3855 viro
545 3801 758 3856 crudeli
801 3808 998 3873 captus
1028 3802 1121 3869 sit,
1148 3807 1206 3857 et
1235 3820 1301 3857 eo
1329 3802 1421 3857 die
1458 3803 1558 3857 Dei
1586 3803 1773 3874 gratia
1856 3801 2150 3857 redderem
2200 3817 2369 3872 quam
2405 3799 2680 3865 convivas,
2715 3805 2773 3853 et
2811 3815 2934 3869 quae
2982 3812 3205 3851 summa
3233 3794 3454 3850 consilii

174 3887 463 3953 liberatus,
504 3895 561 3943 et
580 3889 649 3943 de
677 3890 881 3944 Werra
910 3907 1080 3961 quam
1112 3890 1385 3945 sustinuit
1410 3891 1484 3945 ab
1531 3891 1773 3947 Henrico
1854 3891 1980 3956 fuit,
2013 3895 2241 3962 propter
2281 3889 2589 3960 jusculum,
2623 3888 2829 3960 piscem
2859 3887 3091 3959 perdere
3135 3884 3325 3940 nolui:
3359 3901 3451 3939 re-

172 3974 534 4048 imperatore,
579 3984 637 4032 et
664 3978 735 4033 de
764 3979 1163 4045 controversia,
1214 3996 1384 4052 quam
1426 3980 1625 4035 habuit
1646 3997 1775 4035 cum
1856 3986 2076 4034 contem
2134 3977 2365 4049 praebui,
2414 3978 2513 4032 alii
2557 3976 2841 4031 condiant.
2888 3976 3098 4030 Rerum
3155 3974 3452 4029 Boicarum

177 4064 451 4132 Wiberto,
480 4072 540 4121 et
564 4067 633 4121 de
661 4068 949 4136 aerumnis.
976 4084 1117 4140 quas
1144 4069 1432 4135 sustinuit,
1458 4074 1516 4124 et
1544 4070 1614 4124 de
1632 4068 1779 4124 obsi-
1857 4066 2224 4140 scriptoribus
2252 4066 2425 4121 inseri
2456 4084 2490 4121 a
2535 4083 2624 4121 me
2668 4064 3030 4129 Bonizonem,
3062 4063 3110 4117 si
3157 4063 3254 4134 qui
3287 4065 3457 4116 erunt

173 4154 339 4210 dione
368 4155 612 4211 civitatis
640 4162 699 4212 et
726 4174 851 4223 sua,
885 4158 1250 4228 etqualitera
1279 4157 1548 4214 Rotberto
1572 4158 1778 4213 Roma-
1860 4156 1957 4229 qui
1976 4155 2317 4226 vitilitigent,
2337 4172 2433 4210 eos
2452 4155 2679 4227 quidem
2702 4154 2900 4224 dignos
2921 4169 3034 4207 non
3053 4152 3233 4206 habeo
3265 4150 3457 4204 adver-

173 4258 373 4299 norum
394 4245 535 4299 duce
552 4245 628 4300 sit
641 4245 935 4309 liberatus,
966 4252 1025 4301 et
1045 4247 1289 4318 qualiter
1304 4246 1468 4303 beato
1488 4248 1601 4302 ﬁne
1616 4247 1778 4319 quie-

170 4332 335 4395 verit.
360 4334 650 4405 aptissime
672 4334 978 4391 declarata.
1007 4355 1034 4389 ι
1058 4337 1191 4391 Haec
1220 4337 1445 4401 Bonizo,
1460 4352 1584 4408 quae
1608 4334 1777 4391 verba

173 4421 372 4476 exinde
424 4423 759 4494 deprompta
807 4430 999 4479 exacte
1026 4425 1233 4497 repetit
1260 4425 1563 4480 Baroniani
1587 4424 1775 4496 operis

176 4510 418 4582 insignis
445 4510 857 4567 commentator
885 4513 1110 4584 Pagius,
1143 4519 1201 4569 et
1231 4530 1386 4569 more
1416 4530 1520 4569 suo
1548 4512 1778 4569 insertis

178 4600 326 4654 notis
357 4601 609 4656 illustrat
638 4605 754 4661 (loc.
773 4604 915 4673 cz't.),
941 4602 1013 4657 ad
1034 4619 1173 4674 quas
1192 4603 1459 4659 lectorem
1488 4603 1778 4658 remittere

176 4688 401 4759 placet;
436 4695 712 4762 quantum
742 4696 933 4746 autem
961 4692 1204 4763 pretium
1235 4692 1503 4748 statuerit
1528 4692 1623 4746 ille
1656 4691 1778 4763 ipse

177 4785 677 4834 monumentorum
708 4779 958 4836 historiae
986 4781 1374 4837 ecclesiasticae
1401 4780 1608 4854 probus
1628 4781 1781 4836 msti-

176 4873 387 4935 mator,
440 4883 507 4922 ex
559 4868 741 4924 verbis
793 4869 997 4940 quibus
1042 4870 1327 4941 jacturam
1356 4870 1477 4941 ejus
1523 4870 1783 4942 deplorat

174 4954 341 5011 facile
363 4956 707 5028 colligimus.
743 4976 771 5010 ε(
796 4958 1072 5023 Profecto,
1102 4960 1376 5014 exclamat
1400 4958 1516 5028 ille,
1549 4957 1784 5030 periisse

174 5061 333 5117 opus,
351 5045 507 5117 quod
529 5046 824 5102 annalibus
853 5047 1243 5103 ecclesiasticis
1272 5047 1576 5102 maximam
1603 5048 1784 5103 lucem

176 5133 477 5189 etfudisset
504 5150 864 5206 summopere
901 5136 1223 5192 dolendum.
1256 5136 1386 5192 Haec
1412 5141 1601 5191 tamen
1629 5136 1783 5191 sufﬁ-

176 5222 339 5277 ciunt
392 5222 465 5276 ad
517 5222 918 5280 declarandum
966 5231 1240 5298 quantum
1283 5225 1332 5281 is
1368 5225 1438 5281 de
1469 5223 1636 5281 rebus
1675 5225 1782 5280 hoc

175 5316 441 5383 tempore
466 5312 658 5369 Romae
683 5313 857 5386 gestis
877 5314 1108 5373 edoctus
1135 5315 1325 5373 fuerit.
1350 5333 1380 5371 ι

1858 4262 1955 4300 sus
1975 4261 2115 4317 quos
2144 4243 2522 4299 maximorum
2552 4243 2796 4297 virorum
2821 4240 2995 4313 (quod
3023 4240 3251 4313 possim)
3274 4254 3458 4293 exem-

1863 4335 1956 4406 plo
1986 4351 2076 4388 me
2096 4339 2291 4401 tuear;
2329 4332 2469 4388 mihi
2497 4337 2647 4387 certe
2675 4335 2892 4397 auctor,
2904 4330 3177 4384 hactenus
3203 4327 3458 4400 deplora-

1861 4429 1973 4491 tus,
2005 4422 2101 4494 qui
2128 4438 2242 4477 non
2270 4421 2633 4477 Germanicas
2661 4421 2843 4475 solum
2872 4437 2987 4481 res,
3025 4434 3222 4474 verum
3255 4416 3457 4471 Boicas

1861 4527 2084 4584 quoque
2114 4510 2374 4583 plurimis
2421 4511 2479 4565 in
2523 4509 2660 4564 locis
2686 4509 3017 4573 illustraret,
3050 4506 3098 4562 si
3126 4506 3238 4562 alia
3266 4504 3460 4561 omnia

1860 4600 2052 4656 desint
2082 4602 2220 4671 (quo
2260 4599 2483 4654 abunde
2510 4606 2702 4653 tamen
2731 4596 3051 4669 supersunt)
3091 4594 3459 4667 dignissimus

1861 4690 2015 4746 visus
2031 4693 2137 4748 est.
2169 4688 2264 4761 qui
2296 4688 2479 4761 prima
2495 4704 2719 4760 quaque
2741 4703 2852 4741 non
2872 4687 3006 4741 data
3027 4690 3249 4740 tantum
3263 4701 3460 4740 verum

1863 4780 2034 4836 etiam
2062 4783 2293 4850 arrepta
2320 4777 2610 4832 occasione
2639 4776 2940 4843 ederetur;
2981 4775 3132 4847 quod
3179 4790 3247 4829 ea
3285 4773 3463 4829 conti-

1863 4873 2014 4934 neat,
2052 4888 2075 4919 ι
2111 4884 2235 4939 quae
2275 4866 2370 4938 qui
2399 4868 2571 4936 legat,
2602 4881 2715 4919 non
2742 4865 2983 4920 multum
3012 4862 3295 4919 desideret
3332 4879 3462 4919 con-

1863 4960 2072 5012 textam
2092 4954 2387 5010 historiam
2418 4953 2642 5009 illorum
2671 4958 3024 5025 temporum;
3056 4951 3136 5007 sic
3166 4951 3318 5006 enim
3345 4968 3463 5007 om-

1866 5045 1963 5101 nia
1990 5045 2060 5099 de
2089 5042 2290 5099 studiis
2323 5042 2663 5115 principum.
2693 5041 2842 5097 vitiis
2870 5042 3100 5104 ducum.
3134 5039 3463 5095 mutationi-

1860 5134 1966 5190 bus
2004 5132 2321 5205 reipublicze
2366 5132 2679 5204 perscripta
2706 5135 2857 5197 sunt,
2892 5136 2956 5186 ut
2982 5129 3123 5184 nihil
3161 5129 3221 5183 in
3252 5127 3330 5207 iis
3347 5143 3461 5182 non

1862 5227 2132 5297 appareat
2156 5222 2353 5295 (Nepos
2382 5223 2449 5276 de
2477 5224 2636 5293 epist.
2672 5221 2948 5278 Ciceronis
2971 5221 3045 5273 ad
3072 5219 3361 5287 Atticum).
