3912 6166
473 308 619 390 δόθ’
1488 333 1886 393 BONIZONIS
1923 337 2054 392 PLA

2142 334 2357 391 :NTINI
2395 334 2743 391 EPISCOPI.
2768 310 2773 315 ’
3590 320 3701 399 θοι

1413 613 2779 795 BONIZONIS

1272 890 1728 952 SUTRIENSIS
1775 892 2112 967 PRIMUM,
2165 894 2466 953 POSTEA
2507 894 2978 956 PLACENTINI

475 458 3664 495 mm

1954 1056 2198 1099 EPISCOPI

966 1203 1705 1373 LIBER
1884 1206 2181 1359 Al)
2350 1207 3251 1383 AMICUM

2031 1418 2166 1464 SIVE

1080 1562 1252 1684 DE
1335 1560 2352 1686 PERSECUTIONE
2436 1567 3108 1691 ECCLESI/E

1630 1796 2024 1879 LIBRI
2104 1797 2621 1883 NOVEM

474 1967 650 2025 Nunc
693 1963 966 2045 primum
1011 1980 1044 2023 c
1091 1961 1308 2055 codice
1350 1963 1756 2062 membraneo
1802 1964 1986 2025 unico
2030 1966 2426 2062 bibliothecae
2473 1969 2788 2062 quondam
2834 1968 3306 2062 Schedelianze,’
3327 1967 3502 2030 hodie
3527 1968 3692 2027 Bava-

1220 2042 1388 2118 ricae,
1439 2043 1772 2121 descripsit
1813 2050 2001 2124 atque
2047 2046 2242 2106 edidit
2286 2042 2567 2108 Andreas
2612 2051 2781 2110 Felix
2829 2050 3127 2111 OEFELIUS

1900 2323 2322 2436 INCIPIT

1071 2521 1347 2600 llBER
1424 2522 1942 2617 Βοηιζοκιε
2022 2526 2054 2604 ε

2156 2523 2618 2619 τκιεκειε
2700 2526 3149 2615 ειηεῠοιη,

1403 2686 1539 2757 QUI
1584 2688 2092 2753 INSCRIBITUR
2135 2688 2250 2750 AD
2290 2688 2646 2781 Ala/CUM
2685 2694 2806 2770 (33)

841 2923 1110 2979 INCIPIT
1145 2926 1367 2980 LIBER
1404 2927 1691 2984 PRIMUS.
2085 2937 2131 2993 Α
2155 2937 2212 2986 et
2241 2933 2289 2986 si
2313 2949 2484 3003 super
2503 2934 2738 2988 ﬂumina
2754 2934 2978 3004 quidem
3000 2934 3262 2989 sedentes
3287 2935 3481 2988 ﬂentes
3500 2931 3701 3002 irrigua!

2149 3037 2261 3075 non
2290 3023 2662 3087 delectantur,
2693 3024 2751 3077 in
2805 3022 3067 3077 salicibus
3109 3025 3459 3094 suspendunt
3498 3032 3692 3090 organa.

2149 3116 2205 3164 et
2230 3127 2343 3164 non
2371 3118 2603 3165 cantant
2631 3112 2909 3166 canticum
2938 3114 2993 3166 in
3026 3119 3182 3166 terra
3208 3114 3408 3175 aliena,
3435 3112 3525 3166 sed
3551 3109 3611 3163 ad
3630 3106 3704 3159 Je-

2147 3205 2391 3257 rusalem
2423 3194 2740 3275 suspirant;
2777 3212 2833 3260 et
2863 3207 2988 3260 ideo
3019 3206 3169 3260 beati
3200 3207 3297 3277 qui
3342 3206 3569 3260 allidunt
3594 3216 3701 3272 par-

2146 3293 2303 3346 vulos
2324 3294 2391 3346 ad
2420 3301 2659 3364 petram,
2680 3294 2796 3347 ﬁlia
2821 3302 3009 3349 autem
3032 3295 3334 3365 Babylonis
3362 3288 3702 3369 mis'era(Psal.

2146 3398 2377 3441 cxxxvn.
2442 3382 2533 3436 Sic
2584 3382 2848 3437 Hebrzeus
2891 3384 2985 3437 ille
3016 3384 3245 3454 quidem
3284 3385 3400 3438 Hur
3425 3398 3527 3436 non
3553 3377 3706 3435 tenuit

2145 3469 2555 3532 Chaldaeorum.
2591 3469 2886 3525 Babilonio
2919 3488 3028 3526 non
3061 3473 3288 3527 servivit
3333 3472 3516 3533 fastui,
3546 3469 3607 3523 ad
3633 3467 3707 3521 Je-

2149 3559 2390 3612 rusalem
2413 3576 2542 3614 vero
2568 3561 2821 3614 tedendit
2850 3561 3261 3615 Melchisedech
3287 3560 3551 3623 videlicet,
3576 3562 3624 3610 et
3647 3554 3701 3607 ab

2149 3664 2213 3701 eo
2243 3648 2571 3703 benedictus
2596 3649 2666 3703 ab
2719 3650 3119 3720 Omnipotente
3152 3669 3177 3701 (ί
3232 3656 3396 3722 pater
3438 3649 3705 3703 multarum

2144 3738 2398 3806 gentium
2427 3756 2448 3787 ι
2479 3738 2794 3809 appellatus
2828 3745 2915 3792 est
2957 3740 3101 3801 (Gen.
3132 3753 3270 3803 xvn,
3310 3740 3386 3809 4).
3414 3737 3565 3801 Quod
3593 3734 3699 3787 vero

2147 3826 2419 3895 scriptum
2451 3832 2537 3879 est
2568 3844 2593 3877 ς(
2620 3827 2760 3881 duos
2792 3827 2936 3881 filios
2958 3826 3243 3883 habuisse.
3264 3844 3440 3881 unum
3460 3826 3525 3879 de
3541 3820 3709 3897 ancilla

2146 3918 2205 3966 et
2232 3930 2411 3967 unum
2440 3915 2511 3968 de
2542 3914 2736 3979 libera,
2767 3916 2980 3969 scilicet
3008 3916 3103 3987 qui
3124 3916 3196 3971 de
3224 3916 3430 3971 ancilla
3442 3911 3709 3969 secundum

2146 4017 2393 4066 carnem,
2447 4004 2543 4073 qui
2573 4010 2762 4057 autem
2799 4005 2870 4058 de
2916 4004 3089 4058 libera
3121 4021 3224 4075 per
3255 4002 3708 4076 repromissionem

2143 4091 2289 4160 (Gal.
2325 4106 2401 4154 ιν,
2428 4089 2517 4151 22,
2548 4091 2661 4159 ‘23);
2706 4093 2804 4162 qui
2835 4100 2969 4148 sunt
2992 4093 3103 4147 duo
3124 4094 3341 4165 pepuli,
3375 4109 3517 4147 unus
3543 4088 3711 4145 Catho-

2146 4178 2399 4241 licorum,
2433 4180 2578 4233 alter
2598 4197 2725 4233 vero
2754 4181 3166 4247 haereticorum,
3193 4184 3343 4237 sicut
3368 4189 3499 4236 tunc
3527 4178 3611 4250 qui
3638 4191 3709 4228 se-

2143 4267 2386 4321 cundum
2410 4284 2637 4323 carnem
2669 4270 3112 4341 persequebatur
3135 4288 3270 4326 eum
3305 4271 3401 4343 qui
3434 4267 3705 4325 secundum

2140 4354 2399 4426 spiritum
2443 4359 2624 4425 (Ibid.,
2681 4358 2787 4424 2:9);
2836 4360 2918 4413 ita
2953 4366 3009 4414 et
3041 4376 3209 4414 nunc.
3246 4360 3407 4416 Unde
3435 4360 3563 4413 dicit
3587 4351 3710 4408 Scri-

2140 4452 2309 4515 ptura
2340 4462 2351 4496 :
2406 4462 2433 4497 ¢
2467 4446 2615 4515 Ejice
2645 4447 2907 4500 ancillam
2940 4456 2997 4502 et
3040 4449 3219 4503 tilium
3264 4449 3414 4519 ejus.
3458 4456 3561 4500 Aec
3587 4442 3711 4498 enim

2136 4532 2317 4587 haeres
2347 4534 2454 4587 erit
2484 4534 2632 4589 ﬁlius
2663 4536 2878 4590 ancillae
2901 4553 3027 4590 cum
3045 4537 3158 4591 ﬁlio
3178 4538 3373 4592 liberae
3390 4538 3564 4600 (Ibid.,
3589 4532 3710 4593 30).!

2137 4623 2334 4692 Itaque
2361 4624 2501 4678 Sara
2527 4625 2808 4680 clamante
2835 4626 2905 4680 ad
2935 4626 3217 4680 Abraham
3250 4627 3466 4697 Angela
3496 4625 3711 4678 interce-

2142 4712 2328 4777 dente,
2365 4710 2568 4767 Ismael
2597 4731 2663 4769 ex
2695 4716 3083 4786 persecutione
3127 4716 3533 4777 exhaeredatur,
3579 4711 3711 4766 Isaac

2140 4816 2270 4854 vero
2300 4802 2631 4857 haereditate
2672 4804 2915 4858 donatur
2945 4806 3095 4871 (Gem.
3145 4798 3278 4873 χχι).
3309 4804 3447 4859 Ecce
3474 4802 3578 4856 alia
3609 4813 3715 4870 per-

2141 4890 2549 4962 secutio,quam
2580 4893 2738 4948 Isaac
2766 4894 3008 4948 sustinet
3027 4894 3385 4965 patienter.F
3387 4892 3503 4947 odit
3524 4895 3714 4961 puteos,

2142 4993 2282 5047 quos
2328 4987 2460 5033 ante
2490 4978 2708 5034 foderat
2737 4988 2897 5053 pater
2924 4984 3067 5052 ejus,
3108 4982 3329 5037 invenit
3376 4994 3593 5052 aquam,
3630 4987 3713 5046 pro

2138 5080 2247 5133 qua
2277 5066 2443 5121 rixati
2481 5076 2613 5121 sunt
2661 5070 2929 5140 Allophili
2966 5071 3112 5135 ίθεη.
3150 5084 3304 5133 xxvr,
3342 5071 3428 5136 I9,
3463 5067 3570 5139 ‘20).
3604 5066 3712 5120 Non

2135 5156 2484 5225 repugnavit,
2549 5158 2828 5227 patienter
2868 5150 3159 5223 Sustinuit,
3214 5159 3469 5230 quandin
3528 5150 3714 5211 invenit

2132 5241 2535 5298 abundantiam
2566 5240 2627 5300 'et
2664 5264 2763 5317 per
2789 5247 3194 5303 abundantiam
3230 5248 3450 5301 veniret
3494 5245 3560 5300 ad
3592 5240 3708 5297 Ber-

2131 5329 2264 5383 sabe
2282 5332 2466 5398 (Ibid,
2497 5332 2713 5401 32,33),
2744 5352 2868 5405 quae
2899 5343 3101 5406 puteus
3121 5336 3401 5406 septimus
3424 5342 3480 5389 et
3508 5330 3704 5403 requies

2140 5418 2561 5491 interpretatur,
2596 5423 2718 5476 luce
2744 5423 2947 5478 clarius
2962 5425 3380 5483 demonstrans,
3406 5440 3529 5478 cum
3550 5434 3713 5493 perse-

2136 5509 2291 5564 cutio
2314 5509 2386 5564 ab
2412 5511 2500 5566 his
2531 5513 2626 5583 qui
2652 5512 2790 5567 foris
2818 5521 2949 5567 sunt
2976 5513 3136 5567 nobis
3161 5511 3423 5580 infertur,
3440 5506 3708 5566 tolerando

539 3064 752 3129 Quaeris
777 3084 812 3121 a
831 3084 938 3132 me,
963 3068 1187 3122 unicum
1221 3086 1253 3122 a
1274 3070 1635 3127 tribulatione
1674 3089 1799 3143 quae
1825 3072 2065 3128 circum-

467 3151 625 3207 dedit
644 3172 731 3207 me
765 3155 1109 3225 praesidium,
1135 3158 1268 3227 quid
1304 3168 1389 3213 est
1418 3162 1564 3231 quod
1599 3163 1700 3214 hac
1730 3168 2064 3231 tempestate

465 3248 650 3295 mater
678 3243 944 3307 Ecclesia,
977 3246 1033 3298 in
1062 3244 1226 3298 terris
1250 3247 1452 3315 posita,
1497 3265 1728 3319 gemens
1759 3250 1966 3304 clamat
1994 3251 2066 3305 ad

465 3329 788 3388 Dominum.
816 3349 918 3386 nec
949 3334 1245 3387 exauditur
1287 3336 1358 3389 ad
1405 3344 1615 3400 votum,
1659 3339 1934 3408 premitur
1962 3358 2065 3398 nec

464 3416 755 3483 liberatur,
808 3420 1020 3495 ﬁliique
1050 3421 1380 3478 obedientiae
1412 3432 1469 3479 et
1501 3426 1651 3496 pacis
1693 3429 1885 3497 jacent
1930 3448 2061 3501 pro-

465 3500 648 3571 strati,
667 3507 766 3560 lilii
782 3514 969 3562 autem
997 3508 1174 3563 Belial
1195 3513 1477 3568 exsultant
1492 3531 1621 3568 cum
1638 3533 1769 3588 rege
1786 3535 1906 3583 suo,
1927 3537 2062 3589 prm-

465 3593 659 3647 sertim
689 3612 814 3650 cum
848 3598 943 3667 qui
974 3598 1263 3670 dispensat
1282 3602 1488 3663 omnia,
1515 3604 1631 3675 ipse
1651 3605 1726 3660 sit
1741 3607 2067 3677 quijudicat

463 3682 748 3759 aequitate.
771 3686 868 3740 Est
898 3694 955 3741 et
983 3688 1135 3743 aliud
1168 3690 1315 3744 unde
1338 3692 1408 3745 de
1430 3694 1711 3749 veteribus
1740 3704 2064 3752 sanctorum

463 3756 696 3843 Patrum
726 3776 993 3846 exemplis
1023 3794 1057 3831 a
1080 3795 1169 3831 me
1201 3780 1346 3849 petis
1376 3783 1790 3849 auctoritatem,
1810 3785 1858 3839 si
1884 3786 2057 3852 licuit,

463 3863 529 3912 ut
556 3859 708 3924 licet,
740 3863 1061 3919 Christiano
1092 3884 1193 3936 pro
1237 3868 1500 3939 dogmate
1530 3873 1703 3927 armis
1751 3874 2058 3929 decertare.

462 3945 676 4010 Quibus
705 3954 815 4005 tua:
868 3953 1072 4008 mentis
1103 3954 1560 4013 ﬂuctuationibus
1610 3960 1656 4015 si
1704 3978 1900 4016 aurem
1938 3962 2063 4017 sani

460 4035 642 4117 cordis
673 4022 1016 4107 adhibueris,
1050 4042 1210 4099 facile
1240 4048 1689 4117 respondebitur,
1707 4056 1827 4104 tum
1852 4053 1983 4123 quia
2005 4052 2062 4106 in

458 4110 725 4208 promptu
752 4128 913 4184 nobis
940 4136 1046 4189 est,
1071 4136 1195 4185 tum
1214 4110 1349 4203 quia
1370 4135 1473 4189 hoc
1496 4110 1748 4208 tempore
1774 4110 1912 4194 mihi
1933 4141 2064 4195 scri-

457 4212 590 4268 bere
615 4200 718 4270 hoc
752 4218 907 4271 valde
935 4219 1112 4274 visum
1143 4228 1228 4274 est
1248 4225 1627 4280 necessarium
1670 4228 1851 4297 Igitur
1866 4229 1935 4283 de
1958 4229 2059 4284 Dei
2081 4213 2127 4273 B

455 4290 846 4361 misericordia
876 4309 1193 4381 conlisi,qui
1222 4311 1444 4383 linguas
1474 4314 1777 4370 infantium
1812 4318 2058 4373 disertas

456 4390 610 4471 facit,
644 4394 970 4469 adoriamur
999 4415 1340 4454 sermonem.
1622 4394 1625 4397 ’
1943 4393 1947 4397 ’

530 4480 712 4535 Mater
735 4475 999 4551 Ecclesia,
1042 4504 1165 4558 quae
1195 4506 1423 4543 sursum
1474 4496 1561 4546 est
1591 4509 1694 4548 nec
1724 4496 1898 4571 servit
1922 4514 2050 4571 cum

459 4566 588 4620 ﬁliis
618 4558 771 4645 suis,
810 4568 932 4626 tum
963 4566 1203 4630 maxime
1250 4578 1542 4647 liberatur,
1580 4598 1707 4637 cum
1736 4568 2049 4654 premitur;

458 4648 594 4709 tunc
621 4657 862 4714 maxime
891 4660 1107 4729 crescit,
1141 4681 1268 4719 cum
1317 4652 1618 4726 minuitur.
1675 4658 1854 4727 Nemo
1904 4673 2055 4729 enim

459 4732 699 4799 cdelestis
725 4749 881 4817 regni
898 4749 1037 4805 Abel
1064 4753 1305 4808 concivis
1333 4772 1453 4811 esse
1476 4758 1797 4827 merebitur,
1825 4763 1931 4817 nisi
1963 4762 2059 4834 qui

456 4831 516 4885 in
545 4822 806 4909 praesenti
837 4837 973 4893 Cain
1008 4841 1227 4895 malitia
1255 4844 1324 4919 ad
1356 4862 1592 4914 puerum
1640 4849 1938 4906 limaverit.
1969 4852 2059 4906 Sic

456 4911 647 5003 Enoch
673 4922 940 4999 prebatus
974 4918 1232 5004 repertus
1267 4957 1288 4989 ι
1324 4911 1522 5009 raptus
1561 4947 1666 5009 est,
1718 4960 1789 4998 ne
1840 4945 2058 4999 malitia

453 5020 702 5106 mutaret
720 5014 1008 5076 cor‘suum
1039 5023 1189 5101 (Sep.
1227 5012 1305 5089 Iv,
1340 5027 1441 5089 ll).
1479 5046 1505 5080 ι
1531 5028 1623 5083 Sic
1648 5016 1789 5105 Noe,
1821 5034 2055 5107 humani

446 5086 674 5187 generis
688 5116 1109 5183 reparator,per
1130 5121 1423 5170 sexcentos
1447 5116 1621 5172 ferme
1644 5123 2051 5197 annos,quibus

450 5186 639 5248 abhis
667 5192 762 5271 qui
806 5186 867 5271 se
903 5197 1116 5268 injuste
1146 5204 1563 5281 maculaverant
1610 5193 2049 5285 commutatione

449 5281 631 5335 multa
647 5300 1098 5355 perpessuscum
1122 5276 1288 5344 domo
1305 5309 1409 5346 sua
1431 5295 1641 5347 mundo
1663 5297 1879 5352 vindice
1900 5316 2047 5369 aqua

447 5376 751 5436 pereunte,
783 5370 926 5426 liber
964 5375 1157 5429 evasit.
1190 5377 1348 5441 Quod
1396 5380 1442 5432 si
1473 5380 1574 5434 ﬁlii
1603 5375 1911 5439 Jerusalem
1943 5387 2047 5440 ali-

450 5458 676 5526 quando
697 5459 904 5531 captivi
927 5460 1469 5531 detinentur,tamen
1491 5484 1605 5523 non
1625 5473 2057 5555 serviunt,quod

521 5594 628 5664 (33)
652 5598 784 5654 Haec
800 5602 1010 5660 litteris
1028 5609 1335 5679 argenteis.
