  <div class='ocr_page' id='page_1' title='image "/cluster/home/n/w/nwhite01/storage/ocr_20150623/150/hvd.32044054760087/408.png"; bbox 0 0 3912 6166; ppageno 0'>
   <div class='ocr_carea' id='block_1_1' title="bbox 213 332 317 401">
    <p class='ocr_par' dir='ltr' id='par_1_1' title="bbox 213 332 317 401">
     <span class='ocr_line' id='line_1_1' title="bbox 213 332 317 401; baseline 0 0"><span class='ocrx_word' id='word_1_1' title='bbox 213 332 317 401; x_wconf 67' lang='lat' dir='ltr'>8B5</span> 
     </span>
    </p>
   </div>
   <div class='ocr_carea' id='block_1_2' title="bbox 1314 326 2460 391">
    <p class='ocr_par' dir='ltr' id='par_1_2' title="bbox 1314 326 2460 391">
     <span class='ocr_line' id='line_1_2' title="bbox 1314 326 2460 391; baseline 0.002 -2"><span class='ocrx_word' id='word_1_2' title='bbox 1314 332 1533 389; x_wconf 83' lang='lat' dir='ltr'><strong>LIBER</strong></span> <span class='ocrx_word' id='word_1_3' title='bbox 1571 332 1667 387; x_wconf 84' lang='lat' dir='ltr'>AD</span> <span class='ocrx_word' id='word_1_4' title='bbox 1702 331 2017 391; x_wconf 78' lang='lat' dir='ltr'>AMICU‘M.</span> <span class='ocrx_word' id='word_1_5' title='bbox 2066 330 2210 390; x_wconf 83' lang='lat' dir='ltr'>LIB.</span> <span class='ocrx_word' id='word_1_6' title='bbox 2258 326 2373 391; x_wconf 59' lang='lat' dir='ltr'>II.</span> <span class='ocrx_word' id='word_1_7' title='bbox 2449 326 2460 334; x_wconf 72' lang='grc'><em>’</em></span> 
     </span>
    </p>
   </div>
   <div class='ocr_carea' id='block_1_3' title="bbox 3355 317 3471 396">
    <p class='ocr_par' dir='ltr' id='par_1_3' title="bbox 3355 317 3471 396">
     <span class='ocr_line' id='line_1_3' title="bbox 3355 317 3471 396; baseline 0 -73"><span class='ocrx_word' id='word_1_8' title='bbox 3355 317 3471 396; x_wconf 67' lang='lat'>80.6.</span> 
     </span>
    </p>
   </div>
   <div class='ocr_carea' id='block_1_4' title="bbox 213 454 3473 538">
    <p class='ocr_par' dir='ltr' id='par_1_4' title="bbox 213 454 3473 538">
     <span class='ocr_line' id='line_1_4' title="bbox 213 454 3473 538; baseline 0.002 -23"><span class='ocrx_word' id='word_1_9' title='bbox 213 460 619 519; x_wconf 77' lang='lat' dir='ltr'>devinceadam.</span> <span class='ocrx_word' id='word_1_10' title='bbox 633 460 774 515; x_wconf 84' lang='lat' dir='ltr'>Cum</span> <span class='ocrx_word' id='word_1_11' title='bbox 803 475 933 514; x_wconf 92' lang='lat' dir='ltr'>vero</span> <span class='ocrx_word' id='word_1_12' title='bbox 964 460 1034 514; x_wconf 90' lang='lat' dir='ltr'>ab</span> <span class='ocrx_word' id='word_1_13' title='bbox 1054 459 1144 514; x_wconf 85' lang='lat' dir='ltr'>his</span> <span class='ocrx_word' id='word_1_14' title='bbox 1174 460 1270 530; x_wconf 87' lang='lat' dir='ltr'>qui</span> <span class='ocrx_word' id='word_1_15' title='bbox 1290 460 1444 515; x_wconf 89' lang='lat' dir='ltr'>intus</span> <span class='ocrx_word' id='word_1_16' title='bbox 1464 464 1597 514; x_wconf 90' lang='lat' dir='ltr'>sunt</span> <span class='ocrx_word' id='word_1_17' title='bbox 1624 476 1796 513; x_wconf 84' lang='lat' dir='ltr'>evan-</span> <span class='ocrx_word' id='word_1_18' title='bbox 1811 458 1861 517; x_wconf 83' lang='lat' dir='ltr'><strong>A</strong></span> <span class='ocrx_word' id='word_1_19' title='bbox 1880 459 2051 514; x_wconf 86' lang='lat' dir='ltr'>debat</span> <span class='ocrx_word' id='word_1_20' title='bbox 2063 460 2358 532; x_wconf 84' lang='lat' dir='ltr'>exemplis.</span> <span class='ocrx_word' id='word_1_21' title='bbox 2378 454 2662 532; x_wconf 65' lang='lat' dir='ltr'>Precipue</span> <span class='ocrx_word' id='word_1_22' title='bbox 2688 463 2975 516; x_wconf 78' lang='lat' dir='ltr'>Romanus</span> <span class='ocrx_word' id='word_1_23' title='bbox 3005 461 3473 538; x_wconf 87' lang='lat' dir='ltr'>Christianusque</span> 
     </span>
    </p>
   </div>
   <div class='ocr_carea' id='block_1_5' title="bbox 212 549 1797 623">
    <p class='ocr_par' dir='ltr' id='par_1_5' title="bbox 212 549 1797 623">
     <span class='ocr_line' id='line_1_5' title="bbox 212 549 1797 623; baseline -0.003 -19"><span class='ocrx_word' id='word_1_24' title='bbox 212 551 381 623; x_wconf 85' lang='lat' dir='ltr'>gelica</span> <span class='ocrx_word' id='word_1_25' title='bbox 407 550 547 604; x_wconf 83' lang='lat' dir='ltr'><strong>falce</strong></span> <span class='ocrx_word' id='word_1_26' title='bbox 573 550 732 620; x_wconf 87' lang='lat' dir='ltr'>prius</span> <span class='ocrx_word' id='word_1_27' title='bbox 769 549 1181 611; x_wconf 88' lang='lat' dir='ltr'>succidendam,</span> <span class='ocrx_word' id='word_1_28' title='bbox 1230 556 1286 603; x_wconf 90' lang='lat' dir='ltr'>et</span> <span class='ocrx_word' id='word_1_29' title='bbox 1315 556 1509 621; x_wconf 87' lang='lat' dir='ltr'>postea</span> <span class='ocrx_word' id='word_1_30' title='bbox 1538 549 1797 603; x_wconf 88' lang='lat' dir='ltr'>omnibus</span> 
     </span>
    </p>
   </div>
   <div class='ocr_carea' id='block_1_6' title="bbox 213 637 1799 702">
    <p class='ocr_par' dir='ltr' id='par_1_6' title="bbox 213 637 1799 702">
     <span class='ocr_line' id='line_1_6' title="bbox 213 637 1799 702; baseline -0.002 -9"><span class='ocrx_word' id='word_1_31' title='bbox 213 640 410 694; x_wconf 89' lang='lat' dir='ltr'>viribus</span> <span class='ocrx_word' id='word_1_32' title='bbox 435 645 494 693; x_wconf 90' lang='lat' dir='ltr'>et</span> <span class='ocrx_word' id='word_1_33' title='bbox 510 638 685 693; x_wconf 87' lang='lat' dir='ltr'>armis</span> <span class='ocrx_word' id='word_1_34' title='bbox 696 637 1106 692; x_wconf 88' lang='lat' dir='ltr'>debellandam.</span> <span class='ocrx_word' id='word_1_35' title='bbox 1129 638 1286 702; x_wconf 87' lang='lat' dir='ltr'>Quod</span> <span class='ocrx_word' id='word_1_36' title='bbox 1319 639 1521 691; x_wconf 88' lang='lat' dir='ltr'>melius</span> <span class='ocrx_word' id='word_1_37' title='bbox 1544 638 1799 691; x_wconf 88' lang='lat' dir='ltr'>ostende-</span> 
     </span>
    </p>
   </div>
   <div class='ocr_carea' id='block_1_7' title="bbox 216 727 1799 798">
    <p class='ocr_par' dir='ltr' id='par_1_7' title="bbox 216 727 1799 798">
     <span class='ocr_line' id='line_1_7' title="bbox 216 727 1799 798; baseline -0.003 -15"><span class='ocrx_word' id='word_1_38' title='bbox 216 747 331 783; x_wconf 90' lang='lat' dir='ltr'>mus</span> <span class='ocrx_word' id='word_1_39' title='bbox 356 727 650 798; x_wconf 83' lang='lat' dir='ltr'>exemplis;</span> <span class='ocrx_word' id='word_1_40' title='bbox 682 727 781 781; x_wconf 90' lang='lat' dir='ltr'>sed</span> <span class='ocrx_word' id='word_1_41' title='bbox 799 728 929 798; x_wconf 91' lang='lat' dir='ltr'>quid</span> <span class='ocrx_word' id='word_1_42' title='bbox 947 727 1108 783; x_wconf 89' lang='lat' dir='ltr'>nobis</span> <span class='ocrx_word' id='word_1_43' title='bbox 1125 744 1253 782; x_wconf 89' lang='lat' dir='ltr'>cum</span> <span class='ocrx_word' id='word_1_44' title='bbox 1278 728 1592 796; x_wconf 82' lang='lat' dir='ltr'>allegoria?</span> <span class='ocrx_word' id='word_1_45' title='bbox 1612 727 1799 780; x_wconf 89' lang='lat' dir='ltr'>venia-</span> 
     </span>
    </p>
   </div>
   <div class='ocr_carea' id='block_1_8' title="bbox 216 816 1799 887">
    <p class='ocr_par' dir='ltr' id='par_1_8' title="bbox 216 816 1799 887">
     <span class='ocr_line' id='line_1_8' title="bbox 216 816 1799 887; baseline -0.003 -13"><span class='ocrx_word' id='word_1_46' title='bbox 216 835 331 874; x_wconf 86' lang='lat' dir='ltr'>mus</span> <span class='ocrx_word' id='word_1_47' title='bbox 364 819 485 887; x_wconf 85' lang='lat' dir='ltr'>jam</span> <span class='ocrx_word' id='word_1_48' title='bbox 530 817 598 871; x_wconf 88' lang='lat' dir='ltr'>ad</span> <span class='ocrx_word' id='word_1_49' title='bbox 632 816 1017 886; x_wconf 83' lang='lat' dir='ltr'>Evangelicam</span> <span class='ocrx_word' id='word_1_50' title='bbox 1048 817 1359 870; x_wconf 81' lang='lat' dir='ltr'>veritatem.</span> <span class='ocrx_word' id='word_1_51' title='bbox 1394 817 1699 870; x_wconf 80' lang='lat' dir='ltr'>Veniamus</span> <span class='ocrx_word' id='word_1_52' title='bbox 1727 816 1799 869; x_wconf 88' lang='lat' dir='ltr'>ad</span> 
     </span>
    </p>
   </div>
   <div class='ocr_carea' id='block_1_9' title="bbox 130 905 1798 976">
    <p class='ocr_par' dir='ltr' id='par_1_9' title="bbox 130 905 1798 976">
     <span class='ocr_line' id='line_1_9' title="bbox 130 905 1798 976; baseline -0.004 -11"><span class='ocrx_word' id='word_1_53' title='bbox 130 920 131 923; x_wconf 73' lang='lat'>‘</span> <span class='ocrx_word' id='word_1_54' title='bbox 213 910 381 965; x_wconf 83' lang='lat' dir='ltr'>lucem</span> <span class='ocrx_word' id='word_1_55' title='bbox 417 926 439 957; x_wconf 77' lang='grc' dir='ltr'>ι</span> <span class='ocrx_word' id='word_1_56' title='bbox 468 922 591 976; x_wconf 66' lang='lat' dir='ltr'>quae</span> <span class='ocrx_word' id='word_1_57' title='bbox 619 905 901 959; x_wconf 83' lang='lat' dir='ltr'>illuminat</span> <span class='ocrx_word' id='word_1_58' title='bbox 919 922 1145 959; x_wconf 88' lang='lat' dir='ltr'>omnem</span> <span class='ocrx_word' id='word_1_59' title='bbox 1167 905 1450 959; x_wconf 87' lang='lat' dir='ltr'>hominem</span> <span class='ocrx_word' id='word_1_60' title='bbox 1481 905 1798 958; x_wconf 80' lang='lat' dir='ltr'>venientem</span> 
     </span>
    </p>
   </div>
   <div class='ocr_carea' id='block_1_10' title="bbox 214 992 1804 1063">
    <p class='ocr_par' dir='ltr' id='par_1_10' title="bbox 214 992 1804 1063">
     <span class='ocr_line' id='line_1_10' title="bbox 214 992 1804 1063; baseline -0.002 -13"><span class='ocrx_word' id='word_1_61' title='bbox 214 998 268 1051; x_wconf 88' lang='lat' dir='ltr'>in</span> <span class='ocrx_word' id='word_1_62' title='bbox 292 997 439 1053; x_wconf 87' lang='lat' dir='ltr'>hunc</span> <span class='ocrx_word' id='word_1_63' title='bbox 460 994 735 1049; x_wconf 88' lang='lat' dir='ltr'>mundum</span> <span class='ocrx_word' id='word_1_64' title='bbox 770 996 946 1063; x_wconf 82' lang='lat' dir='ltr'>(Joan.</span> <span class='ocrx_word' id='word_1_65' title='bbox 980 992 1105 1059; x_wconf 75' lang='lat'>1,9).</span> <span class='ocrx_word' id='word_1_66' title='bbox 1141 1014 1167 1046; x_wconf 84' lang='lat'>»</span> <span class='ocrx_word' id='word_1_67' title='bbox 1200 994 1504 1048; x_wconf 85' lang='lat' dir='ltr'>Veniamus</span> <span class='ocrx_word' id='word_1_68' title='bbox 1531 995 1598 1048; x_wconf 91' lang='lat' dir='ltr'>ad</span> <span class='ocrx_word' id='word_1_69' title='bbox 1635 994 1804 1047; x_wconf 86' lang='lat' dir='ltr'>verba</span> 
     </span>
    </p>
   </div>
   <div class='ocr_carea' id='block_1_11' title="bbox 216 1081 1804 1153">
    <p class='ocr_par' dir='ltr' id='par_1_11' title="bbox 216 1081 1804 1153">
     <span class='ocr_line' id='line_1_11' title="bbox 216 1081 1804 1153; baseline -0.001 -14"><span class='ocrx_word' id='word_1_70' title='bbox 216 1086 341 1139; x_wconf 64' lang='lat' dir='ltr'>celo</span> <span class='ocrx_word' id='word_1_71' title='bbox 354 1090 619 1153; x_wconf 87' lang='lat' dir='ltr'>terraque</span> <span class='ocrx_word' id='word_1_72' title='bbox 639 1081 1000 1145; x_wconf 89' lang='lat' dir='ltr'>durabiliora,</span> <span class='ocrx_word' id='word_1_73' title='bbox 1025 1088 1082 1136; x_wconf 90' lang='lat' dir='ltr'>et</span> <span class='ocrx_word' id='word_1_74' title='bbox 1105 1082 1450 1137; x_wconf 85' lang='lat' dir='ltr'>inveniemus</span> <span class='ocrx_word' id='word_1_75' title='bbox 1477 1083 1617 1137; x_wconf 88' lang='lat' dir='ltr'>nihil</span> <span class='ocrx_word' id='word_1_76' title='bbox 1641 1082 1804 1137; x_wconf 89' lang='lat' dir='ltr'>nobis</span> 
     </span>
    </p>
   </div>
   <div class='ocr_carea' id='block_1_12' title="bbox 219 1171 1802 1236">
    <p class='ocr_par' dir='ltr' id='par_1_12' title="bbox 219 1171 1802 1236">
     <span class='ocr_line' id='line_1_12' title="bbox 219 1171 1802 1236; baseline -0.001 -8"><span class='ocrx_word' id='word_1_77' title='bbox 219 1190 332 1229; x_wconf 89' lang='lat' dir='ltr'>cum</span> <span class='ocrx_word' id='word_1_78' title='bbox 380 1173 591 1227; x_wconf 88' lang='lat' dir='ltr'>mundo</span> <span class='ocrx_word' id='word_1_79' title='bbox 632 1172 897 1236; x_wconf 88' lang='lat' dir='ltr'>amicum,</span> <span class='ocrx_word' id='word_1_80' title='bbox 947 1172 1092 1225; x_wconf 90' lang='lat' dir='ltr'>nilve</span> <span class='ocrx_word' id='word_1_81' title='bbox 1142 1188 1461 1226; x_wconf 87' lang='lat' dir='ltr'>commune.</span> <span class='ocrx_word' id='word_1_82' title='bbox 1503 1171 1636 1226; x_wconf 92' lang='lat' dir='ltr'>Ideo</span> <span class='ocrx_word' id='word_1_83' title='bbox 1690 1189 1802 1226; x_wconf 91' lang='lat' dir='ltr'>non</span> 
     </span>
    </p>
   </div>
   <div class='ocr_carea' id='block_1_13' title="bbox 221 1258 1805 1332">
    <p class='ocr_par' dir='ltr' id='par_1_13' title="bbox 221 1258 1805 1332">
     <span class='ocr_line' id='line_1_13' title="bbox 221 1258 1805 1332; baseline 0 -16"><span class='ocrx_word' id='word_1_84' title='bbox 221 1261 508 1318; x_wconf 86' lang='lat' dir='ltr'>dolendum</span> <span class='ocrx_word' id='word_1_85' title='bbox 544 1266 631 1314; x_wconf 87' lang='lat' dir='ltr'>est</span> <span class='ocrx_word' id='word_1_86' title='bbox 668 1258 845 1321; x_wconf 86' lang='lat' dir='ltr'>nobis,</span> <span class='ocrx_word' id='word_1_87' title='bbox 879 1276 1006 1314; x_wconf 90' lang='lat' dir='ltr'>cum</span> <span class='ocrx_word' id='word_1_88' title='bbox 1036 1259 1303 1329; x_wconf 89' lang='lat' dir='ltr'>perimus,</span> <span class='ocrx_word' id='word_1_89' title='bbox 1335 1261 1430 1314; x_wconf 88' lang='lat' dir='ltr'>sed</span> <span class='ocrx_word' id='word_1_90' title='bbox 1461 1262 1647 1332; x_wconf 84' lang='lat' dir='ltr'>potius</span> <span class='ocrx_word' id='word_1_91' title='bbox 1668 1278 1805 1331; x_wconf 87' lang='lat' dir='ltr'>gau-</span> 
     </span>
    </p>
   </div>
   <div class='ocr_carea' id='block_1_14' title="bbox 222 1348 1802 1414">
    <p class='ocr_par' dir='ltr' id='par_1_14' title="bbox 222 1348 1802 1414">
     <span class='ocr_line' id='line_1_14' title="bbox 222 1348 1802 1414; baseline -0.001 -8"><span class='ocrx_word' id='word_1_92' title='bbox 222 1351 471 1406; x_wconf 87' lang='lat' dir='ltr'>dendum.</span> <span class='ocrx_word' id='word_1_93' title='bbox 506 1349 595 1404; x_wconf 89' lang='lat' dir='ltr'>Sic</span> <span class='ocrx_word' id='word_1_94' title='bbox 624 1349 772 1403; x_wconf 85' lang='lat' dir='ltr'>enim</span> <span class='ocrx_word' id='word_1_95' title='bbox 803 1348 1058 1403; x_wconf 81' lang='lat' dir='ltr'>Salvator</span> <span class='ocrx_word' id='word_1_96' title='bbox 1078 1348 1158 1401; x_wconf 90' lang='lat' dir='ltr'>ait</span> <span class='ocrx_word' id='word_1_97' title='bbox 1187 1367 1199 1401; x_wconf 87' lang='lat'><strong>:</strong></span> <span class='ocrx_word' id='word_1_98' title='bbox 1237 1370 1262 1399; x_wconf 80' lang='grc' dir='ltr'>ι</span> <span class='ocrx_word' id='word_1_99' title='bbox 1293 1350 1477 1403; x_wconf 88' lang='lat' dir='ltr'>Nolite</span> <span class='ocrx_word' id='word_1_100' title='bbox 1509 1351 1722 1414; x_wconf 90' lang='lat' dir='ltr'>mirari,</span> <span class='ocrx_word' id='word_1_101' title='bbox 1754 1352 1802 1404; x_wconf 89' lang='lat' dir='ltr'>si</span> 
     </span>
    </p>
   </div>
   <div class='ocr_carea' id='block_1_15' title="bbox 224 1437 1805 1507">
    <p class='ocr_par' dir='ltr' id='par_1_15' title="bbox 224 1437 1805 1507">
     <span class='ocr_line' id='line_1_15' title="bbox 224 1437 1805 1507; baseline -0.002 -12"><span class='ocrx_word' id='word_1_102' title='bbox 224 1439 330 1495; x_wconf 91' lang='lat' dir='ltr'>odit</span> <span class='ocrx_word' id='word_1_103' title='bbox 356 1456 449 1493; x_wconf 88' lang='lat' dir='ltr'>vos</span> <span class='ocrx_word' id='word_1_104' title='bbox 472 1438 940 1494; x_wconf 85' lang='lat' dir='ltr'>mundus.scitote</span> <span class='ocrx_word' id='word_1_105' title='bbox 962 1437 1095 1506; x_wconf 83' lang='lat' dir='ltr'>quia</span> <span class='ocrx_word' id='word_1_106' title='bbox 1123 1453 1213 1490; x_wconf 89' lang='lat' dir='ltr'>me</span> <span class='ocrx_word' id='word_1_107' title='bbox 1232 1438 1475 1507; x_wconf 89' lang='lat' dir='ltr'>priorem</span> <span class='ocrx_word' id='word_1_108' title='bbox 1499 1438 1652 1492; x_wconf 89' lang='lat' dir='ltr'>vobis</span> <span class='ocrx_word' id='word_1_109' title='bbox 1674 1439 1805 1493; x_wconf 89' lang='lat' dir='ltr'>odio</span> 
     </span>
    </p>
   </div>
   <div class='ocr_carea' id='block_1_16' title="bbox 227 1525 1804 1592">
    <p class='ocr_par' dir='ltr' id='par_1_16' title="bbox 227 1525 1804 1592">
     <span class='ocr_line' id='line_1_16' title="bbox 227 1525 1804 1592; baseline -0.002 -8"><span class='ocrx_word' id='word_1_110' title='bbox 227 1528 411 1585; x_wconf 78' lang='lat' dir='ltr'>habuit</span> <span class='ocrx_word' id='word_1_111' title='bbox 428 1525 841 1592; x_wconf 74' lang='lat' dir='ltr'>(Joan.xv,18).</span> <span class='ocrx_word' id='word_1_112' title='bbox 867 1546 893 1578; x_wconf 75' lang='grc' dir='ltr'><strong><em>ι</em></strong></span> <span class='ocrx_word' id='word_1_113' title='bbox 932 1526 997 1579; x_wconf 85' lang='lat' dir='ltr'>Et</span> <span class='ocrx_word' id='word_1_114' title='bbox 1028 1526 1232 1580; x_wconf 79' lang='lat' dir='ltr'>iterum</span> <span class='ocrx_word' id='word_1_115' title='bbox 1268 1544 1278 1578; x_wconf 91' lang='lat'><strong>:</strong></span> <span class='ocrx_word' id='word_1_116' title='bbox 1319 1545 1344 1577; x_wconf 91' lang='lat'>«</span> <span class='ocrx_word' id='word_1_117' title='bbox 1380 1528 1580 1581; x_wconf 80' lang='lat' dir='ltr'>Pacem</span> <span class='ocrx_word' id='word_1_118' title='bbox 1621 1545 1804 1582; x_wconf 82' lang='lat' dir='ltr'>meam</span> 
     </span>
    </p>
   </div>
   <div class='ocr_carea' id='block_1_17' title="bbox 228 1614 1808 1687">
    <p class='ocr_par' dir='ltr' id='par_1_17' title="bbox 228 1614 1808 1687">
     <span class='ocr_line' id='line_1_17' title="bbox 228 1614 1808 1687; baseline -0.001 -14"><span class='ocrx_word' id='word_1_119' title='bbox 228 1620 290 1674; x_wconf 93' lang='lat' dir='ltr'>do</span> <span class='ocrx_word' id='word_1_120' title='bbox 321 1618 496 1679; x_wconf 88' lang='lat' dir='ltr'>vobis,</span> <span class='ocrx_word' id='word_1_121' title='bbox 530 1632 721 1687; x_wconf 86' lang='lat' dir='ltr'>pacem</span> <span class='ocrx_word' id='word_1_122' title='bbox 748 1615 1006 1685; x_wconf 84' lang='lat' dir='ltr'>relinquo</span> <span class='ocrx_word' id='word_1_123' title='bbox 1036 1614 1225 1679; x_wconf 84' lang='lat' dir='ltr'>vobis;</span> <span class='ocrx_word' id='word_1_124' title='bbox 1266 1632 1379 1669; x_wconf 91' lang='lat' dir='ltr'>non</span> <span class='ocrx_word' id='word_1_125' title='bbox 1410 1617 1688 1686; x_wconf 90' lang='lat' dir='ltr'>quomodo</span> <span class='ocrx_word' id='word_1_126' title='bbox 1720 1618 1808 1671; x_wconf 88' lang='lat' dir='ltr'>hic</span> 
     </span>
    </p>
   </div>
   <div class='ocr_carea' id='block_1_18' title="bbox 1879 550 3473 624">
    <p class='ocr_par' dir='ltr' id='par_1_18' title="bbox 1879 550 3473 624">
     <span class='ocr_line' id='line_1_18' title="bbox 1879 550 3473 624; baseline 0.006 -23"><span class='ocrx_word' id='word_1_127' title='bbox 1879 555 2130 610; x_wconf 87' lang='lat' dir='ltr'>senatus,</span> <span class='ocrx_word' id='word_1_128' title='bbox 2164 550 2259 620; x_wconf 92' lang='lat' dir='ltr'>qui</span> <span class='ocrx_word' id='word_1_129' title='bbox 2293 565 2327 602; x_wconf 86' lang='lat' dir='ltr'>a</span> <span class='ocrx_word' id='word_1_130' title='bbox 2357 550 2519 603; x_wconf 88' lang='lat' dir='ltr'>beato</span> <span class='ocrx_word' id='word_1_131' title='bbox 2556 552 2934 622; x_wconf 86' lang='lat' dir='ltr'>apostolorum</span> <span class='ocrx_word' id='word_1_132' title='bbox 2967 552 3214 624; x_wconf 85' lang='lat' dir='ltr'>principe</span> <span class='ocrx_word' id='word_1_133' title='bbox 3242 571 3473 611; x_wconf 88' lang='lat' dir='ltr'>sumens</span> 
     </span>
    </p>
   </div>
   <div class='ocr_carea' id='block_1_19' title="bbox 1881 638 3471 713">
    <p class='ocr_par' dir='ltr' id='par_1_19' title="bbox 1881 638 3471 713">
     <span class='ocr_line' id='line_1_19' title="bbox 1881 638 3471 713; baseline 0.005 -24"><span class='ocrx_word' id='word_1_134' title='bbox 1881 638 2169 691; x_wconf 87' lang='lat' dir='ltr'>exordium</span> <span class='ocrx_word' id='word_1_135' title='bbox 2217 655 2320 709; x_wconf 89' lang='lat' dir='ltr'>per</span> <span class='ocrx_word' id='word_1_136' title='bbox 2358 639 2629 693; x_wconf 89' lang='lat' dir='ltr'>ducentos</span> <span class='ocrx_word' id='word_1_137' title='bbox 2665 640 2840 694; x_wconf 86' lang='lat' dir='ltr'>ferme</span> <span class='ocrx_word' id='word_1_138' title='bbox 2877 658 3053 695; x_wconf 90' lang='lat' dir='ltr'>annos</span> <span class='ocrx_word' id='word_1_139' title='bbox 3083 640 3151 694; x_wconf 86' lang='lat' dir='ltr'>ad</span> <span class='ocrx_word' id='word_1_140' title='bbox 3187 643 3261 713; x_wconf 87' lang='lat' dir='ltr'>pii</span> <span class='ocrx_word' id='word_1_141' title='bbox 3293 644 3471 697; x_wconf 50' lang='lat' dir='ltr'>Cons;</span> 
     </span>
    </p>
   </div>
   <div class='ocr_carea' id='block_1_20' title="bbox 1880 726 3476 797">
    <p class='ocr_par' dir='ltr' id='par_1_20' title="bbox 1880 726 3476 797">
     <span class='ocr_line' id='line_1_20' title="bbox 1880 726 3476 797; baseline 0.006 -19"><span class='ocrx_word' id='word_1_142' title='bbox 1880 726 2085 779; x_wconf 89' lang='lat' dir='ltr'>tantini</span> <span class='ocrx_word' id='word_1_143' title='bbox 2142 732 2415 797; x_wconf 88' lang='lat' dir='ltr'>tempora,</span> <span class='ocrx_word' id='word_1_144' title='bbox 2477 728 2760 782; x_wconf 84' lang='lat' dir='ltr'>continuis</span> <span class='ocrx_word' id='word_1_145' title='bbox 2808 729 3079 783; x_wconf 90' lang='lat' dir='ltr'>bellorum</span> <span class='ocrx_word' id='word_1_146' title='bbox 3130 732 3476 787; x_wconf 87' lang='lat' dir='ltr'>successibus</span> 
     </span>
    </p>
   </div>
   <div class='ocr_carea' id='block_1_21' title="bbox 1881 813 3477 888">
    <p class='ocr_par' dir='ltr' id='par_1_21' title="bbox 1881 813 3477 888">
     <span class='ocr_line' id='line_1_21' title="bbox 1881 813 3477 888; baseline 0.006 -22"><span class='ocrx_word' id='word_1_147' title='bbox 1881 813 2079 868; x_wconf 89' lang='lat' dir='ltr'>diebus</span> <span class='ocrx_word' id='word_1_148' title='bbox 2110 816 2479 886; x_wconf 85' lang='lat' dir='ltr'>noctibusque</span> <span class='ocrx_word' id='word_1_149' title='bbox 2528 833 2652 870; x_wconf 87' lang='lat' dir='ltr'>cum</span> <span class='ocrx_word' id='word_1_150' title='bbox 2701 819 2931 888; x_wconf 89' lang='lat' dir='ltr'>antiquo</span> <span class='ocrx_word' id='word_1_151' title='bbox 2980 820 3142 873; x_wconf 89' lang='lat' dir='ltr'>hoste</span> <span class='ocrx_word' id='word_1_152' title='bbox 3183 820 3477 876; x_wconf 86' lang='lat' dir='ltr'>decertans</span> 
     </span>
    </p>
   </div>
   <div class='ocr_carea' id='block_1_22' title="bbox 1881 902 3478 977">
    <p class='ocr_par' dir='ltr' id='par_1_22' title="bbox 1881 902 3478 977">
     <span class='ocr_line' id='line_1_22' title="bbox 1881 902 3478 977; baseline 0.006 -23"><span class='ocrx_word' id='word_1_153' title='bbox 1881 916 2055 955; x_wconf 83' lang='lat' dir='ltr'>xxxm</span> <span class='ocrx_word' id='word_1_154' title='bbox 2111 902 2324 957; x_wconf 83' lang='lat' dir='ltr'>vicibus</span> <span class='ocrx_word' id='word_1_155' title='bbox 2364 903 2432 957; x_wconf 91' lang='lat' dir='ltr'>de</span> <span class='ocrx_word' id='word_1_156' title='bbox 2473 904 2669 957; x_wconf 90' lang='lat' dir='ltr'>eodem</span> <span class='ocrx_word' id='word_1_157' title='bbox 2695 921 2971 959; x_wconf 83' lang='lat' dir='ltr'>venenoso</span> <span class='ocrx_word' id='word_1_158' title='bbox 2997 914 3256 977; x_wconf 89' lang='lat' dir='ltr'>serpente</span> <span class='ocrx_word' id='word_1_159' title='bbox 3279 909 3478 963; x_wconf 87' lang='lat' dir='ltr'>trium-</span> 
     </span>
    </p>
   </div>
   <div class='ocr_carea' id='block_1_23' title="bbox 1884 991 3477 1067">
    <p class='ocr_par' dir='ltr' id='par_1_23' title="bbox 1884 991 3477 1067">
     <span class='ocr_line' id='line_1_23' title="bbox 1884 991 3477 1067; baseline 0.006 -25"><span class='ocrx_word' id='word_1_160' title='bbox 1884 991 2082 1060; x_wconf 87' lang='lat' dir='ltr'>phans,</span> <span class='ocrx_word' id='word_1_161' title='bbox 2114 1007 2226 1045; x_wconf 91' lang='lat' dir='ltr'>non</span> <span class='ocrx_word' id='word_1_162' title='bbox 2257 998 2387 1045; x_wconf 84' lang='lat' dir='ltr'>ante</span> <span class='ocrx_word' id='word_1_163' title='bbox 2408 992 2578 1046; x_wconf 88' lang='lat' dir='ltr'>desiit</span> <span class='ocrx_word' id='word_1_164' title='bbox 2592 994 2885 1048; x_wconf 87' lang='lat' dir='ltr'>tolerando</span> <span class='ocrx_word' id='word_1_165' title='bbox 2912 1002 3145 1059; x_wconf 85' lang='lat' dir='ltr'>certare,</span> <span class='ocrx_word' id='word_1_166' title='bbox 3174 996 3477 1067; x_wconf 88' lang='lat' dir='ltr'>subjiciens</span> 
     </span>
    </p>
   </div>
   <div class='ocr_carea' id='block_1_24' title="bbox 1884 1080 3479 1157">
    <p class='ocr_par' dir='ltr' id='par_1_24' title="bbox 1884 1080 3479 1157">
     <span class='ocr_line' id='line_1_24' title="bbox 1884 1080 3479 1157; baseline 0.006 -25"><span class='ocrx_word' id='word_1_167' title='bbox 1884 1080 1987 1133; x_wconf 91' lang='lat' dir='ltr'>sibi</span> <span class='ocrx_word' id='word_1_168' title='bbox 2020 1081 2367 1150; x_wconf 67' lang='lat' dir='ltr'>principatus</span> <span class='ocrx_word' id='word_1_169' title='bbox 2396 1087 2453 1134; x_wconf 89' lang='lat' dir='ltr'>et</span> <span class='ocrx_word' id='word_1_170' title='bbox 2480 1089 2788 1151; x_wconf 76' lang='lat' dir='ltr'>potestates</span> <span class='ocrx_word' id='word_1_171' title='bbox 2829 1086 2875 1149; x_wconf 68' lang='grc' dir='ltr'>(Ι</span> <span class='ocrx_word' id='word_1_172' title='bbox 2902 1087 3044 1138; x_wconf 76' lang='lat' dir='ltr'>Patr.</span> <span class='ocrx_word' id='word_1_173' title='bbox 3087 1100 3172 1146; x_wconf 86' lang='lat' dir='ltr'>III,</span> <span class='ocrx_word' id='word_1_174' title='bbox 3199 1085 3308 1150; x_wconf 73' lang='lat'>2‘2),</span> <span class='ocrx_word' id='word_1_175' title='bbox 3345 1088 3479 1157; x_wconf 88' lang='lat' dir='ltr'>quia</span> 
     </span>
    </p>
   </div>
   <div class='ocr_carea' id='block_1_25' title="bbox 1885 1169 3481 1244">
    <p class='ocr_par' dir='ltr' id='par_1_25' title="bbox 1885 1169 3481 1244">
     <span class='ocr_line' id='line_1_25' title="bbox 1885 1169 3481 1244; baseline 0.005 -22"><span class='ocrx_word' id='word_1_176' title='bbox 1885 1169 2070 1240; x_wconf 89' lang='lat' dir='ltr'>ipsum</span> <span class='ocrx_word' id='word_1_177' title='bbox 2102 1170 2340 1224; x_wconf 90' lang='lat' dir='ltr'>Romani</span> <span class='ocrx_word' id='word_1_178' title='bbox 2392 1171 2611 1241; x_wconf 88' lang='lat' dir='ltr'>imperii</span> <span class='ocrx_word' id='word_1_179' title='bbox 2651 1172 2851 1226; x_wconf 88' lang='lat' dir='ltr'>ducem</span> <span class='ocrx_word' id='word_1_180' title='bbox 2884 1173 3216 1228; x_wconf 84' lang='lat' dir='ltr'>Christianae</span> <span class='ocrx_word' id='word_1_181' title='bbox 3246 1175 3481 1244; x_wconf 86' lang='lat' dir='ltr'>subjecit</span> 
     </span>
    </p>
   </div>
   <div class='ocr_carea' id='block_1_26' title="bbox 1884 1259 2163 1329">
    <p class='ocr_par' dir='ltr' id='par_1_26' title="bbox 1884 1259 2163 1329">
     <span class='ocr_line' id='line_1_26' title="bbox 1884 1259 2163 1329; baseline 0.011 -17"><span class='ocrx_word' id='word_1_182' title='bbox 1884 1259 2163 1329; x_wconf 85' lang='lat' dir='ltr'>religioni.</span> 
     </span>
    </p>
   </div>
   <div class='ocr_carea' id='block_1_27' title="bbox 2337 1350 3026 1420">
    <p class='ocr_par' dir='ltr' id='par_1_27' title="bbox 2337 1350 3026 1420">
     <span class='ocr_line' id='line_1_27' title="bbox 2337 1350 3026 1420; baseline 0.007 -19"><span class='ocrx_word' id='word_1_183' title='bbox 2337 1350 2577 1416; x_wconf 60' lang='lat' dir='ltr'>Explicat</span> <span class='ocrx_word' id='word_1_184' title='bbox 2615 1352 2753 1404; x_wconf 65' lang='lat' dir='ltr'>liber</span> <span class='ocrx_word' id='word_1_185' title='bbox 2788 1355 3026 1420; x_wconf 75' lang='lat' dir='ltr'>primus.</span> 
     </span>
    </p>
   </div>
   <div class='ocr_carea' id='block_1_28' title="bbox 2206 1436 3162 1499">
    <p class='ocr_par' dir='ltr' id='par_1_28' title="bbox 2206 1436 3162 1499">
     <span class='ocr_line' id='line_1_28' title="bbox 2206 1436 3162 1499; baseline 0.009 -10"><span class='ocrx_word' id='word_1_186' title='bbox 2206 1436 2481 1491; x_wconf 87' lang='lat' dir='ltr'>INCIPIT</span> <span class='ocrx_word' id='word_1_187' title='bbox 2520 1438 2728 1494; x_wconf 82' lang='lat' dir='ltr'>LIBER</span> <span class='ocrx_word' id='word_1_188' title='bbox 2768 1441 3162 1499; x_wconf 83' lang='lat' dir='ltr'>SECUNDUS.</span> 
     </span>
    </p>
   </div>
   <div class='ocr_carea' id='block_1_29' title="bbox 1958 1524 3480 1599">
    <p class='ocr_par' dir='ltr' id='par_1_29' title="bbox 1958 1524 3480 1599">
     <span class='ocr_line' id='line_1_29' title="bbox 1958 1524 3480 1599; baseline 0.009 -22"><span class='ocrx_word' id='word_1_189' title='bbox 1958 1524 2142 1593; x_wconf 78' lang='lat' dir='ltr'>Igitur</span> <span class='ocrx_word' id='word_1_190' title='bbox 2188 1527 2555 1581; x_wconf 89' lang='lat' dir='ltr'>Constantino</span> <span class='ocrx_word' id='word_1_191' title='bbox 2604 1545 2637 1581; x_wconf 87' lang='lat' dir='ltr'>a</span> <span class='ocrx_word' id='word_1_192' title='bbox 2666 1530 2949 1599; x_wconf 76' lang='lat' dir='ltr'>Sylvestrd</span> <span class='ocrx_word' id='word_1_193' title='bbox 2979 1540 3184 1588; x_wconf 65' lang='lat' dir='ltr'>sanctae</span> <span class='ocrx_word' id='word_1_194' title='bbox 3214 1535 3480 1592; x_wconf 70' lang='lat' dir='ltr'>Romana:</span> 
     </span>
    </p>
   </div>
   <div class='ocr_carea' id='block_1_30' title="bbox 1890 1614 3485 1695">
    <p class='ocr_par' dir='ltr' id='par_1_30' title="bbox 1890 1614 3485 1695">
     <span class='ocr_line' id='line_1_30' title="bbox 1890 1614 3485 1695; baseline 0.009 -29"><span class='ocrx_word' id='word_1_195' title='bbox 1890 1614 2146 1669; x_wconf 76' lang='lat' dir='ltr'>Ecclesiae</span> <span class='ocrx_word' id='word_1_196' title='bbox 2195 1615 2452 1686; x_wconf 76' lang='lat' dir='ltr'>episc0po</span> <span class='ocrx_word' id='word_1_197' title='bbox 2494 1615 2771 1687; x_wconf 89' lang='lat' dir='ltr'>baptizato</span> <span class='ocrx_word' id='word_1_198' title='bbox 2792 1624 2850 1671; x_wconf 87' lang='lat' dir='ltr'>et</span> <span class='ocrx_word' id='word_1_199' title='bbox 2878 1618 2947 1671; x_wconf 93' lang='lat' dir='ltr'>ab</span> <span class='ocrx_word' id='word_1_200' title='bbox 2977 1622 3172 1675; x_wconf 90' lang='lat' dir='ltr'>eodem</span> <span class='ocrx_word' id='word_1_201' title='bbox 3205 1623 3485 1695; x_wconf 82' lang='lat' dir='ltr'>imperiali</span> 
     </span>
    </p>
   </div>
   <div class='ocr_carea' id='block_1_31' title="bbox 230 1701 3486 1781">
    <p class='ocr_par' dir='ltr' id='par_1_31' title="bbox 230 1701 3486 1781">
     <span class='ocr_line' id='line_1_31' title="bbox 230 1701 3486 1781; baseline 0.002 -17"><span class='ocrx_word' id='word_1_202' title='bbox 230 1708 590 1767; x_wconf 84' lang='lat' dir='ltr'>mundusdat,</span> <span class='ocrx_word' id='word_1_203' title='bbox 609 1723 711 1777; x_wconf 87' lang='lat' dir='ltr'>ego</span> <span class='ocrx_word' id='word_1_204' title='bbox 737 1706 807 1759; x_wconf 86' lang='lat' dir='ltr'>do</span> <span class='ocrx_word' id='word_1_205' title='bbox 829 1704 982 1758; x_wconf 86' lang='lat' dir='ltr'>vobis</span> <span class='ocrx_word' id='word_1_206' title='bbox 1010 1708 1182 1767; x_wconf 79' lang='lat' dir='ltr'>(Joan.</span> <span class='ocrx_word' id='word_1_207' title='bbox 1203 1720 1309 1765; x_wconf 86' lang='lat' dir='ltr'>xtv,</span> <span class='ocrx_word' id='word_1_208' title='bbox 1342 1706 1448 1767; x_wconf 70' lang='lat'>‘27).</span> <span class='ocrx_word' id='word_1_209' title='bbox 1476 1725 1501 1758; x_wconf 70' lang='grc' dir='ltr'><strong>υ</strong></span> <span class='ocrx_word' id='word_1_210' title='bbox 1528 1706 1574 1761; x_wconf 90' lang='lat'>0</span> <span class='ocrx_word' id='word_1_211' title='bbox 1597 1713 1809 1777; x_wconf 86' lang='lat' dir='ltr'>quanta</span> <span class='ocrx_word' id='word_1_212' title='bbox 1829 1773 1870 1781; x_wconf 87' lang='lat'><strong><em>_</em></strong></span> <span class='ocrx_word' id='word_1_213' title='bbox 1891 1701 2208 1757; x_wconf 85' lang='lat' dir='ltr'>diademate</span> <span class='ocrx_word' id='word_1_214' title='bbox 2247 1705 2549 1759; x_wconf 85' lang='lat' dir='ltr'>sublimato</span> <span class='ocrx_word' id='word_1_215' title='bbox 2577 1707 2764 1760; x_wconf 84' lang='lat' dir='ltr'>clausa</span> <span class='ocrx_word' id='word_1_216' title='bbox 2795 1714 2925 1762; x_wconf 83' lang='lat' dir='ltr'>sunt</span> <span class='ocrx_word' id='word_1_217' title='bbox 2966 1713 3195 1781; x_wconf 89' lang='lat' dir='ltr'>templa,</span> <span class='ocrx_word' id='word_1_218' title='bbox 3226 1722 3486 1770; x_wconf 67' lang='lat' dir='ltr'>reserata:</span> 
     </span>
    </p>
   </div>
   <div class='ocr_carea' id='block_1_32' title="bbox 230 1773 3487 1875">
    <p class='ocr_par' dir='ltr' id='par_1_32' title="bbox 230 1773 3487 1875">
     <span class='ocr_line' id='line_1_32' title="bbox 230 1773 3487 1875; baseline 0.002 -24"><span class='ocrx_word' id='word_1_219' title='bbox 230 1798 462 1870; x_wconf 83' lang='lat' dir='ltr'>dignitas</span> <span class='ocrx_word' id='word_1_220' title='bbox 475 1773 745 1850; x_wconf 74' lang='lat' dir='ltr'>mundum</span> <span class='ocrx_word' id='word_1_221' title='bbox 771 1810 896 1849; x_wconf 91' lang='lat' dir='ltr'>cum</span> <span class='ocrx_word' id='word_1_222' title='bbox 923 1793 1061 1847; x_wconf 88' lang='lat' dir='ltr'>Filio</span> <span class='ocrx_word' id='word_1_223' title='bbox 1074 1794 1173 1849; x_wconf 90' lang='lat' dir='ltr'>Dei</span> <span class='ocrx_word' id='word_1_224' title='bbox 1195 1794 1402 1849; x_wconf 90' lang='lat' dir='ltr'>sentire</span> <span class='ocrx_word' id='word_1_225' title='bbox 1422 1773 1807 1859; x_wconf 79' lang='lat' dir='ltr'>inimicum,ut</span> <span class='ocrx_word' id='word_1_226' title='bbox 1829 1773 1876 1833; x_wconf 79' lang='grc' dir='ltr'>Β</span> <span class='ocrx_word' id='word_1_227' title='bbox 1896 1798 2029 1846; x_wconf 89' lang='lat' dir='ltr'>sunt</span> <span class='ocrx_word' id='word_1_228' title='bbox 2074 1794 2347 1857; x_wconf 71' lang='lat' dir='ltr'>Ecclesiae,</span> <span class='ocrx_word' id='word_1_229' title='bbox 2393 1802 2684 1863; x_wconf 68' lang='lat' dir='ltr'>cmperunt</span> <span class='ocrx_word' id='word_1_230' title='bbox 2712 1798 3017 1867; x_wconf 82' lang='lat' dir='ltr'>parietibus</span> <span class='ocrx_word' id='word_1_231' title='bbox 3048 1773 3271 1872; x_wconf 71' lang='lat' dir='ltr'>depingi</span> <span class='ocrx_word' id='word_1_232' title='bbox 3300 1804 3487 1875; x_wconf 82' lang='lat' dir='ltr'>imago</span> 
     </span>
    </p>
   </div>
   <div class='ocr_carea' id='block_1_33' title="bbox 230 1883 1814 1955">
    <p class='ocr_par' dir='ltr' id='par_1_33' title="bbox 230 1883 1814 1955">
     <span class='ocr_line' id='line_1_33' title="bbox 230 1883 1814 1955; baseline -0.003 -13"><span class='ocrx_word' id='word_1_233' title='bbox 230 1888 468 1951; x_wconf 79' lang='lat' dir='ltr'>Patrem,</span> <span class='ocrx_word' id='word_1_234' title='bbox 498 1885 594 1955; x_wconf 90' lang='lat' dir='ltr'>qui</span> <span class='ocrx_word' id='word_1_235' title='bbox 620 1885 677 1938; x_wconf 87' lang='lat' dir='ltr'>in</span> <span class='ocrx_word' id='word_1_236' title='bbox 697 1883 850 1938; x_wconf 73' lang='lat' dir='ltr'>caelis</span> <span class='ocrx_word' id='word_1_237' title='bbox 869 1887 972 1944; x_wconf 88' lang='lat' dir='ltr'>est,</span> <span class='ocrx_word' id='word_1_238' title='bbox 991 1899 1105 1936; x_wconf 89' lang='lat' dir='ltr'>una</span> <span class='ocrx_word' id='word_1_239' title='bbox 1135 1883 1340 1937; x_wconf 90' lang='lat' dir='ltr'>habere</span> <span class='ocrx_word' id='word_1_240' title='bbox 1368 1884 1647 1954; x_wconf 89' lang='lat' dir='ltr'>possimus</span> <span class='ocrx_word' id='word_1_241' title='bbox 1675 1885 1814 1937; x_wconf 87' lang='lat' dir='ltr'>ami-</span> 
     </span>
    </p>
   </div>
   <div class='ocr_carea' id='block_1_34' title="bbox 225 1971 1810 2047">
    <p class='ocr_par' dir='ltr' id='par_1_34' title="bbox 225 1971 1810 2047">
     <span class='ocr_line' id='line_1_34' title="bbox 225 1971 1810 2047; baseline -0.002 -18"><span class='ocrx_word' id='word_1_242' title='bbox 225 1992 357 2031; x_wconf 87' lang='lat' dir='ltr'>cum.</span> <span class='ocrx_word' id='word_1_243' title='bbox 414 1974 525 2038; x_wconf 85' lang='lat' dir='ltr'>Qui</span> <span class='ocrx_word' id='word_1_244' title='bbox 565 1980 756 2047; x_wconf 90' lang='lat' dir='ltr'>postea</span> <span class='ocrx_word' id='word_1_245' title='bbox 802 1989 903 2026; x_wconf 91' lang='lat' dir='ltr'>nos</span> <span class='ocrx_word' id='word_1_246' title='bbox 948 1971 1190 2025; x_wconf 87' lang='lat' dir='ltr'>invitans</span> <span class='ocrx_word' id='word_1_247' title='bbox 1239 1973 1309 2025; x_wconf 91' lang='lat' dir='ltr'>ad</span> <span class='ocrx_word' id='word_1_248' title='bbox 1351 1973 1688 2043; x_wconf 87' lang='lat' dir='ltr'>passionem,</span> <span class='ocrx_word' id='word_1_249' title='bbox 1730 1974 1810 2026; x_wconf 92' lang='lat' dir='ltr'>sic</span> 
     </span>
    </p>
   </div>
   <div class='ocr_carea' id='block_1_35' title="bbox 224 2060 1809 2133">
    <p class='ocr_par' dir='ltr' id='par_1_35' title="bbox 224 2060 1809 2133">
     <span class='ocr_line' id='line_1_35' title="bbox 224 2060 1809 2133; baseline -0.001 -15"><span class='ocrx_word' id='word_1_250' title='bbox 224 2066 331 2118; x_wconf 80' lang='lat' dir='ltr'>ait:</span> <span class='ocrx_word' id='word_1_251' title='bbox 368 2084 388 2115; x_wconf 74' lang='grc' dir='ltr'>ι</span> <span class='ocrx_word' id='word_1_252' title='bbox 426 2063 615 2120; x_wconf 83' lang='lat' dir='ltr'>Nolite</span> <span class='ocrx_word' id='word_1_253' title='bbox 644 2062 844 2116; x_wconf 87' lang='lat' dir='ltr'>timere</span> <span class='ocrx_word' id='word_1_254' title='bbox 881 2078 976 2115; x_wconf 88' lang='lat' dir='ltr'>eos</span> <span class='ocrx_word' id='word_1_255' title='bbox 1005 2060 1099 2131; x_wconf 85' lang='lat' dir='ltr'>qui</span> <span class='ocrx_word' id='word_1_256' title='bbox 1128 2061 1387 2115; x_wconf 85' lang='lat' dir='ltr'>occidunt</span> <span class='ocrx_word' id='word_1_257' title='bbox 1422 2079 1642 2133; x_wconf 91' lang='lat' dir='ltr'>corpus,</span> <span class='ocrx_word' id='word_1_258' title='bbox 1685 2063 1809 2116; x_wconf 89' lang='lat' dir='ltr'>ani-</span> 
     </span>
    </p>
   </div>
   <div class='ocr_carea' id='block_1_36' title="bbox 224 2150 1803 2222">
    <p class='ocr_par' dir='ltr' id='par_1_36' title="bbox 224 2150 1803 2222">
     <span class='ocr_line' id='line_1_36' title="bbox 224 2150 1803 2222; baseline -0.004 -14"><span class='ocrx_word' id='word_1_259' title='bbox 224 2171 357 2208; x_wconf 86' lang='lat' dir='ltr'>mam</span> <span class='ocrx_word' id='word_1_260' title='bbox 400 2160 595 2209; x_wconf 86' lang='lat' dir='ltr'>autem</span> <span class='ocrx_word' id='word_1_261' title='bbox 635 2168 746 2206; x_wconf 89' lang='lat' dir='ltr'>non</span> <span class='ocrx_word' id='word_1_262' title='bbox 780 2156 1016 2221; x_wconf 88' lang='lat' dir='ltr'>possunt</span> <span class='ocrx_word' id='word_1_263' title='bbox 1047 2151 1297 2205; x_wconf 88' lang='lat' dir='ltr'>occidere</span> <span class='ocrx_word' id='word_1_264' title='bbox 1340 2153 1510 2206; x_wconf 63' lang='lat' dir='ltr'>Matii.</span> <span class='ocrx_word' id='word_1_265' title='bbox 1544 2169 1597 2213; x_wconf 86' lang='lat' dir='ltr'>x,</span> <span class='ocrx_word' id='word_1_266' title='bbox 1630 2150 1743 2222; x_wconf 62' lang='lat' dir='ltr'>Q8).</span> <span class='ocrx_word' id='word_1_267' title='bbox 1780 2171 1803 2202; x_wconf 78' lang='grc' dir='ltr'><strong><em>ι</em></strong></span> 
     </span>
    </p>
   </div>
   <div class='ocr_carea' id='block_1_37' title="bbox 222 2240 1809 2314">
    <p class='ocr_par' dir='ltr' id='par_1_37' title="bbox 222 2240 1809 2314">
     <span class='ocr_line' id='line_1_37' title="bbox 222 2240 1809 2314; baseline -0.004 -14"><span class='ocrx_word' id='word_1_268' title='bbox 222 2243 286 2299; x_wconf 79' lang='lat' dir='ltr'>Et</span> <span class='ocrx_word' id='word_1_269' title='bbox 317 2248 444 2314; x_wconf 86' lang='lat' dir='ltr'>post</span> <span class='ocrx_word' id='word_1_270' title='bbox 499 2258 676 2313; x_wconf 90' lang='lat' dir='ltr'>pauca</span> <span class='ocrx_word' id='word_1_271' title='bbox 705 2259 717 2293; x_wconf 90' lang='lat'><strong>:</strong></span> <span class='ocrx_word' id='word_1_272' title='bbox 746 2259 773 2289; x_wconf 79' lang='grc' dir='ltr'>ιι</span> <span class='ocrx_word' id='word_1_273' title='bbox 806 2240 865 2294; x_wconf 90' lang='lat' dir='ltr'>Si</span> <span class='ocrx_word' id='word_1_274' title='bbox 903 2240 1028 2310; x_wconf 89' lang='lat' dir='ltr'>quis</span> <span class='ocrx_word' id='word_1_275' title='bbox 1065 2240 1218 2294; x_wconf 89' lang='lat' dir='ltr'>venit</span> <span class='ocrx_word' id='word_1_276' title='bbox 1262 2244 1389 2311; x_wconf 90' lang='lat' dir='ltr'>post</span> <span class='ocrx_word' id='word_1_277' title='bbox 1428 2257 1536 2305; x_wconf 90' lang='lat' dir='ltr'>me,</span> <span class='ocrx_word' id='word_1_278' title='bbox 1571 2241 1809 2311; x_wconf 81' lang='lat' dir='ltr'>abneget</span> 
     </span>
    </p>
   </div>
   <div class='ocr_carea' id='block_1_38' title="bbox 226 2328 1811 2402">
    <p class='ocr_par' dir='ltr' id='par_1_38' title="bbox 226 2328 1811 2402">
     <span class='ocr_line' id='line_1_38' title="bbox 226 2328 1811 2402; baseline -0.001 -16"><span class='ocrx_word' id='word_1_279' title='bbox 226 2332 597 2402; x_wconf 82' lang='lat' dir='ltr'>semetipsum,</span> <span class='ocrx_word' id='word_1_280' title='bbox 637 2334 694 2384; x_wconf 89' lang='lat' dir='ltr'>et</span> <span class='ocrx_word' id='word_1_281' title='bbox 729 2328 894 2383; x_wconf 89' lang='lat' dir='ltr'>tollat</span> <span class='ocrx_word' id='word_1_282' title='bbox 948 2345 1168 2383; x_wconf 75' lang='lat' dir='ltr'>crucem</span> <span class='ocrx_word' id='word_1_283' title='bbox 1209 2346 1389 2394; x_wconf 90' lang='lat' dir='ltr'>suam,</span> <span class='ocrx_word' id='word_1_284' title='bbox 1433 2336 1489 2383; x_wconf 90' lang='lat' dir='ltr'>et</span> <span class='ocrx_word' id='word_1_285' title='bbox 1537 2335 1811 2400; x_wconf 86' lang='lat' dir='ltr'>sequatur</span> 
     </span>
    </p>
   </div>
   <div class='ocr_carea' id='block_1_39' title="bbox 218 2417 1807 2489">
    <p class='ocr_par' dir='ltr' id='par_1_39' title="bbox 218 2417 1807 2489">
     <span class='ocr_line' id='line_1_39' title="bbox 218 2417 1807 2489; baseline -0.002 -15"><span class='ocrx_word' id='word_1_286' title='bbox 218 2437 298 2474; x_wconf 89' lang='lat' dir='ltr'>me</span> <span class='ocrx_word' id='word_1_287' title='bbox 323 2422 514 2485; x_wconf 66' lang='lat' dir='ltr'>(Matii.</span> <span class='ocrx_word' id='word_1_288' title='bbox 547 2436 638 2485; x_wconf 83' lang='lat' dir='ltr'>xv,</span> <span class='ocrx_word' id='word_1_289' title='bbox 670 2417 783 2488; x_wconf 73' lang='lat'>‘24).</span> <span class='ocrx_word' id='word_1_290' title='bbox 819 2436 844 2470; x_wconf 72' lang='lat' dir='ltr'>io</span> <span class='ocrx_word' id='word_1_291' title='bbox 866 2417 1028 2480; x_wconf 85' lang='lat' dir='ltr'>Quod</span> <span class='ocrx_word' id='word_1_292' title='bbox 1059 2417 1107 2470; x_wconf 87' lang='lat' dir='ltr'>si</span> <span class='ocrx_word' id='word_1_293' title='bbox 1136 2417 1390 2471; x_wconf 88' lang='lat' dir='ltr'>membra</span> <span class='ocrx_word' id='word_1_294' title='bbox 1406 2418 1612 2471; x_wconf 91' lang='lat' dir='ltr'>summi</span> <span class='ocrx_word' id='word_1_295' title='bbox 1641 2419 1807 2489; x_wconf 82' lang='lat' dir='ltr'>Capi-</span> 
     </span>
    </p>
   </div>
   <div class='ocr_carea' id='block_1_40' title="bbox 1897 1881 3490 1963">
    <p class='ocr_par' dir='ltr' id='par_1_40' title="bbox 1897 1881 3490 1963">
     <span class='ocr_line' id='line_1_40' title="bbox 1897 1881 3490 1963; baseline 0.009 -29"><span class='ocrx_word' id='word_1_296' title='bbox 1897 1881 2201 1935; x_wconf 80' lang='lat' dir='ltr'>Salvatoris</span> <span class='ocrx_word' id='word_1_297' title='bbox 2230 1889 2288 1935; x_wconf 93' lang='lat' dir='ltr'>et</span> <span class='ocrx_word' id='word_1_298' title='bbox 2312 1901 2340 1936; x_wconf 91' lang='lat' dir='ltr'>e</span> <span class='ocrx_word' id='word_1_299' title='bbox 2366 1883 2581 1953; x_wconf 87' lang='lat' dir='ltr'>publice</span> <span class='ocrx_word' id='word_1_300' title='bbox 2609 1885 2767 1954; x_wconf 80' lang='lat' dir='ltr'>dejici</span> <span class='ocrx_word' id='word_1_301' title='bbox 2792 1888 2976 1957; x_wconf 90' lang='lat' dir='ltr'>imago</span> <span class='ocrx_word' id='word_1_302' title='bbox 2997 1889 3172 1956; x_wconf 86' lang='lat' dir='ltr'>Jovis;</span> <span class='ocrx_word' id='word_1_303' title='bbox 3198 1900 3490 1963; x_wconf 73' lang='lat' dir='ltr'>coeperunt</span> 
     </span>
    </p>
   </div>
   <div class='ocr_carea' id='block_1_41' title="bbox 1893 1970 3488 2052">
    <p class='ocr_par' dir='ltr' id='par_1_41' title="bbox 1893 1970 3488 2052">
     <span class='ocr_line' id='line_1_41' title="bbox 1893 1970 3488 2052; baseline 0.01 -31"><span class='ocrx_word' id='word_1_304' title='bbox 1893 1970 2093 2022; x_wconf 87' lang='lat' dir='ltr'>altaria</span> <span class='ocrx_word' id='word_1_305' title='bbox 2126 1971 2264 2040; x_wconf 84' lang='lat' dir='ltr'>erigi</span> <span class='ocrx_word' id='word_1_306' title='bbox 2296 1978 2352 2025; x_wconf 88' lang='lat' dir='ltr'>et</span> <span class='ocrx_word' id='word_1_307' title='bbox 2387 1973 2687 2027; x_wconf 87' lang='lat' dir='ltr'>simulacra</span> <span class='ocrx_word' id='word_1_308' title='bbox 2706 1976 2869 2046; x_wconf 89' lang='lat' dir='ltr'>dejici</span> <span class='ocrx_word' id='word_1_309' title='bbox 2895 1996 2907 2043; x_wconf 91' lang='lat'><strong>;</strong></span> <span class='ocrx_word' id='word_1_310' title='bbox 2939 1979 3156 2033; x_wconf 88' lang='lat' dir='ltr'>reddita</span> <span class='ocrx_word' id='word_1_311' title='bbox 3182 1986 3266 2035; x_wconf 88' lang='lat' dir='ltr'>est</span> <span class='ocrx_word' id='word_1_312' title='bbox 3295 1997 3400 2052; x_wconf 82' lang='lat' dir='ltr'>pax</span> <span class='ocrx_word' id='word_1_313' title='bbox 3427 1983 3488 2037; x_wconf 86' lang='lat' dir='ltr'>in</span> 
     </span>
    </p>
   </div>
   <div class='ocr_carea' id='block_1_42' title="bbox 1890 2057 3489 2139">
    <p class='ocr_par' dir='ltr' id='par_1_42' title="bbox 1890 2057 3489 2139">
     <span class='ocr_line' id='line_1_42' title="bbox 1890 2057 3489 2139; baseline 0.009 -30"><span class='ocrx_word' id='word_1_314' title='bbox 1890 2062 2009 2110; x_wconf 90' lang='lat' dir='ltr'>toto</span> <span class='ocrx_word' id='word_1_315' title='bbox 2038 2057 2173 2111; x_wconf 89' lang='lat' dir='ltr'>orbe</span> <span class='ocrx_word' id='word_1_316' title='bbox 2202 2059 2459 2113; x_wconf 87' lang='lat' dir='ltr'>Ecclesiis</span> <span class='ocrx_word' id='word_1_317' title='bbox 2484 2062 2734 2131; x_wconf 83' lang='lat' dir='ltr'>quamvis</span> <span class='ocrx_word' id='word_1_318' title='bbox 2764 2080 2874 2117; x_wconf 90' lang='lat' dir='ltr'>non</span> <span class='ocrx_word' id='word_1_319' title='bbox 2905 2065 3070 2135; x_wconf 91' lang='lat' dir='ltr'>longo</span> <span class='ocrx_word' id='word_1_320' title='bbox 3098 2071 3353 2139; x_wconf 87' lang='lat' dir='ltr'>tempore</span> <span class='ocrx_word' id='word_1_321' title='bbox 3381 2071 3489 2125; x_wconf 87' lang='lat' dir='ltr'>du-</span> 
     </span>
    </p>
   </div>
   <div class='ocr_carea' id='block_1_43' title="bbox 1890 2146 3492 2225">
    <p class='ocr_par' dir='ltr' id='par_1_43' title="bbox 1890 2146 3492 2225">
     <span class='ocr_line' id='line_1_43' title="bbox 1890 2146 3492 2225; baseline 0.01 -29"><span class='ocrx_word' id='word_1_322' title='bbox 1890 2152 2105 2198; x_wconf 89' lang='lat' dir='ltr'>ratura.</span> <span class='ocrx_word' id='word_1_323' title='bbox 2134 2146 2278 2200; x_wconf 88' lang='lat' dir='ltr'>Nam</span> <span class='ocrx_word' id='word_1_324' title='bbox 2300 2148 2549 2217; x_wconf 84' lang='lat' dir='ltr'>ejusdem</span> <span class='ocrx_word' id='word_1_325' title='bbox 2574 2150 2649 2219; x_wconf 91' lang='lat' dir='ltr'>pii</span> <span class='ocrx_word' id='word_1_326' title='bbox 2674 2151 2939 2222; x_wconf 89' lang='lat' dir='ltr'>principis</span> <span class='ocrx_word' id='word_1_327' title='bbox 2950 2159 3223 2225; x_wconf 91' lang='lat' dir='ltr'>tempore,</span> <span class='ocrx_word' id='word_1_328' title='bbox 3248 2157 3492 2212; x_wconf 82' lang='lat' dir='ltr'>surrexit</span> 
     </span>
    </p>
   </div>
   <div class='ocr_carea' id='block_1_44' title="bbox 1889 2233 3489 2315">
    <p class='ocr_par' dir='ltr' id='par_1_44' title="bbox 1889 2233 3489 2315">
     <span class='ocr_line' id='line_1_44' title="bbox 1889 2233 3489 2315; baseline 0.01 -30"><span class='ocrx_word' id='word_1_329' title='bbox 1889 2233 2076 2299; x_wconf 86' lang='lat' dir='ltr'>Arius,</span> <span class='ocrx_word' id='word_1_330' title='bbox 2111 2236 2390 2289; x_wconf 82' lang='lat' dir='ltr'>maximus</span> <span class='ocrx_word' id='word_1_331' title='bbox 2422 2237 2678 2293; x_wconf 69' lang='lat' dir='ltr'>Ecclesiae</span> <span class='ocrx_word' id='word_1_332' title='bbox 2707 2240 3042 2309; x_wconf 87' lang='lat' dir='ltr'>devastator,</span> <span class='ocrx_word' id='word_1_333' title='bbox 3075 2260 3109 2296; x_wconf 91' lang='lat' dir='ltr'>a</span> <span class='ocrx_word' id='word_1_334' title='bbox 3139 2261 3248 2315; x_wconf 90' lang='lat' dir='ltr'>quo</span> <span class='ocrx_word' id='word_1_335' title='bbox 3278 2246 3489 2300; x_wconf 82' lang='lat' dir='ltr'>Ariana</span> 
     </span>
    </p>
   </div>
   <div class='ocr_carea' id='block_1_45' title="bbox 1892 2324 3492 2391">
    <p class='ocr_par' dir='ltr' id='par_1_45' title="bbox 1892 2324 3492 2391">
     <span class='ocr_line' id='line_1_45' title="bbox 1892 2324 3492 2391; baseline 0.01 -15"><span class='ocrx_word' id='word_1_336' title='bbox 1892 2324 2119 2378; x_wconf 69' lang='lat' dir='ltr'>haeresis</span> <span class='ocrx_word' id='word_1_337' title='bbox 2150 2336 2341 2379; x_wconf 87' lang='lat' dir='ltr'>exorta</span> <span class='ocrx_word' id='word_1_338' title='bbox 2367 2333 2470 2391; x_wconf 90' lang='lat' dir='ltr'>est,</span> <span class='ocrx_word' id='word_1_339' title='bbox 2504 2336 2562 2381; x_wconf 89' lang='lat' dir='ltr'>et</span> <span class='ocrx_word' id='word_1_340' title='bbox 2589 2328 2659 2381; x_wconf 88' lang='lat' dir='ltr'>ab</span> <span class='ocrx_word' id='word_1_341' title='bbox 2687 2346 2753 2383; x_wconf 92' lang='lat' dir='ltr'>eo</span> <span class='ocrx_word' id='word_1_342' title='bbox 2783 2332 2936 2385; x_wconf 91' lang='lat' dir='ltr'>mille</span> <span class='ocrx_word' id='word_1_343' title='bbox 2966 2333 3240 2389; x_wconf 69' lang='lat' dir='ltr'>haereseos</span> <span class='ocrx_word' id='word_1_344' title='bbox 3269 2337 3492 2391; x_wconf 88' lang='lat' dir='ltr'>novita-</span> 
     </span>
    </p>
   </div>
   <div class='ocr_carea' id='block_1_46' title="bbox 1890 2416 3489 2494">
    <p class='ocr_par' dir='ltr' id='par_1_46' title="bbox 1890 2416 3489 2494">
     <span class='ocr_line' id='line_1_46' title="bbox 1890 2416 3489 2494; baseline 0.008 -28"><span class='ocrx_word' id='word_1_345' title='bbox 1890 2418 2201 2476; x_wconf 86' lang='lat' dir='ltr'>tes,contra</span> <span class='ocrx_word' id='word_1_346' title='bbox 2211 2431 2350 2485; x_wconf 89' lang='lat' dir='ltr'>quas</span> <span class='ocrx_word' id='word_1_347' title='bbox 2362 2416 2515 2469; x_wconf 91' lang='lat' dir='ltr'>omni</span> <span class='ocrx_word' id='word_1_348' title='bbox 2530 2417 2849 2472; x_wconf 86' lang='lat' dir='ltr'>Christiano</span> <span class='ocrx_word' id='word_1_349' title='bbox 2873 2422 3234 2490; x_wconf 84' lang='lat' dir='ltr'>pugnandum</span> <span class='ocrx_word' id='word_1_350' title='bbox 3253 2440 3353 2494; x_wconf 91' lang='lat' dir='ltr'>pro</span> <span class='ocrx_word' id='word_1_351' title='bbox 3370 2418 3489 2478; x_wconf 81' lang='lat' dir='ltr'>offi—</span> 
     </span>
    </p>
   </div>
   <div class='ocr_carea' id='block_1_47' title="bbox 221 2501 3492 2577">
    <p class='ocr_par' dir='ltr' id='par_1_47' title="bbox 221 2501 3492 2577">
     <span class='ocr_line' id='line_1_47' title="bbox 221 2501 3492 2577; baseline 0.002 -15"><span class='ocrx_word' id='word_1_352' title='bbox 221 2510 285 2564; x_wconf 88' lang='lat' dir='ltr'>tis</span> <span class='ocrx_word' id='word_1_353' title='bbox 309 2525 521 2569; x_wconf 83' lang='lat' dir='ltr'>sumus,</span> <span class='ocrx_word' id='word_1_354' title='bbox 551 2506 823 2563; x_wconf 87' lang='lat' dir='ltr'>debemus</span> <span class='ocrx_word' id='word_1_355' title='bbox 837 2523 964 2561; x_wconf 91' lang='lat' dir='ltr'>eum</span> <span class='ocrx_word' id='word_1_356' title='bbox 994 2506 1270 2560; x_wconf 89' lang='lat' dir='ltr'>imitando</span> <span class='ocrx_word' id='word_1_357' title='bbox 1295 2506 1457 2577; x_wconf 90' lang='lat' dir='ltr'>eique</span> <span class='ocrx_word' id='word_1_358' title='bbox 1482 2506 1808 2562; x_wconf 73' lang='lat' dir='ltr'>inhaerendo</span> <span class='ocrx_word' id='word_1_359' title='bbox 1894 2502 1977 2556; x_wconf 89' lang='lat' dir='ltr'>cio</span> <span class='ocrx_word' id='word_1_360' title='bbox 1998 2501 2085 2557; x_wconf 89' lang='lat' dir='ltr'>sui</span> <span class='ocrx_word' id='word_1_361' title='bbox 2107 2503 2555 2558; x_wconf 88' lang='lat' dir='ltr'>consideratione</span> <span class='ocrx_word' id='word_1_362' title='bbox 2584 2506 2723 2559; x_wconf 91' lang='lat' dir='ltr'>nulli</span> <span class='ocrx_word' id='word_1_363' title='bbox 2752 2507 2987 2567; x_wconf 88' lang='lat' dir='ltr'>dubium</span> <span class='ocrx_word' id='word_1_364' title='bbox 3014 2510 3277 2565; x_wconf 84' lang='lat' dir='ltr'>est.Nam</span> <span class='ocrx_word' id='word_1_365' title='bbox 3309 2517 3492 2567; x_wconf 89' lang='lat' dir='ltr'>veter-</span> 
     </span>
    </p>
   </div>
   <div class='ocr_carea' id='block_1_48' title="bbox 220 2593 3493 2669">
    <p class='ocr_par' dir='ltr' id='par_1_48' title="bbox 220 2593 3493 2669">
     <span class='ocr_line' id='line_1_48' title="bbox 220 2593 3493 2669; baseline 0.001 -15"><span class='ocrx_word' id='word_1_366' title='bbox 220 2598 341 2653; x_wconf 85' lang='lat' dir='ltr'>illuc</span> <span class='ocrx_word' id='word_1_367' title='bbox 365 2598 595 2653; x_wconf 88' lang='lat' dir='ltr'>tendere</span> <span class='ocrx_word' id='word_1_368' title='bbox 623 2612 736 2666; x_wconf 92' lang='lat' dir='ltr'>quo</span> <span class='ocrx_word' id='word_1_369' title='bbox 783 2611 911 2649; x_wconf 89' lang='lat' dir='ltr'>eum</span> <span class='ocrx_word' id='word_1_370' title='bbox 942 2595 1261 2665; x_wconf 84' lang='lat' dir='ltr'>pervenisse</span> <span class='ocrx_word' id='word_1_371' title='bbox 1283 2612 1383 2665; x_wconf 92' lang='lat' dir='ltr'>pro</span> <span class='ocrx_word' id='word_1_372' title='bbox 1417 2600 1569 2649; x_wconf 89' lang='lat' dir='ltr'>certo</span> <span class='ocrx_word' id='word_1_373' title='bbox 1613 2612 1815 2665; x_wconf 87' lang='lat' dir='ltr'>cogno-</span> <span class='ocrx_word' id='word_1_374' title='bbox 1896 2608 2068 2645; x_wconf 92' lang='lat' dir='ltr'>nosus</span> <span class='ocrx_word' id='word_1_375' title='bbox 2086 2609 2253 2646; x_wconf 87' lang='lat' dir='ltr'>senex</span> <span class='ocrx_word' id='word_1_376' title='bbox 2267 2593 2463 2646; x_wconf 89' lang='lat' dir='ltr'>dolens</span> <span class='ocrx_word' id='word_1_377' title='bbox 2483 2594 2799 2664; x_wconf 88' lang='lat' dir='ltr'>imperialia</span> <span class='ocrx_word' id='word_1_378' title='bbox 2813 2613 2961 2658; x_wconf 87' lang='lat' dir='ltr'>vasa,</span> <span class='ocrx_word' id='word_1_379' title='bbox 2973 2614 3072 2667; x_wconf 90' lang='lat' dir='ltr'>per</span> <span class='ocrx_word' id='word_1_380' title='bbox 3087 2616 3210 2669; x_wconf 78' lang='lat' dir='ltr'>quae</span> <span class='ocrx_word' id='word_1_381' title='bbox 3225 2601 3493 2669; x_wconf 84' lang='lat' dir='ltr'>Christia-</span> 
     </span>
    </p>
   </div>
   <div class='ocr_carea' id='block_1_49' title="bbox 225 2681 3496 2757">
    <p class='ocr_par' dir='ltr' id='par_1_49' title="bbox 225 2681 3496 2757">
     <span class='ocr_line' id='line_1_49' title="bbox 225 2681 3496 2757; baseline 0.001 -14"><span class='ocrx_word' id='word_1_382' title='bbox 225 2687 391 2743; x_wconf 80' lang='lat' dir='ltr'>vimus</span> <span class='ocrx_word' id='word_1_383' title='bbox 444 2687 824 2756; x_wconf 75' lang='lat' dir='ltr'>[inserendum</span> <span class='ocrx_word' id='word_1_384' title='bbox 861 2686 1001 2751; x_wconf 82' lang='lat' dir='ltr'>forte</span> <span class='ocrx_word' id='word_1_385' title='bbox 1047 2700 1149 2754; x_wconf 89' lang='lat' dir='ltr'>per</span> <span class='ocrx_word' id='word_1_386' title='bbox 1190 2688 1271 2737; x_wconf 75' lang='lat' dir='ltr'>re!</span> <span class='ocrx_word' id='word_1_387' title='bbox 1316 2685 1483 2754; x_wconf 87' lang='lat' dir='ltr'>post].</span> <span class='ocrx_word' id='word_1_388' title='bbox 1525 2684 1727 2755; x_wconf 88' lang='lat' dir='ltr'>probra</span> <span class='ocrx_word' id='word_1_389' title='bbox 1760 2690 1818 2739; x_wconf 90' lang='lat' dir='ltr'>et</span> <span class='ocrx_word' id='word_1_390' title='bbox 1896 2696 2026 2734; x_wconf 90' lang='lat' dir='ltr'>nam</span> <span class='ocrx_word' id='word_1_391' title='bbox 2051 2681 2492 2752; x_wconf 79' lang='lat' dir='ltr'>persequebatur</span> <span class='ocrx_word' id='word_1_392' title='bbox 2514 2683 2839 2753; x_wconf 88' lang='lat' dir='ltr'>religionem</span> <span class='ocrx_word' id='word_1_393' title='bbox 2862 2685 2967 2739; x_wconf 87' lang='lat' dir='ltr'>sibi</span> <span class='ocrx_word' id='word_1_394' title='bbox 2986 2703 3106 2741; x_wconf 87' lang='lat' dir='ltr'>esse</span> <span class='ocrx_word' id='word_1_395' title='bbox 3122 2689 3496 2757; x_wconf 89' lang='lat' dir='ltr'>sublata,om-</span> 
     </span>
    </p>
   </div>
   <div class='ocr_carea' id='block_1_50' title="bbox 226 2770 3497 2847">
    <p class='ocr_par' dir='ltr' id='par_1_50' title="bbox 226 2770 3497 2847">
     <span class='ocr_line' id='line_1_50' title="bbox 226 2770 3497 2847; baseline 0.001 -17"><span class='ocrx_word' id='word_1_396' title='bbox 226 2777 435 2847; x_wconf 80' lang='lat' dir='ltr'>ﬂagella</span> <span class='ocrx_word' id='word_1_397' title='bbox 454 2781 512 2829; x_wconf 91' lang='lat' dir='ltr'>et</span> <span class='ocrx_word' id='word_1_398' title='bbox 535 2773 825 2828; x_wconf 85' lang='lat' dir='ltr'>irrisiones</span> <span class='ocrx_word' id='word_1_399' title='bbox 854 2780 912 2827; x_wconf 88' lang='lat' dir='ltr'>et</span> <span class='ocrx_word' id='word_1_400' title='bbox 934 2772 1318 2842; x_wconf 86' lang='lat' dir='ltr'>turpissimam</span> <span class='ocrx_word' id='word_1_401' title='bbox 1351 2778 1591 2831; x_wconf 83' lang='lat' dir='ltr'>mortem</span> <span class='ocrx_word' id='word_1_402' title='bbox 1614 2774 1814 2839; x_wconf 89' lang='lat' dir='ltr'>crucis,</span> <span class='ocrx_word' id='word_1_403' title='bbox 1900 2786 2029 2822; x_wconf 87' lang='lat' dir='ltr'>nem</span> <span class='ocrx_word' id='word_1_404' title='bbox 2069 2786 2128 2823; x_wconf 89' lang='lat' dir='ltr'>se</span> <span class='ocrx_word' id='word_1_405' title='bbox 2158 2770 2382 2840; x_wconf 79' lang='lat' dir='ltr'>collegit</span> <span class='ocrx_word' id='word_1_406' title='bbox 2410 2771 2469 2824; x_wconf 92' lang='lat' dir='ltr'>in</span> <span class='ocrx_word' id='word_1_407' title='bbox 2498 2771 2661 2833; x_wconf 84' lang='lat' dir='ltr'>iram,</span> <span class='ocrx_word' id='word_1_408' title='bbox 2697 2779 2754 2826; x_wconf 90' lang='lat' dir='ltr'>et</span> <span class='ocrx_word' id='word_1_409' title='bbox 2782 2790 2883 2844; x_wconf 91' lang='lat' dir='ltr'>per</span> <span class='ocrx_word' id='word_1_410' title='bbox 2912 2777 3183 2845; x_wconf 87' lang='lat' dir='ltr'>quosdam</span> <span class='ocrx_word' id='word_1_411' title='bbox 3215 2794 3327 2833; x_wconf 66' lang='lat' dir='ltr'>suae</span> <span class='ocrx_word' id='word_1_412' title='bbox 3359 2780 3497 2834; x_wconf 87' lang='lat' dir='ltr'>artis</span> 
     </span>
    </p>
   </div>
   <div class='ocr_carea' id='block_1_51' title="bbox 230 2859 3501 2937">
    <p class='ocr_par' dir='ltr' id='par_1_51' title="bbox 230 2859 3501 2937">
     <span class='ocr_line' id='line_1_51' title="bbox 230 2859 3501 2937; baseline 0.002 -21"><span class='ocrx_word' id='word_1_413' title='bbox 230 2869 291 2920; x_wconf 79' lang='lat' dir='ltr'>ad</span> <span class='ocrx_word' id='word_1_414' title='bbox 316 2866 553 2937; x_wconf 85' lang='lat' dir='ltr'>gloriam</span> <span class='ocrx_word' id='word_1_415' title='bbox 572 2862 831 2934; x_wconf 88' lang='lat' dir='ltr'>pervenit</span> <span class='ocrx_word' id='word_1_416' title='bbox 858 2862 1284 2917; x_wconf 81' lang='lat' dir='ltr'>resurrectionis</span> <span class='ocrx_word' id='word_1_417' title='bbox 1313 2869 1371 2916; x_wconf 90' lang='lat' dir='ltr'>et</span> <span class='ocrx_word' id='word_1_418' title='bbox 1397 2870 1819 2918; x_wconf 87' lang='lat' dir='ltr'>consummatus</span> <span class='ocrx_word' id='word_1_419' title='bbox 1900 2859 2048 2912; x_wconf 87' lang='lat' dir='ltr'>viros</span> <span class='ocrx_word' id='word_1_420' title='bbox 2078 2859 2212 2913; x_wconf 82' lang='lat' dir='ltr'>falsa</span> <span class='ocrx_word' id='word_1_421' title='bbox 2232 2860 2454 2929; x_wconf 89' lang='lat' dir='ltr'>justitia</span> <span class='ocrx_word' id='word_1_422' title='bbox 2485 2861 2810 2927; x_wconf 87' lang='lat' dir='ltr'>inebriatos,</span> <span class='ocrx_word' id='word_1_423' title='bbox 2845 2880 2956 2917; x_wconf 90' lang='lat' dir='ltr'>non</span> <span class='ocrx_word' id='word_1_424' title='bbox 2986 2865 3358 2929; x_wconf 86' lang='lat' dir='ltr'>cessavit,nec</span> <span class='ocrx_word' id='word_1_425' title='bbox 3386 2886 3501 2923; x_wconf 91' lang='lat' dir='ltr'>ces-</span> 
     </span>
    </p>
   </div>
   <div class='ocr_carea' id='block_1_52' title="bbox 229 2949 3499 3027">
    <p class='ocr_par' dir='ltr' id='par_1_52' title="bbox 229 2949 3499 3027">
     <span class='ocr_line' id='line_1_52' title="bbox 229 2949 3499 3027; baseline 0.001 -18"><span class='ocrx_word' id='word_1_426' title='bbox 229 2956 415 3027; x_wconf 70' lang='lat' dir='ltr'>factus,</span> <span class='ocrx_word' id='word_1_427' title='bbox 430 2952 615 3024; x_wconf 84' lang='lat' dir='ltr'>gloria</span> <span class='ocrx_word' id='word_1_428' title='bbox 635 2957 693 3005; x_wconf 89' lang='lat' dir='ltr'>et</span> <span class='ocrx_word' id='word_1_429' title='bbox 706 2950 917 3005; x_wconf 89' lang='lat' dir='ltr'>honore</span> <span class='ocrx_word' id='word_1_430' title='bbox 937 2951 1421 3014; x_wconf 89' lang='lat' dir='ltr'>coronatus,sedet</span> <span class='ocrx_word' id='word_1_431' title='bbox 1440 2953 1507 3005; x_wconf 88' lang='lat' dir='ltr'>ad</span> <span class='ocrx_word' id='word_1_432' title='bbox 1531 2951 1820 3007; x_wconf 85' lang='lat' dir='ltr'>dexteram</span> <span class='ocrx_word' id='word_1_433' title='bbox 1903 2953 2009 3011; x_wconf 81' lang='lat' dir='ltr'>sat,</span> <span class='ocrx_word' id='word_1_434' title='bbox 2034 2964 2135 3000; x_wconf 85' lang='lat' dir='ltr'>nec</span> <span class='ocrx_word' id='word_1_435' title='bbox 2172 2949 2239 3001; x_wconf 89' lang='lat' dir='ltr'>ad</span> <span class='ocrx_word' id='word_1_436' title='bbox 2265 2965 2441 3019; x_wconf 88' lang='lat' dir='ltr'>usque</span> <span class='ocrx_word' id='word_1_437' title='bbox 2472 2949 2622 3004; x_wconf 90' lang='lat' dir='ltr'>illius</span> <span class='ocrx_word' id='word_1_438' title='bbox 2649 2969 2673 3001; x_wconf 87' lang='lat'>«</span> <span class='ocrx_word' id='word_1_439' title='bbox 2707 2951 2802 3021; x_wconf 88' lang='lat' dir='ltr'>qui</span> <span class='ocrx_word' id='word_1_440' title='bbox 2824 2952 3114 3007; x_wconf 84' lang='lat' dir='ltr'>extollitur</span> <span class='ocrx_word' id='word_1_441' title='bbox 3140 2972 3310 3026; x_wconf 90' lang='lat' dir='ltr'>super</span> <span class='ocrx_word' id='word_1_442' title='bbox 3331 2954 3499 3012; x_wconf 82' lang='lat' dir='ltr'>omne</span> 
     </span>
    </p>
   </div>
   <div class='ocr_carea' id='block_1_53' title="bbox 230 3036 3499 3125">
    <p class='ocr_par' dir='ltr' id='par_1_53' title="bbox 230 3036 3499 3125">
     <span class='ocr_line' id='line_1_53' title="bbox 230 3036 3499 3125; baseline 0 -27"><span class='ocrx_word' id='word_1_443' title='bbox 230 3044 321 3099; x_wconf 87' lang='lat' dir='ltr'>Dei</span> <span class='ocrx_word' id='word_1_444' title='bbox 364 3042 549 3097; x_wconf 84' lang='lat' dir='ltr'>Patris</span> <span class='ocrx_word' id='word_1_445' title='bbox 594 3039 1016 3110; x_wconf 88' lang='lat' dir='ltr'>omnipotentis.</span> <span class='ocrx_word' id='word_1_446' title='bbox 1052 3038 1141 3094; x_wconf 89' lang='lat' dir='ltr'>Sic</span> <span class='ocrx_word' id='word_1_447' title='bbox 1168 3047 1225 3092; x_wconf 87' lang='lat' dir='ltr'>et</span> <span class='ocrx_word' id='word_1_448' title='bbox 1252 3055 1373 3105; x_wconf 90' lang='lat' dir='ltr'>nos,</span> <span class='ocrx_word' id='word_1_449' title='bbox 1408 3041 1455 3094; x_wconf 89' lang='lat' dir='ltr'>si</span> <span class='ocrx_word' id='word_1_450' title='bbox 1486 3041 1582 3094; x_wconf 84' lang='lat' dir='ltr'>filii</span> <span class='ocrx_word' id='word_1_451' title='bbox 1611 3041 1817 3095; x_wconf 86' lang='lat' dir='ltr'>summi</span> <span class='ocrx_word' id='word_1_452' title='bbox 1841 3090 1882 3125; x_wconf 57' lang='grc' dir='ltr'><strong><em>ρ</em></strong></span> <span class='ocrx_word' id='word_1_453' title='bbox 1904 3037 1997 3108; x_wconf 87' lang='lat' dir='ltr'>qui</span> <span class='ocrx_word' id='word_1_454' title='bbox 2022 3036 2228 3090; x_wconf 84' lang='lat' dir='ltr'>dicitur</span> <span class='ocrx_word' id='word_1_455' title='bbox 2257 3043 2357 3091; x_wconf 88' lang='lat' dir='ltr'>aut</span> <span class='ocrx_word' id='word_1_456' title='bbox 2380 3039 2585 3092; x_wconf 88' lang='lat' dir='ltr'>colitur</span> <span class='ocrx_word' id='word_1_457' title='bbox 2614 3040 2762 3092; x_wconf 84' lang='lat' dir='ltr'>Deus</span> <span class='ocrx_word' id='word_1_458' title='bbox 2792 3043 2871 3103; x_wconf 83' lang='lat' dir='ltr'>(ll</span> <span class='ocrx_word' id='word_1_459' title='bbox 2902 3043 3074 3095; x_wconf 82' lang='lat' dir='ltr'>Thess.</span> <span class='ocrx_word' id='word_1_460' title='bbox 3117 3057 3182 3112; x_wconf 81' lang='lat' dir='ltr'>II,</span> <span class='ocrx_word' id='word_1_461' title='bbox 3203 3045 3258 3112; x_wconf 78' lang='grc'>4)</span> <span class='ocrx_word' id='word_1_462' title='bbox 3294 3064 3319 3096; x_wconf 83' lang='grc'>»</span> <span class='ocrx_word' id='word_1_463' title='bbox 3352 3052 3499 3125; x_wconf 61' lang='grc' dir='ltr'>ιθιητ</span> 
     </span>
    </p>
   </div>
   <div class='ocr_carea' id='block_1_54' title="bbox 228 3127 3262 3200">
    <p class='ocr_par' dir='ltr' id='par_1_54' title="bbox 228 3127 3262 3200">
     <span class='ocr_line' id='line_1_54' title="bbox 228 3127 3262 3200; baseline -0.001 -10"><span class='ocrx_word' id='word_1_464' title='bbox 228 3133 399 3190; x_wconf 79' lang='lat' dir='ltr'>Patris</span> <span class='ocrx_word' id='word_1_465' title='bbox 428 3148 647 3195; x_wconf 86' lang='lat' dir='ltr'>sumus,</span> <span class='ocrx_word' id='word_1_466' title='bbox 681 3146 782 3200; x_wconf 90' lang='lat' dir='ltr'>per</span> <span class='ocrx_word' id='word_1_467' title='bbox 809 3129 1123 3182; x_wconf 84' lang='lat' dir='ltr'>mundanas</span> <span class='ocrx_word' id='word_1_468' title='bbox 1153 3131 1531 3199; x_wconf 72' lang='lat' dir='ltr'>possessiones.</span> <span class='ocrx_word' id='word_1_469' title='bbox 1552 3132 1820 3187; x_wconf 88' lang='lat' dir='ltr'>debemus</span> <span class='ocrx_word' id='word_1_470' title='bbox 1841 3127 1884 3153; x_wconf 66' lang='grc' dir='ltr'>υ</span> <span class='ocrx_word' id='word_1_471' title='bbox 1902 3143 2040 3197; x_wconf 77' lang='lat' dir='ltr'>pora</span> <span class='ocrx_word' id='word_1_472' title='bbox 2070 3127 2308 3197; x_wconf 75' lang='lat' dir='ltr'>cessabit</span> <span class='ocrx_word' id='word_1_473' title='bbox 2341 3128 2594 3181; x_wconf 71' lang='lat' dir='ltr'>Ecclesiae</span> <span class='ocrx_word' id='word_1_474' title='bbox 2625 3129 2906 3183; x_wconf 80' lang='lat' dir='ltr'>maculare</span> <span class='ocrx_word' id='word_1_475' title='bbox 2927 3131 3262 3200; x_wconf 89' lang='lat' dir='ltr'>puritatem.</span> 
     </span>
    </p>
   </div>
   <div class='ocr_carea' id='block_1_55' title="bbox 232 3198 3501 3292">
    <p class='ocr_par' dir='ltr' id='par_1_55' title="bbox 232 3198 3501 3292">
     <span class='ocr_line' id='line_1_55' title="bbox 232 3198 3501 3292; baseline 0.002 -18"><span class='ocrx_word' id='word_1_476' title='bbox 232 3221 490 3275; x_wconf 83' lang='lat' dir='ltr'>commori</span> <span class='ocrx_word' id='word_1_477' title='bbox 505 3198 713 3283; x_wconf 86' lang='lat' dir='ltr'>secum,</span> <span class='ocrx_word' id='word_1_478' title='bbox 734 3224 799 3271; x_wconf 92' lang='lat' dir='ltr'>ut</span> <span class='ocrx_word' id='word_1_479' title='bbox 813 3223 1275 3287; x_wconf 85' lang='lat' dir='ltr'>conresurgentes</span> <span class='ocrx_word' id='word_1_480' title='bbox 1292 3219 1457 3273; x_wconf 90' lang='lat' dir='ltr'>simul</span> <span class='ocrx_word' id='word_1_481' title='bbox 1478 3237 1821 3292; x_wconf 84' lang='lat' dir='ltr'>conregnare</span> <span class='ocrx_word' id='word_1_482' title='bbox 1974 3215 2083 3270; x_wconf 90' lang='lat' dir='ltr'>Sed</span> <span class='ocrx_word' id='word_1_483' title='bbox 2118 3232 2241 3270; x_wconf 87' lang='lat' dir='ltr'>cum</span> <span class='ocrx_word' id='word_1_484' title='bbox 2295 3232 2329 3269; x_wconf 89' lang='lat' dir='ltr'>a</span> <span class='ocrx_word' id='word_1_485' title='bbox 2375 3216 2746 3271; x_wconf 89' lang='lat' dir='ltr'>Constantino</span> <span class='ocrx_word' id='word_1_486' title='bbox 2772 3219 3121 3289; x_wconf 83' lang='lat' dir='ltr'>coeperimus,</span> <span class='ocrx_word' id='word_1_487' title='bbox 3148 3224 3501 3279; x_wconf 89' lang='lat' dir='ltr'>Constantini</span> 
     </span>
    </p>
   </div>
   <div class='ocr_carea' id='block_1_56' title="bbox 232 3302 3503 3385">
    <p class='ocr_par' dir='ltr' id='par_1_56' title="bbox 232 3302 3503 3385">
     <span class='ocr_line' id='line_1_56' title="bbox 232 3302 3503 3385; baseline 0.002 -22"><span class='ocrx_word' id='word_1_488' title='bbox 232 3302 519 3380; x_wconf 82' lang='lat' dir='ltr'>possimus,</span> <span class='ocrx_word' id='word_1_489' title='bbox 553 3308 701 3378; x_wconf 91' lang='lat' dir='ltr'>quod</span> <span class='ocrx_word' id='word_1_490' title='bbox 719 3307 798 3360; x_wconf 90' lang='lat' dir='ltr'>illi</span> <span class='ocrx_word' id='word_1_491' title='bbox 825 3306 1021 3360; x_wconf 87' lang='lat' dir='ltr'>matris</span> <span class='ocrx_word' id='word_1_492' title='bbox 1050 3312 1251 3362; x_wconf 77' lang='lat' dir='ltr'>nostrae</span> <span class='ocrx_word' id='word_1_493' title='bbox 1281 3326 1393 3362; x_wconf 90' lang='lat' dir='ltr'>non</span> <span class='ocrx_word' id='word_1_494' title='bbox 1425 3309 1681 3364; x_wconf 89' lang='lat' dir='ltr'>habentis</span> <span class='ocrx_word' id='word_1_495' title='bbox 1703 3328 1822 3364; x_wconf 88' lang='lat' dir='ltr'>ma-</span> <span class='ocrx_word' id='word_1_496' title='bbox 1905 3305 2101 3358; x_wconf 79' lang='lat' dir='ltr'>laudes</span> <span class='ocrx_word' id='word_1_497' title='bbox 2118 3306 2651 3375; x_wconf 88' lang='lat' dir='ltr'>persequamur.Hic</span> <span class='ocrx_word' id='word_1_498' title='bbox 2664 3316 2749 3361; x_wconf 89' lang='lat' dir='ltr'>est</span> <span class='ocrx_word' id='word_1_499' title='bbox 2770 3309 3173 3364; x_wconf 86' lang='lat' dir='ltr'>Constantinus</span> <span class='ocrx_word' id='word_1_500' title='bbox 3205 3314 3297 3383; x_wconf 89' lang='lat' dir='ltr'>qui</span> <span class='ocrx_word' id='word_1_501' title='bbox 3321 3315 3503 3385; x_wconf 85' lang='lat' dir='ltr'>legem</span> 
     </span>
    </p>
   </div>
   <div class='ocr_carea' id='block_1_57' title="bbox 234 3394 1826 3467">
    <p class='ocr_par' dir='ltr' id='par_1_57' title="bbox 234 3394 1826 3467">
     <span class='ocr_line' id='line_1_57' title="bbox 234 3394 1826 3467; baseline 0 -13"><span class='ocrx_word' id='word_1_502' title='bbox 234 3398 405 3454; x_wconf 81' lang='lat' dir='ltr'>cuiam</span> <span class='ocrx_word' id='word_1_503' title='bbox 436 3413 622 3467; x_wconf 89' lang='lat' dir='ltr'>neque</span> <span class='ocrx_word' id='word_1_504' title='bbox 654 3412 853 3466; x_wconf 85' lang='lat' dir='ltr'>rugam</span> <span class='ocrx_word' id='word_1_505' title='bbox 876 3396 1061 3464; x_wconf 55' lang='lat' dir='ltr'>.Ephes</span> <span class='ocrx_word' id='word_1_506' title='bbox 1105 3413 1155 3459; x_wconf 72' lang='grc' dir='ltr'>ν,</span> <span class='ocrx_word' id='word_1_507' title='bbox 1186 3394 1275 3449; x_wconf 69' lang='grc'>27</span> <span class='ocrx_word' id='word_1_508' title='bbox 1310 3397 1475 3467; x_wconf 91' lang='lat' dir='ltr'>primi</span> <span class='ocrx_word' id='word_1_509' title='bbox 1500 3399 1826 3454; x_wconf 88' lang='lat' dir='ltr'>fundatores</span> 
     </span>
    </p>
   </div>
   <div class='ocr_carea' id='block_1_58' title="bbox 236 3486 1818 3556">
    <p class='ocr_par' dir='ltr' id='par_1_58' title="bbox 236 3486 1818 3556">
     <span class='ocr_line' id='line_1_58' title="bbox 236 3486 1818 3556; baseline 0 -13"><span class='ocrx_word' id='word_1_510' title='bbox 236 3494 288 3543; x_wconf 88' lang='lat' dir='ltr'>et</span> <span class='ocrx_word' id='word_1_511' title='bbox 334 3486 689 3543; x_wconf 81' lang='lat' dir='ltr'>documentis</span> <span class='ocrx_word' id='word_1_512' title='bbox 727 3486 966 3540; x_wconf 90' lang='lat' dir='ltr'>docuere</span> <span class='ocrx_word' id='word_1_513' title='bbox 1004 3490 1062 3539; x_wconf 88' lang='lat' dir='ltr'>et</span> <span class='ocrx_word' id='word_1_514' title='bbox 1105 3487 1373 3556; x_wconf 85' lang='lat' dir='ltr'>exemplis</span> <span class='ocrx_word' id='word_1_515' title='bbox 1414 3495 1818 3548; x_wconf 84' lang='lat' dir='ltr'>monstravere.</span> 
     </span>
    </p>
   </div>
   <div class='ocr_carea' id='block_1_59' title="bbox 234 3575 1829 3649">
    <p class='ocr_par' dir='ltr' id='par_1_59' title="bbox 234 3575 1829 3649">
     <span class='ocr_line' id='line_1_59' title="bbox 234 3575 1829 3649; baseline -0.001 -16"><span class='ocrx_word' id='word_1_516' title='bbox 234 3577 549 3649; x_wconf 84' lang='lat' dir='ltr'>Respondet</span> <span class='ocrx_word' id='word_1_517' title='bbox 575 3575 724 3630; x_wconf 87' lang='lat' dir='ltr'>enim</span> <span class='ocrx_word' id='word_1_518' title='bbox 745 3575 896 3628; x_wconf 87' lang='lat' dir='ltr'>aliud</span> <span class='ocrx_word' id='word_1_519' title='bbox 928 3575 1186 3645; x_wconf 86' lang='lat' dir='ltr'>princeps</span> <span class='ocrx_word' id='word_1_520' title='bbox 1208 3575 1366 3629; x_wconf 89' lang='lat' dir='ltr'>ovilis</span> <span class='ocrx_word' id='word_1_521' title='bbox 1399 3582 1455 3629; x_wconf 89' lang='lat' dir='ltr'>et</span> <span class='ocrx_word' id='word_1_522' title='bbox 1481 3593 1575 3629; x_wconf 90' lang='lat' dir='ltr'>vas</span> <span class='ocrx_word' id='word_1_523' title='bbox 1601 3579 1829 3633; x_wconf 88' lang='lat' dir='ltr'>electio-</span> 
     </span>
    </p>
   </div>
   <div class='ocr_carea' id='block_1_60' title="bbox 236 3664 1829 3734">
    <p class='ocr_par' dir='ltr' id='par_1_60' title="bbox 236 3664 1829 3734">
     <span class='ocr_line' id='line_1_60' title="bbox 236 3664 1829 3734; baseline 0.001 -15"><span class='ocrx_word' id='word_1_524' title='bbox 236 3667 314 3719; x_wconf 90' lang='lat' dir='ltr'>nis</span> <span class='ocrx_word' id='word_1_525' title='bbox 351 3672 408 3721; x_wconf 88' lang='lat' dir='ltr'>et</span> <span class='ocrx_word' id='word_1_526' title='bbox 437 3665 538 3721; x_wconf 82' lang='lat' dir='ltr'>ﬁlii</span> <span class='ocrx_word' id='word_1_527' title='bbox 581 3666 901 3734; x_wconf 88' lang='lat' dir='ltr'>Boarnages</span> <span class='ocrx_word' id='word_1_528' title='bbox 929 3667 1031 3721; x_wconf 72' lang='lat' dir='ltr'>(ita</span> <span class='ocrx_word' id='word_1_529' title='bbox 1070 3665 1216 3729; x_wconf 85' lang='lat' dir='ltr'>cod.)</span> <span class='ocrx_word' id='word_1_530' title='bbox 1261 3670 1319 3717; x_wconf 92' lang='lat' dir='ltr'>et</span> <span class='ocrx_word' id='word_1_531' title='bbox 1353 3664 1554 3719; x_wconf 84' lang='lat' dir='ltr'>fratres</span> <span class='ocrx_word' id='word_1_532' title='bbox 1600 3665 1829 3721; x_wconf 86' lang='lat' dir='ltr'>Domini</span> 
     </span>
    </p>
   </div>
   <div class='ocr_carea' id='block_1_61' title="bbox 238 3751 1831 3825">
    <p class='ocr_par' dir='ltr' id='par_1_61' title="bbox 238 3751 1831 3825">
     <span class='ocr_line' id='line_1_61' title="bbox 238 3751 1831 3825; baseline 0.001 -16"><span class='ocrx_word' id='word_1_533' title='bbox 238 3755 527 3825; x_wconf 62' lang='lat' dir='ltr'>ceterique</span> <span class='ocrx_word' id='word_1_534' title='bbox 549 3753 828 3808; x_wconf 89' lang='lat' dir='ltr'>Dominici</span> <span class='ocrx_word' id='word_1_535' title='bbox 855 3751 1042 3822; x_wconf 87' lang='lat' dir='ltr'>gregis</span> <span class='ocrx_word' id='word_1_536' title='bbox 1067 3752 1290 3818; x_wconf 77' lang='lat' dir='ltr'>arietes,</span> <span class='ocrx_word' id='word_1_537' title='bbox 1317 3754 1470 3807; x_wconf 85' lang='lat' dir='ltr'>aliud</span> <span class='ocrx_word' id='word_1_538' title='bbox 1492 3771 1594 3808; x_wconf 89' lang='lat' dir='ltr'>nos</span> <span class='ocrx_word' id='word_1_539' title='bbox 1621 3756 1831 3810; x_wconf 88' lang='lat' dir='ltr'>docue-</span> 
     </span>
    </p>
   </div>
   <div class='ocr_carea' id='block_1_62' title="bbox 238 3841 1828 3915">
    <p class='ocr_par' dir='ltr' id='par_1_62' title="bbox 238 3841 1828 3915">
     <span class='ocr_line' id='line_1_62' title="bbox 238 3841 1828 3915; baseline 0 -16"><span class='ocrx_word' id='word_1_540' title='bbox 238 3850 380 3906; x_wconf 83' lang='lat' dir='ltr'>runt,</span> <span class='ocrx_word' id='word_1_541' title='bbox 402 3843 539 3914; x_wconf 87' lang='lat' dir='ltr'>quia</span> <span class='ocrx_word' id='word_1_542' title='bbox 567 3842 841 3896; x_wconf 86' lang='lat' dir='ltr'>mundum</span> <span class='ocrx_word' id='word_1_543' title='bbox 871 3857 997 3894; x_wconf 90' lang='lat' dir='ltr'>cum</span> <span class='ocrx_word' id='word_1_544' title='bbox 1030 3841 1250 3911; x_wconf 86' lang='lat' dir='ltr'>pompis</span> <span class='ocrx_word' id='word_1_545' title='bbox 1279 3842 1396 3896; x_wconf 87' lang='lat' dir='ltr'>suis</span> <span class='ocrx_word' id='word_1_546' title='bbox 1426 3843 1828 3915; x_wconf 85' lang='lat' dir='ltr'>relinquentes.</span> 
     </span>
    </p>
   </div>
   <div class='ocr_carea' id='block_1_63' title="bbox 240 3928 1831 4001">
    <p class='ocr_par' dir='ltr' id='par_1_63' title="bbox 240 3928 1831 4001">
     <span class='ocr_line' id='line_1_63' title="bbox 240 3928 1831 4001; baseline 0 -14"><span class='ocrx_word' id='word_1_547' title='bbox 240 3947 356 4001; x_wconf 71' lang='lat' dir='ltr'>qua:</span> <span class='ocrx_word' id='word_1_548' title='bbox 382 3946 607 3986; x_wconf 83' lang='lat' dir='ltr'>sursum</span> <span class='ocrx_word' id='word_1_549' title='bbox 638 3935 772 3983; x_wconf 91' lang='lat' dir='ltr'>sunt</span> <span class='ocrx_word' id='word_1_550' title='bbox 799 3928 1102 3999; x_wconf 87' lang='lat' dir='ltr'>sapiamus.</span> <span class='ocrx_word' id='word_1_551' title='bbox 1135 3944 1246 3982; x_wconf 91' lang='lat' dir='ltr'>non</span> <span class='ocrx_word' id='word_1_552' title='bbox 1277 3946 1400 3999; x_wconf 67' lang='lat' dir='ltr'>quae</span> <span class='ocrx_word' id='word_1_553' title='bbox 1425 3947 1595 4001; x_wconf 89' lang='lat' dir='ltr'>super</span> <span class='ocrx_word' id='word_1_554' title='bbox 1622 3938 1831 3988; x_wconf 88' lang='lat' dir='ltr'>terram</span> 
     </span>
    </p>
   </div>
   <div class='ocr_carea' id='block_1_64' title="bbox 1910 3393 3504 3471">
    <p class='ocr_par' dir='ltr' id='par_1_64' title="bbox 1910 3393 3504 3471">
     <span class='ocr_line' id='line_1_64' title="bbox 1910 3393 3504 3471; baseline 0.008 -26"><span class='ocrx_word' id='word_1_555' title='bbox 1910 3393 2098 3464; x_wconf 89' lang='lat' dir='ltr'>posuit</span> <span class='ocrx_word' id='word_1_556' title='bbox 2123 3395 2454 3464; x_wconf 73' lang='lat' dir='ltr'>evangelicae</span> <span class='ocrx_word' id='word_1_557' title='bbox 2469 3395 2736 3449; x_wconf 72' lang='lat' dir='ltr'>doctrinae</span> <span class='ocrx_word' id='word_1_558' title='bbox 2767 3407 3189 3464; x_wconf 80' lang='lat' dir='ltr'>consonantem,</span> <span class='ocrx_word' id='word_1_559' title='bbox 3218 3410 3281 3456; x_wconf 92' lang='lat' dir='ltr'>ut</span> <span class='ocrx_word' id='word_1_560' title='bbox 3311 3420 3504 3471; x_wconf 86' lang='lat' dir='ltr'>omnes</span> 
     </span>
    </p>
   </div>
   <div class='ocr_carea' id='block_1_65' title="bbox 1910 3482 3505 3562">
    <p class='ocr_par' dir='ltr' id='par_1_65' title="bbox 1910 3482 3505 3562">
     <span class='ocr_line' id='line_1_65' title="bbox 1910 3482 3505 3562; baseline 0.008 -26"><span class='ocrx_word' id='word_1_561' title='bbox 1910 3482 2151 3553; x_wconf 82' lang='lat' dir='ltr'>episcopi</span> <span class='ocrx_word' id='word_1_562' title='bbox 2173 3483 2487 3537; x_wconf 87' lang='lat' dir='ltr'>Romanum</span> <span class='ocrx_word' id='word_1_563' title='bbox 2511 3484 2829 3555; x_wconf 90' lang='lat' dir='ltr'>episcopum</span> <span class='ocrx_word' id='word_1_564' title='bbox 2854 3487 3127 3543; x_wconf 84' lang='lat' dir='ltr'>haberent</span> <span class='ocrx_word' id='word_1_565' title='bbox 3146 3498 3332 3562; x_wconf 88' lang='lat' dir='ltr'>caput,</span> <span class='ocrx_word' id='word_1_566' title='bbox 3359 3492 3505 3548; x_wconf 83' lang='lat' dir='ltr'>sicut</span> 
     </span>
    </p>
   </div>
   <div class='ocr_carea' id='block_1_66' title="bbox 1911 3572 3507 3642">
    <p class='ocr_par' dir='ltr' id='par_1_66' title="bbox 1911 3572 3507 3642">
     <span class='ocr_line' id='line_1_66' title="bbox 1911 3572 3507 3642; baseline 0.007 -17"><span class='ocrx_word' id='word_1_567' title='bbox 1911 3588 2104 3625; x_wconf 87' lang='lat' dir='ltr'>omnes</span> <span class='ocrx_word' id='word_1_568' title='bbox 2128 3572 2345 3640; x_wconf 87' lang='lat' dir='ltr'>judices</span> <span class='ocrx_word' id='word_1_569' title='bbox 2370 3589 2587 3642; x_wconf 82' lang='lat' dir='ltr'>regem.</span> <span class='ocrx_word' id='word_1_570' title='bbox 2629 3574 2729 3628; x_wconf 86' lang='lat' dir='ltr'>Hic</span> <span class='ocrx_word' id='word_1_571' title='bbox 2764 3580 2850 3628; x_wconf 88' lang='lat' dir='ltr'>est</span> <span class='ocrx_word' id='word_1_572' title='bbox 2881 3575 3182 3633; x_wconf 74' lang='lat' dir='ltr'>Dominicae</span> <span class='ocrx_word' id='word_1_573' title='bbox 3209 3581 3389 3635; x_wconf 90' lang='lat' dir='ltr'>crucis</span> <span class='ocrx_word' id='word_1_574' title='bbox 3423 3584 3507 3636; x_wconf 90' lang='lat' dir='ltr'>in-</span> 
     </span>
    </p>
   </div>
   <div class='ocr_carea' id='block_1_67' title="bbox 1912 3661 3507 3739">
    <p class='ocr_par' dir='ltr' id='par_1_67' title="bbox 1912 3661 3507 3739">
     <span class='ocr_line' id='line_1_67' title="bbox 1912 3661 3507 3739; baseline 0.009 -28"><span class='ocrx_word' id='word_1_575' title='bbox 1912 3661 2418 3714; x_wconf 85' lang='lat' dir='ltr'>ventorChristiani</span> <span class='ocrx_word' id='word_1_576' title='bbox 2433 3662 2674 3715; x_wconf 88' lang='lat' dir='ltr'>nominis</span> <span class='ocrx_word' id='word_1_577' title='bbox 2691 3664 2964 3719; x_wconf 83' lang='lat' dir='ltr'>maximus</span> <span class='ocrx_word' id='word_1_578' title='bbox 2977 3672 3507 3739; x_wconf 75' lang='lat' dir='ltr'>propagator,almzn</span> 
     </span>
    </p>
   </div>
   <div class='ocr_carea' id='block_1_68' title="bbox 1913 3750 3510 3829">
    <p class='ocr_par' dir='ltr' id='par_1_68' title="bbox 1913 3750 3510 3829">
     <span class='ocr_line' id='line_1_68' title="bbox 1913 3750 3510 3829; baseline 0.009 -28"><span class='ocrx_word' id='word_1_579' title='bbox 1913 3766 2065 3802; x_wconf 83' lang='lat' dir='ltr'>novae</span> <span class='ocrx_word' id='word_1_580' title='bbox 2096 3750 2285 3803; x_wconf 65' lang='lat' dir='ltr'>Romae</span> <span class='ocrx_word' id='word_1_581' title='bbox 2313 3750 2594 3807; x_wconf 87' lang='lat' dir='ltr'>fundator.</span> <span class='ocrx_word' id='word_1_582' title='bbox 2612 3751 2967 3808; x_wconf 87' lang='lat' dir='ltr'>basilicarum</span> <span class='ocrx_word' id='word_1_583' title='bbox 3001 3758 3314 3829; x_wconf 77' lang='lat' dir='ltr'>praecipuus</span> <span class='ocrx_word' id='word_1_584' title='bbox 3335 3760 3510 3815; x_wconf 84' lang='lat' dir='ltr'>fabri-</span> 
     </span>
    </p>
   </div>
   <div class='ocr_carea' id='block_1_69' title="bbox 1914 3834 3507 3920">
    <p class='ocr_par' dir='ltr' id='par_1_69' title="bbox 1914 3834 3507 3920">
     <span class='ocr_line' id='line_1_69' title="bbox 1914 3834 3507 3920; baseline 0.01 -30"><span class='ocrx_word' id='word_1_585' title='bbox 1914 3844 2100 3902; x_wconf 77' lang='lat' dir='ltr'>cator;</span> <span class='ocrx_word' id='word_1_586' title='bbox 2122 3839 2209 3892; x_wconf 90' lang='lat' dir='ltr'>hic</span> <span class='ocrx_word' id='word_1_587' title='bbox 2238 3839 2433 3909; x_wconf 88' lang='lat' dir='ltr'>estqui</span> <span class='ocrx_word' id='word_1_588' title='bbox 2464 3839 2624 3894; x_wconf 91' lang='lat' dir='ltr'>nobis</span> <span class='ocrx_word' id='word_1_589' title='bbox 2649 3847 2899 3919; x_wconf 85' lang='lat' dir='ltr'>sanctam</span> <span class='ocrx_word' id='word_1_590' title='bbox 2922 3843 3204 3900; x_wconf 84' lang='lat' dir='ltr'>Nicaenam</span> <span class='ocrx_word' id='word_1_591' title='bbox 3227 3834 3507 3920; x_wconf 81' lang='lat' dir='ltr'>synodum</span> 
     </span>
    </p>
   </div>
   <div class='ocr_carea' id='block_1_70' title="bbox 1918 3928 3515 4004">
    <p class='ocr_par' dir='ltr' id='par_1_70' title="bbox 1918 3928 3515 4004">
     <span class='ocr_line' id='line_1_70' title="bbox 1918 3928 3515 4004; baseline 0.009 -23"><span class='ocrx_word' id='word_1_592' title='bbox 1918 3928 2294 3998; x_wconf 84' lang='lat' dir='ltr'>congregavit,</span> <span class='ocrx_word' id='word_1_593' title='bbox 2318 3928 2377 3981; x_wconf 89' lang='lat' dir='ltr'>in</span> <span class='ocrx_word' id='word_1_594' title='bbox 2410 3945 2519 3999; x_wconf 91' lang='lat' dir='ltr'>qua</span> <span class='ocrx_word' id='word_1_595' title='bbox 2544 3930 2795 3984; x_wconf 89' lang='lat' dir='ltr'>omnium</span> <span class='ocrx_word' id='word_1_596' title='bbox 2827 3932 3213 4004; x_wconf 88' lang='lat' dir='ltr'>episcoporum</span> <span class='ocrx_word' id='word_1_597' title='bbox 3248 3938 3515 3996; x_wconf 87' lang='lat' dir='ltr'>subsellia</span> 
     </span>
    </p>
   </div>
   <div class='ocr_carea' id='block_1_71' title="bbox 242 4016 3512 4090">
    <p class='ocr_par' dir='ltr' id='par_1_71' title="bbox 242 4016 3512 4090">
     <span class='ocr_line' id='line_1_71' title="bbox 242 4016 3512 4090; baseline 0.003 -16"><span class='ocrx_word' id='word_1_598' title='bbox 242 4019 344 4083; x_wconf 77' lang='lat' dir='ltr'>(Col</span> <span class='ocrx_word' id='word_1_599' title='bbox 384 4034 471 4082; x_wconf 80' lang='lat' dir='ltr'>In,</span> <span class='ocrx_word' id='word_1_600' title='bbox 520 4018 595 4081; x_wconf 75' lang='lat'>‘2).</span> <span class='ocrx_word' id='word_1_601' title='bbox 643 4018 802 4082; x_wconf 82' lang='lat' dir='ltr'>Quod</span> <span class='ocrx_word' id='word_1_602' title='bbox 850 4018 1118 4089; x_wconf 82' lang='lat' dir='ltr'>exemplis</span> <span class='ocrx_word' id='word_1_603' title='bbox 1176 4026 1648 4078; x_wconf 86' lang='lat' dir='ltr'>monstraverunt.</span> <span class='ocrx_word' id='word_1_604' title='bbox 1708 4039 1836 4076; x_wconf 86' lang='lat' dir='ltr'>cum</span> <span class='ocrx_word' id='word_1_605' title='bbox 1919 4016 2039 4087; x_wconf 90' lang='lat' dir='ltr'>ipse</span> <span class='ocrx_word' id='word_1_606' title='bbox 2069 4018 2400 4088; x_wconf 90' lang='lat' dir='ltr'>composuit.</span> <span class='ocrx_word' id='word_1_607' title='bbox 2425 4024 2482 4071; x_wconf 89' lang='lat' dir='ltr'>et</span> <span class='ocrx_word' id='word_1_608' title='bbox 2509 4017 2627 4088; x_wconf 90' lang='lat' dir='ltr'>ipse</span> <span class='ocrx_word' id='word_1_609' title='bbox 2653 4019 2756 4073; x_wconf 91' lang='lat' dir='ltr'>sub</span> <span class='ocrx_word' id='word_1_610' title='bbox 2778 4021 3023 4090; x_wconf 88' lang='lat' dir='ltr'>pedaneo</span> <span class='ocrx_word' id='word_1_611' title='bbox 3049 4026 3252 4080; x_wconf 84' lang='lat' dir='ltr'>sedens</span> <span class='ocrx_word' id='word_1_612' title='bbox 3272 4029 3512 4087; x_wconf 86' lang='lat' dir='ltr'>scabello</span> 
     </span>
    </p>
   </div>
   <div class='ocr_carea' id='block_1_72' title="bbox 238 4105 3516 4180">
    <p class='ocr_par' dir='ltr' id='par_1_72' title="bbox 238 4105 3516 4180">
     <span class='ocr_line' id='line_1_72' title="bbox 238 4105 3516 4180; baseline 0.004 -20"><span class='ocrx_word' id='word_1_613' title='bbox 238 4107 381 4163; x_wconf 85' lang='lat' dir='ltr'>irent</span> <span class='ocrx_word' id='word_1_614' title='bbox 404 4108 718 4179; x_wconf 83' lang='lat' dir='ltr'>gaudentes</span> <span class='ocrx_word' id='word_1_615' title='bbox 739 4123 773 4160; x_wconf 89' lang='lat' dir='ltr'>a</span> <span class='ocrx_word' id='word_1_616' title='bbox 792 4112 1092 4177; x_wconf 86' lang='lat' dir='ltr'>conspectu</span> <span class='ocrx_word' id='word_1_617' title='bbox 1118 4107 1355 4172; x_wconf 90' lang='lat' dir='ltr'>concilii,</span> <span class='ocrx_word' id='word_1_618' title='bbox 1386 4108 1649 4178; x_wconf 90' lang='lat' dir='ltr'>quoniam</span> <span class='ocrx_word' id='word_1_619' title='bbox 1683 4108 1838 4180; x_wconf 85' lang='lat' dir='ltr'>digni</span> <span class='ocrx_word' id='word_1_620' title='bbox 1919 4105 2211 4175; x_wconf 88' lang='lat' dir='ltr'>indignum</span> <span class='ocrx_word' id='word_1_621' title='bbox 2237 4106 2496 4176; x_wconf 88' lang='lat' dir='ltr'>judicans</span> <span class='ocrx_word' id='word_1_622' title='bbox 2538 4107 2884 4178; x_wconf 88' lang='lat' dir='ltr'>imperialem</span> <span class='ocrx_word' id='word_1_623' title='bbox 2923 4111 3110 4165; x_wconf 89' lang='lat' dir='ltr'>sedem</span> <span class='ocrx_word' id='word_1_624' title='bbox 3139 4114 3357 4170; x_wconf 87' lang='lat' dir='ltr'>thronis</span> <span class='ocrx_word' id='word_1_625' title='bbox 3388 4117 3516 4173; x_wconf 86' lang='lat' dir='ltr'>illo-</span> 
     </span>
    </p>
   </div>
   <div class='ocr_carea' id='block_1_73' title="bbox 240 4194 3515 4268">
    <p class='ocr_par' dir='ltr' id='par_1_73' title="bbox 240 4194 3515 4268">
     <span class='ocr_line' id='line_1_73' title="bbox 240 4194 3515 4268; baseline 0.003 -17"><span class='ocrx_word' id='word_1_626' title='bbox 240 4196 410 4251; x_wconf 84' lang='lat' dir='ltr'>habiti</span> <span class='ocrx_word' id='word_1_627' title='bbox 437 4201 604 4251; x_wconf 86' lang='lat' dir='ltr'>erant</span> <span class='ocrx_word' id='word_1_628' title='bbox 632 4212 732 4267; x_wconf 89' lang='lat' dir='ltr'>pro</span> <span class='ocrx_word' id='word_1_629' title='bbox 764 4197 991 4250; x_wconf 88' lang='lat' dir='ltr'>nomine</span> <span class='ocrx_word' id='word_1_630' title='bbox 1019 4196 1149 4250; x_wconf 84' lang='lat' dir='ltr'>Jesu</span> <span class='ocrx_word' id='word_1_631' title='bbox 1174 4198 1544 4251; x_wconf 88' lang='lat' dir='ltr'>contumelias</span> <span class='ocrx_word' id='word_1_632' title='bbox 1559 4199 1674 4268; x_wconf 88' lang='lat' dir='ltr'>pati</span> <span class='ocrx_word' id='word_1_633' title='bbox 1700 4201 1835 4263; x_wconf 76' lang='lat' dir='ltr'>(Act.</span> <span class='ocrx_word' id='word_1_634' title='bbox 1922 4210 2047 4248; x_wconf 89' lang='lat' dir='ltr'>rum</span> <span class='ocrx_word' id='word_1_635' title='bbox 2066 4194 2624 4265; x_wconf 88' lang='lat' dir='ltr'>admisceri,quorum</span> <span class='ocrx_word' id='word_1_636' title='bbox 2646 4196 2806 4250; x_wconf 90' lang='lat' dir='ltr'>sedes</span> <span class='ocrx_word' id='word_1_637' title='bbox 2820 4197 3152 4267; x_wconf 69' lang='lat' dir='ltr'>judicaturte</span> <span class='ocrx_word' id='word_1_638' title='bbox 3167 4203 3515 4261; x_wconf 86' lang='lat' dir='ltr'>suntduode—</span> 
     </span>
    </p>
   </div>
   <div class='ocr_carea' id='block_1_74' title="bbox 245 4282 3517 4379">
    <p class='ocr_par' dir='ltr' id='par_1_74' title="bbox 245 4282 3517 4379">
     <span class='ocr_line' id='line_1_74' title="bbox 245 4282 3517 4379; baseline 0.003 -41"><span class='ocrx_word' id='word_1_639' title='bbox 245 4302 297 4350; x_wconf 89' lang='lat' dir='ltr'>v,</span> <span class='ocrx_word' id='word_1_640' title='bbox 329 4286 437 4355; x_wconf 69' lang='grc'>41).</span> <span class='ocrx_word' id='word_1_641' title='bbox 487 4286 671 4357; x_wconf 87' lang='lat' dir='ltr'>Igitur</span> <span class='ocrx_word' id='word_1_642' title='bbox 720 4294 1019 4356; x_wconf 86' lang='lat' dir='ltr'>postquam</span> <span class='ocrx_word' id='word_1_643' title='bbox 1074 4285 1132 4339; x_wconf 90' lang='lat' dir='ltr'>in</span> <span class='ocrx_word' id='word_1_644' title='bbox 1177 4302 1399 4339; x_wconf 89' lang='lat' dir='ltr'>omnem</span> <span class='ocrx_word' id='word_1_645' title='bbox 1428 4291 1636 4340; x_wconf 87' lang='lat' dir='ltr'>terram</span> <span class='ocrx_word' id='word_1_646' title='bbox 1675 4286 1842 4340; x_wconf 86' lang='lat' dir='ltr'>exivit</span> <span class='ocrx_word' id='word_1_647' title='bbox 1863 4321 1910 4379; x_wconf 84' lang='lat' dir='ltr'>D</span> <span class='ocrx_word' id='word_1_648' title='bbox 1931 4283 2037 4336; x_wconf 89' lang='lat' dir='ltr'>cim</span> <span class='ocrx_word' id='word_1_649' title='bbox 2068 4282 2248 4337; x_wconf 91' lang='lat' dir='ltr'>tribus</span> <span class='ocrx_word' id='word_1_650' title='bbox 2274 4282 2449 4337; x_wconf 88' lang='lat' dir='ltr'>Israel</span> <span class='ocrx_word' id='word_1_651' title='bbox 2483 4286 2667 4347; x_wconf 83' lang='lat' dir='ltr'>(Math.</span> <span class='ocrx_word' id='word_1_652' title='bbox 2700 4299 2811 4348; x_wconf 81' lang='lat' dir='ltr'>xIx,</span> <span class='ocrx_word' id='word_1_653' title='bbox 2845 4284 2953 4343; x_wconf 78' lang='lat'>‘28).</span> <span class='ocrx_word' id='word_1_654' title='bbox 2983 4286 3088 4342; x_wconf 90' lang='lat' dir='ltr'>Cui</span> <span class='ocrx_word' id='word_1_655' title='bbox 3116 4306 3239 4343; x_wconf 90' lang='lat' dir='ltr'>cum</span> <span class='ocrx_word' id='word_1_656' title='bbox 3272 4294 3517 4362; x_wconf 86' lang='lat' dir='ltr'>quadam</span> 
     </span>
    </p>
   </div>
   <div class='ocr_carea' id='block_1_75' title="bbox 248 4370 3516 4451">
    <p class='ocr_par' dir='ltr' id='par_1_75' title="bbox 248 4370 3516 4451">
     <span class='ocr_line' id='line_1_75' title="bbox 248 4370 3516 4451; baseline 0.002 -22"><span class='ocrx_word' id='word_1_657' title='bbox 248 4392 411 4430; x_wconf 87' lang='lat' dir='ltr'>sonus</span> <span class='ocrx_word' id='word_1_658' title='bbox 470 4392 667 4430; x_wconf 83' lang='lat' dir='ltr'>eorum</span> <span class='ocrx_word' id='word_1_659' title='bbox 732 4378 893 4435; x_wconf 73' lang='lat' dir='ltr'>tPsal.</span> <span class='ocrx_word' id='word_1_660' title='bbox 955 4388 1113 4433; x_wconf 77' lang='lat' dir='ltr'>xvm.</span> <span class='ocrx_word' id='word_1_661' title='bbox 1164 4373 1240 4445; x_wconf 83' lang='grc'>5).</span> <span class='ocrx_word' id='word_1_662' title='bbox 1284 4376 1653 4429; x_wconf 88' lang='lat' dir='ltr'>consummati</span> <span class='ocrx_word' id='word_1_663' title='bbox 1709 4375 1841 4428; x_wconf 89' lang='lat' dir='ltr'>facti</span> <span class='ocrx_word' id='word_1_664' title='bbox 1864 4370 1904 4379; x_wconf 64' lang='grc'><em>⁷</em></span> <span class='ocrx_word' id='word_1_665' title='bbox 1927 4373 2018 4426; x_wconf 91' lang='lat' dir='ltr'>die</span> <span class='ocrx_word' id='word_1_666' title='bbox 2048 4370 2218 4426; x_wconf 89' lang='lat' dir='ltr'>libelli</span> <span class='ocrx_word' id='word_1_667' title='bbox 2247 4372 2663 4426; x_wconf 90' lang='lat' dir='ltr'>accusationum</span> <span class='ocrx_word' id='word_1_668' title='bbox 2686 4373 2756 4426; x_wconf 88' lang='lat' dir='ltr'>ab</span> <span class='ocrx_word' id='word_1_669' title='bbox 2777 4374 3049 4446; x_wconf 89' lang='lat' dir='ltr'>episcopis</span> <span class='ocrx_word' id='word_1_670' title='bbox 3070 4376 3516 4451; x_wconf 87' lang='lat' dir='ltr'>porrigerentur,</span> 
     </span>
    </p>
   </div>
   <div class='ocr_carea' id='block_1_76' title="bbox 240 4460 3521 4551">
    <p class='ocr_par' dir='ltr' id='par_1_76' title="bbox 240 4460 3521 4551">
     <span class='ocr_line' id='line_1_76' title="bbox 240 4460 3521 4551; baseline 0.002 -33"><span class='ocrx_word' id='word_1_671' title='bbox 240 4464 529 4519; x_wconf 83' lang='lat' dir='ltr'>constituti</span> <span class='ocrx_word' id='word_1_672' title='bbox 557 4469 689 4517; x_wconf 89' lang='lat' dir='ltr'>sunt</span> <span class='ocrx_word' id='word_1_673' title='bbox 706 4462 988 4534; x_wconf 86' lang='lat' dir='ltr'>principes</span> <span class='ocrx_word' id='word_1_674' title='bbox 1000 4479 1170 4532; x_wconf 89' lang='lat' dir='ltr'>super</span> <span class='ocrx_word' id='word_1_675' title='bbox 1196 4479 1419 4516; x_wconf 88' lang='lat' dir='ltr'>omnem</span> <span class='ocrx_word' id='word_1_676' title='bbox 1446 4471 1654 4517; x_wconf 83' lang='lat' dir='ltr'>terram</span> <span class='ocrx_word' id='word_1_677' title='bbox 1672 4465 1837 4527; x_wconf 78' lang='lat' dir='ltr'>(Psal.</span> <span class='ocrx_word' id='word_1_678' title='bbox 1926 4460 2106 4514; x_wconf 84' lang='lat' dir='ltr'>fertur</span> <span class='ocrx_word' id='word_1_679' title='bbox 2136 4460 2339 4514; x_wconf 87' lang='lat' dir='ltr'>dixisse</span> <span class='ocrx_word' id='word_1_680' title='bbox 2360 4480 2370 4514; x_wconf 90' lang='lat'>:</span> <span class='ocrx_word' id='word_1_681' title='bbox 2390 4460 2568 4525; x_wconf 82' lang='lat' dir='ltr'>Absit,</span> <span class='ocrx_word' id='word_1_682' title='bbox 2594 4465 2659 4514; x_wconf 91' lang='lat' dir='ltr'>ut</span> <span class='ocrx_word' id='word_1_683' title='bbox 2678 4478 2780 4531; x_wconf 89' lang='lat' dir='ltr'>ego</span> <span class='ocrx_word' id='word_1_684' title='bbox 2796 4463 3041 4532; x_wconf 84' lang='lat' dir='ltr'>judicem</span> <span class='ocrx_word' id='word_1_685' title='bbox 3057 4465 3190 4520; x_wconf 88' lang='lat' dir='ltr'>deos</span> <span class='ocrx_word' id='word_1_686' title='bbox 3214 4468 3227 4520; x_wconf 83' lang='lat' dir='ltr'>l</span> <span class='ocrx_word' id='word_1_687' title='bbox 3260 4468 3340 4523; x_wconf 91' lang='lat' dir='ltr'>De</span> <span class='ocrx_word' id='word_1_688' title='bbox 3367 4468 3521 4551; x_wconf 76' lang='lat' dir='ltr'>vobis</span> 
     </span>
    </p>
   </div>
   <div class='ocr_carea' id='block_1_77' title="bbox 243 4550 3519 4637">
    <p class='ocr_par' dir='ltr' id='par_1_77' title="bbox 243 4550 3519 4637">
     <span class='ocr_line' id='line_1_77' title="bbox 243 4550 3519 4637; baseline 0.002 -28"><span class='ocrx_word' id='word_1_689' title='bbox 243 4568 390 4617; x_wconf 80' lang='lat' dir='ltr'>xuv,</span> <span class='ocrx_word' id='word_1_690' title='bbox 445 4552 552 4619; x_wconf 91' lang='lat' dir='ltr'>l7).</span> <span class='ocrx_word' id='word_1_691' title='bbox 605 4551 723 4607; x_wconf 87' lang='lat' dir='ltr'>Hos</span> <span class='ocrx_word' id='word_1_692' title='bbox 766 4560 993 4606; x_wconf 88' lang='lat' dir='ltr'>secutus</span> <span class='ocrx_word' id='word_1_693' title='bbox 1045 4556 1131 4605; x_wconf 83' lang='lat' dir='ltr'>est</span> <span class='ocrx_word' id='word_1_694' title='bbox 1173 4556 1482 4623; x_wconf 86' lang='lat' dir='ltr'>martyrum</span> <span class='ocrx_word' id='word_1_695' title='bbox 1513 4552 1843 4606; x_wconf 88' lang='lat' dir='ltr'>candidatus</span> <span class='ocrx_word' id='word_1_696' title='bbox 1928 4550 2077 4603; x_wconf 73' lang='lat' dir='ltr'>enim</span> <span class='ocrx_word' id='word_1_697' title='bbox 2105 4550 2316 4604; x_wconf 90' lang='lat' dir='ltr'>dictum</span> <span class='ocrx_word' id='word_1_698' title='bbox 2343 4555 2460 4605; x_wconf 91' lang='lat' dir='ltr'>est:</span> <span class='ocrx_word' id='word_1_699' title='bbox 2490 4568 2516 4602; x_wconf 88' lang='grc'>(‹</span> <span class='ocrx_word' id='word_1_700' title='bbox 2542 4550 2655 4620; x_wconf 86' lang='lat' dir='ltr'>Ego</span> <span class='ocrx_word' id='word_1_701' title='bbox 2677 4550 2836 4605; x_wconf 87' lang='lat' dir='ltr'>Dixi:</span> <span class='ocrx_word' id='word_1_702' title='bbox 2874 4551 2961 4605; x_wconf 91' lang='lat' dir='ltr'>Dii</span> <span class='ocrx_word' id='word_1_703' title='bbox 2992 4550 3519 4637; x_wconf 68' lang='lat' dir='ltr'>estis(Psal.Lxxx1,</span> 
     </span>
    </p>
   </div>
   <div class='ocr_carea' id='block_1_78' title="bbox 242 4640 1843 4712">
    <p class='ocr_par' dir='ltr' id='par_1_78' title="bbox 242 4640 1843 4712">
     <span class='ocr_line' id='line_1_78' title="bbox 242 4640 1843 4712; baseline -0.002 -15"><span class='ocrx_word' id='word_1_704' title='bbox 242 4643 554 4707; x_wconf 81' lang='lat' dir='ltr'>exercitus,</span> <span class='ocrx_word' id='word_1_705' title='bbox 589 4640 685 4712; x_wconf 90' lang='lat' dir='ltr'>qui</span> <span class='ocrx_word' id='word_1_706' title='bbox 723 4657 822 4712; x_wconf 89' lang='lat' dir='ltr'>per</span> <span class='ocrx_word' id='word_1_707' title='bbox 856 4640 1008 4694; x_wconf 84' lang='lat' dir='ltr'>varia</span> <span class='ocrx_word' id='word_1_708' title='bbox 1050 4656 1338 4711; x_wconf 70' lang='lat' dir='ltr'>poenarum</span> <span class='ocrx_word' id='word_1_709' title='bbox 1368 4657 1578 4710; x_wconf 84' lang='lat' dir='ltr'>genera</span> <span class='ocrx_word' id='word_1_710' title='bbox 1607 4647 1843 4695; x_wconf 87' lang='lat' dir='ltr'>mortem</span> 
     </span>
    </p>
   </div>
   <div class='ocr_carea' id='block_1_79' title="bbox 241 4730 1847 4795">
    <p class='ocr_par' dir='ltr' id='par_1_79' title="bbox 241 4730 1847 4795">
     <span class='ocr_line' id='line_1_79' title="bbox 241 4730 1847 4795; baseline -0.001 -8"><span class='ocrx_word' id='word_1_711' title='bbox 241 4734 614 4794; x_wconf 77' lang='lat' dir='ltr'>invenientes,</span> <span class='ocrx_word' id='word_1_712' title='bbox 655 4738 929 4785; x_wconf 66' lang='lat' dir='ltr'>aeternam</span> <span class='ocrx_word' id='word_1_713' title='bbox 974 4730 1143 4784; x_wconf 89' lang='lat' dir='ltr'>vitam</span> <span class='ocrx_word' id='word_1_714' title='bbox 1185 4731 1383 4784; x_wconf 80' lang='lat' dir='ltr'>lucrati</span> <span class='ocrx_word' id='word_1_715' title='bbox 1415 4738 1564 4785; x_wconf 90' lang='lat' dir='ltr'>sunt.</span> <span class='ocrx_word' id='word_1_716' title='bbox 1599 4731 1847 4795; x_wconf 90' lang='lat' dir='ltr'>Quorum</span> 
     </span>
    </p>
   </div>
   <div class='ocr_carea' id='block_1_80' title="bbox 241 4819 1847 4893">
    <p class='ocr_par' dir='ltr' id='par_1_80' title="bbox 241 4819 1847 4893">
     <span class='ocr_line' id='line_1_80' title="bbox 241 4819 1847 4893; baseline -0.002 -16"><span class='ocrx_word' id='word_1_717' title='bbox 241 4823 336 4879; x_wconf 84' lang='lat' dir='ltr'>alii</span> <span class='ocrx_word' id='word_1_718' title='bbox 367 4820 655 4893; x_wconf 73' lang='lat' dir='ltr'>stipitibus</span> <span class='ocrx_word' id='word_1_719' title='bbox 684 4820 961 4891; x_wconf 85' lang='lat' dir='ltr'>suspensi.</span> <span class='ocrx_word' id='word_1_720' title='bbox 999 4819 1095 4874; x_wconf 90' lang='lat' dir='ltr'>alii</span> <span class='ocrx_word' id='word_1_721' title='bbox 1143 4820 1331 4873; x_wconf 72' lang='lat' dir='ltr'>variis~</span> <span class='ocrx_word' id='word_1_722' title='bbox 1351 4819 1690 4874; x_wconf 89' lang='lat' dir='ltr'>cruciatibus</span> <span class='ocrx_word' id='word_1_723' title='bbox 1721 4836 1847 4891; x_wconf 75' lang='lat' dir='ltr'>per-</span> 
     </span>
    </p>
   </div>
   <div class='ocr_carea' id='block_1_81' title="bbox 244 4908 1850 4983">
    <p class='ocr_par' dir='ltr' id='par_1_81' title="bbox 244 4908 1850 4983">
     <span class='ocr_line' id='line_1_81' title="bbox 244 4908 1850 4983; baseline -0.002 -17"><span class='ocrx_word' id='word_1_724' title='bbox 244 4911 440 4983; x_wconf 87' lang='lat' dir='ltr'>empti,</span> <span class='ocrx_word' id='word_1_725' title='bbox 495 4910 589 4963; x_wconf 87' lang='lat' dir='ltr'>alii</span> <span class='ocrx_word' id='word_1_726' title='bbox 631 4909 811 4980; x_wconf 85' lang='lat' dir='ltr'>capite</span> <span class='ocrx_word' id='word_1_727' title='bbox 838 4909 1104 4972; x_wconf 87' lang='lat' dir='ltr'>truncati,</span> <span class='ocrx_word' id='word_1_728' title='bbox 1147 4908 1243 4962; x_wconf 90' lang='lat' dir='ltr'>alii</span> <span class='ocrx_word' id='word_1_729' title='bbox 1283 4908 1387 4962; x_wconf 88' lang='lat' dir='ltr'>vivi</span> <span class='ocrx_word' id='word_1_730' title='bbox 1432 4909 1718 4967; x_wconf 87' lang='lat' dir='ltr'>excoriati.</span> <span class='ocrx_word' id='word_1_731' title='bbox 1753 4910 1850 4963; x_wconf 90' lang='lat' dir='ltr'>alii</span> 
     </span>
    </p>
   </div>
   <div class='ocr_carea' id='block_1_82' title="bbox 244 4997 1851 5060">
    <p class='ocr_par' dir='ltr' id='par_1_82' title="bbox 244 4997 1851 5060">
     <span class='ocr_line' id='line_1_82' title="bbox 244 4997 1851 5060; baseline -0.004 -2"><span class='ocrx_word' id='word_1_732' title='bbox 244 5001 498 5059; x_wconf 80' lang='lat' dir='ltr'>ﬂammis</span> <span class='ocrx_word' id='word_1_733' title='bbox 525 4997 885 5059; x_wconf 86' lang='lat' dir='ltr'>concremati,</span> <span class='ocrx_word' id='word_1_734' title='bbox 914 4998 1013 5051; x_wconf 88' lang='lat' dir='ltr'>alii</span> <span class='ocrx_word' id='word_1_735' title='bbox 1042 4997 1367 5052; x_wconf 84' lang='lat' dir='ltr'>ﬂuminibus</span> <span class='ocrx_word' id='word_1_736' title='bbox 1398 4998 1598 5060; x_wconf 89' lang='lat' dir='ltr'>necati,</span> <span class='ocrx_word' id='word_1_737' title='bbox 1630 4997 1727 5055; x_wconf 90' lang='lat' dir='ltr'>alii</span> <span class='ocrx_word' id='word_1_738' title='bbox 1756 5015 1851 5052; x_wconf 84' lang='lat' dir='ltr'>ve-</span> 
     </span>
    </p>
   </div>
   <div class='ocr_carea' id='block_1_83' title="bbox 245 5086 1853 5159">
    <p class='ocr_par' dir='ltr' id='par_1_83' title="bbox 245 5086 1853 5159">
     <span class='ocr_line' id='line_1_83' title="bbox 245 5086 1853 5159; baseline -0.002 -15"><span class='ocrx_word' id='word_1_739' title='bbox 245 5091 432 5146; x_wconf 88' lang='lat' dir='ltr'>ctibus</span> <span class='ocrx_word' id='word_1_740' title='bbox 462 5087 748 5159; x_wconf 83' lang='lat' dir='ltr'>perforati,</span> <span class='ocrx_word' id='word_1_741' title='bbox 768 5087 863 5141; x_wconf 89' lang='lat' dir='ltr'>alii</span> <span class='ocrx_word' id='word_1_742' title='bbox 894 5087 999 5140; x_wconf 86' lang='lat' dir='ltr'>vivi</span> <span class='ocrx_word' id='word_1_743' title='bbox 1023 5087 1246 5146; x_wconf 83' lang='lat' dir='ltr'>del‘ossi,</span> <span class='ocrx_word' id='word_1_744' title='bbox 1279 5086 1375 5140; x_wconf 88' lang='lat' dir='ltr'>alii</span> <span class='ocrx_word' id='word_1_745' title='bbox 1405 5087 1709 5141; x_wconf 89' lang='lat' dir='ltr'>luminibus</span> <span class='ocrx_word' id='word_1_746' title='bbox 1740 5088 1853 5159; x_wconf 83' lang='lat' dir='ltr'>pri-</span> 
     </span>
    </p>
   </div>
   <div class='ocr_carea' id='block_1_84' title="bbox 207 5175 1855 5239">
    <p class='ocr_par' dir='ltr' id='par_1_84' title="bbox 207 5175 1855 5239">
     <span class='ocr_line' id='line_1_84' title="bbox 207 5175 1855 5239; baseline -0.003 -5"><span class='ocrx_word' id='word_1_747' title='bbox 207 5178 217 5189; x_wconf 88' lang='grc'><strong>’</strong></span> <span class='ocrx_word' id='word_1_748' title='bbox 246 5181 384 5239; x_wconf 77' lang='lat' dir='ltr'>vati,</span> <span class='ocrx_word' id='word_1_749' title='bbox 418 5177 514 5232; x_wconf 80' lang='lat' dir='ltr'>alii</span> <span class='ocrx_word' id='word_1_750' title='bbox 545 5176 813 5233; x_wconf 83' lang='lat' dir='ltr'>membris</span> <span class='ocrx_word' id='word_1_751' title='bbox 840 5176 1057 5230; x_wconf 68' lang='lat' dir='ltr'>caeteris</span> <span class='ocrx_word' id='word_1_752' title='bbox 1104 5175 1402 5231; x_wconf 83' lang='lat' dir='ltr'>debilitati.</span> <span class='ocrx_word' id='word_1_753' title='bbox 1442 5176 1538 5230; x_wconf 89' lang='lat' dir='ltr'>alii</span> <span class='ocrx_word' id='word_1_754' title='bbox 1569 5177 1723 5235; x_wconf 86' lang='lat' dir='ltr'>secti.</span> <span class='ocrx_word' id='word_1_755' title='bbox 1757 5177 1855 5230; x_wconf 90' lang='lat' dir='ltr'>alii</span> 
     </span>
    </p>
   </div>
   <div class='ocr_carea' id='block_1_85' title="bbox 246 5263 1859 5338">
    <p class='ocr_par' dir='ltr' id='par_1_85' title="bbox 246 5263 1859 5338">
     <span class='ocr_line' id='line_1_85' title="bbox 246 5263 1859 5338; baseline -0.004 -15"><span class='ocrx_word' id='word_1_756' title='bbox 246 5265 511 5338; x_wconf 79' lang='lat' dir='ltr'>lapidati,</span> <span class='ocrx_word' id='word_1_757' title='bbox 556 5264 652 5319; x_wconf 86' lang='lat' dir='ltr'>alii</span> <span class='ocrx_word' id='word_1_758' title='bbox 703 5263 923 5317; x_wconf 89' lang='lat' dir='ltr'>vincula</span> <span class='ocrx_word' id='word_1_759' title='bbox 971 5268 1029 5317; x_wconf 90' lang='lat' dir='ltr'>et</span> <span class='ocrx_word' id='word_1_760' title='bbox 1078 5263 1305 5317; x_wconf 70' lang='lat' dir='ltr'>verbera</span> <span class='ocrx_word' id='word_1_761' title='bbox 1351 5263 1582 5334; x_wconf 85' lang='lat' dir='ltr'>experti,</span> <span class='ocrx_word' id='word_1_762' title='bbox 1627 5263 1859 5334; x_wconf 88' lang='lat' dir='ltr'>insuper</span> 
     </span>
    </p>
   </div>
   <div class='ocr_carea' id='block_1_86' title="bbox 250 5356 1859 5432">
    <p class='ocr_par' dir='ltr' id='par_1_86' title="bbox 250 5356 1859 5432">
     <span class='ocr_line' id='line_1_86' title="bbox 250 5356 1859 5432; baseline -0.002 -17"><span class='ocrx_word' id='word_1_763' title='bbox 250 5367 311 5415; x_wconf 89' lang='lat' dir='ltr'>et</span> <span class='ocrx_word' id='word_1_764' title='bbox 331 5374 588 5432; x_wconf 74' lang='lat' dir='ltr'>carceres</span> <span class='ocrx_word' id='word_1_765' title='bbox 628 5356 1128 5421; x_wconf 69' lang='lat' dir='ltr'>circumierunt&#39;in</span> <span class='ocrx_word' id='word_1_766' title='bbox 1176 5357 1397 5410; x_wconf 88' lang='lat' dir='ltr'>melotis</span> <span class='ocrx_word' id='word_1_767' title='bbox 1426 5362 1485 5410; x_wconf 90' lang='lat' dir='ltr'>et</span> <span class='ocrx_word' id='word_1_768' title='bbox 1526 5357 1582 5410; x_wconf 90' lang='lat' dir='ltr'>in</span> <span class='ocrx_word' id='word_1_769' title='bbox 1623 5356 1859 5427; x_wconf 86' lang='lat' dir='ltr'>pellibus</span> 
     </span>
    </p>
   </div>
   <div class='ocr_carea' id='block_1_87' title="bbox 251 5430 1860 5519">
    <p class='ocr_par' dir='ltr' id='par_1_87' title="bbox 251 5430 1860 5519">
     <span class='ocr_line' id='line_1_87' title="bbox 251 5430 1860 5519; baseline -0.002 -18"><span class='ocrx_word' id='word_1_770' title='bbox 251 5430 511 5519; x_wconf 66' lang='lat' dir='ltr'>caprinis</span> <span class='ocrx_word' id='word_1_771' title='bbox 537 5430 721 5509; x_wconf 83' lang='lat' dir='ltr'>(Hebr.</span> <span class='ocrx_word' id='word_1_772' title='bbox 760 5459 841 5507; x_wconf 70' lang='grc' dir='ltr'>χι,</span> <span class='ocrx_word' id='word_1_773' title='bbox 869 5444 979 5511; x_wconf 80' lang='lat'>37).</span> <span class='ocrx_word' id='word_1_774' title='bbox 1011 5444 1131 5499; x_wconf 82' lang='lat' dir='ltr'>Hos</span> <span class='ocrx_word' id='word_1_775' title='bbox 1157 5444 1228 5498; x_wconf 88' lang='lat' dir='ltr'>ad</span> <span class='ocrx_word' id='word_1_776' title='bbox 1248 5451 1363 5498; x_wconf 85' lang='lat' dir='ltr'>tam</span> <span class='ocrx_word' id='word_1_777' title='bbox 1384 5445 1709 5516; x_wconf 68' lang='lat' dir='ltr'>praeclaram</span> <span class='ocrx_word' id='word_1_778' title='bbox 1737 5445 1860 5514; x_wconf 88' lang='lat' dir='ltr'>glo-</span> 
     </span>
    </p>
   </div>
   <div class='ocr_carea' id='block_1_88' title="bbox 251 5532 1864 5613">
    <p class='ocr_par' dir='ltr' id='par_1_88' title="bbox 251 5532 1864 5613">
     <span class='ocr_line' id='line_1_88' title="bbox 251 5532 1864 5613; baseline -0.001 -22"><span class='ocrx_word' id='word_1_779' title='bbox 434 5532 701 5611; x_wconf 74' lang='lat' dir='ltr'>perduxit.</span> <span class='ocrx_word' id='word_1_780' title='bbox 734 5533 1073 5604; x_wconf 79' lang='lat' dir='ltr'>pontiﬁcalis</span> <span class='ocrx_word' id='word_1_781' title='bbox 1094 5548 1257 5605; x_wconf 79' lang='lat' dir='ltr'>apex,</span> <span class='ocrx_word' id='word_1_782' title='bbox 1292 5533 1407 5604; x_wconf 77' lang='lat' dir='ltr'>qui.</span> <span class='ocrx_word' id='word_1_783' title='bbox 1438 5534 1694 5604; x_wconf 80' lang='lat' dir='ltr'>quamvis</span> <span class='ocrx_word' id='word_1_784' title='bbox 1722 5549 1864 5605; x_wconf 84' lang='lat' dir='ltr'>pene</span> 
     </span>
    </p>
   </div>
   <div class='ocr_carea' id='block_1_89' title="bbox 248 5621 1865 5701">
    <p class='ocr_par' dir='ltr' id='par_1_89' title="bbox 248 5621 1865 5701">
     <span class='ocr_line' id='line_1_89' title="bbox 248 5621 1865 5701; baseline -0.004 -18"><span class='ocrx_word' id='word_1_785' title='bbox 248 5623 537 5701; x_wconf 67' lang='lat' dir='ltr'>tutnoqbe</span> <span class='ocrx_word' id='word_1_786' title='bbox 554 5621 1301 5696; x_wconf 56' lang='lat' dir='ltr'>jamdiﬁasusguodxerbis</span> <span class='ocrx_word' id='word_1_787' title='bbox 1308 5623 1865 5695; x_wconf 51' lang='lat' dir='ltr'>pmdicabagosten-</span> 
     </span>
    </p>
   </div>
   <div class='ocr_carea' id='block_1_90' title="bbox 1929 4638 3525 4717">
    <p class='ocr_par' dir='ltr' id='par_1_90' title="bbox 1929 4638 3525 4717">
     <span class='ocr_line' id='line_1_90' title="bbox 1929 4638 3525 4717; baseline 0.008 -23"><span class='ocrx_word' id='word_1_788' title='bbox 1929 4638 2021 4705; x_wconf 85' lang='lat'>6);</span> <span class='ocrx_word' id='word_1_789' title='bbox 2060 4660 2082 4690; x_wconf 74' lang='grc' dir='ltr'><strong><em>ι</em></strong></span> <span class='ocrx_word' id='word_1_790' title='bbox 2123 4656 2305 4710; x_wconf 88' lang='lat' dir='ltr'>neque</span> <span class='ocrx_word' id='word_1_791' title='bbox 2347 4639 2498 4693; x_wconf 90' lang='lat' dir='ltr'>enim</span> <span class='ocrx_word' id='word_1_792' title='bbox 2537 4648 2751 4717; x_wconf 87' lang='lat' dir='ltr'>rectum</span> <span class='ocrx_word' id='word_1_793' title='bbox 2797 4645 2883 4715; x_wconf 85' lang='lat' dir='ltr'>est</span> <span class='ocrx_word' id='word_1_794' title='bbox 2921 4647 2986 4695; x_wconf 90' lang='lat' dir='ltr'>ut</span> <span class='ocrx_word' id='word_1_795' title='bbox 3028 4644 3207 4714; x_wconf 84' lang='lat' dir='ltr'>major</span> <span class='ocrx_word' id='word_1_796' title='bbox 3243 4662 3275 4700; x_wconf 90' lang='lat' dir='ltr'>a</span> <span class='ocrx_word' id='word_1_797' title='bbox 3306 4642 3525 4707; x_wconf 83' lang='lat' dir='ltr'>minore</span> 
     </span>
    </p>
   </div>
   <div class='ocr_carea' id='block_1_91' title="bbox 1923 4724 3526 4808">
    <p class='ocr_par' dir='ltr' id='par_1_91' title="bbox 1923 4724 3526 4808">
     <span class='ocr_line' id='line_1_91' title="bbox 1923 4724 3526 4808; baseline 0.008 -27"><span class='ocrx_word' id='word_1_798' title='bbox 1923 4728 2228 4799; x_wconf 87' lang='lat' dir='ltr'>judicetur.</span> <span class='ocrx_word' id='word_1_799' title='bbox 2290 4728 2393 4782; x_wconf 87' lang='lat' dir='ltr'>Hic</span> <span class='ocrx_word' id='word_1_800' title='bbox 2432 4733 2538 4787; x_wconf 82' lang='lat' dir='ltr'>est,</span> <span class='ocrx_word' id='word_1_801' title='bbox 2591 4727 2661 4781; x_wconf 90' lang='lat' dir='ltr'>de</span> <span class='ocrx_word' id='word_1_802' title='bbox 2705 4744 2814 4798; x_wconf 92' lang='lat' dir='ltr'>quo</span> <span class='ocrx_word' id='word_1_803' title='bbox 2845 4728 3053 4799; x_wconf 87' lang='lat' dir='ltr'>legitur</span> <span class='ocrx_word' id='word_1_804' title='bbox 3084 4732 3287 4789; x_wconf 88' lang='lat' dir='ltr'>dixisse</span> <span class='ocrx_word' id='word_1_805' title='bbox 3316 4738 3448 4808; x_wconf 88' lang='lat' dir='ltr'>quia</span> 
     </span>
    </p>
   </div>
   <div class='ocr_carea' id='block_1_92' title="bbox 1929 4816 3522 4897">
    <p class='ocr_par' dir='ltr' id='par_1_92' title="bbox 1929 4816 3522 4897">
     <span class='ocr_line' id='line_1_92' title="bbox 1929 4816 3522 4897; baseline 0.007 -25"><span class='ocrx_word' id='word_1_806' title='bbox 1929 4818 2238 4872; x_wconf 88' lang='lat' dir='ltr'>invenirem</span> <span class='ocrx_word' id='word_1_807' title='bbox 2254 4816 2787 4888; x_wconf 84' lang='lat' dir='ltr'>aliquem,religioso</span> <span class='ocrx_word' id='word_1_808' title='bbox 2801 4817 2995 4893; x_wconf 85' lang='lat' dir='ltr'>habitu</span> <span class='ocrx_word' id='word_1_809' title='bbox 3014 4818 3495 4883; x_wconf 88' lang='lat' dir='ltr'>circumamictum</span> <span class='ocrx_word' id='word_1_810' title='bbox 3508 4870 3522 4897; x_wconf 92' lang='lat'>,</span> 
     </span>
    </p>
   </div>
   <div class='ocr_carea' id='block_1_93' title="bbox 1934 4904 3528 4983">
    <p class='ocr_par' dir='ltr' id='par_1_93' title="bbox 1934 4904 3528 4983">
     <span class='ocr_line' id='line_1_93' title="bbox 1934 4904 3528 4983; baseline 0.007 -22"><span class='ocrx_word' id='word_1_811' title='bbox 1934 4907 2340 4978; x_wconf 87' lang='lat' dir='ltr'>turpitudinem</span> <span class='ocrx_word' id='word_1_812' title='bbox 2380 4912 2729 4977; x_wconf 89' lang='lat' dir='ltr'>operantem,</span> <span class='ocrx_word' id='word_1_813' title='bbox 2763 4906 2929 4977; x_wconf 83' lang='lat' dir='ltr'>pallio</span> <span class='ocrx_word' id='word_1_814' title='bbox 2962 4924 3086 4981; x_wconf 84' lang='lat' dir='ltr'>meo</span> <span class='ocrx_word' id='word_1_815' title='bbox 3114 4904 3528 4983; x_wconf 79' lang='lat' dir='ltr'>cooperuissem</span> 
     </span>
    </p>
   </div>
   <div class='ocr_carea' id='block_1_94' title="bbox 1935 4990 3530 5083">
    <p class='ocr_par' dir='ltr' id='par_1_94' title="bbox 1935 4990 3530 5083">
     <span class='ocr_line' id='line_1_94' title="bbox 1935 4990 3530 5083; baseline 0.006 -34"><span class='ocrx_word' id='word_1_816' title='bbox 1935 5012 2086 5061; x_wconf 91' lang='lat' dir='ltr'>eum,</span> <span class='ocrx_word' id='word_1_817' title='bbox 2134 5013 2205 5049; x_wconf 91' lang='lat' dir='ltr'>ne</span> <span class='ocrx_word' id='word_1_818' title='bbox 2251 4995 2497 5065; x_wconf 85' lang='lat' dir='ltr'>dignitas</span> <span class='ocrx_word' id='word_1_819' title='bbox 2542 4995 2688 5050; x_wconf 88' lang='lat' dir='ltr'>tanti</span> <span class='ocrx_word' id='word_1_820' title='bbox 2718 4995 2962 5050; x_wconf 90' lang='lat' dir='ltr'>nominis</span> <span class='ocrx_word' id='word_1_821' title='bbox 2989 4997 3384 5074; x_wconf 84' lang='lat' dir='ltr'>infamaretur.</span> <span class='ocrx_word' id='word_1_822' title='bbox 3423 4990 3530 5083; x_wconf 59' lang='lat' dir='ltr'>Hic</span> 
     </span>
    </p>
   </div>
   <div class='ocr_carea' id='block_1_95' title="bbox 1937 5084 3530 5157">
    <p class='ocr_par' dir='ltr' id='par_1_95' title="bbox 1937 5084 3530 5157">
     <span class='ocr_line' id='line_1_95' title="bbox 1937 5084 3530 5157; baseline 0.004 -18"><span class='ocrx_word' id='word_1_823' title='bbox 1937 5085 2167 5156; x_wconf 88' lang='lat' dir='ltr'>reliquit</span> <span class='ocrx_word' id='word_1_824' title='bbox 2192 5084 2356 5148; x_wconf 83' lang='lat' dir='ltr'>ﬁlios,</span> <span class='ocrx_word' id='word_1_825' title='bbox 2390 5085 2636 5139; x_wconf 70' lang='lat' dir='ltr'>haeredes</span> <span class='ocrx_word' id='word_1_826' title='bbox 2666 5084 2891 5155; x_wconf 86' lang='lat' dir='ltr'>quidem</span> <span class='ocrx_word' id='word_1_827' title='bbox 2924 5087 3102 5157; x_wconf 88' lang='lat' dir='ltr'>regni,</span> <span class='ocrx_word' id='word_1_828' title='bbox 3137 5088 3231 5142; x_wconf 91' lang='lat' dir='ltr'>sed</span> <span class='ocrx_word' id='word_1_829' title='bbox 3267 5106 3379 5145; x_wconf 88' lang='lat' dir='ltr'>non</span> <span class='ocrx_word' id='word_1_830' title='bbox 3403 5093 3530 5145; x_wconf 89' lang='lat' dir='ltr'>reli-</span> 
     </span>
    </p>
   </div>
   <div class='ocr_carea' id='block_1_96' title="bbox 1936 5162 3529 5253">
    <p class='ocr_par' dir='ltr' id='par_1_96' title="bbox 1936 5162 3529 5253">
     <span class='ocr_line' id='line_1_96' title="bbox 1936 5162 3529 5253; baseline 0.003 -26"><span class='ocrx_word' id='word_1_831' title='bbox 1936 5173 2291 5243; x_wconf 76' lang='lat' dir='ltr'>gionisNam</span> <span class='ocrx_word' id='word_1_832' title='bbox 2335 5173 2484 5227; x_wconf 80' lang='lat' dir='ltr'>illius</span> <span class='ocrx_word' id='word_1_833' title='bbox 2536 5174 2659 5243; x_wconf 88' lang='lat' dir='ltr'>ejus</span> <span class='ocrx_word' id='word_1_834' title='bbox 2707 5175 3085 5239; x_wconf 63' lang='lat' dir='ltr'>tonstantius,</span> <span class='ocrx_word' id='word_1_835' title='bbox 3128 5176 3224 5246; x_wconf 92' lang='lat' dir='ltr'>qui</span> <span class='ocrx_word' id='word_1_836' title='bbox 3253 5162 3529 5253; x_wconf 74' lang='lat' dir='ltr'>defunctis</span> 
     </span>
    </p>
   </div>
   <div class='ocr_carea' id='block_1_97' title="bbox 1938 5262 3527 5336">
    <p class='ocr_par' dir='ltr' id='par_1_97' title="bbox 1938 5262 3527 5336">
     <span class='ocr_line' id='line_1_97' title="bbox 1938 5262 3527 5336; baseline 0.004 -21"><span class='ocrx_word' id='word_1_837' title='bbox 1938 5262 2210 5317; x_wconf 87' lang='lat' dir='ltr'>fratribus</span> <span class='ocrx_word' id='word_1_838' title='bbox 2258 5262 2482 5333; x_wconf 88' lang='lat' dir='ltr'>imperii</span> <span class='ocrx_word' id='word_1_839' title='bbox 2531 5268 2659 5333; x_wconf 87' lang='lat' dir='ltr'>post</span> <span class='ocrx_word' id='word_1_840' title='bbox 2684 5278 2811 5316; x_wconf 91' lang='lat' dir='ltr'>eum</span> <span class='ocrx_word' id='word_1_841' title='bbox 2842 5264 3085 5333; x_wconf 85' lang='lat' dir='ltr'>suscepit</span> <span class='ocrx_word' id='word_1_842' title='bbox 3126 5266 3527 5336; x_wconf 86' lang='lat' dir='ltr'>monarchiam,</span> 
     </span>
    </p>
   </div>
   <div class='ocr_carea' id='block_1_98' title="bbox 1942 5338 3535 5432">
    <p class='ocr_par' dir='ltr' id='par_1_98' title="bbox 1942 5338 3535 5432">
     <span class='ocr_line' id='line_1_98' title="bbox 1942 5338 3535 5432; baseline -0.004 -26"><span class='ocrx_word' id='word_1_843' title='bbox 1942 5352 2167 5406; x_wconf 65' lang='lat' dir='ltr'>Arianae</span> <span class='ocrx_word' id='word_1_844' title='bbox 2199 5353 2471 5406; x_wconf 82' lang='lat' dir='ltr'>haereseos</span> <span class='ocrx_word' id='word_1_845' title='bbox 2525 5351 2642 5405; x_wconf 85' lang='lat' dir='ltr'>zelo</span> <span class='ocrx_word' id='word_1_846' title='bbox 2688 5350 3024 5404; x_wconf 88' lang='lat' dir='ltr'>mirabiliter</span> <span class='ocrx_word' id='word_1_847' title='bbox 3069 5353 3303 5417; x_wconf 79' lang='lat' dir='ltr'>vastavit</span> <span class='ocrx_word' id='word_1_848' title='bbox 3352 5338 3535 5432; x_wconf 55' lang='grc' dir='ltr'>ΕρςῙεξ.</span> 
     </span>
    </p>
   </div>
   <div class='ocr_carea' id='block_1_99' title="bbox 1948 5428 3535 5519">
    <p class='ocr_par' dir='ltr' id='par_1_99' title="bbox 1948 5428 3535 5519">
     <span class='ocr_line' id='line_1_99' title="bbox 1948 5428 3535 5519; baseline 0.004 -25"><span class='ocrx_word' id='word_1_849' title='bbox 1948 5441 2116 5505; x_wconf 87' lang='lat' dir='ltr'>siam;</span> <span class='ocrx_word' id='word_1_850' title='bbox 2140 5457 2271 5495; x_wconf 87' lang='lat' dir='ltr'>nam</span> <span class='ocrx_word' id='word_1_851' title='bbox 2302 5441 2590 5512; x_wconf 86' lang='lat' dir='ltr'>episcopos</span> <span class='ocrx_word' id='word_1_852' title='bbox 2614 5439 3097 5519; x_wconf 75' lang='lat' dir='ltr'>exsiliorelegavit</span> <span class='ocrx_word' id='word_1_853' title='bbox 3113 5443 3381 5519; x_wconf 80' lang='lat' dir='ltr'>quosdam</span> <span class='ocrx_word' id='word_1_854' title='bbox 3398 5428 3535 5511; x_wconf 72' lang='lat' dir='ltr'>vero</span> 
     </span>
    </p>
   </div>
   <div class='ocr_carea' id='block_1_100' title="bbox 1938 5516 3538 5615">
    <p class='ocr_par' dir='ltr' id='par_1_100' title="bbox 1938 5516 3538 5615">
     <span class='ocr_line' id='line_1_100' title="bbox 1938 5516 3538 5615; baseline 0.002 -30"><span class='ocrx_word' id='word_1_855' title='bbox 1938 5519 2131 5604; x_wconf 83' lang='lat' dir='ltr'>gladio</span> <span class='ocrx_word' id='word_1_856' title='bbox 2170 5529 2470 5584; x_wconf 81' lang='lat' dir='ltr'>truncavit.</span> <span class='ocrx_word' id='word_1_857' title='bbox 2520 5529 2623 5582; x_wconf 86' lang='lat' dir='ltr'>Hic</span> <span class='ocrx_word' id='word_1_858' title='bbox 2652 5542 2775 5611; x_wconf 73' lang='lat' dir='ltr'>cum</span> <span class='ocrx_word' id='word_1_859' title='bbox 2802 5516 2911 5603; x_wconf 80' lang='lat' dir='ltr'>per</span> <span class='ocrx_word' id='word_1_860' title='bbox 2936 5518 3308 5613; x_wconf 72' lang='lat' dir='ltr'>Ermogenem</span> <span class='ocrx_word' id='word_1_861' title='bbox 3336 5516 3538 5615; x_wconf 46' lang='lat' dir='ltr'>praete}</span> 
     </span>
    </p>
   </div>
   <div class='ocr_carea' id='block_1_101' title="bbox 1942 5605 3537 5699">
    <p class='ocr_par' dir='ltr' id='par_1_101' title="bbox 1942 5605 3537 5699">
     <span class='ocr_line' id='line_1_101' title="bbox 1942 5605 3537 5699; baseline 0.005 -23"><span class='ocrx_word' id='word_1_862' title='bbox 1942 5619 2367 5688; x_wconf 74' lang='lat' dir='ltr'>ctum,Pau1uin</span> <span class='ocrx_word' id='word_1_863' title='bbox 2399 5605 2722 5690; x_wconf 80' lang='lat' dir='ltr'>episcopum</span> <span class='ocrx_word' id='word_1_864' title='bbox 2750 5613 2909 5686; x_wconf 87' lang='lat' dir='ltr'>Cpoli</span> <span class='ocrx_word' id='word_1_865' title='bbox 2935 5605 3213 5687; x_wconf 75' lang='lat' dir='ltr'>expellere</span> <span class='ocrx_word' id='word_1_866' title='bbox 3236 5605 3537 5699; x_wconf 56' lang='lat' dir='ltr'>niterettfr,</span> 
     </span>
    </p>
   </div>
  </div>
