3872 6168
400 312 506 375 8σ7

1407 293 1796 367 Bomzoms
1836 310 2275 370 ruamus!
2317 310 2675 369 EPISCOPI.

3562 309 3657 374 sos

397 440 639 515 populus
669 437 1086 495 Catholicorum
1114 435 1318 492 divinas
1344 434 1487 508 legis
1506 436 1624 492 zelo
1652 444 1905 493 armatus
1932 438 1989 493 in
2008 442 2350 500 Acanonum
2373 438 2583 509 eligite,
2616 436 2713 509 qui
2743 435 2952 492 nostris
2979 434 3164 508 possit
3191 432 3405 491 mederi
3432 436 3659 494 vulneri-

399 535 620 584 tantum
651 544 751 599 pro
782 525 1016 582 veritate
1033 525 1357 590 decertavit,
1380 532 1445 580 ut
1463 525 1645 597 ipsum
1670 527 1993 598 praefectum

399 635 526 672 cum
543 616 698 671 omni
721 616 887 670 domo
912 632 1012 669 sua
1034 620 1091 668 et
1110 614 1323 669 familia
1348 614 1477 685 igne
1491 615 1994 679 cremarent.Quod

398 705 608 760 factum
629 721 741 760 non
756 712 843 759 est
862 721 897 759 a
911 703 1259 776 sapientibus
1280 702 1783 775 improbatum,sed
1806 704 1993 775 potius

399 794 866 859 laudatum.Quid
893 795 1132 848 referam
1148 793 1218 846 de
1249 792 1881 864 Alexandrinis.quanta
1893 809 1992 864 pro

2075 528 2198 583 bus.
2232 528 2411 593 Quam
2444 526 2710 599 piissimis
2736 524 3001 597 principis
3026 523 3413 580 humilitatem
3446 526 3583 581 Deus
3600 544 3659 583 ex

2076 617 2187 670 alio
2207 616 2512 687 respiciens
2530 614 2831 671 exaudivit.
2856 619 2916 668 et
2940 612 3044 668 sibi
3072 618 3134 667 et
3167 613 3423 669 Eccles'ize
3451 614 3658 670 donavit

2075 705 2433 761 Ambrosium
2465 705 2819 777 episcopum;
2856 701 2952 774 qui
2980 701 3239 774 quandiu
3268 700 3404 756 vixit
3430 719 3558 774 erga
3588 721 3662 759 sa-

2075 795 2357 849 cerdotem
2398 793 2499 849 Dei
2540 792 2932 847 devotissimus
2958 791 3195 863 paciﬁca
3239 791 3533 863 imperium
3563 794 3663 848 Ro-

402 884 460 940 S.
489 883 799 938 Athanasio
819 883 1077 954 episcopo
1104 881 1354 953 perpessi
1384 887 1858 953 sunt.quantasve
1880 882 1998 936 lau-
2077 900 2307 939 manum
2337 881 2691 953 gubernavit.
2725 882 2835 937 Sed
2863 898 2898 936 a
2928 880 3004 952 pii
3024 879 3389 935 Constantini
3416 882 3664 953 usquead

403 973 617 1029 dabiles
645 989 865 1044 pugnas
890 977 1086 1026 contra
1115 970 1354 1027 Arianos
1382 970 1498 1026 zelo
1527 970 1846 1026 orthodoxae
1867 969 1996 1025 fidei
2078 970 2574 1042 Langobardorum
2594 970 2841 1025 crudelia
2862 985 3037 1041 regna
3048 969 3306 1041 quinque
3326 969 3556 1024 Romani
3577 970 3664 1025 im—

404 1062 774 1118 exercuerint.
800 1060 946 1125 Quid
966 1061 1036 1114 de
1059 1059 1582 1123 Mediolanensibus,
1610 1060 1853 1130 qualiter
1891 1058 1997 1131 ipsi
2081 1060 2223 1133 perii
2246 1059 2525 1132 principes
2552 1059 2861 1114 secundum
2893 1058 2991 1113 Dei
3016 1058 3290 1113 timorem
3317 1063 3377 1113 et
3400 1057 3662 1131 episcopo-

407 1151 738 1208 Constantio
787 1150 993 1204 volenti
1030 1149 1318 1221 episcopos
1348 1148 1408 1203 in
1439 1149 1683 1202 Ecclesia
1712 1148 2000 1202 latitantes
2082 1166 2207 1204 rum
2237 1148 2472 1203 consilia
2500 1154 2557 1204 et
2577 1147 2852 1220 praecipue
2875 1147 2981 1202 sub
2999 1147 3261 1202 Romano
3282 1146 3534 1219 episcopo
3549 1148 3662 1204 obe-

406 1259 625 1315 capere,
683 1240 857 1294 armis
901 1238 1179 1300 restitere,
1218 1255 1426 1309 eosque
1460 1236 1531 1291 ab
1562 1237 1710 1292 illius
1753 1238 2001 1293 cruentis
2081 1236 2877 1304 dientesexstitere,Ecclesias
2891 1235 3662 1307 colendo,clericosdihgendo

407 1330 669 1386 manibus
680 1329 729 1383 vi
749 1345 1004 1401 rapuere.
1037 1327 1145 1382 Sed
1173 1327 1437 1398 quoniam
1453 1326 1716 1397 praefatus
1730 1327 2001 1382 Constan-
2081 1326 2400 1381 sacerdotes
2426 1324 2923 1389 honorando,dum
2946 1324 3133 1379 vixere
3161 1326 3283 1380 alta
3313 1341 3448 1398 pace
3468 1341 3664 1396 rempu-

407 1420 520 1475 tius
551 1435 663 1474 non
703 1419 849 1490 patri
894 1416 1314 1488 aequiperando.
1347 1415 1443 1470 sed
1471 1414 1632 1486 quasi
1653 1432 1998 1486 paganorum
2083 1414 2284 1470 blicam
2309 1414 2786 1486 gubernaverunt,
2815 1418 2873 1468 et
2901 1419 3144 1467 mortem
3166 1413 3284 1467 vita
3313 1419 3521 1469 aeterna
3537 1430 3664 1468 com-

409 1525 567 1564 more
591 1507 898 1579 episcopos,
917 1506 1171 1577 quamvis
1191 1506 1308 1559 zelo
1328 1504 1429 1559 Dei
1449 1504 1546 1559 sed
1568 1521 1680 1559 non
1694 1504 2001 1559 secundum
2084 1509 2471 1571 mutaverunt;
2505 1503 2601 1575 qui
2633 1519 2762 1557 vero
2792 1501 3182 1557 inobedientes
3212 1503 3373 1557 tuere
3403 1504 3541 1557 malo
3567 1504 3660 1557 ﬁne

408 1597 699 1652 scientiam
729 1601 1055 1667 persecutus
1083 1592 1671 1664 est,ejustemporibus
1691 1593 2006 1665 respublica
2083 1593 2401 1665 perierunt;
2433 1597 2501 1647 ut
2534 1592 2758 1657 Valens,
2792 1591 3179 1647 Valentiniani
3207 1592 3406 1658 frater,
3436 1592 3527 1664 qui
3567 1591 3663 1645 Va-

409 1687 651 1741 multum
684 1691 881 1740 vexata
910 1691 1013 1751 est;
1039 1701 1172 1738 nam
1202 1690 1259 1739 et
1287 1684 1474 1738 Persae
1507 1685 1786 1738 Romanos
1814 1683 2005 1737 termi-
2022 1715 2068 1776 Β
2085 1682 2395 1736 lentiniano
2412 1680 3661 1747 mortuo,cumeisuccessisset,Valentinianus

408 1792 511 1831 nos
537 1774 832 1839 transiere,
857 1780 913 1828 et
932 1775 1274 1829 Francorum
1305 1772 1489 1827 valida
1504 1789 1642 1843 gens
1663 1772 1813 1844 ripas
1825 1773 2004 1827 Rheni
2022 1769 2065 1776 ⁷⁷
2087 1771 2209 1840 ejus
2222 1771 2370 1824 filius
2386 1787 2513 1825 cum
2540 1770 2760 1825 Justina
2788 1776 2968 1824 matre
2989 1786 3094 1824 sua
3111 1769 3383 1825 haeretica
3402 1786 3661 1824 assumens

406 1864 631 1929 invasit,
656 1881 780 1935 quae
796 1879 973 1934 usque
985 1862 1151 1916 hodie
1171 1861 1504 1916 Christiana:
1519 1860 1867 1932 quidem,sed
1890 1878 2001 1915 non
2086 1859 2466 1931 tyrannidem,
2478 1864 2632 1913 totus
2644 1859 2908 1923 Arianus,
2922 1858 3190 1914 ecclesias
3200 1858 3499 1914 orientales
3509 1867 3662 1913 vasta-

360 1972 361 1975 ‘
410 1954 676 2009 Romanis
704 1952 956 2023 subjecta
984 1956 1071 2005 est
1097 1950 1317 2005 ditioni.
1334 1951 1457 2014 Quo
1480 1955 1721 2016 mortuo,
1744 1949 2002 2005 Julianus
2084 1949 2183 2013 vit,
2205 1948 2605 2019 episcoposque
2619 1947 2784 2002 exilio
2803 1948 3286 2018 relegavit.Hujus
3309 1965 3523 2020 quoque
3537 1954 3662 2002 tem-

409 2042 462 2097 ei
489 2044 758 2097 successit
785 2041 844 2095 in
873 2056 1130 2110 regnum,
1150 2039 1235 2093 vir
1260 2045 1519 2110 apostata
1547 2044 1602 2094 et
1623 2039 1738 2093 Deo
1759 2038 2002 2105 odibilis,
2087 2053 2221 2108 pore
2251 2037 2420 2092 Gothi
2440 2041 2499 2090 et
2518 2037 2863 2106 Massagetes
2876 2037 3535 2107 Hystrumtranseunt,et
3553 2036 3660 2108 Illy-

411 2131 508 2203 qui
538 2148 638 2203 per
664 2130 995 2192 triennium,
1019 2128 1224 2200 quibus
1254 2144 1367 2182 non
1398 2129 1709 2182 Romanum
1730 2126 2007 2199 guberna-
2085 2127 2265 2181 ricum
2293 2130 2588 2197 occupant,
2622 2125 2963 2197 Epirumque
2988 2126 3302 2194 invadunt;
3333 2126 3548 2180 demum
3578 2142 3659 2178 ve-

409 2216 872 2286 vit,sedvastavit
896 2217 1464 2289 imperium,quantas
1484 2216 1836 2272 sacerdotum
1865 2223 2007 2271 stra-
2087 2214 2307 2269 nientes
2338 2213 2707 2269 Calcedonam
2752 2214 2939 2285 ipsum
2975 2214 3285 2269 scelestum
3324 2204 3660 2280 interﬁciunt,

410 2325 511 2381 ges
548 2308 784 2374 dederit,
815 2312 1120 2379 quantosve
1169 2305 1520 2361 Christianos
1556 2305 1792 2361 diversis
1827 2305 2007 2378 penis
2086 2301 2629 2375 Constantinopolim
2657 2301 2935 2358 obsident.
2964 2304 3073 2358 Sed
3106 2303 3370 2381 mirabile
3396 2303 3566 2358 dictu!

412 2378 678 2463 all'ecerit,
712 2378 849 2452 non,
872 2402 960 2451 est
985 2395 1146 2450 facile
1175 2394 1349 2449 dictu.
1383 2393 1494 2450 Sed
1524 2394 1722 2450 eodem
1752 2401 2007 2466 tempore
2158 2391 2451 2447 Dominica
2470 2391 2591 2462 ejus
2622 2390 2836 2454 relicta.
2870 2390 3021 2463 quod
3035 2391 3119 2446 vir
3140 2408 3257 2447 non
3275 2378 3472 2464 potuit,
3500 2390 3662 2445 civita-

410 2483 647 2538 fuerunt
675 2498 788 2536 non
809 2480 990 2536 solum
1013 2478 1397 2544 sacerdotalis,
1430 2478 1528 2532 sed
1553 2478 1722 2533 etiam
1742 2478 2004 2533 militaris
2088 2486 2201 2536 tem
2219 2497 2254 2534 a
2276 2479 2529 2535 barbaris
2556 2479 2831 2535 liberavit.
2857 2480 3038 2535 Fuere
3066 2481 3245 2536 etiam
3295 2480 3390 2535 alii
3434 2480 3662 2553 pestileno

413 2571 647 2637 ordinis,
679 2571 775 2642 qui
801 2571 921 2640 ejus
953 2568 1192 2624 vesaniae
1215 2574 1409 2640 aperte
1440 2568 1785 2634 resisterent,
1817 2573 1881 2623 ut
1907 2568 2005 2623 Jo-
2085 2575 2191 2635 tes,
2221 2575 2287 2624 ut
2311 2568 2538 2641 quidam
2560 2570 2707 2623 Zeno
2728 2573 2787 2622 et
2814 2569 3226 2625 Constantinus
3254 2574 3313 2624 et
3334 2567 3656 2632 Anastasius,

410 2661 632 2727 vianus,
663 2659 759 2731 qui
797 2660 920 2729 ejus
960 2657 1229 2713 successit
1264 2656 1531 2728 imperio;
1568 2656 1665 2728 qui
1703 2673 1830 2712 cum
1861 2661 2007 2711 esset
2088 2658 2185 2730 qui
2212 2664 2469 2730 proterve
2497 2658 2734 2729 loquens
2763 2658 2833 2712 de
2871 2674 3017 2731 papa
3037 2659 3233 2714 divino
3261 2658 3487 2713 fulmine
3512 2657 3662 2711 inter-

411 2749 765 2806 millenarius
777 2748 1001 2818 cingulo
1021 2752 1153 2801 ante
1173 2745 1516 2800 renuntiavit
1530 2762 1696 2817 quam
1718 2745 2003 2816 dogmati;
2089 2753 2312 2819 emptus
2330 2751 2417 2802 est
2439 2765 2452 2814 ;
2484 2753 2544 2801 et
2565 2746 3015 2814 Valentinianus,
3066 2748 3166 2819 qui
3209 2765 3337 2803 cum
3379 2753 3545 2801 matre
3577 2761 3662 2798 sua

411 2839 509 2893 sed
541 2843 599 2894 et
651 2835 1034 2892 Valentiniani
1086 2835 1259 2889 divini
1313 2834 1519 2889 amoris
1574 2834 1846 2889 fervorem
1895 2850 2006 2889 non
2089 2836 2314 2891 Justina
2334 2852 2510 2906 regno
2528 2852 2631 2890 suo
2655 2835 2919 2908 expulsus
2935 2841 3041 2902 est,
3068 2837 3170 2892 sed
3192 2853 3294 2909 per
3315 2834 3655 2892 Theodosium

411 2927 860 3001 praetermittam.
897 2924 995 2982 llic
1017 2940 1143 2978 cum
1165 2923 1408 2995 quadam
1441 2923 1531 2978 die
1559 2940 1625 2977 ex
1653 2923 1856 2989 oflicio,
1888 2928 2012 2977 erat
2092 2924 2248 2996 pium
2280 2924 2593 2996 principem
2624 2930 2988 2997 recuperatus
3005 2930 3111 2981 est.
3143 2927 3215 2981 Et
3242 2921 3659 2994 Basilius,etqui~

415 3017 569 3072 enim
599 3015 858 3088 princeps
886 3013 1133 3069 cohortis
1148 3013 1452 3084 legionum,
1468 3012 2008 3084 regemintraturum
2026 3072 2066 3088 ﬂ
2090 3014 2219 3068 dem
2248 3013 2360 3068 Leo
2378 3018 2436 3067 et
2459 3012 2781 3081 Mauritius,
2810 3013 2905 3086 qui
2931 3030 3057 3069 cum
3078 3020 3333 3070 uxore'et
3361 3012 3484 3069 ﬁliis
3509 3010 3611 3067 suis
3629 3026 3659 3063 ιι

411 3072 684 3177 templum
736 3072 997 3159 Fdrtunae
1040 3072 1302 3167 anteiret,
1336 3072 1578 3172 eumque
1628 3101 1909 3161 sacerdos.
1943 3072 2067 3155 utC
2087 3102 2234 3157 Foca
2264 3107 2443 3157 morte
2474 3072 2779 3161 damnatus
2802 3072 2910 3169 est;
2948 3110 3005 3158 et
3033 3104 3134 3159 alii
3161 3120 3331 3176 quam
3359 3103 3553 3176 plures.
3578 3097 3658 3171 qui

411 3195 584 3249 moris
612 3198 754 3257 erat,
800 3208 949 3264 aqua
985 3190 1634 3262 aspersionisintrantem
1660 3195 2002 3261 aspergeret,
2088 3191 2432 3246 sacerdotem
2487 3190 2589 3246 Dei
2631 3190 3033 3246 inhonorantes
3088 3190 3382 3263 privilegia
3421 3190 3654 3245 Romanis

411 3283 614 3339 accidit
631 3287 696 3338 ut
721 3282 806 3336 vir
833 3279 1347 3337 Christianissimus
1359 3285 1581 3350 guttam
1600 3296 1761 3350 aquae
1781 3278 1840 3333 in
1858 3279 2007 3333 chla-
2089 3280 2346 3334 Ecclesiae
2373 3279 2595 3335 auferre
2626 3281 2921 3335 molientes
2951 3286 3009 3335 et
3043 3280 3102 3335 in
3136 3279 3396 3352 praesenti
3423 3279 3528 3332 vita
3554 3290 3649 3331 non

410 3372 579 3444 myde
636 3388 740 3425 sua
778 3370 1071 3441 aspiceret,
1124 3385 1363 3439 moxque
1420 3368 1725 3423 Christiani
1762 3367 2006 3423 nominis
2087 3368 2368 3440 quievere,
2392 3376 2451 3425 et
2476 3369 2534 3424 in
2561 3375 2837 3425 aeternum
2869 3370 3111 3442 periere.
3143 3371 3394 3436 Quorum
3419 3363 3653 3438 tempori-

409 3461 527 3515 zelo
554 3475 854 3514 succensus
884 3462 1016 3512 ante
1052 3456 1341 3512 saevissimi
1379 3456 1735 3527 imperatoris
1762 3473 2006 3528 pmsen-
2087 3457 2190 3513 bus
2220 3464 2279 3513 et
2302 3459 2600 3513 Persarum
2631 3459 2911 3514 exercitus
2960 3458 3426 3531 Mes0potamiam
3452 3453 3649 3517 invasit,

408 3548 549 3604 tiam
574 3548 633 3602 in
662 3547 783 3619 ipso
812 3546 1047 3601 introitu
1069 3545 1263 3617 templi
1293 3545 1641 3600 sacerdotem
1670 3562 1861 3617 pugno
1878 3561 2006 3615 per-
2088 3551 2147 3600 et
2168 3547 2606 3602 Sarracenorum
2656 3547 2901 3619 pessima
2938 3564 3080 3618 gens
3108 3564 3333 3602 onmem
3361 3544 3583 3600 Africam
3605 3543 3651 3594 et

411 3653 635 3693 cassum
664 3635 1240 3707 prostravit,cl_amans
1252 3651 1312 3688 se
1343 3634 1886 3689 Christianissimum
1903 3650 2004 3705 pro
2087 3634 2482 3691 Marmaricam
2512 3642 2569 3691 et
2598 3636 2829 3708 Lybiam
2860 3643 2916 3692 et
2948 3637 3228 3709 Egyptum
3251 3641 3309 3691 et
3335 3633 3578 3690 Arabiam
3603 3632 3650 3683 et

412 3725 517 3779 hac
545 3723 866 3796 aspersione
895 3723 1082 3795 potius
1108 3723 1450 3778 maculatum
1481 3730 1649 3794 quam
1677 3729 2000 3795 purgatum.
2083 3725 2336 3780 Judaeum
2381 3731 2439 3779 et
2486 3725 2742 3780 Fenicem
2787 3743 2822 3780 a
2851 3726 3107 3781 Romana
3152 3724 3423 3781 subtraxit
3461 3720 3643 3776 ditione

411 3813 573 3877 Quod
602 3813 808 3868 factum
834 3813 893 3867 in
922 3817 1143 3879 tantum
1165 3811 1281 3866 Deo
1299 3811 1526 3883 placuit,
1544 3812 1692 3884 quod
1721 3818 1852 3868 ante
1872 3811 2005 3867 anni

411 3903 753 3959 curriculum
786 3904 961 3957 totius
998 3902 1236 3957 Romani
1286 3902 1506 3974 imperii
1543 3903 1924 3958 monarchiam
1953 3902 2006 3958 ei

411 3993 647 4048 tradidit
669 3991 1115 4064 gubernandum.
1151 3992 1294 4046 Nam
1323 3991 1547 4046 Iuliano
1575 3992 1819 4064 turpiter
1854 3992 2006 4065 apud

411 4080 612 4136 Persas
644 4082 814 4136 vitam
845 4080 1094 4144 ﬁnientc,
1124 4096 1250 4135 cum
1283 4080 1547 4136 Jovianus
1577 4081 1628 4136 ei
1652 4082 2008 4138 successisset

410 4170 470 4226 in
499 4170 819 4243 imperium,
852 4175 984 4224 ante
1017 4169 1152 4224 anni
1189 4170 1532 4225 curriculum
1564 4170 1620 4224 in
1652 4187 1787 4242 pace
1817 4172 2007 4243 sepul-

412 4266 505 4316 tus
523 4267 641 4326 est;
676 4276 786 4331 quo
812 4265 1054 4323 mortuo,
1087 4257 1508 4313 Valentinianus
1546 4258 1599 4313 ei
1646 4259 1913 4314 successit
1948 4260 2007 4316 in

2086 3813 2172 3869 Ab
2199 3814 2463 3886 aquilone
2483 3831 2612 3869 vero
2656 3815 2955 3869 Hunorum
2980 3815 3176 3870 feritas
3205 3821 3263 3871 et
3290 3812 3512 3870 Gothica
3535 3816 3649 3864 tem-

2087 3908 2275 3975 pestas
2300 3908 2356 3958 et
2376 3903 2799 3958 Guandalorum
2819 3904 3061 3975 procella
3082 3921 3309 3959 omnem
3331 3899 3550 3956 vastavit
3566 3896 3650 3951 0c-

2087 3991 2384 4058 cidentem,
2419 3992 2669 4063 quandiu
2700 3992 2981 4048 decimum
3009 4010 3186 4049 cornu
3232 3991 3435 4057 bestiae,
3466 3990 3647 4057 Longo-

2087 4080 2318 4135 bardica
2357 4080 2570 4137 scilicet
2616 4080 2803 4136 rabies
2857 4081 2928 4136 de
2975 4083 3182 4153 vagina
3218 4081 3420 4138 furoris
3455 4071 3645 4134 Domini

2087 4175 2356 4234 extracta,
2387 4171 2609 4226 Italicas
2638 4170 2840 4225 invasit
2871 4171 3148 4242 regiones.
3184 4173 3264 4228 De
3287 4187 3394 4244 qua
3420 4179 3643 4242 persecu-

2087 4259 2239 4314 tione
2267 4259 2467 4314 melius
2487 4265 2575 4315 est
2597 4258 2762 4315 silere
2795 4276 2965 4331 quam
2995 4277 3178 4333 pauca
3204 4261 3401 4316 dicere.

411 4366 671 4420 regnum.
701 4348 788 4402 vir
813 4347 1065 4403 urbanus
1083 4354 1139 4402 et
1156 4347 1689 4416 Christianissimus,
1705 4348 1801 4419 qui
1818 4348 1874 4434 in
1888 4348 2004 4421 pri-
2021 4348 2069 4408 D
2155 4348 2335 4403 Fuere
2366 4348 2536 4403 etiam
2566 4353 2837 4421 praeterea
2850 4349 3265 4420 religiosissimi
3289 4349 3639 4420 imperatores.

411 4436 630 4491 mordio
657 4435 1028 4490 ordinationis
1049 4452 1165 4490 suae
1194 4436 1425 4491 fratrem
1443 4452 1630 4503 suum,
1652 4437 1880 4492 nomine
1902 4437 2008 4491 Va-

410 4522 643 4589 lentem,
674 4530 990 4578 consortem
1019 4523 1202 4578 ell‘ecit
1228 4524 1468 4597 imperii,
1503 4526 1644 4597 proh
1671 4525 1861 4582 dolor!
1887 4531 2005 4580 tra-

412 4610 552 4666 dens
577 4610 629 4666 ei
657 4610 831 4665 totius
837 4612 971 4681 jura
986 4610 1254 4676 Orientis,
1273 4611 1391 4683 ipse
1412 4612 1784 4668 occidentales
1802 4612 2005 4684 guber-

412 4698 564 4755 navit
592 4699 978 4771 regioneleic
993 4698 1374 4756 Mediolanum
1402 4700 1590 4756 sedem
1604 4701 1740 4772 legit
1758 4701 2003 4774 imperii.

411 4787 634 4844 Mortuo
680 4804 811 4843 vero
853 4789 1132 4844 Auxentio
1161 4789 1421 4844 haeretico
1451 4794 1509 4844 et
1534 4789 1593 4845 in
1623 4806 1760 4861 pace
1787 4792 2007 4863 sepulto

412 4883 608 4933 sancto
638 4876 906 4953 Dionysio
944 4877 1165 4945 accidit,
1207 4884 1271 4933 ut
1295 4878 1429 4933 illuc
1449 4879 1818 4934 convenirent
1855 4879 2005 4951 epis-

412 4966 537 5039 copi
567 4967 830 5035 Italiaa,ut
852 4966 958 5022 sibi
971 4966 1029 5022 in
1039 4983 1337 5023 commune
1362 4967 1637 5039 eligerent
1654 4968 2006 5040 episcopum,

411 5055 485 5112 ad
517 5055 667 5128 quod
690 5055 1007 5111 faciendum
1028 5071 1386 5128 summopere
1404 5056 1829 5128 exspectabatur
1857 5056 2006 5128 regis

409 5145 745 5217 praesentia;
780 5144 930 5216 quod
951 5149 1017 5199 ut
1041 5143 1272 5211 audivit,
1303 5143 1423 5216 ipse
1445 5144 1625 5200 modis
1643 5145 1905 5202 omnibus
1923 5146 2007 5202 in-

410 5233 658 5301 terdixit,
686 5233 829 5289 dans
852 5234 1032 5304 legem
1053 5232 1375 5304 evangelica
1396 5233 1630 5289 veritate
1659 5235 2004 5292 concordan-

411 5328 548 5392 tem,
567 5328 633 5379 ut
650 5339 817 5379 nemo
844 5321 1114 5377 laicorum
1131 5320 1450 5394 principum
1481 5323 1565 5378 vel
1591 5328 1882 5396 potentum
1909 5341 2008 5381 au-

412 5412 545 5468 deat
570 5427 632 5467 se
657 5409 908 5466 inserere
936 5409 1197 5465 electioni
1239 5409 1573 5482 patriarcha
1604 5410 1689 5467 vel
1718 5416 2006 5483 metropo-

412 5500 545 5565 litm.
577 5500 665 5556 vel
692 5498 970 5573 episcopi;
994 5498 1144 5573 quod
1170 5498 1221 5555 si
1247 5497 1457 5556 factum
1477 5499 1667 5567 fuerit,
1689 5499 2009 5557 inordinata

412 5576 525 5644 erit
535 5586 903 5656 taliselectio;
929 5586 1225 5658 adjiciens:
1244 5588 1438 5645 Talem
1454 5588 1768 5645 secundum
1782 5589 2008 5647 decreta

2086 4442 2152 4492 ut
2179 4437 2530 4492 Theodosius
2559 4443 2619 4492 et
2647 4436 2936 4493 Honorius
2979 4444 3036 4493 et
3062 4439 3212 4494 idem
3246 4432 3573 4496 Theodosius
3596 4431 3642 4481 et

2086 4524 2420 4580 Marciniani
2449 4531 2508 4581 et
2536 4526 2915 4581 Valentiniani
2944 4527 3037 4599 pia
3063 4528 3388 4593 dualitas,et
3404 4522 3641 4580 Constan-

2085 4613 2240 4669 tinus
2290 4620 2348 4669 et
2394 4615 2619 4687 Hyrene
2657 4622 2714 4670 et
2740 4616 2854 4671 Leo
2890 4622 2949 4671 et
2975 4617 3326 4673 Justinianus
3363 4619 3419 4669 et
3442 4608 3638 4683 quidam

2087 4702 2203 4768 alii,
2223 4704 2340 4775 qui,
2360 4711 2425 4760 ut
2440 4704 2700 4776 superius
2718 4705 3133 4777 prmiibavimus
3158 4714 3217 4763 et
3235 4706 3347 4761 alta
3376 4717 3501 4775 pace
3519 4710 3640 4751 rem.

2087 4791 2370 4864 publicam
2406 4793 2887 4864 gubernaverunt,
2919 4800 2978 4850 et
3024 4802 3264 4852 mortem
3315 4792 3421 4847 vita
3461 4793 3640 4843 mterna

2088 4889 2597 4939 commutaverunt.

2157 4973 2480 5043 Impera‘nte
2507 4977 2699 5029 autem
2734 4973 3046 5029 Theodosio
3086 4975 3289 5047 primo.
3310 4964 3632 5041 temporalem

2086 5061 2392 5134 carpebant
2414 5062 2586 5117 vitam
2609 5062 2940 5119 Ambrosius
2969 5069 3028 5119 et
3053 5064 3394 5136 Augustinus
3419 5063 3474 5113 et
3495 5056 3631 5110 Jers-

2085 5150 2293 5217 nimus,
2315 5151 2411 5224 qui
2440 5151 2731 5207 salutifera
2767 5150 2986 5208 vivendi
3013 5153 3194 5208 multa
3215 5151 3368 5207 nobis
3391 5145 3629 5215 reliquere

2086 5244 2394 5312 Praecepta;
2427 5256 2665 5312 quorum
2692 5238 3025 5295 Ambrosius
3054 5257 3127 5295 ne
3149 5240 3220 5295 ab
3246 5234 3474 5295 Ecclesia
3492 5230 3630 5300 jussu

2086 5326 2467 5384 Valentiniani
2487 5332 2545 5383 et
2567 5328 2803 5385 Iustina:
2830 5327 3325 5401 pelleretur,armis
3335 5320 3626 5398 populorum

2087 5416 2410 5472 defensatus
2438 5421 2545 5485 est,
2559 5433 2662 5473 nec
2675 5417 3012 5489 vituperavit
3032 5417 3129 5474 Dei
3142 5415 3391 5474 sacerdos
3410 5406 3625 5466 divinum

2087 5505 2280 5578 Populi
2303 5504 2598 5572 fervorem,
2619 5506 2715 5562 sed
2733 5506 3200 5578 potiuslaudavit.
3222 5502 3414 5563 Eodem
3436 5503 3625 5588 quoque

2086 5597 2342 5667 tempore
2369 5593 2702 5652 venerabilis
2718 5595 3071 5668 Augustinus
3095 5590 3422 5652 Bonifatium
3440 5582 3623 5659 princi-
