3912 6166
192 267 284 326 809
1231 259 1449 320 LIBER
1483 263 1601 319 AD.
1642 259 1951 319 AMICUM.
1999 285 2062 305 ε-
2097 258 2235 319 LIB.
2280 260 2386 321 IlI.
2450 306 2455 311 .
3342 264 3454 325 8‘10

193 408 323 464 pem,
350 397 413 447 ut
437 388 763 447 Donatistas
791 398 848 446 et
876 389 1367 446 Circumcelliones
1413 390 1769 462 depraadetur
1785 392 1838 452 Α
1855 389 2043 444 minus
2065 390 2216 445 Deus
2242 394 2426 461 rogat,
2458 405 2487 441 α
2520 387 2617 461 qui
2643 389 2767 444 vult
2792 405 2989 445 omnes
3017 389 3199 446 salvos
3245 391 3370 447 ﬁeri
3396 397 3458 447 et

196 488 243 535 et
260 486 428 534 vastet
448 479 727 535 hortatur.
1848 480 1918 534 ad
1947 465 2294 550 agnitionem
2321 478 2577 533 veritatis
2605 479 2793 533 venire
2810 482 2858 551 (Ι
2884 481 3023 534 Tim.
3056 495 3118 545 ιι,
3143 479 3216 547 4),
3236 499 3261 533 n
3279 485 3344 535 ut
3358 480 3456 535 det

253 568 353 623 Sed
397 569 663 639 quoniam
714 570 1100 642 religiosorum
1149 570 1465 641 principum
1508 571 1767 641 superius
1848 569 2094 640 seipsum
2119 569 2404 623 etnullam
2437 567 2760 621 tarditatem
2786 568 2974 634 faciat,
2999 575 3055 623 et
3074 570 3302 625 accedat
3319 570 3451 624 huc.

196 657 380 713 mentio
406 657 555 713 facta
583 664 686 719 est,
719 660 931 731 aliquid
961 660 1029 714 de
1056 660 1169 714 vita
1210 676 1406 714 eorum
1449 667 1504 715 et
1553 659 1769 731 legibus
1922 658 2067 722 Quid
2097 657 2450 713 Justinianus
2467 662 2660 711 sancto
2686 674 2842 729 papae
2865 656 3111 712 Johanni
3139 659 3460 730 promulga-

195 745 254 800 ab
277 747 349 801 eis
374 748 745 818 promulgatis
774 749 903 802 huic
934 750 1202 819 opusculo
1225 750 1604 803 necessarium
1636 748 1768 803 duxi
1850 748 1924 801 tis
1954 747 2171 817 legibus
2203 747 2427 809 scribat,
2454 746 2679 800 audite:
2706 746 2957 802 Petimus
2985 753 3233 802 vestrum
3264 754 3458 819 pater-

194 838 434 891 inserere.
476 838 923 892 Nuncautemab
948 839 1069 907 ipse
1100 838 1409 893 Theodosio
1431 839 1720 893 ordiamur
1751 856 1762 891 :
1852 852 1986 890 num
2017 836 2279 890 allectum
2307 842 2371 890 ut
2403 835 2598 890 vestris
2646 835 2718 889 ad
2767 853 2869 890 nos
2908 836 3203 891 destinatis
3252 836 3457 891 litteris

196 925 288 991 hic,
316 932 570 995 suscepto
593 926 751 997 regni
781 926 1179 996 gubernaculo.
1203 926 1473 981 barbaros
1505 926 1771 980 mirabili-
1854 925 2215 978 manifestum
2253 924 2415 978 nobis
2461 924 2701 990 faciatis,
2737 925 2884 995 quod
2915 941 3031 987 eos,
3066 925 3163 996 qui
3192 926 3458 997 praedicta

195 1022 270 1068 ter
289 1014 411 1067 vicit
430 1020 488 1068 et
512 1014 747 1075 sedavit,
775 1023 833 1069 et
862 1015 1132 1069 Arx-ianos
1162 1015 1232 1069 ab
1257 1016 1505 1070 ecclesiis
1537 1016 1769 1085 expulit,
1855 1019 2005 1067 recte
2034 1016 2391 1078 conﬁtentur,
2421 1013 2692 1084 suscipiat
2719 1021 2900 1067 vestra
2931 1015 3216 1080 sanctitas,
3252 1020 3310 1070 et
3336 1031 3452 1082 eos,

198 1108 245 1156 et
269 1118 352 1156 eas
376 1103 697 1157 orthodoxis
727 1104 984 1168 reddidit,
1021 1105 1222 1159 Persas
1267 1104 1416 1159 intra
1473 1106 1613 1160 ﬁnes
1641 1122 1772 1159 suos
1855 1103 1951 1173 qui
2007 1102 2230 1173 judaice
2261 1102 2383 1156 ausi
2411 1108 2543 1156 sunt
2579 1109 2786 1156 rectam
2816 1102 3093 1173 denegare
3122 1104 3290 1158 ﬁdem
3322 1121 3458 1159 con-

196 1200 326 1246 stare
348 1192 546 1263 coegit,
571 1193 875 1247 Maximum
895 1198 1197 1261 tyrannum
1229 1211 1406 1264 regno
1429 1195 1660 1263 expulit.
1679 1196 1770 1249 In-
1854 1190 2101 1245 demnat.
2136 1191 2244 1245 Sed
2278 1196 2595 1262 postquam,
2621 1196 2685 1246 ut
2699 1208 2870 1263 supra
2892 1192 3208 1260 retulimus,
3233 1193 3457 1264 Longo-

199 1287 331 1333 terea
372 1281 660 1350 paciﬁcate
691 1298 863 1351 regno
889 1282 1339 1337 Thessalonicam
1363 1283 1590 1347 veniens
1618 1283 1774 1354 regia
1854 1281 2081 1335 bardica
2102 1279 2285 1334 rabies
2306 1279 2483 1334 Italia:
2506 1279 2711 1334 invasit
2737 1280 3013 1351 regiones,
3031 1297 3133 1352 per
3151 1281 3459 1336 triennium

198 1368 394 1423 licentia
431 1371 698 1442 pepulum
720 1369 1033 1425 inconsulte
1058 1372 1773 1441 jussitinterﬁci.Quidum
1858 1386 1968 1440 quo
1989 1369 2312 1440 paganitate
2342 1368 2555 1423 detenti
2586 1377 2737 1434 sunt,
2773 1376 2986 1440 quanta
3017 1386 3311 1441 poenarum
3356 1386 3456 1439 ge-

200 1458 552 1512 Mediolanum
571 1459 842 1525 venisset,
865 1476 898 1513 a
923 1460 1211 1515 liminibus
1232 1462 1477 1516 ecclesiae
1496 1480 1530 1516 a
1554 1463 1617 1516 B.
1646 1463 1777 1515 Am-
1859 1474 1996 1512 nera
2028 1464 2333 1529 quantasve
2354 1474 2577 1512 amaras
2608 1464 2665 1512 et
2682 1457 3097 1514 crudelissimas
3115 1475 3279 1514 neces
3301 1458 3461 1513 Chri-

199 1544 362 1599 brosio
389 1547 704 1615 prohibitus
734 1554 837 1611 est,
892 1548 1084 1618 sicque
1113 1566 1455 1619 cognoscens
1485 1554 1776 1620 peccatum
1860 1547 2060 1601 stianis
2096 1547 2410 1611 intulerint,
2439 1564 2552 1601 non
2571 1552 2657 1601 est
2682 1547 2844 1601 facile
2862 1547 3032 1602 dictu.
3056 1549 3131 1602 At
3159 1554 3459 1620 postquam

203 1650 341 1688 suum
357 1637 573 1691 tamdiu
594 1636 748 1691 ﬂevit
769 1642 926 1691 extra
951 1639 1241 1693 ecclesiam
1262 1639 1480 1710 publice
1506 1638 1776 1710 quamdiu
1859 1635 1917 1689 in
1946 1636 2186 1690 Arriana
2213 1637 2413 1691 haeresi
2444 1634 2721 1707 baptisma
2747 1642 3133 1708 perceperunt,
3167 1637 3336 1708 paulo
3361 1636 3463 1691 mi-

206 1731 288 1795 lita
306 1730 414 1783 cod.
476 1731 589 1781 loco
644 1725 848 1799 donec]
883 1726 1100 1780 veniam
1135 1727 1358 1792 meruit,
1404 1728 1536 1781 data
1564 1729 1685 1798 lege
1713 1710 1995 1793 utBnus;
2028 1726 2126 1780 sed
2157 1726 2237 1779 ita
2265 1725 2650 1779 crudelissime
2697 1742 2797 1796 per
2852 1741 2955 1779 cxx.
2999 1743 3197 1791 annos,
3257 1724 3461 1797 quibus

204 1816 468 1872 sententize
497 1815 816 1886 principum
876 1815 983 1870 sub
1034 1816 1518 1871 animadversione
1546 1817 1777 1887 prolatae
1860 1830 1972 1868 non
2005 1814 2489 1885 gubernaverunt,
2532 1814 2629 1868 sed
2663 1820 2948 1869 vastavere
2992 1813 3237 1879 Italiam,
3269 1821 3461 1885 tyran-

204 1922 355 1978 usque
394 1905 469 1959 ad
506 1921 575 1958 XL
603 1904 724 1958 dies
750 1921 863 1958 non
889 1904 1183 1960 obtineant
1203 1905 1547 1959 ﬁrmitatem.
1860 1903 1990 1957 nide
2020 1904 2107 1957 usi
2126 1909 2260 1958 sunt
2288 1908 2353 1957 ut
2391 1903 2437 1956 si
2471 1902 2595 1974 quis
2624 1903 2824 1957 harum
2857 1902 3239 1957 calamitatum
3250 1919 3464 1973 gnarus

261 1996 530 2059 Quantam
559 2010 690 2047 vero
728 1994 1098 2048 reverentiam
1130 2011 1266 2064 erga
1295 1996 1645 2049 sacerdotem
1675 1993 1778 2049 Dei
1861 2009 1981 2046 esse
2009 1992 2269 2055 voluerit,
2291 1993 2442 2063 legat
2473 1991 2832 2063 Dialogorum
2858 1991 3063 2046 librum
3093 1997 3150 2046 et
3178 1993 3466 2063 pontiﬁca-

204 2083 491 2138 Archadius
507 2087 568 2135 et
596 2080 877 2136 Honorius
909 2082 1007 2135 ﬁlii
1035 2084 1155 2153 ejus
1176 2082 1499 2147 habuerint,
1533 2084 1683 2153 leges
1707 2082 1779 2136 ab
1861 2082 1939 2135 lia
1974 2082 2146 2136 Gesta
2172 2091 2495 2135 sanctorum
2527 2086 2585 2135 et
2612 2081 2861 2135 inveniet
2880 2080 3229 2136 calamitates
3241 2079 3465 2135 calami-

205 2173 273 2227 eis
291 2172 649 2242 promulgatae
676 2176 959 2225 testantur
987 2171 1044 2225 in
1074 2173 1224 2226 hunc
1255 2172 1512 2226 modum:
1534 2170 1783 2242 Impera—
1861 2177 2044 2225 tatum
2068 2176 2126 2225 et
2163 2170 2422 2225 miserias
2452 2169 2831 2224 miseriarum.

206 2262 678 2315 teresAacnxnws
700 2266 758 2314 et
784 2260 1071 2318 Honoams
1091 2261 1657 2331 Augusti,THEeneae
1669 2262 1777 2315 PP.

332 2295 678 2315 ““W‘w‘w
700 2295 758 2314 δ”
784 2295 1071 2318 ³¹υ⁸“¹“⁸’¹⁶
1091 2295 1349 2331 “"5“°“'
1369 2295 1394 2315 ‘
1410 2295 1693 2317 "WW‘W‘
1717 2295 1739 2315 ‘
1765 2301 1777 2313 '
2306 2295 2545 2363 Explicat
2576 2296 2716 2349 liber
2733 2296 3024 2349 secundus.

207 2348 400 2416 praesidi
445 2349 725 2419 praefecto.
771 2348 830 2403 Si
860 2348 986 2419 quis
1016 2349 1074 2402 in
1128 2350 1233 2404 hoc
1274 2367 1455 2421 genus
1502 2348 1782 2420 sacrilegii

204 2437 499 2502 incurrerit,
531 2444 596 2492 ut
626 2438 685 2491 in
714 2437 961 2492 Ecclesia
980 2438 1254 2493 catholica
1278 2439 1498 2494 irruens
1530 2439 1783 2493 sacerdo-

204 2526 336 2581 tibus
354 2533 408 2581 et
436 2526 729 2591 ministris,
758 2527 841 2581 vel
867 2527 972 2599 ipsi
997 2527 1174 2582 cultui
1194 2528 1428 2600 locoque
1450 2528 1661 2599 aliquid
1683 2528 1784 2581 im-

2186 2418 2462 2474 INCIPIT
2534 2419 2756 2475 LIBER
2825 2420 3155 2478 TERTIUS.

1935 2526 2302 2598 Temporibus
2317 2532 2507 2582 autem
2522 2527 2754 2601 Adriani
2787 2529 2995 2583 summi
3018 2529 3314 2600 pontiﬁcis,
3338 2545 3468 2584 cum

205 2620 372 2686 portet
398 2615 644 2684 injuriae;
674 2615 822 2685 quod
851 2614 1069 2684 geritur
1098 2632 1127 2668 a
1161 2616 1456 2686 provincize
1474 2616 1784 2670 rectoribus
1867 2633 1928 2670 se
1958 2617 2223 2686 praefatus
2244 2632 2391 2687 papa
2420 2615 2633 2670 videret.
2656 2634 2985 2688 oppressum
3009 2618 3199 2672 multis
3227 2617 3469 2672 miseriis

209 2705 694 2768 animadvertatur,
726 2709 896 2773 atque
926 2703 1008 2757 ita
1036 2704 1331 2774 provincia:
1357 2705 1678 2758 moderator
1701 2722 1787 2758 sa-

1871 2704 2075 2758 direxit
2108 2705 2328 2759 marine
2358 2704 2560 2759 itinere
2591 2722 2721 2759 suas
2754 2707 3089 2776 apostolicas
3116 2706 3336 2760 litteras
3360 2707 3470 2762 Ka-

210 2794 478 2848 cerdotum
515 2797 573 2847 et
601 2792 887 2846 catholicae
930 2793 1187 2848 Ecclesiae
1241 2793 1629 2847 ministrorum
1682 2794 1789 2855 loci
1870 2794 1991 2847 rolo
2022 2793 2489 2848 excellentissimo
2509 2794 2631 2864 regi
2660 2794 3022 2862 Francorum,
3058 2795 3364 2866 deprecans
3383 2799 3467 2863 ut,

210 2898 409 2953 quoque
436 2881 615 2952 ipsius
660 2886 718 2935 et
765 2880 937 2934 divini
966 2883 1150 2937 cultus
1178 2882 1441 2953 injuriam
1474 2881 1702 2950 capitali
1730 2880 1791 2934 in
1871 2882 2018 2936 sicut
2042 2899 2177 2936 suus
2207 2887 2370 2953 pater
2405 2888 2613 2937 sanctae
2642 2884 2929 2937 memoriae
2948 2883 3238 2955 Pippinus,
3270 2890 3327 2939 et
3350 2884 3472 2955 ipse

209 2971 467 3025 convictos
494 2972 612 3025 sive
634 2970 915 3024 confessos
945 2972 1227 3025 sententia
1267 2972 1485 3027 noverit
1515 2988 1635 3025 esse
1665 2971 1790 3025 vin-
1873 2976 2226 3025 succurreret
2253 2976 2458 3025 sanctae
2488 2970 2590 3027 Dei
2621 2972 2877 3026 Ecclesiae
2925 2973 3191 3027 adversus
3230 2972 3473 3027 insolen—
3497 3023 3509 3031 .

209 3060 510 3116 dicandum.
544 3061 614 3115 Et
638 3064 765 3131 post
788 3077 967 3129 pauca
1000 3079 1011 3113 :
1046 3062 1241 3133 Sitque
1270 3062 1485 3117 cunctis
1506 3061 1790 3117 laudabile
1814 3060 2010 3127 Ctiam
2039 3066 2096 3114 et
2122 3060 2464 3114 tirannidem
2494 3060 2767 3114 Desiderii
2788 3061 2937 3131 regis
2952 3061 3471 3133 Longebardorum.

207 3148 359 3205 iactas
385 3157 607 3205 atroces
652 3150 1034 3205 sacerdotibus
1062 3150 1297 3221 injurias
1324 3154 1475 3207 velut
1505 3152 1791 3224 publicum

207 3238 398 3295 crimen
464 3240 687 3311 insequi
762 3245 817 3294 et
870 3241 941 3294 de
1001 3240 1209 3296 talibus
1264 3243 1536 3297 ultionem
1605 3259 1789 3297 mere-

208 3326 266 3390 ri,
296 3335 401 3386 etc.

266 3416 402 3480 Quid
459 3434 592 3472 vero
623 3417 885 3472 Martiani
918 3423 976 3473 et
1006 3418 1389 3475 Valentiniani
1427 3421 1519 3489 pia
1549 3420 1792 3476 dualitas

208 3504 267 3557 ad
292 3505 518 3561 beatum
535 3523 737 3578 papam
763 3508 1007 3562 Leonem
1028 3507 1334 3579 scripserit,
1352 3510 1646 3565 audiamus
1680 3529 1690 3564 :
1725 3511 1793 3564 Et

208 3600 364 3657 tuam,
388 3594 674 3666 inquiens,
705 3596 1061 3650 sanctitatem
1085 3596 1460 3668 principatum
1492 3599 1549 3653 in
1577 3599 1791 3669 episco-

209 3687 327 3750 patu
356 3683 489 3737 ﬁdei
520 3684 898 3754 possidentem
937 3685 1109 3738 sacris
1151 3685 1357 3739 litteris
1414 3687 1473 3740 in
1515 3685 1793 3757 principio

207 3769 399 3833 iustum
430 3771 716 3826 credimus
736 3772 1153 3844 alloquendam,
1184 3773 1485 3828 invitantes
1511 3780 1680 3845 atque
1710 3791 1797 3829 ro-

206 3864 388 3927 gantes
407 3865 475 3915 ut
507 3877 607 3929 pro
637 3861 905 3916 ﬁrmitate
931 3862 1108 3916 nostri
1130 3862 1351 3933 imperii
1382 3869 1438 3917 et
1465 3870 1617 3918 statu
1637 3870 1795 3918 aeter-

206 3962 327 4002 nam
349 3949 703 4004 divinitatem
728 3956 830 4004 tua
848 3950 1117 4005 sanctitas
1155 3952 1505 4023 deprecetur.

269 4035 520 4100 Qualiter
561 4044 750 4093 autem
786 4038 1209 4106 Constantinus,
1252 4057 1363 4094 non
1412 4041 1507 4095 ille
1554 4040 1790 4112 primus,

206 4125 297 4179 sed
322 4127 483 4187 alter,
507 4128 840 4198 cognomine
866 4127 1021 4194 Pius,
1047 4128 1357 4201 imperator
1385 4130 1674 4200 scripserit
1701 4131 1796 4185 do-

207 4213 351 4269 mino
384 4233 545 4288 pasz
573 4217 868 4271 advertite.
906 4218 1014 4271 Per
1063 4219 1261 4282 Deum,
1296 4218 1573 4289 inquiens,
1610 4220 1795 4273 enmi-

207 4308 480 4372 potentem
514 4322 626 4360 non
655 4312 741 4360 est
760 4307 905 4376 apud
946 4323 1049 4361 nos
1090 4307 1266 4378 partis
1294 4308 1592 4378 cujuslibet
1619 4308 1791 4372 favor,

206 4393 298 4446 sed
342 4395 721 4466 aequalitatem
771 4396 1026 4467 utrisque
1054 4397 1309 4468 partibus
1352 4396 1792 4464 observabimus,

204 4482 524 4539 nullatenus
552 4484 945 4539 necessitatem
974 4484 1240 4539 facientes
1267 4485 1325 4539 in
1358 4502 1689 4557 quocunque
1706 4502 1798 4539 ca-

202 4568 372 4638 pitulo
402 4572 505 4637 eis,
549 4573 644 4643 qui
699 4590 735 4627 a
794 4572 947 4627 vobis
998 4573 1328 4643 diliguntur,
1366 4592 1589 4646 quoque
1634 4575 1800 4628 modo

201 4664 345 4722 sunt,
380 4661 536 4714 omni
568 4662 780 4716 honore
830 4663 1171 4734 competenti
1226 4668 1283 4717 et
1336 4664 1718 4718 muniﬁcentia
1746 4668 1804 4717 et

202 4750 554 4821 susceptione
605 4750 804 4821 dignes
867 4769 961 4807 eos
1001 4751 1350 4833 habebimus.
1405 4754 1473 4808 Et
1525 4753 1801 4825 siquidem

200 4838 424 4909 utrique
453 4840 838 4905 convenerint,
875 4857 1001 4896 ecce
1042 4840 1200 4908 bene,
1229 4842 1317 4895 sin
1346 4848 1535 4897 autem
1570 4842 1801 4896 minime

200 4927 582 4994 convenerint,
628 4934 851 4983 tantum
879 4946 1007 4984 cum
1034 4930 1188 4984 omni
1218 4930 1571 4986 humanitate
1606 4948 1701 4985 eos
1731 4931 1803 4985 ad

200 5029 291 5068 vos
342 5014 685 5086 dirigemus.
747 5016 817 5071 Et
859 5021 988 5088 post
1028 5032 1207 5086 pauca
1243 5037 1253 5070 :
1300 5017 1546 5073 Invitare
1573 5019 1720 5074 enim
1748 5025 1807 5075 et

200 5116 400 5172 rogare
435 5120 733 5173 possumus
757 5105 829 5159 ad
858 5121 1080 5160 omnem
1108 5108 1557 5181 emendationem
1590 5115 1647 5164 et
1676 5108 1805 5163 uni-

203 5197 375 5247 tatem
408 5193 661 5248 omnium
709 5194 1178 5259 Christianorum,
1234 5197 1627 5252 necessitatem
1678 5215 1805 5253 vero

202 5278 409 5335 inferre
432 5280 753 5336 nullatenus
782 5283 1059 5339 volumus.

269 5369 423 5433 Quid
466 5386 595 5424 vero
624 5371 769 5425 alter
799 5372 1200 5428 Constantinus
1230 5379 1287 5427 et
1315 5374 1541 5445 ilyrene
1569 5375 1808 5445 Augusti

202 5455 270 5509 ad
290 5456 609 5512 Adrianum
655 5475 859 5530 papam
883 5461 1150 5527 seribant,
1174 5462 1450 5516 attendite
1476 5479 1487 5513 :
1526 5463 1811 5533 Rogamus

204 5548 452 5600 vestram
482 5551 775 5616 paternam
806 5547 1234 5620 beatitudinem,
1261 5549 1441 5622 magis
1463 5550 1687 5624 quidem
1707 5552 1811 5608 Do-

471 5645 731 5710 PATIOL.
779 5649 897 5714 CL.

1873 3151 2029 3204 Tunc
2056 3149 2174 3221 ipse
2203 3166 2238 3203 a
2269 3149 2510 3203 Domino
2538 3154 2823 3220 protectus
2857 3150 3098 3205 Karolus
3139 3167 3236 3205 rex
3270 3167 3473 3222 aggre-

1872 3255 2013 3310 gans
2046 3238 2366 3293 universam
2399 3237 2559 3308 regni
2596 3238 2683 3292 sui
2726 3238 3001 3294 exercitus
3052 3239 3475 3295 multitudinem

1873 3345 1974 3399 per
2004 3345 2099 3382 sex
2128 3344 2350 3381 menses
2381 3326 2602 3381 obsedit
2632 3327 2874 3381 eundem
2922 3328 3275 3383 Desiderium
3304 3328 3362 3383 in
3391 3328 3473 3382 ci-

1872 3417 2045 3471 vitate
2074 3417 2266 3488 Papia.
2315 3416 2680 3483 Adveniente,
2715 3433 2842 3471 vero
2874 3417 3121 3488 paschali
3149 3417 3473 3484 festivitate,

1875 3522 2078 3576 magno
2111 3505 2390 3559 desiderio
2413 3505 2485 3558 ad
2502 3505 2882 3576 apostolorum
2913 3506 3109 3561 limina
3132 3496 3472 3578 preparavit.

1875 3594 1978 3648 Cui
2035 3595 2281 3666 pontifex
2328 3595 2675 3649 venerandae
2726 3611 2939 3661 cruces,
2972 3596 3025 3649 id
3060 3601 3144 3650 est
3171 3595 3351 3666 signa,
3382 3595 3477 3650 ob-

1876 3684 2023 3737 viam
2053 3683 2223 3745 misit,
2258 3688 2315 3737 et
2345 3684 2634 3738 universas
2681 3684 2860 3738 scolas
2912 3684 3133 3739 milicia:
3170 3690 3227 3739 et
3271 3701 3476 3756 pueros

1877 3778 2166 3843 portantes
2188 3789 2375 3827 ramos
2404 3773 2677 3827 olivarum
2717 3772 2831 3827 sive
2855 3773 3192 3844 palmarum.
3225 3774 3353 3844 Ipse
3380 3790 3478 3828 ve-

1876 3879 1939 3916 ro
1965 3862 2466 3916 excellentissimus
2506 3879 2620 3929 rex,
2654 3879 2765 3933 qua
2807 3879 2906 3916 ora
2931 3862 3156 3917 easdem
3185 3862 3477 3918 sanctissi-

1877 3967 1998 4005 mas
2021 3968 2213 4005 cruces
2251 3957 2309 4005 et
2338 3950 2501 4021 signa
2544 3951 2851 4022 conspexit,
2884 3952 3078 4005 statim
3108 3952 3176 4006 de
3208 3968 3351 4022 equo
3376 3951 3475 4005 de-

1878 4040 2150 4094 scendens
2182 4057 2307 4094 cum
2330 4039 2449 4094 suis
2464 4040 2535 4093 ad
2547 4039 2772 4093 beatum
2799 4040 3027 4095 Petrum
3062 4040 3334 4112 pedestris
3353 4057 3477 4111 per-

1878 4129 2039 4183 rexit.
2069 4129 2250 4193 Quem
2273 4129 2624 4183 venerandus
2654 4128 2900 4199 pontifex
2917 4128 2977 4182 in
3006 4128 3254 4183 Sabatho
3282 4133 3476 4181 sancto

1881 4217 2108 4272 Pascha:
2136 4220 2193 4270 in
2212 4217 2481 4287 gradibus
2506 4216 2683 4287 ipsius
2702 4217 3021 4288 apostolicae
3049 4217 3194 4271 aulae
3222 4233 3347 4271 cum
3372 4217 3480 4271 cle-

1880 4324 1943 4361 ro
1974 4313 2031 4361 et
2058 4307 2262 4378 pepulo
2293 4307 2547 4360 Romano
2564 4307 2917 4376 praestolatus
2939 4312 3047 4364 est.
3087 4305 3194 4370 Qui
3218 4305 3354 4360 dum
3377 4305 3479 4359 ad-

1883 4395 2141 4460 venisset,
2176 4394 2435 4449 omnibus
2456 4394 2726 4465 gradibus
2753 4395 2795 4449 Β
2849 4394 3003 4449 Petri
3026 4393 3380 4462 deosculatis,
3409 4394 3482 4449 ad

1881 4484 2350 4557 praenominatum
2381 4482 2632 4554 pervenit
2654 4482 2995 4554 pontiﬁcem.

1954 4575 2094 4628 Cum
2128 4590 2187 4627 se
2218 4579 2414 4627 mutuo
2453 4573 2753 4644 amplexati
2797 4573 3053 4637 fuissent,
3110 4572 3297 4627 tenuit
3330 4571 3481 4629 idem

1885 4661 2399 4717 Christianissimus
2426 4678 2521 4715 rex
2552 4677 2780 4715 manum
2802 4661 2979 4732 ipsius
2998 4662 3295 4733 pontiﬁcis,
3319 4668 3377 4717 et
3402 4662 3485 4718 ita

1885 4752 1951 4807 ad
1970 4751 2122 4806 beati
2147 4750 2299 4805 Petri
2322 4750 2729 4805 confessionem
2759 4768 2887 4806 cum
2915 4750 3176 4806 omnibus
3212 4752 3328 4806 suis
3351 4769 3484 4824 pro-

1885 4857 2088 4912 perans
2104 4846 2268 4894 terrae
2299 4844 2634 4910 prostratus,
2663 4840 2776 4894 Deo
2806 4845 2861 4893 et
2878 4845 3071 4894 sancto
3095 4841 3144 4911 ej
3154 4857 3218 4895 us
3233 4841 3485 4913 apostolo

1884 4935 2011 4985 vota
2042 4929 2311 5001 persolvit.
2344 4929 2502 4983 Tunc
2532 4945 2626 4982 rex
2654 4928 2854 4983 obnixe
2873 4936 3132 5000 precatus
3161 4936 3247 4984 est
3266 4931 3486 5002 pontiﬁ-

1886 5036 2006 5075 cem
2053 5024 2116 5073 ut
2140 5018 2224 5072 illi
2242 5017 2526 5073 licentiam
2555 5017 2830 5072 tribueret
2844 5019 3080 5073 Romam
3111 5018 3480 5089 ingrediendi,

1886 5108 2081 5164 orandi
2101 5107 2286 5179 gratia
2309 5124 2408 5178 per
2426 5107 2674 5161 diversas
2685 5107 2977 5176 ecclesias;
3015 5113 3072 5162 et
3086 5107 3484 5161 descendentes

1887 5198 2101 5270 pariter
2130 5197 2202 5251 ad
2229 5214 2432 5267 corpus
2461 5195 2610 5251 beati
2632 5196 2784 5251 Petri
2817 5213 2943 5251 cum
2968 5194 3250 5265 judicibus
3277 5195 3485 5248 Romu-

1890 5304 2091 5341 norum
2109 5292 2165 5340 et
2186 5287 2548 5352 Francorum,
2576 5294 3019 5356 Sesequemutuo
3040 5300 3140 5354 per
3166 5298 3487 5337 sacramen-

1891 5380 1950 5429 ta
1974 5375 2290 5429 munientes
2322 5374 2558 5445 ingressi
2595 5385 2730 5428 sunt
2752 5373 3017 5426 continuo
3053 5372 3307 5437 Romam,
3339 5372 3489 5426 cele-

1892 5464 2052 5518 brato.
2082 5480 2209 5517 vero
2246 5463 2455 5535 past-ali
2510 5461 2830 5525 festivitate,
2882 5466 3083 5531 quarta
3118 5459 3259 5515 feria
3286 5459 3490 5515 oblatis

1894 5552 2111 5624 magnis
2144 5551 2305 5607 donis
2341 5550 2504 5606 beato
2538 5552 2620 5616 P.,
2643 5550 2708 5605 ad
2737 5548 3085 5604 obsidionem
3112 5547 3278 5622 Papae
3305 5565 3493 5604 rever-

3179 5653 3258 5715 ‘26
