3872 6168
483 249 597 346 at

1494 255 1880 344 Boﬁfzoiiis
1919 257 2354 341 PLACkN‘i‘INI
2396 257 2741 342 episcopi.

3611 279 3696 357 8l'2

612 393 715 490 est".
854 397 1162 504 auxili-alite”
1191 381 1304 472 beo
1331 411 1394 471 et
1415 405 1608 470 eodem
1639 413 1892 485 apostolo
1922 402 2085 466 Desi-
2171 427 2293 463 rum
2339 411 2612 480 j'udicmm
2648 429 2770 465 cum
2795 429 3052 468 sermone
3080 413 3408 485 litigantium
3448 421 3698 491 diiigatur.

539 483 542 488 .
627 483 631 490 ,
708 471 714 474 η
790 473 804 486 ..
871 480 874 482 ν
1207 471 1289 472 ην
1677 471 1689 485 .
2339 471 2358 480 ν
3165 471 3197 485 υ
3398 471 3405 473 ν
3455 471 3698 491 "me"-..

485 471 708 579 (feriunt
779 485 1275 594 LongObiard‘orum
1318 523 1505 575 regem
1547 495 1669 556 cum
1704 504 1939 571 conjuge
1984 517 2085 554 sua
2169 501 2343 554 Multa
2375 503 2545 562 enim,
2581 521 2702 572 quae
2735 505 2786 556 in
2819 505 3029 572 judii-io
3059 507 3288 574 copiasae
3329 512 3706 580 priescriptionis

484 589 671 648 siceum
703 589 1034 668 deportavit.
1076 602 1132 649 et
1157 595 1258 648 sibi
1290 589 1456 648 omne
1487 599 1718 662 regnum
1750 595 1868 660 ejus
1898 590 2084 658 subju-

480 668 651 755 gavit'.
683 673 803 744 Quo
834 671 1074 743 mortuo,
1112 673 1422 738 Ludovicus
1445 683 1776 736 eisueressit
1792 683 1912 749 ejus
1935 681 2081 732 iilius

480 760 564 821 vir
596 761 944 836 mitissimus.
982 773 1074 842 qui
1110 765 1323 842 primus
1355 772 1603 825 omnium
1629 771 1968 824 Francorum
2001 785 2082 820 re-

481 853 616 928 gum
650 859 922 930 imperiali
957 851 1292 914 sublimatus
1345 867 1430 914 est
1477 861 1765 930 dignitate.
1803 855 1907 910 Hie
1946 855 2080 909 olle-

478 936 608 1000 rens
641 947 801 1002 beato
839 950 894 1002 P.
929 951 1107 1003 multa
1135 937 1387 1011 donaria,
1425 946 2079 1015 restauransantiquitus

476 1034 624 1116 facta
655 1029 962 1130 privilegia,
988 1033 1167 1110 legem
1199 1031 1433 1092 sancivit
1455 1029 1821 1108 iniposterum
1847 1037 1899 1088 in
1932 1037 2079 1088 hunc

477 1111 644 1196 modii
654 1111 710 1196 illi
734 1111 1112 1179 coiiti'nei'iten‘i
1125 1168 1134 1178 .

547 1214 610 1268 In
640 1201 908 1269 electione
927 1213 1305 1268 Romanorum
1335 1213 1661 1285 pontiﬁcum
1681 1225 1860 1282 neque
1882 1229 2073 1264 servus

477 1289 655 1372 neque
687 1301 828 1356 liber
856 1295 922 1356 ad
964 1303 1066 1357 hoc
1108 1305 1292 1356 venire
1320 1309 1622 1374 praesumat
1653 1309 1714 1354 ut
1739 1293 1848 1353 illis
1874 1301 2073 1354 Roma-

474 1383 582 1450 nis.
625 1395 763 1462 quos
794 1393 862 1445 ad
903 1380 1046 1446 lianc
1085 1384 1409 1445 electionem
1467 1408 1565 1461 per
1609 1390 2068 1444 Constitutionem

472 1463 791 1552 sanctorum
829 1467 1055 1535 Patrum
1078 1483 1310 1551 antiqua
1326 1472 1552 1532 admisit
1584 1480 1948 1554 i'xinsuetudo,
1970 1480 2067 1531 ali-

473 1571 620 1640 quod
653 1561 818 1624 faciat
845 1559 1332 1646 impedimentum.
1369 1569 1434 1622 Et
1461 1569 1505 1621 si
1547 1568 1671 1638 quis
1700 1578 1892 1621 contra
1927 1569 2065 1622 hanc

469 1649 718 1711 nostram
761 1643 1216 1711 constitutionem
1271 1657 1708 1727 praesun’ipserit,
1734 1658 1926 1709 exsilio
1949 1665 2061 1709 tra-

2168 591 2346 644 vincla
2399 593 2576 660 promi
2609 610 2715 645 non
2751 594 3060 660 patiuntur,
3110 595 3397 664 investigat
3443 611 3493 652 et
3538 607 3706 670 promit

2166 688 2532 734 sacrosancta)
2596 682 2880 751 religionis
2938 685 3241 737 auctoritas
3305 688 3497 740 Omnes
3547 691 3704 761 itaque

2165 785 2363 830 causzc,
2399 785 2519 837 quae
2554 770 2635 821 vel
2686 771 2942 836 praetorio
2975 772 3102 838 jure
3139 774 3219 824 vel
3250 775 3389 826 civili
3419 783 3702 842 tractantur,

2165 857 2552 924 episcoporum
2581 860 2873 912 sententiis
2902 861 3214 915 terminatas
3250 873 3501 931 perpetuo
3527 867 3704 930 stabili~

2165 943 2442 1012 tatisjure
2473 945 2785 998 firmentur.
2825 964 2925 998 nec
2955 949 3117 1001 liccat
3149 951 3377 1003 ulterius
3407 955 3608 1006 tractari
3634 973 3704 1007 ne-

2159 1033 2548 1103 gotiu:n,quod
2567 1036 2952 1106 episcoporum
2973 1039 3264 1091 sententiis
3286 1040 3703 1095 deciditm'.Testi-

2164 1125 2411 1175 monium
2458 1125 2624 1176 etiam
2657 1125 2788 1178 licet
2835 1125 2904 1178 ab
2957 1144 3065 1180 uno
3111 1129 3365 1196 episcopo
3413 1131 3698 1199 perhibituni

2157 1227 2349 1264 omnes
2373 1210 2588 1280 judiees
2612 1213 2994 1267 indubitanter
3022 1217 3312 1285 accipiant,
3346 1235 3440 1270 nec
3477 1219 3599 1272 alius
3627 1237 3700 1273 au-

2155 1295 2361 1363 diatur,
2395 1318 2518 1353 cum
2547 1302 2931 1355 testimonium
2977 1305 3217 1375 episeopi
3252 1324 3282 1358 a
3314 1307 3540 1375 qualibet
3568 1315 3694 1380 parte

2155 1388 2322 1441 fuerit
2354 1391 2776 1458 repromissum.
2805 1390 2946 1444 Illud
2974 1394 3121 1445 enim
3155 1394 3396 1448 veritatis
3416 1398 3697 1450 auctoritate

2155 1480 2459 1538 firmatum,
2494 1479 2629 1532 illud
2665 1480 3003 1551 incorrupte.
3035 1484 3181 1552 quod
3205 1503 3235 1535 a
3257 1492 3581 1538 sacrosancto
3605 1487 3695 1539 viro

2151 1567 2493 1621 conscientia
2551 1570 2760 1623 mentis
2808 1570 3034 1623 illibata;-
3085 1573 3391 1640 pertulerit,
3435 1574 3525 1625 hoc
3551 1575 3694 1626 edicto

2151 1655 2362 1709 salubri
2386 1659 2694 1723 ﬁrmamus,
2729 1664 2784 1712 et
2819 1669 3086 1728 perpetua
3127 1660 3247 1730 lege
3289 1661 3568 1715 tenendum
3595 1680 3692 1716 ωηο

466 1734 648 1810 datur,
686 1748 916 1818 insuper
950 1747 1118 1801 etiam
1174 1754 1235 1799 ut
1290 1747 1478 1799 nullus
1523 1747 1817 1799 missorum
1853 1735 2357 1798 nostro-Bsemus.

465 1823 589 1889 ru'm
625 1827 893 1907 cujusque
907 1825 1289 1907 impeditionis
1306 1844 1700 1905 argumentum
1730 1851 2064 1905 componere.

465 1917 522 1977 in
564 1916 791 1995 praefata
814 1925 1081 1978 electione
1110 1924 1317 1976 audeat
1348 1923 1723 1993 prohibemus.

539 2007 673 2066 Po’s‘t
702 2007 859 2086 cujus
898 2013 1108 2065 obitum
1143 2003 1241 2082 per
1268 2012 1443 2064 multa.
1478 2010 1891 2064 succedentium
1925 2016 2062 2064 tem-

462 2091 658 2174 porum
683 2093 961 2156 (turricula
992 2101 1248 2170 usquead
1268 2099 1531 2169 pestifera
1564 2099 1810 2152 Lotliarii
1843 2107 2058 2168 tempo-

459 2208 544 2255 ra,
579 2193 674 2262 qui
703 2191 772 2244 ab
800 2209 865 2244 eo
895 2206 1189 2258 suscepere
1215 2189 1486 2258 originem
1525 2181 1915 2240 decentissime
1953 2205 2060 2257 gu-

460 2281 695 2334 bernare
727 2279 1022 2350 imperium
1050 2297 1062 2344 ;
1105 2296 1245 2348 quos
1270 2279 1316 2330 si
1357 2279 1480 2346 quis
1518 2277 1799 2330 studiosus
1821 2278 2058 2330 voluerit

458 2385 812 2438 cognoscere,
842 2369 992 2450 legat
1027 2369 1176 2437 leges
1219 2367 1288 2418 ab
1319 2367 1397 2418 eis
1433 2367 1834 2435 promulgatas,
1870 2366 2056 2418 videat

456 2459 776 2530 sepulturas
822 2465 1136 2527 martyrum
1170 2473 1305 2508 auro
1351 2455 1700 2524 gemmisque
1741 2456 2050 2516 decoratas,

461 2535 827 2617 basilicasque
861 2561 1054 2599 eorum
1101 2545 1243 2597 mira
1291 2539 1704 2613 pulcliritmline
1733 2549 2047 2602 exornatas.

460 2623 802 2706 monasteria
833 2650 1055 2706 quoque
1084 2633 1342 2702 religiosa
1374 2633 1667 2702 utriusque
1685 2649 1846 2685 sexus
1872 2632 1940 2684 ab
1971 2633 2051 2685 eis

454 2717 759 2802 constituta
809 2723 1196 2778 coliabitaeula
1243 2723 1570 2776 clericorum
1613 2723 1950 2790 regulariter
1981 2723 2053 2775 vi-

452 2807 702 2870 ventium
740 2805 808 2867 ab
841 2805 1050 2867 eisdem
1085 2813 1345 2884 primitus
1375 2813 1634 2865 ordinata
1685 2821 1740 2865 et
1787 2830 1884 2883 per
1921 2813 2052 2866 reli-

455 2887 614 2976 quias
645 2910 766 2975 quae
797 2897 1003 2957 neSti'is
1025 2895 1332 2970 supersunt
1358 2894 1702 2971 temporibus
1726 2902 1863 2954 satis
1895 2909 2050 2972 pote-

450 2984 524 3066 rit
555 2989 864 3066 advertere,
899 3009 1065 3064 quam
1117 2989 1580 3045 Cliristianissimi
1623 3003 1902 3060 quamque,
1935 2991 2047 3043 Deo

449 3067 726 3158 amabiles.
752 3071 1004 3155 extitere.
1049 3081 1224 3150 Leges
1258 3095 1384 3132 vero
1418 3080 1487 3132 ab
1540 3080 1619 3133 eis
1679 3080 2046 3150 promulgata:

565 3179 697 3245 sunt
720 3191 730 3225 :
757 3189 820 3245 ex
854 3167 1009 3223 victis
1043 3173 1141 3236 (ita
1171 3171 1266 3222 cod
1291 3175 1307 3236 )
1331 3156 1520 3221 Karoli
1549 3175 1605 3221 et
1629 3167 1851 3222 Lodoiei
1877 3169 2050 3238 impe-

447 3242 742 3315 ﬁant-unt:
778 3259 1063 3313 sacrorum
1097 3273 1370 3310 canonum
1397 3272 1510 3328 non,
1528 3258 1730 3326 ignari,
1768 3264 1830 3311 ut
1859 3258 1914 3309 in
1948 3257 2046 3310 Dei

447 3332 674 3404 nomine
696 3347 889 3403 sancta
921 3339 1159 3401 Ecclesia
1182 3364 1280 3400 suo
1305 3346 1530 3398 liberius
1557 3347 1804 3415 potiatur
1834 3348 2045 3401 honore

443 3424 733 3492 assensum
769 3427 1143 3490 ecclesiastico
1174 3431 1357 3500 ordini
1394 3435 1723 3503 praibemus,
1751 3442 1812 3487 ut
1836 3437 2046 3490 scilicet

444 3529 544 3600 per
572 3509 1061 3600 electioriemcleri
1095 3511 1144 3576 et
1182 3507 1688 3592 populiseeundum
1720 3513 1930 3576 statuta
1947 3541 2039 3577 ca-

442 3607 651 3688 abitum
781 3595 1005 3684 propria
1050 3605 1274 3665 dimCesi
1331 3620 1543 3664 remota
1589 3629 1951 3680 personarum
1985 3621 2040 3668 et

444 3687 742 3759 munerum
775 3687 1094 3772 acceptione
1133 3701 1201 3754 ob
1218 3701 1340 3754 vita:
1375 3702 1632 3754 mei-itum
1667 3707 1722 3754 et
1751 3702 2038 3771 sapientia:

442 3777 652 3866 denum
699 3783 996 3862 eligantur,
1033 3797 1096 3844 ut
1124 3786 1376 3860 eieinplo
1408 3798 1463 3843 et
1505 3790 1669 3843 verbo
1699 3789 1805 3843 sibi
1845 3791 2036 3861 subje-

440 3865 543 3938 ctis
575 3865 974 3958 usquequaque
1005 3880 1268 3958 prodesse
1300 3873 1542 3934 valeant.

479 4041 486 4044 _
515 3959 664 4025 Iteiii'
693 3951 1019 4023 constitutio
1162 3969 1518 4038 imperatoris
1546 3969 1846 4022 :Volu‘mus
1873 3977 2040 4039 atque

440 4045 793 4132 pi'iecipinius
818 4053 878 4111 ut
898 4053 1090 4110 omnes
1114 4065 1318 4110 nostra:
1340 4057 1559 4118 ditioni,
1583 4057 1890 4111 auxiliante
1925 4059 2029 4111 Do-

431 4145 610 4222 .i'nino,
640 4147 876 4218 subjecti
891 4155 1004 4200 tam
1025 4143 1256 4200 Romani
1290 4162 1456 4215 quam
1481 4145 2030 4213 Franci,Alaiiianni,

437 4229 739 4312 Baugueri,
803 4237 1080 4312 Saxones,
1123 4226 1470 4302 Loth0iingi,
1533 4233 1790 4298 Rixones,
1862 4235 2029 4303 Galli,

437 4316 886 4397 Burgundiones,
935 4319 1235 4386 Brittones,
1275 4315 1642 4391 Longobardi,
1689 4322 2028 4383 Guascones.

2220 1835 2315 1886 ha)
2346 1839 2478 1887 sunt
2507 1833 2656 1904 leges
2703 1833 3040 1890 Christianis
3071 1837 3494 1906 imperatoribus
3527 1840 3690 1909 dignae,

2147 1921 2238 1990 qui
2274 1939 2404 1983 non,
2460 1930 2522 1975 ut
2563 1940 2681 1975 nios
2727 1929 2828 1987 est,
2880 1925 3199 1977 Graecorum
3231 1926 3695 1995 iinpeiatorumper

2146 2012 2778 2080 spadonumastutiam,
2823 2014 2915 2066 sed
2967 2031 3064 2084 per
3115 2016 3459 2069 sacerdotum
3491 2019 3691 2086 pruden-

2144 2098 2280 2152 tiam
2317 2117 2552 2169 regnum
2603 2100 3078 2170 gubernaverunt,
3132 2111 3191 2156 et
3235 2105 3355 2158 ideo
3415 2105 3542 2158 beati
3590 2108 3692 2176 quia

2145 2204 2434 2259 quousque
2466 2189 2520 2242 in
2572 2191 2832 2259 praesenti
2864 2192 3046 2244 vixere
3075 2194 3188 2245 alta
3214 2211 3344 2262 pace
3376 2195 3623 2264 quievere,
3649 2203 3691 2248 et

2143 2278 2198 2331 in
2231 2279 2420 2331 futuro
2451 2296 2574 2332 cum
2602 2280 2826 2333 Christo
2849 2283 3166 2351 regnabant
3188 2285 3307 2337 sine
3329 2287 3450 2336 tine.

2213 2367 2317 2420 Sed
2351 2385 2475 2421 cum
2531 2370 2968 2438 pramominatus
3026 2372 3323 2426 Lotharius
3363 2391 3495 2444 saepe
3521 2390 3547 2425 a
3574 2389 3684 2443 papa

2138 2455 2365 2509 Nicolao
2395 2463 2541 2510 esset
2567 2460 2925 2522 aminonitus,
2965 2467 3028 2513 ut
3066 2463 3436 2515 Gualdradam
3479 2462 3686 2532 pellicem

2135 2562 2292 2598 suam
2327 2547 2655 2602 dimitteret.
2690 2555 2744 2600 et
2775 2549 2948 2602 nollet
2980 2551 3353 2621 acquiescere.
3399 2551 3684 2604 sententiam

2136 2636 2340 2688 meruit
2365 2638 2960 2691 excommiinicationis
3014 2639 3210 2692 Infelix
3243 2647 3422 2693 autem
3453 2657 3550 2692 non
3577 2637 3685 2692 resi-

2136 2723 2369 2793 piscens,
2406 2725 2500 2777 sed
2534 2726 2798 2793 adjicicns
2833 2736 3116 2795 peceatum
3173 2737 3411 2798 peccato.
3451 2745 3598 2781 ausus
3620 2731 3685 2779 est

2137 2812 2406 2866 infamare
2440 2813 2648 2866 donum
2683 2833 2836 2885 ωηιξη
2868 2817 3104 2869 senioris
3135 2818 3358 2881 Romae;
3387 2823 3436 2869 et
3466 2817 3575 2869 ideo
3597 2831 3683 2866 non

2137 2902 2315 2954 solum
2367 2905 2900 2966 excomi'iiunicatus,
2933 2905 3026 2958 sed
3056 2907 3225 2958 etiam
3257 2906 3509 2976 imperiali
3538 2903 3684 2972 digni-

2137 2995 2251 3042 tate
2282 2997 2337 3043 et
2359 2992 2509 3044 omni
2544 2993 2879 3046 Francorum
2911 3001 3187 3064 potestate
3215 2995 3484 3065 depositus
3507 2999 3595 3046 est.

2204 3078 2455 3141 Quantas
2508 3097 2634 3132 vero
2666 3080 3012 3135 calamitates
3042 3083 3309 3136 Romanis
3340 3084 3420 3134 hic
3451 3080 3676 3137 intulerit,

2133 3171 2189 3218 et
2217 3168 2458 3236 qualiter
2489 3169 2696 3222 donum
2731 3188 2884 3240 pap:e
2939 3172 3306 3239 injuriaverit,
3340 3187 3560 3240 eumque
3596 3167 3677 3220 sibi

2132 3254 2379 3308 rationes
2409 3258 2846 3326 prmtendentem
2871 3259 3142 3328 spreverit
3192 3267 3247 3313 et
3262 3259 3522 3330 quomodo
3542 3257 3679 3310 eccle-

2131 3345 2274 3395 siam
2307 3345 2342 3397 S
2397 3345 2545 3398 Petri
2569 3348 2790 3399 militari
2828 3365 2997 3401 manu
3030 3350 3294 3418 possedit,
3327 3358 3382 3402 et
3411 3363 3560 3418 quam
3588 3355 3677 3397 tur-

2131 3448 2359 3500 pissima
2384 3442 2560 3487 morte
2594 3436 2839 3505 perierit,
2873 3443 3158 3490 testantur
3189 3447 3238 3491 et
3273 3439 3582 3492 Francorum
3605 3433 3675 3486 Hi-

2127 3521 2310 3574 storiae
2337 3528 2393 3574 et
2423 3523 2668 3592 ipsorum
2697 3539 2927 3594 regnum
2961 3535 3137 3597 usque
3160 3528 3322 3580 hodie
3346 3527 3579 3579 divisum.

2198 3613 2416 3663 Interea
2448 3612 2787 3665 Francorum
2814 3630 2983 3683 regno
3011 3633 3109 3685 per
3129 3616 3439 3686 superbiam
3461 3610 3673 3668 extermi-

2124 3705 2275 3760 nato,
2295 3700 2544 3753 Italicum
2568 3718 2798 3770 regnum
2818 3702 3134 3772 patiebatur
3158 3706 3336 3757 varias
3347 3705 3667 3756 calamitates.

2123 3788 2264 3840 Nam
2300 3804 2446 3844 nunc
2477 3790 2697 3858 quidem
2721 3807 2818 3858 per
2834 3791 3269 3860 Longobardoru
3281 3809 3327 3846 m
3345 3790 3668 3863 tyrannidem,

2123 3877 2423 3943 aliquando
2456 3896 2583 3932 vero
2620 3895 2718 3948 per
2751 3879 3210 3948 Burgundionum
3239 3883 3554 3939 violentiam,
3583 3878 3669 3948 ple-

2125 3982 2363 4035 rumque
2390 3985 2518 4020 vero
2548 3985 2646 4038 per
2673 3969 2979 4021 Salicorum
3011 3972 3329 4040 superbiam
3352 3988 3454 4024 non
3485 3969 3670 4037 regeba-

2121 4059 2234 4116 tur,
2265 4057 2358 4108 sed
2394 4058 2577 4126 potius
2609 4057 2948 4110 vastabatur.
2981 4059 3188 4112 Eodem
3223 4077 3435 4130 quoque
3458 4067 3668 4126 tempore

2120 4142 2372 4195 Romana
2417 4144 2659 4197 Ecclesia
2696 4147 3017 4216 periculosis
3075 4132 3398 4218 subjaccbat
3437 4143 3662 4202 cladibus,

2118 4245 2248 4282 nam
2282 4231 2549 4286 Romanis
2594 4235 2858 4287 auxd:um
2919 4235 3354 4306 imperatoribus
3403 4237 3534 4289 ferre
3575 4247 3664 4285 non

2116 4320 2426 4374 valentibus
2450 4331 2675 4392 propter
2691 4331 3015 4376 senatorum
3035 4325 3498 4395 frequentissimos
3519 4323 3665 4374 incur-

436 4409 835 4479 Beneventani,
869 4413 1055 4474 Gothi,
1091 4411 1346 4483 Hyspani
1377 4410 1672 4481 czieterique
1698 4428 1892 4464 omnes
1909 4407 2096 4465 sub-D
2117 4423 2231 4470 sas,
2263 4407 2506 4471 Francis,
2544 4418 2600 4463 ut
2635 4411 2894 4480 superius
2923 4412 3188 4480 diximus,
3226 4414 3407 4467 divisis
3443 4419 3495 4465 et
3517 4411 3577 4463 ab
3598 4425 3664 4461 ec-

431 4503 566 4572 jecti
637 4502 794 4556 nobis
833 4507 1164 4572 quocunque
1194 4500 1333 4569 legis
1363 4499 1579 4552 vinculo
1606 4500 1915 4564 constricti,
1949 4501 2031 4554 vel

436 4572 926 4644 eonSuetudinario
977 4603 1130 4653 more
1182 4577 1429 4641 connexi.
1477 4589 1632 4641 Han:
1668 4589 2028 4656 sententiam,

437 4677 846 4754 qu:a__eitsext0.
875 4668 1090 4731 decimo
1136 4669 1431 4730 Theodosii
1464 4677 1820 4745 imperatoris
1867 4678 2026 4743 libro,

435 4751 678 4843 capilulo
713 4751 967 4820 videlicet
1027 4779 1104 4830 XI,
1147 4765 1216 4819 ad
1247 4761 1592 4836 interrogata
1619 4766 2028 4830 Ablaviiducis,

434 4857 546 4933 qua
567 4843 676 4910 illis
704 4853 759 4911 et
789 4845 1047 4909 omnibus
1091 4851 1244 4924 prazsi'
1268 4854 1412 4922 ripta
1449 4853 1722 4914 misimus.
1785 4865 1840 4909 et
1884 4855 2031 4910 inter

429 4940 622 4999 nostra
652 4939 897 5014 capitula
927 4959 1024 5012 pro
1054 4937 1174 5012 lege
1205 4941 1448 4994 tenenda
1475 4943 1734 4995 consultu
1775 4942 2026 4997 omnium

428 5021 1016 5090 nosti‘oriiin'ﬁdelium
1046 5031 1357 5102 posuimus,
1392 5031 1513 5099 lege
1545 5031 1725 5083 cuncti
1757 5040 2024 5101 perpetua

425 5105 672 5185 teneant,
722 5127 785 5175 ut
830 5121 1148 5194 quicunque
1207 5115 1360 5171 litem
1412 5118 1623 5194 habens
1669 5117 1782 5172 sive
1819 5119 2025 5188 petitor

421 5203 611 5278 fuerit,
642 5211 723 5264 vel
753 5213 810 5264 in
831 5209 991 5264 initio
1022 5209 1134 5260 litis
1165 5201 1248 5260 vel
1281 5191 1529 5260 decursis
1560 5217 1874 5276 temporum
1899 5224 2022 5261 cur-

422 5299 776 5364 riculis,‘sive
815 5311 941 5353 cum
970 5296 1255 5366 negotium
1288 5298 1665 5365 perhortatur,
1727 5296 1839 5349 sive
1887 5314 2015 5351 eum

417 5376 536 5462 jam
563 5390 772 5458 ceperit
807 5387 983 5457 promi
1046 5387 1342 5447 sententia,
1385 5385 1430 5437 si
1465 5386 1738 5454 judicium
1784 5386 2015 5455 elegerit

415 5469 779 5533 sacrosanctae
799 5478 939 5546 legis
953 5475 1242 5531 antistitis.
1271 5474 1415 5527 illico
1428 5491 1549 5527 sine
1569 5475 1758 5544 aliqua
1787 5474 2012 5529 dubita-

2115 4499 2279 4551 cl’esia
2325 4503 2710 4570 sequestratis,
2763 4503 2914 4556 urbis
2966 4505 3153 4580 Romae
3193 4505 3455 4577 capitanei
3495 4515 3661 4556 nomen

2114 4587 2216 4642 sibi
2250 4588 2412 4641 inane
2436 4593 2787 4660 iniponentes
2816 4594 3160 4662 patritiatus,
3191 4595 3483 4648 Romanam
3510 4589 3662 4644 Eccle-

2113 4675 2251 4727 siam
2283 4676 2616 4731 validissime
2662 4671 3114 4735 devastaverunt.
3155 4683 3312 4746 Quod
3350 4665 3534 4734 nomen
3564 4675 3661 4728 ideo

2113 4762 2297 4825 inane,
2335 4767 2466 4834 quia
2509 4767 2564 4818 in
2599 4767 3037 4834 Romanistastis
3067 4787 3168 4824 nec
3195 4784 3520 4842 paganorum
3541 4774 3661 4818 teni-

2115 4867 2246 4920 pore
2279 4869 2377 4905 nec
2399 4855 2842 4909 Christianorum
2877 4874 3114 4927 usquam
3150 4861 3436 4912 invenitur.
3469 4857 3516 4909 Si
3537 4867 3594 4905 en
3615 4865 3657 4902 in

2111 4941 2357 5007 dignitas
2387 4949 2532 4996 esset
2560 4945 2765 5014 aliqua,
2801 4952 2901 4999 aut
2930 4963 3028 5017 per
3057 4948 3198 5000 hanc
3216 4953 3457 5018 tempora
3479 4937 3657 4996 inveni-

2108 5039 2305 5084 rentur
2327 5034 2562 5097 signata,
2602 5035 2862 5104 autleges
2882 5038 3248 5107 promulgatae
3266 5042 3361 5089 aut
3379 5032 3560 5089 tabulze
3587 5029 3655 5080 in-

2105 5119 2337 5187 signitae.
2385 5121 2493 5173 Sed
2524 5122 2576 5174 in
2613 5121 2873 5176 Romanis
2917 5125 3132 5194 legibus
3161 5139 3428 5194 nusquam
3454 5119 3551 5174 tale
3577 5114 3656 5168 ali-

2105 5208 2234 5276 quid
2263 5210 2607 5262 invenitur.V
2613 5228 2769 5264 erum
2795 5219 2914 5265 esto
2933 5209 3120 5284 aliqua
3137 5213 3370 5284 dignitas
3401 5209 3462 5264 ad
3485 5202 3653 5260 consti-

2102 5299 2371 5350 tuendum
2425 5299 2610 5352 foisan
2661 5302 3054 5371 imperatorem
3105 5303 3320 5368 habilis,
3355 5292 3648 5354 ordinationi

2099 5402 2226 5439 vero
2255 5388 2458 5440 summi
2506 5389 2779 5457 ponLﬁeis
2831 5391 3150 5446 nullatenus
3200 5397 3481 5462 oportuna.
3515 5381 3645 5438 Unde

2099 5495 2224 5532 vero
2257 5480 2644 5534 lizeesubstitio
2691 5486 2793 5549 (ita
2829 5487 2942 5536 cod.
2975 5487 3120 5552 forte
3156 5480 3482 5555 superstitio]
3510 5491 3642 5530 sum-

408 5561 562 5626 tiOne
586 5561 755 5623 etiam
784 5568 831 5622 si
859 5567 1052 5637 aliqua
1072 5580 1203 5636 pars
1233 5551 1569 5635 refragatur,
1613 5565 1683 5618 ad
1716 5566 2009 5637 cpiscopo-
2095 5568 2266 5639 pserit
2289 5569 2597 5635 exordium,
2623 5571 2832 5641 paucis,
2882 5571 2929 5628 si
2959 5581 3176 5649 potero,
3205 5551 3513 5645 explanabo.
3543 5565 3636 5619 Go-
