3912 6166
181 304 275 385 8ιὲ

1254 294 1469 378 Linea
1503 293 1600 378 im
1641 290 1946 378 mem
1989 353 2051 364 _
2091 288 2228 377 Lis.
2270 302 2364 377 1v.

3329 287 3435 383 die

181 454 319 508 thica
348 453 683 529 tempestate
710 454 767 503 et
798 449 1218 503 Guandalorum
1249 434 1435 519 gladio
1468 453 1525 501 et
1538 447 1757 517 Longo-
1778 420 2083 516 Asubjecit
2101 430 2215 501 suae
2236 447 2455 511 ditioni,
2480 428 2717 519 eamque
2746 438 2873 523 post
2903 426 3144 522 Henrico
3181 429 3282 505 suo

182 541 395 597 bardica
425 539 579 593 rabie
600 539 733 591 dum
756 537 932 591 Roma
965 544 1331 607 premeretur.
1358 554 1468 591 non
1523 538 1766 591 ferentes

182 631 442 700 impetum
476 627 839 680 barbarorum
864 625 1101 679 Romani
1128 626 1198 679 ab
1220 624 1650 697 imperatoribus
1674 642 1767 696 pa-

182 718 470 774 trocinium
530 716 769 769 militum
826 713 1224 785 implorabant.
1270 715 1417 785 quod
1458 715 1556 778 illi,
1600 720 1768 785 prout

184 814 396 877 tempus
426 810 799 864 concesserat,
823 802 1191 856 libentissime
1217 802 1512 856 faciebant.
1537 803 1678 856 Nam
1701 819 1766 856 ex

185 898 345 948 latere
378 910 481 947 suo
512 893 798 946 mittentes
824 892 1098 962 spadones
1130 895 1276 945 viros
1321 890 1764 961 probatissimos,

184 983 338 1037 veluti
370 984 614 1036 Narsum
648 989 705 1034 et
726 974 1061 1034 'Belisarium
1085 986 1141 1033 et
1159 980 1299 1033 alios
1314 981 1629 1049 complures
1648 996 1768 1032 ma-

182 1074 376 1143 gistros
392 1071 632 1124 militum
652 1069 935 1123 creabant.
963 1068 1069 1131 Qui
1084 1069 1366 1122 venientes
1386 1066 1608 1123 Italiam
1649 1067 1767 1140 ple-

185 1177 410 1231 rumque
461 1158 730 1213 barbaros
784 1155 1075 1227 fugabant.
1107 1157 1409 1228 aliquando
1453 1173 1581 1210 vero
1621 1156 1768 1210 solos

186 1268 364 1304 muros
393 1248 547 1304 urbis
566 1247 888 1302 tuebantur.
915 1248 1025 1301 Hos
1042 1248 1297 1301 Romana
1325 1246 1607 1317 popularis
1630 1246 1735 1298 sim
1755 1275 1767 1285 -

187 1340 393 1411 plicitas
418 1339 570 1392 velut
599 1344 783 1408 patres
813 1337 990 1400 urbis,
1035 1335 1296 1407 patricios
1322 1334 1658 1405 appellabat.
1702 1351 1767 1387 eo

190 1446 327 1483 more
353 1445 467 1499 quo
508 1444 685 1497 usque
706 1426 872 1479 hodie
899 1426 1163 1479 Romana:
1206 1424 1446 1478 civitatis
1479 1430 1771 1493 magnates

188 1524 519 1588 protectores
533 1516 793 1587 appellat.
820 1515 929 1569 Sed
949 1515 1030 1568 rei
1065 1513 1315 1568 ordinem
1341 1528 1764 1584 prosequamur.

190 1608 250 1660 Hi
276 1624 427 1665 vero.
449 1623 591 1676 quos
616 1621 787 1675 supra
828 1603 1275 1666 memoravimus,
1311 1602 1464 1655 urbis
1493 1601 1770 1673 capitanei

190 1702 400 1767 accepta
428 1695 728 1764 tyrannide
781 1693 1014 1747 licenter
1043 1701 1243 1745 cuncta
1281 1690 1577 1745 faciebant.
1626 1692 1768 1744 Nam

1846 535 2080 589 tradidit
2100 534 2157 589 in
2188 536 2475 589 ducatum.
2500 538 2837 592 Brocardum
2867 556 2997 603 vero
3013 538 3447 611 Suevorumdu-

1847 639 1966 676 cem
1996 623 2052 677 in
2090 624 2430 678 deditionem
2476 624 2737 696 suscepit.
2789 627 3001 681 Dehinc
3042 629 3443 684 occidentalem

1848 712 2138 767 Franciam
2159 730 2260 783 per
2279 712 2648 768 Cunibertum
2672 732 2835 769 suum
2852 702 3123 787 generum
3160 698 3444 773 Saxonum

1848 802 2137 871 conjunxit
2152 802 2407 873 imperio;
2424 803 2588 857 Utam
2606 820 2827 875 quoque
2843 822 3000 859 suam
3020 806 3443 863 ﬁliamLudoico

1849 890 2177 944 Latinorum
2202 898 2257 944 et
2278 890 2619 945 Francorum
2642 893 2760 967 regi
2777 893 3007 948 tradidit
3028 884 3439 967 inconjugium;

1850 978 2039 1048 sicque
2057 979 2267 1033 sedatis
2302 979 2561 1035 omnibus
2597 980 2783 1043 rebus.
2816 983 2929 1037 filio
2951 1001 3051 1038 suo
3080 984 3283 1059 Ottone
3312 969 3444 1056 rege

1849 1084 1951 1139 pro
1985 1085 2043 1121 se
2066 1069 2182 1139 jam
2206 1069 2497 1141 designato
2530 1070 2899 1126 Ecclesiarum
2942 1072 3039 1127 Dei
3074 1073 3350 1129 maximus
3370 1075 3447 1128 fa-

1850 1156 2094 1211 bricator
2120 1165 2176 1210 et
2204 1157 2535 1214 Christianae
2588 1160 2875 1231 religionis
2915 1146 3255 1233 propagator
3283 1146 3446 1218 beato

1851 1246 1962 1299 ﬁne
1996 1244 2222 1314 quievit.
3250 1314 3253 1325 Ῠ

1923 1335 2022 1388 Cui
2038 1336 2307 1389 successit
2319 1336 2468 1389 ﬁlius
2480 1337 2600 1407 ejus
2614 1338 2747 1393 Otto
2760 1338 2844 1391 vir
2865 1338 3197 1411 magnificus
3209 1343 3267 1393 et
3293 1344 3447 1407 totus

1854 1423 2385 1479 Christianissimus.
2402 1423 2508 1479 Hic
2525 1425 2789 1497 primum,
2818 1434 2881 1480 ut
2908 1427 3165 1500 superius
3181 1426 3448 1497 diximus,

1853 1513 2109 1583 Ungaros
2152 1513 2467 1572 debellavit.
2509 1521 2566 1569 et
2610 1533 2719 1569 non
2749 1516 2926 1570 solum
2960 1534 3125 1572 omne
3170 1534 3336 1571 suum
3360 1500 3450 1572 re-

1852 1618 2051 1671 gnum.
2072 1601 2165 1657 sed
2186 1601 2353 1655 etiam
2383 1621 2605 1657 omnem
2626 1605 2985 1659 Occidentem
3013 1605 3083 1659 ab
3113 1623 3307 1660 eorum
3337 1604 3450 1660 ser—

1854 1690 2029 1744 vitute
2062 1691 2328 1745 liberavit.
2357 1692 2456 1745 Hic
2480 1692 2814 1747 Ludovicum
2837 1678 3137 1771 cognatum
3165 1712 3329 1749 suum
3350 1680 3452 1769 per

190 1803 285 1839 non
305 1766 488 1838 solum
520 1782 901 1836 cardinal-atus
944 1788 1001 1835 et
1030 1780 1280 1834 abbatias
1318 1787 1376 1834 et
1413 1781 1766 1850 episcopatus
1790 1766 2108 1850 Bllugonis
2146 1781 2501 1852 tyrannidem
2534 1789 2767 1853 paterno
2816 1784 2954 1838 solio
3000 1768 3220 1855 pulsum
3255 1766 3447 1863 regno

191 1874 501 1944 turpissima
550 1872 850 1926 venalitate
904 1870 1209 1934 foedabant,
1244 1868 1339 1923 sed
1386 1868 1568 1940 ipsum
1600 1868 1771 1922 etiam

192 1962 442 2017 Romanas
475 1961 726 2015 Ecclesia)
758 1960 1143 2031 pontificatum
1177 1960 1287 2012 non
1318 1964 1568 2029 spectata
1584 1958 1773 2028 aliqua

191 2068 393 2105 morum
424 2051 697 2121 dignitate
726 2067 826 2103 nec
857 2049 1045 2119 aliqua
1075 2054 1244 2102 tanta:
1276 2046 1536 2101 Ecclesiae
1565 2064 1771 2118 praero-

190 2142 380 2210 gativa,
402 2138 758 2193 solummodo
800 2139 867 2191 ad
892 2138 1133 2197 libitum.
1158 2136 1244 2191 cui
1269 2135 1537 2207 placebat,
1562 2137 1647 2189 vel
1676 2136 1771 2207 qui

194 2230 301 2299 plus
323 2246 524 2283 manus
550 2245 744 2281 eorum
775 2227 1062 2298 implebat.
1098 2226 1418 2289 donabant;
1447 2232 1504 2278 et
1524 2242 1634 2278 non
1680 2242 1771 2279 so-

193 2319 292 2372 lum
314 2319 529 2373 clericis
560 2317 655 2371 sed
686 2323 743 2371 et
772 2317 966 2395 laicis;
1001 2316 1080 2369 ita
1106 2322 1167 2369 ut
1208 2332 1320 2369 uno
1354 2314 1660 2384 eodemque
1683 2314 1773 2369 die

193 2408 508 2478 plerumque
535 2413 592 2461 et
633 2407 809 2462 laicus
838 2413 986 2460 esset
1013 2411 1069 2459 et
1099 2404 1378 2475 pontifex;
1412 2405 1601 2476 sicque
1652 2405 1773 2459 lan-

191 2505 476 2567 guescente
506 2497 691 2567 capite
719 2495 1152 2549 inﬁrmabantur
1180 2499 1235 2548 et
1270 2500 1471 2548 caetera
1500 2492 1770 2567 membra,

193 2588 244 2640 in
270 2594 509 2651 tantum,
544 2592 605 2640 ut
654 2602 764 2640 non
814 2585 993 2639 solum
1049 2583 1244 2638 altaris
1274 2583 1516 2637 ministri
1545 2566 1773 2637 secundi

194 2674 407 2733 ordinis.
436 2675 754 2729 sacerdotes
772 2673 1037 2737 etlevitm,
1073 2673 1169 2727 sed
1201 2673 1307 2744 ipsi
1334 2673 1626 2744 pontifices
1649 2690 1774 2743 pas-

194 2766 285 2818 sim
314 2765 663 2819 concubinati
696 2764 1059 2827 haberentur,
1089 2769 1153 2816 ut
1184 2762 1301 2833 ipse
1332 2779 1465 2815 usus
1489 2763 1606 2832 jam
1640 2762 1777 2815 ado-

194 2854 321 2907 leret
346 2853 414 2927 [1.
449 2853 720 2922 aboleret]
752 2851 1062 2916 infamiam,
1098 2856 1154 2905 et
1183 2851 1527 2905 consuetudo
1575 2848 1779 2921 turpis-

1855 1870 2120 1924 restituit.
2144 1870 2286 1924 Nam
2302 1870 2533 1924 militari
2550 1889 2715 1926 manu
2737 1872 2984 1937 intravit,
3010 1872 3303 1941 Franciam
3333 1862 3444 1934 Re-

1855 1976 2075 2013 morum
2097 1959 2379 2013 civitatem
2396 1960 2615 2014 obsedit
2634 1969 2689 2014 et
2704 1961 2868 2032 cepit,
2890 1944 3168 2026 Parisium
3193 1962 3451 2037 intravit.

1856 2049 2149 2119 Hugonem
2181 2059 2464 2102 auctorem
2494 2050 2809 2121 tyrannidis
2854 2067 3031 2122 usque
3062 2048 3131 2104 ad
3162 2049 3451 2127 Britanni-

1855 2156 1981 2192 cum
2007 2154 2161 2191 mare
2182 2145 2509 2209 persecutus
2538 2140 2639 2192 est.
2666 2138 2802 2193 Inde
2830 2124 3444 2215 Aquisgranivenien's,

1854 2227 2100 2297 aquilam
2125 2227 2505 2281 Romanorum
2537 2228 2782 2299 signum.
2803 2229 2949 2300 quod
2989 2210 3183 2301 contra
3223 2229 3454 2305 Germa-

1855 2333 1956 2370 nos
1986 2317 2177 2371 multis
2200 2318 2547 2389 temporibus
2578 2318 2682 2372 alis
2711 2318 2953 2372 extensis
2981 2300 3186 2383 stabat,
3218 2300 3450 2373 Franci-

1853 2406 2014 2476 genis
2048 2424 2224 2478 usque
2254 2408 2421 2461 hodie
2447 2407 2765 2480 prominere
2796 2408 3076 2484 praecepit.
3132 2476 3135 2477 ν

1928 2496 2069 2549 Hinc
2094 2497 2441 2568 Maguntiam
2482 2497 2709 2551 veniens
2738 2496 3073 2551 Ruodolfum
3106 2486 3455 2573 Burgundio-

1856 2602 1991 2638 num
2024 2602 2210 2655 regem
2239 2584 2385 2638 bella
2414 2586 2520 2639 sibi
2545 2586 2876 2639 inferentem
2908 2586 3021 2639 vita
3036 2584 3272 2659 privavit
3295 2592 3351 2640 et
3363 2602 3454 2659 re-

1856 2691 1987 2743 gno,
2020 2674 2181 2743 cujus
2209 2674 2425 2731 lancea.
2456 2674 2674 2745 insigne
2700 2673 2910 2729 scilicet
2954 2675 3174 2747 imperii
3198 2681 3329 2729 ante
3358 2690 3455 2729 no-

1858 2770 2004 2816 stras
2039 2779 2213 2833 usque
2234 2762 2397 2816 hodie
2421 2769 2679 2835 portatur
2704 2762 3019 2833 imperiales
3042 2768 3365 2833 potestates.

1931 2850 2030 2904 His
2060 2851 2140 2904 ita
2162 2852 2485 2917 transactis,
2515 2868 2638 2904 cum
2672 2851 2800 2904 talis
2820 2868 2884 2904 ac
2903 2856 3095 2906 tantus
3142 2867 3239 2904 rex
3268 2849 3454 2924 priore

194 2943 331 2997 simae
366 2942 682 2997 venalitatis
716 2940 1128 3011 quodammodo
1159 2940 1378 2993 videtur
1405 2940 1610 2993 leviare
1636 2937 1777 2991 deli-
1861 2955 1960 2991 sua
1990 2940 2226 3010 conjuge
2258 2939 2488 2994 orbatus
2519 2945 2683 3004 esset,
2715 2939 3075 3010 audissetque
3117 2938 3326 3003 famam
3355 2936 3456 2993 no-

196 3040 352 3096 ctum,
386 3040 443 3085 et
468 3048 579 3085 non
599 3038 820 3084 tantum
855 3031 908 3083 in
943 3028 1195 3100 partibus
1234 3028 1518 3092 Romanae,
1552 3027 1649 3081 sed
1682 3043 1781 3098 per
1806 3025 2141 3100 nbilissimae
2170 3035 2339 3098 atque
2364 3026 2813 3098 prudentissima
2857 3028 3103 3082 Adeleta:
3134 3027 3274 3098 [erat
3306 3030 3457 3099 inter

194 3086 352 3175 totius
372 3120 694 3175 Occidentis
741 3086 970 3173 climata
1014 3119 1130 3171 haec
1181 3086 1532 3186 agebantur;
1575 3086 1974 3187 quippeclin.
2011 3086 2279 3185 scriptum
2302 3086 2651 3189 Adelhaidae]
2680 3117 2961 3191 quondam
2980 3086 3460 3188 LothariiLongo-

196 3214 399 3264 tacente
432 3216 679 3281 pastore,
727 3209 908 3278 magis
962 3214 1151 3261 autem
1190 3206 1458 3277 fugiente,
1490 3198 1612 3285 :imo
1649 3223 1780 3259 vero
1861 3202 2162 3259 bardorum
2186 3205 2334 3276 regis
2366 3207 2637 3276 coniugis.
2671 3190 2837 3277 quam
2888 3190 3055 3273 simul
3098 3220 3223 3260 cum
3252 3205 3458 3261 Ottone

192 3297 302 3369 ipso
322 3300 453 3370 lupo
487 3299 634 3352 facto
666 3299 915 3357 custode.
942 3296 1067 3367 quis
1097 3302 1275 3349 staret
1299 3314 1397 3367 pro
1420 3295 1654 3349 ovibus?
1863 3286 2421 3364 cemiteBelingarius
2435 3298 2708 3366 tyrannus
2727 3294 2874 3349 intra
2890 3295 3189 3352 Canusiam
3210 3294 3461 3366 permul-

165 3394 174 3404 ‘
256 3389 393 3443 Dum
419 3390 535 3442 haec
549 3372 873 3457 agerentur,
900 3387 1304 3440 Saracenorum
1349 3385 1617 3438 vilissima
1642 3401 1781 3454 gens
1862 3387 1950 3436 tos
1970 3399 2146 3436 annos
2166 3383 2478 3446 obsederat,
2502 3390 2672 3437 tanta;
2698 3383 2903 3454 reginae
2933 3383 3281 3455 compatiens
3298 3370 3463 3438 mise-

195 3497 307 3533 oras
338 3478 654 3533 maritimas
697 3477 874 3532 Italiae
899 3475 1235 3549 depopulata
1267 3480 1390 3541 est;
1425 3475 1627 3528 dehinc
1652 3491 1784 3545 par-
1864 3470 1963 3524 riis
1990 3471 2159 3525 simul
2200 3479 2252 3525 et
2290 3472 2433 3526 tanti
2464 3472 2683 3527 comitis
2712 3472 2999 3526 admirans
3028 3472 3215 3536 fidem,
3248 3471 3461 3527 delibe-

194 3574 294 3621 tem
320 3567 592 3624 Calabriae
618 3572 678 3620 et
707 3582 931 3619 omnem
961 3564 1212 3619 Siciliam
1242 3564 1452 3617 invadit
1483 3582 1493 3617 :
1530 3562 1599 3616 ab
1629 3562 1784 3633 aqui-
1865 3560 2009 3613 ravit
2028 3561 2173 3614 ferre
2194 3561 2482 3614 auxilium.
2504 3561 2610 3625 Qui
2633 3561 2897 3615 citissime
2941 3578 3289 3632 congregans
3310 3578 3463 3616 exer-

195 3657 309 3711 lone
334 3676 464 3712 vero
497 3657 853 3727 Ungarorum
878 3654 1060 3708 valida
1088 3670 1226 3722 gens
1247 3652 1526 3706 transiens
1553 3652 1781 3705 Ystrum
1867 3648 2010 3702 citus
2038 3649 2124 3702 sui
2150 3649 2567 3702 multitudinem
2602 3649 2915 3719 Belingario
2948 3650 3190 3707 extincto
3221 3649 3461 3723 ﬁliisque

195 3764 373 3800 omnes
400 3747 748 3801 cohaerentes
766 3744 872 3799 sibi
918 3743 1173 3814 regiones
1204 3743 1520 3803 devastans,
1558 3740 1785 3811 insUper
1867 3738 1989 3807 ejus
2021 3754 2053 3790 a
2086 3755 2257 3808 regno
2288 3739 2532 3809 expulsis
2570 3755 2805 3811 regnum
2838 3737 2943 3792 sibi
2974 3738 3199 3794 Ottonis
3231 3739 3462 3795 consilio

195 3850 405 3888 omnem
431 3833 790 3891 Germaniam
811 3838 867 3887 et
883 3832 1093 3887 Gallias
1116 3849 1292 3901 usque
1322 3831 1389 3883 ad
1421 3846 1574 3883 mare
1607 3829 1783 3882 Brita-

194 3923 368 3977 nicum
394 3923 765 3995 depopulans,
800 3922 869 3975 ad
900 3922 1160 3975 ultimum
1193 3938 1292 3992 per
1317 3919 1782 3989 Burgundionum

194 4029 357 4083 regna
384 4012 609 4085 Italiam
640 4010 889 4071 veniens.
929 4012 1009 4064 ita
1051 4028 1173 4063 eam
1206 4009 1543 4080 depopulata
1571 4014 1673 4071 est,
1720 4013 1784 4062 ut

192 4120 342 4172 pene.
364 4101 600 4174 captivis
617 4100 801 4154 ductis
819 4099 1099 4165 ruriculis,
1124 4098 1472 4168 redigeretur
1494 4097 1552 4150 in
1582 4096 1781 4149 solitu-

191 4191 393 4245 dinem.

648 4281 887 4349 Explz'cit
918 4280 1057 4333 liber
1083 4281 1299 4332 tertius.

1866 3826 2085 3880 comitis
2125 3827 2479 3897 pacatissime
2508 3827 2753 3898 suscepit
2779 3834 2834 3882 et
2858 3828 3175 3898 conjugem.

1937 3914 2149 3967 Dehinc
2169 3914 2416 3985 ejusdem
2453 3914 2675 3969 Ottonis
2703 3915 2935 3991 consilio
2966 3916 3197 3988 cupiens
3226 3914 3462 3985 Romam

1867 4003 2052 4056 videre
2066 4003 2133 4056 ad
2152 4004 2422 4057 Joannem
2450 4021 2650 4076 papam
2666 4004 2820 4057 urbis
2834 4004 3025 4059 Romae
3042 4009 3460 4058 sacramentum

1865 4092 2316 4164 deditcorporale
2328 4093 2383 4146 in
2396 4093 2544 4146 hunc
2562 4092 2689 4146 mod
2698 4110 2789 4146 um
2807 4110 2818 4143 :
2832 4093 2955 4146 Tibi
2973 4092 3202 4151 domino
3217 4091 3461 4147 Johanni

1864 4198 2021 4251 papae
2049 4198 2150 4251 ego
2177 4199 2272 4235 rex
2301 4180 2435 4236 Otto
2460 4181 2726 4252 promitto
2755 4189 2812 4234 et
2838 4181 2972 4250 juro
3002 4197 3103 4252 per
3150 4180 3374 4249 Patrem
3405 4186 3464 4235 et
3490 4225 3509 4237 .

1865 4269 2067 4323 Filium
2092 4276 2148 4323 et
2176 4270 2445 4341 Spiritum
2473 4274 2726 4323 sanctum
2754 4275 2811 4323 et
2839 4286 2939 4339 per
2966 4269 3181 4340 lignum
3213 4268 3461 4323 miriﬁca:

536 4368 808 4424 INCIPIT
835 4366 1058 4423 LIBER
1086 4364 1441 4432 QUARTUS.
1802 4364 1851 4422 D
1869 4359 2049 4413 crucis
2070 4364 2127 4412 et
2149 4376 2247 4429 per
2269 4358 2371 4412 has
2400 4357 2664 4429 reliquias
2693 4365 3033 4423 sanctorum,
3060 4358 3207 4429 quod
3241 4358 3289 4413 si
3331 4375 3461 4432 per-

254 4460 613 4532 Ungarorum
645 4459 819 4529 igitur
843 4457 1115 4511 bacha‘nte
1137 4456 1367 4515 saevitia.
1399 4453 1641 4508 surrexit
1657 4452 1784 4523 qui-
1869 4448 2127 4502 mittente
2162 4448 2275 4501 Deo
2302 4447 2536 4500 Romam
2585 4464 2807 4513 venero,
2842 4452 3093 4500 sanctam
3147 4445 3461 4507 Romanam

187 4548 308 4603 dam
338 4550 628 4603 Saxonum
650 4554 708 4601 et
740 4548 1079 4601 Francorum
1115 4563 1208 4599 rex
1259 4544 1485 4598 nomine
1515 4542 1664 4597 Otto.
1687 4540 1782 4613 qui
1867 4537 2164 4611 Ecclesiam
2191 4543 2248 4590 et
2265 4545 2321 4590 te
2352 4543 2624 4589 rectorem
2658 4536 2831 4607 ipsius
2861 4536 3116 4614 exaltabo
3154 4535 3460 4611 secundum

188 4636 263 4692 bis
294 4656 393 4693 eos
447 4637 591 4691 bello
641 4636 831 4689 victos.
864 4636 1032 4689 tertio
1077 4633 1219 4688 bello
1250 4650 1391 4704 pene
1422 4636 1783 4702 consumptos
1865 4644 2050 4680 meum
2083 4642 2259 4696 posse,
2290 4632 2346 4677 et
2374 4641 2659 4694 nunquam
2690 4623 2857 4677 vitam
2885 4630 2986 4678 aut
3003 4622 3253 4678 membra
3282 4640 3465 4696 neque

186 4727 329 4781 intra.
359 4729 507 4781 ﬁnes
538 4742 670 4779 suos
700 4743 795 4779 eos
847 4723 1103 4778 habitare
1155 4722 1359 4791 coegit.
1412 4720 1517 4775 Sed
1560 4719 1782 4790 quando
1864 4708 2049 4787 ipsum
2107 4715 2398 4774 honorem.
2432 4729 2596 4783 quem
2646 4711 2817 4765 habes
2862 4729 2983 4766 mea
3017 4712 3323 4776 voluntate,
3364 4714 3465 4783 aut

186 4818 319 4871 tanti
341 4816 495 4887 regis
521 4814 731 4877 mentio
756 4808 899 4867 facta
922 4806 1025 4877 est,
1053 4811 1254 4883 quibus
1272 4809 1578 4880 majoribus
1608 4816 1787 4869 ortus.
1864 4794 2137 4860 cOnsensu
2170 4810 2267 4857 aut
2299 4819 2424 4856 meo
2468 4801 2699 4855 consilio
2755 4809 2855 4856 aut
2901 4818 3024 4855 mea
3074 4801 3463 4857 exhortatione

184 4906 263 4958 vel
283 4905 539 4976 qualiter
570 4903 640 4957 ad
682 4902 916 4956 Romani
944 4901 1100 4971 regni
1130 4899 1372 4954 venisset
1399 4898 1623 4969 fastigia
1651 4898 1786 4951 mihi

186 4992 433 5048 scribere
458 4990 636 5047 visum
682 4998 768 5046 est
825 5007 1008 5062 aperte
1038 4989 1299 5061 pretium.
1337 4986 1392 5042 Is
1453 4986 1602 5041 enim
1644 4987 1785 5041 Saxo

184 5100 412 5151 genere,
441 5081 667 5137 llenrici
689 5079 874 5153 magni
896 5080 1176 5133 Saxonum
1197 5085 1253 5131 et
1277 5078 1615 5137 Francorum
1640 5074 1787 5145 regis

186 5172 285 5226 fuit
306 5174 487 5235 filius,
516 5171 611 5242 qui
636 5169 898 5242 primitus
930 5167 1038 5222 dux
1070 5167 1370 5232 Saxonum,
1418 5171 1610 5237 postea
1657 5180 1786 5217 vero

184 5260 453 5317 defuncto
483 5276 495 5307 ι
524 5256 813 5319 huonrado
857 5274 988 5328 rege
1039 5256 1398 5319 Francorum,
1434 5271 1532 5326 per
1574 5254 1785 5306 llemu-

189 5352 419 5405 rardum
445 5334 567 5420 ejus
584 5340 917 5419 germanum
935 5342 1090 5415 regni
1108 5344 1351 5415 suscepit
1367 5341 1623 5412 insignia.
1664 5341 1782 5408 Hic,

188 5449 470 5512 susceptis
492 5437 777 5509 regalibus
807 5436 1004 5507 signis,
1028 5435 1264 5489 Francia
1289 5433 1553 5487 citissime
1569 5431 1783 5495 sedata,

190 5529 496 5583 Saxoniam
528 5528 598 5581 ab
653 5526 929 5597 Ungarica
985 5524 1253 5579 servitute
1308 5520 1604 5576 cammisso
1645 5520 1787 5575 bello

190 5619 475 5675 liberavit.
501 5616 717 5674 Deinde
746 5615 1057 5681 Bavaria‘m,
1088 5604 1314 5685 expulso
1355 5600 1484 5682 rege
1531 5608 1785 5678 Amulio,

1869 4894 2086 4964 perdes,
2108 4899 2165 4946 et
2192 4892 2249 4945 in
2282 4891 2459 4945 Roma
2480 4888 2696 4944 nullum
2734 4889 2999 4961 placitum
3025 4896 3125 4959 aut
3153 4888 3464 4959 ordinatio-

1869 5000 1996 5037 nem
2027 4981 2225 5035 faciam
2259 4980 2327 5033 de
2353 4978 2611 5032 omnibus
2631 4995 2753 5050 quae
2779 4979 2849 5033 ad
2875 4985 2931 5034 te
2955 4990 3054 5035 aut
3078 4980 3147 5035 ad
3180 4976 3463 5049 Romanos

1869 5071 2154 5143 pertinent
2206 5068 2326 5122 sine
2383 5073 2482 5122 tuo
2528 5067 2781 5139 consilio,
2813 5075 2871 5123 et
2896 5068 3167 5142 quidquid,
3204 5070 3273 5124 de
3308 5076 3463 5123 terra

1871 5159 2058 5214 Sancti
2079 5156 2227 5212 Petri
2242 5157 2309 5211 ad
2331 5167 2579 5211 nostram
2596 5164 2929 5228 potestatem
2946 5158 3181 5221 venerit.
3203 5157 3303 5211 tibi
3335 5156 3459 5227 red-

1866 5250 2017 5323 dam.
2045 5248 2367 5319 Cuicunque
2380 5254 2566 5300 autem
2582 5263 2815 5317 regnum
2830 5248 3085 5301 Italicum
3104 5242 3456 5323 commisero,

1861 5322 2054 5409 jurare
2083 5337 2278 5390 faciam
2312 5337 2492 5402 illum,
2523 5342 2585 5389 ut
2633 5332 2858 5405 adjutor
2887 5342 3015 5389 tuus
3068 5335 3143 5389 sit
3170 5334 3237 5388 ad
3271 5330 3461 5388 defen-

1868 5427 2107 5485 dendam
2132 5434 2340 5482 terram
2365 5426 2421 5480 S.
2456 5425 2607 5483 Petri
2633 5424 2943 5481 secandum
2960 5440 3128 5481 suum
3158 5438 3338 5494 posse.
3356 5424 3462 5483 De-

1870 5518 2000 5572 hinc
2015 5517 2249 5571 Romam
2270 5516 2505 5573 tendens
2521 5514 2824 5569 honorifice
2846 5530 2878 5566 a
2892 5506 3156 5566 Romanis
3172 5519 3464 5595 susceptus

1873 5614 1932 5663 et
1950 5624 1983 5660 a
2003 5605 2236 5661 domino
2254 5622 2398 5677 papa
2428 5604 2811 5658 benedictione
2850 5601 3131 5674 imperiali
3175 5609 3261 5657 est.
3285 5596 3463 5658 subli-
