3872 6168
424 337 429 344 -
503 305 612 366 815

1527 300 1914 358 BONIZONIS
1949 300 2387 362 PLAUENTINI
2429 304 2776 362 EPISCOPI.

3622 315 3710 374 816

504 436 713 496 matus,
732 428 1060 503 primusque
1077 425 1328 481 omnium
1348 424 1758 479 Germanorum
1783 441 1980 495 regum
2009 441 2103 497 ap-
2117 429 2170 488 Α
2186 443 2311 481 rum
2330 434 2451 482 arte
2464 428 2750 483 conditum
2770 427 3067 483 Saxoniam
3083 428 3215 484 dum
3227 430 3413 496 fertur,
3423 435 3712 494 translatum

503 523 746 598 pellatus
763 525 848 574 est
867 517 1194 589 imperator.

576 611 698 675 Hic,
715 613 913 682 pacata
936 606 1116 670 Italia,
1143 603 1442 660 Saxoniam
1461 619 1586 657 cum
1605 618 1776 656 uxore
1791 603 2095 674 repedavit,

504 717 571 755 ex
601 716 712 772 qua
730 696 976 768 suscepit
1004 695 1180 750 ﬁlium
1215 699 1271 747 et
1289 692 1532 747 nominis
1560 691 1909 746 successione
1939 699 1996 746 et
2020 709 2102 746 re-

499 789 599 861 gni
641 787 728 842 cui
777 783 1017 840 Romani
1047 781 1342 854 sanguinis
1371 780 1526 834 dedit
1569 796 1794 833 uxorem
1823 780 2101 861 Cpolitani

504 857 716 933 scilicet
737 873 1090 946 imperatoris
1109 871 1302 926 ﬁliam.
1329 871 1482 925 Idem
1514 887 1638 923 cum
1672 868 1962 924 Mainburc
1993 857 2098 936 (37/1)

2183 523 2269 571 est
2297 521 2401 576 (ita
2431 521 2579 585 cod.)
2621 517 2743 582 Quo
2797 524 3019 572 mortuo
3048 524 3106 572 et
3150 518 3204 572 in
3244 520 3506 576 infernum
3533 526 3714 595 sepulto

2184 607 2368 660 omnis
2398 609 2676 661 Saxonum
2710 613 2765 660 et
2813 607 3156 661 Francorum
3199 614 3255 663 et
3286 610 3629 667 Bavariorium
3671 622 3717 668 et

2186 698 2494 750 Suevorum
2511 702 2835 768 potentatus
2854 696 2912 750 in
2933 695 3100 750 simul
3121 698 3460 762 conveniens,
3478 701 3715 772 elegitsibi

2183 786 2239 839 in
2268 803 2456 856 regem
2479 785 3084 855 lleinricum,ejusdem
3103 787 3383 856 sanguinis
3398 789 3559 842 virum
3586 792 3718 846 Chri-

2183 872 2589 927 stianissimum
2631 871 2881 926 moribus
2928 873 3190 926 decenter
3241 882 3507 929 ornatum.
3535 877 3718 932 Interea

2182 961 2535 1032 Longobardi
2564 962 2710 1015 nacti
2733 963 2935 1032 [potius
2965 962 3096 1032 rati]
3128 979 3188 1016 se
3229 967 3442 1036 tempus
3487 964 3718 1022 invenisse

2182 1056 2557 1121 opportunum
2568 1050 2645 1104 Pa
2652 1051 2802 1122 piam
2820 1052 3211 1105 convenientes
3222 1053 3517 1108 Arduinum
3541 1055 3718 1125 eligunt

405 1010 413 1022 .
503 965 792 1022 ecclesiam
813 964 966 1019 mira:
989 959 1418 1034 pulchritudinis
1432 957 2098 1029 fabricasset,multosque

499 1055 796 1130 gentilium
831 1053 1166 1125 populorum
1204 1049 1273 1103 ad
1305 1049 1451 1102 viam
1485 1047 1733 1101 veritatis
1764 1053 2094 1113 revocasset,

501 1147 775 1216 languore
790 1147 1082 1212 correptus
1096 1139 1221 1193 vitae
1236 1137 1539 1192 terminum
1563 1137 1796 1190 sortitus
1817 1141 1922 1202 est;
1937 1137 2097 1206 cujus
2179 1137 2236 1192 in
2255 1156 2465 1208 regem,
2486 1139 2662 1194 virum
2686 1139 2859 1193 armis
2895 1140 3120 1210 quidem
3150 1147 3453 1207 strenuum,
3474 1143 3559 1198 sed
3576 1146 3718 1199 consi-

499 1251 704 1306 corpus
729 1231 788 1286 in
817 1229 1048 1302 prmfata
1077 1226 1305 1282 ecclesia
1336 1225 1659 1280 condecenti
1678 1225 1885 1278 honore
1903 1225 2100 1278 huma-
2179 1227 2254 1280 lio
2279 1227 2674 1298 improvidum.
2711 1227 2991 1282 Tedaldus
3022 1244 3148 1282 vero
3177 1229 3286 1283 dux
3331 1235 3387 1284 et
3428 1231 3646 1286 mamma
3663 1231 3718 1286 ab

497 1330 619 1378 tum
646 1327 750 1376 est.
2181 1334 2243 1369 ea
2258 1332 2316 1370 se
2328 1317 2605 1370 subtraxit
2633 1316 3044 1388 conspiratione
3072 1333 3242 1387 seque
3269 1324 3325 1372 et
3339 1335 3438 1373 sua
3461 1320 3718 1376 Teutonico

573 1411 746 1480 Cujus
774 1407 922 1462 ﬁlius
951 1423 1078 1461 cum
1103 1405 1438 1476 suscepisset
1471 1403 1790 1474 imperium,
1811 1401 1954 1473 patri
1998 1419 2100 1473 per
2179 1405 2417 1458 contulit
2446 1405 2581 1474 regi,
2627 1405 2785 1474 cujus
2840 1405 3068 1459 consilio
3099 1411 3156 1459 et
3197 1407 3400 1461 auxilio
3428 1413 3543 1478 post
3576 1409 3721 1463 multa

503 1499 695 1555 omnia
723 1497 1076 1570 aequiparans
1103 1495 1252 1549 circa
1292 1494 1502 1548 cultum
1541 1491 1900 1546 ecclesiarum
1932 1491 2100 1563 coepit
2179 1491 2451 1547 bellorum
2482 1493 2635 1547 varia
2659 1493 2982 1547 discrimina
3005 1494 3295 1550 Heinricus
3311 1512 3407 1550 rex
3435 1496 3583 1550 Italia
3609 1497 3720 1568 poti-

500 1603 625 1644 esse
651 1584 1096 1642 studiosissimus
1124 1589 1182 1636 et
1206 1599 1340 1652 erga
1361 1580 1737 1636 Christianam
1769 1578 2094 1649 religionem
2179 1587 2270 1635 tus
2300 1583 2537 1636 Romam
2558 1582 2806 1646 veniens,
2849 1599 2880 1635 a
2913 1582 3144 1637 domino
3167 1583 3460 1638 Benedicto
3492 1602 3620 1657 papa
3634 1586 3719 1640 imo

499 1676 911 1733 devotissimus.
958 1673 1062 1727 Ilic
1097 1672 1254 1742 regni
1278 1669 1444 1724 rebus
1473 1669 1613 1723 bene
1638 1669 1963 1739 compositis
1993 1669 2098 1722 Ro-
2179 1670 2585 1742 perialiauctus
2603 1678 2687 1724 est
2705 1671 2996 1742 dignitate.
3019 1671 3162 1735 Quid
3184 1673 3382 1742 plura?
3419 1673 3719 1746 Principatus

499 1781 648 1822 mam
663 1759 1446 1837 properavit,benedictionem
1463 1757 1704 1828 suscepit
1723 1757 1794 1810 im
1806 1757 2092 1828 perialem.
2113 1748 2157 1801 Β
2177 1761 2396 1832 Apuliae
2418 1760 2473 1813 in
2490 1777 2624 1831 pace
2639 1760 2836 1830 possed
2847 1761 2908 1820 it,
2927 1761 3192 1816 Romana:
3207 1761 3462 1817 Ecclesize
3481 1764 3723 1834 privilegia

497 1853 713 1912 Dehinc
731 1851 990 1924 Apuliam
1013 1849 1383 1904 tendenscum
1402 1847 1696 1918 Cpolitano
1709 1845 1918 1900 bellum
1940 1863 2094 1899 com-
2179 1850 2357 1903 multa
2383 1849 2678 1913 concessit,
2710 1854 2767 1902 et
2806 1849 2955 1902 dona
2995 1849 3341 1920 amplissima
3369 1850 3530 1918 dedit,
3557 1851 3720 1906 deinde

495 1943 670 2007 misit,
687 1948 745 1997 et
771 1957 884 1996 uno
904 1939 1214 2009 eodemque
1233 1937 1324 1991 die
1345 1936 1431 1990 bis
1450 1935 1626 1990 victus
1647 1934 2095 2006 victorapparuit
2179 1939 2408 2010 Papiam
2438 1938 2833 2003 veniensfcum
2858 1955 2980 1992 eam
3012 1939 3121 1993 sxbi
3149 1945 3285 1994 tunc
3325 1957 3434 1995 non
3458 1957 3722 2012 repugnan-

493 2033 692 2096 tertio;
725 2030 821 2102 qui
838 2030 1070 2084 Romam
1095 2025 1316 2081 rediens
1337 2025 1386 2078 vi
1414 2024 1655 2078 febrium
1685 2029 1974 2094 correptus
2019 2023 2092 2077 ad
2173 2032 2286 2080 tem
2315 2027 2631 2096 magisdolo
2650 2044 2816 2098 quam
2839 2026 3013 2080 armis
3039 2027 3297 2098 cepisset,
3341 2029 3556 2100 ignique
3576 2029 3722 2084 dedis-

491 2121 687 2176 limina
704 2117 1084 2190 apostolorum
1107 2114 1384 2180 occubuit,
1404 2112 1660 2184 ibiquein
1683 2129 1817 2184 pace
1837 2112 2090 2182 sepultus
2171 2122 2445 2182 set,trans
2467 2119 2684 2170 montes
2698 2115 2853 2182 abiit,
2875 2115 3356 2187 Papebargensem
3369 2117 3718 2190 episcopatum,

492 2207 748 2283 quiescit,
780 2223 907 2262 vere
928 2205 1145 2270 beatus,
1181 2210 1378 2273 terque
1407 2207 1718 2272 quaterque
1747 2199 1962 2264 beatus,
1993 2201 2088 2272 qui
2171 2220 2296 2258 cum
2328 2220 2440 2258 non
2471 2203 2703 2258 haberet
2726 2204 2888 2268 ﬁlios,
2936 2221 3000 2258 ex
3054 2221 3158 2258 suo
3203 2206 3426 2278 proprio
3452 2207 3718 2276 constituit,

489 2315 556 2354 ex
581 2303 741 2354 tanto
769 2310 1006 2350 numero
1039 2293 1443 2364 imperatorum
1475 2296 1533 2344 et
1556 2306 1748 2360 regum
1779 2291 1930 2344 solus
1969 2306 2088 2344 me-

487 2387 606 2443 ruit
625 2386 773 2441 inter
791 2385 1084 2457 pontiﬁces
1113 2399 1236 2435 cum
1270 2380 1650 2452 apostolorum
1677 2379 1930 2450 principe
1962 2396 2088 2433 cono

484 2476 720 2532 sortium
739 2473 948 2528 habere
964 2471 1284 2543 sepultura}.

554 2565 656 2620 Hic
685 2563 861 2618 ﬁlium
888 2561 1112 2633 quidem
1143 2559 1392 2630 reliquit,
1425 2562 1481 2612 et
1529 2557 1805 2612 hieredem
1855 2556 2081 2628 quidem

485 2653 648 2726 regni
670 2658 728 2707 et
775 2649 1021 2706 nominis
1050 2649 1264 2703 utinam
1295 2653 1351 2702 et
1380 2647 1624 2717 pietatis,
1666 2646 1761 2718 qui
1791 2662 1916 2700 cum
1944 2662 2086 2716 puer

478 2759 724 2814 regnare
771 2739 1029 2812 cepisset.
1064 2743 1122 2796 et
1171 2737 1242 2790 ad
1297 2735 1548 2790 adultam
1592 2736 1710 2804 jam
1742 2733 2086 2806 pervenisset

478 2835 723 2893 aetatem,
743 2845 915 2884 suasu
930 2827 1128 2881 matris
1145 2827 1458 2880 Iohannem
1477 2823 1776 2895 quemdam
1803 2822 2082 2877 Placenti-

477 2935 617 2974 num
645 2917 988 2990 episcopum,
1013 2916 1268 2970 Grancum
1318 2930 1543 2985 genere,
1578 2912 1646 2966 ad
1677 2911 2084 2967 transmarinas

479 3013 670 3080 partes
689 3005 913 3079 legavit,
938 3010 1002 3060 ut
1020 3003 1125 3059 sibi
1159 3001 1395 3058 Romani
1436 3000 1728 3072 sanguinis
1747 3001 2081 3056 adscisceret

479 3113 732 3154 uxorem.

551 3186 631 3242 Ea
681 3189 1019 3257 tempestate
1065 3181 1420 3237 Crescentius
1449 3179 1680 3251 quidam
1709 3177 1864 3234 urbis
1895 3179 2142 3240 RomzeC

479 3275 828 3348 capitaneus,
845 3273 940 3344 qui
988 3270 1094 3324 sibi
1128 3271 1294 3324 inane
1325 3285 1528 3323 nomen
1558 3267 1880 3340 patritiatus
1909 3267 2082 3322 vindi-

479 3367 720 3428 caverat,
755 3376 1049 3414 assumens
1095 3357 1475 3428 tyrannidem,
1524 3355 1815 3409 dominum
1854 3373 2075 3426 papam,

479 3451 574 3522 qui
598 3447 906 3505 secundum
933 3448 1220 3504 Ottonem,
1253 3451 1468 3516 patrem
1500 3443 1714 3498 scilicet
1746 3444 1912 3514 hujus
1949 3444 2080 3498 ado-

477 3538 740 3593 lescentis
758 3541 1140 3600 coronaverat,
1159 3533 1482 3605 pontiﬁcatu
1502 3532 1844 3603 expulit.Qui
1869 3532 2082 3588 veritus

479 3627 632 3697 regis
651 3625 1016 3692 vicinitatem,
1037 3641 1164 3677 nam
1179 3623 1347 3694 Alpes
1357 3624 1476 3692 jam
1492 3621 1814 3684 transierat,
1829 3622 2080 3692 illudque

476 3715 638 3768 valde
665 3712 992 3777 formidans,
1027 3710 1174 3782 quod
1209 3727 1354 3781 papa
1383 3711 1656 3764 Ravenna:
1697 3709 1820 3778 ejus
1843 3710 1963 3780 jam
1989 3727 2080 3764 ex-

475 3801 739 3876 pectabat
762 3801 1084 3864 adventum,
1100 3816 1286 3852 secum
1311 3803 1498 3852 mente
1520 3803 1868 3869 pertractans
1887 3816 1948 3852 se
1977 3799 2079 3854 hoc

476 3892 644 3947 modo
671 3891 915 3946 furorem
948 3887 1097 3959 regis
1119 3895 1177 3942 et
1207 3889 1412 3958 reginae
1442 3905 1606 3959 posse
1633 3888 1873 3958 placare,
1909 3887 1954 3941 si
1980 3888 2076 3943 Jo-

477 3981 721 4035 hannem
750 3979 1094 4050 episcopum,
1152 3976 1223 4030 de
1277 3993 1388 4048 quo
1443 3976 1702 4047 superius
1755 3976 2075 4044 retulimus,

475 4068 876 4124 amicissimum
906 4067 1054 4138 regis
1067 4066 1486 4120 conlactaneum
1515 4065 1743 4136 reginae,
1759 4065 2078 4137 pontiﬁcem

476 4158 782 4214 ordinaret.
810 4155 917 4211 Sed
953 4175 975 4206 ι
1010 4171 1122 4209 non
1161 4160 1246 4209 est
1273 4154 1507 4208 scientia
1561 4171 1742 4226 neque
1781 4154 2074 4209 consilium

475 4253 674 4302 contra
724 4245 1024 4301 Dominum
1067 4245 1254 4317 (Prov.
1289 4258 1402 4309 xxx,
1439 4241 1552 4309 301;
1587 4262 1613 4296 »
1665 4259 1796 4296 nam
1847 4243 2076 4298 veniens

475 4335 740 4408 praefatus
759 4351 856 4389 rex
879 4333 1114 4388 Romam
1155 4332 1536 4387 Crescentium
1561 4331 1650 4386 die
1671 4331 1960 4386 obsessum
1980 4349 2074 4386 ce-

2171 2309 2412 2363 eumque
2427 2309 2528 2363 per
2545 2293 2817 2346 cartulam
2841 2293 3150 2346 oll‘ertionis
3167 2292 3332 2348 beato
3355 2293 3511 2348 Petro
3531 2293 3722 2349 tradidit

2169 2380 2358 2452 ibique
2389 2381 2680 2435 ecclesiam
2708 2380 3001 2435 beatorum
3035 2383 3417 2453 apostolorum
3453 2383 3720 2454 principum

2168 2469 2402 2524 miriﬁce
2423 2476 2680 2524 ornatam
2721 2469 3030 2549 fabricavit.
3065 2472 3250 2542 Hujus
3271 2471 3598 2544 temporibus
3621 2471 3720 2526 Stc-

2167 2559 2386 2629 p‘uanus
2414 2559 2766 2628 Ungarorum
2798 2576 2895 2613 rex
2938 2567 3296 2616 sacramenta
3323 2561 3554 2632 suscepit
3579 2559 3721 2631 bapti-

2165 2647 2361 2702 smatis
2398 2655 2452 2701 et
2477 2665 2710 2718 percum
2741 2648 2922 2702 omnis
2948 2649 3190 2720 populus
3212 2648 3320 2704 sibi
3345 2649 3625 2720 subjectus.

2239 2736 2653 2791 Prmfatusvero
2675 2737 2992 2804 llcinricus,
3013 2755 3138 2793 cum
3163 2739 3345 2794 ﬁlium
3373 2757 3479 2794 non
3508 2738 3718 2802 haberet,

2166 2825 2448 2896 apostolos
2467 2826 2636 2895 elegit
2650 2825 2829 2880 haered
2838 2843 2916 2891 es,
2933 2834 2989 2880 ct
3000 2827 3306 2881 terminum
3327 2827 3446 2881 vita:
3456 2827 3720 2898 suscipiens

2166 2913 2328 2969 beato
2351 2916 2458 2968 ﬁne
2473 2915 2704 2985 quievit,
2727 2917 2890 2986 cujus
2913 2931 3118 2986 corpus
3135 2915 3194 2970 in
3223 2916 3454 2971 ecclesia
3472 2915 3722 2970 beatorum

2163 3002 2582 3074 Apostolorum,
2595 3019 2764 3074 quam
2801 3004 2815 3056 i
2822 3020 2920 3074 pse
2941 3003 3241 3072 dedicavit,
3259 3004 3626 3060 decentissime
3643 3001 3723 3056 hu-

2164 3097 2377 3146 matum
2406 3095 2512 3146 est.

2616 3216 2858 3284 Erph'cit
2889 3218 3030 3271 liber
3055 3224 3316 3288 quartus.

2447 3339 2722 3397 INCIPIT
2744 3342 2957 3397 LIBER
2982 3341 3306 3408 QUINTUS
3339 3343 3459 3415 (35).

2234 3445 2338 3501 Cui
2369 3446 2635 3501 successit
2669 3446 2727 3500 in
2771 3463 3006 3517 regnum
3058 3448 3394 3504 Cuonradus
3417 3443 3722 3519 cognomine,

2163 3534 2247 3588 vir
2275 3534 2750 3598 bellicosissimus,
2777 3536 2872 3606 qui
2896 3542 2953 3589 et
2979 3542 3104 3608 post
3134 3543 3378 3592 mortem
3409 3531 3721 3608 imperatoris

2163 3622 2410 3677 Ileinrici
2435 3624 2692 3677 Bocmios
2707 3623 2870 3694 signa
2890 3624 3102 3694 regalia
3119 3623 3370 3680 ferentes
3387 3621 3660 3696 prostravit
3679 3622 3724 3672 et

2161 3710 2869 3782 signareduxit.Franciam
2893 3730 3024 3766 vero
3038 3714 3479 3769 tumultuantem
3497 3709 3724 3766 citissime

2161 3799 2395 3866 sedavit;
2419 3801 2704 3854 Canonem
2727 3796 2829 3866 (36)
2847 3801 3148 3870 quemdam
3191 3799 3722 3856 Bavariorumducem

2160 3889 2375 3959 aliquid
2397 3889 2465 3942 de
2498 3889 2656 3959 regni
2678 3887 2904 3960 fastigio
2935 3888 3044 3944 sibi
3070 3889 3447 3946 vindicantem
3475 3896 3528 3944 et
3549 3889 3722 3942 ducatu

2160 3977 2392 4048 expulit,
2412 3983 2468 4031 et
2496 3977 2834 4049 patrimonio
2874 3977 3124 4045 nudavit,
3159 3984 3218 4034 et
3264 3979 3324 4034 in
3352 3977 3637 4049 Ungariam
3659 3974 3724 4028 fu-

2157 4082 2292 4136 gere
2337 4065 2538 4136 coegit.
2560 4066 2772 4120 Dehinc
2803 4066 3102 4121 Saxoniam
3141 4067 3396 4136 intravit,
3426 4073 3482 4122 et
3504 4063 3724 4121 omnibus

2155 4157 2315 4227 regni
2338 4156 2576 4227 negotiis
2619 4156 2699 4210 sic
2750 4155 2856 4210 rite
2891 4156 3122 4228 pacatis,
3162 4155 3413 4212 Luticios
3462 4155 3721 4226 adgressi”

2155 4244 2301 4299 bello
2328 4245 2587 4315 patravit,
2621 4249 2679 4299 et
2707 4260 2885 4316 usque
2905 4245 2976 4300 ad
3008 4246 3328 4317 Bellagrast
3345 4245 3534 4318 fugere
3550 4240 3718 4311 coegit.

2227 4334 2326 4388 His
2355 4333 2431 4388 ita
2450 4333 2644 4404 gestis,
2669 4332 2819 4388 misit
2848 4334 3064 4405 legatos
3099 4351 3234 4390 suos
3265 4337 3542 4400 honestos,
3567 4337 3625 4386 ut
3647 4329 3722 4382 de-

476 4424 579 4495 pit,
602 4431 660 4478 et
671 4423 852 4494 capite
867 4419 1166 4484 truncavit,
1185 4421 1498 4474 invasorcm
1524 4435 1654 4474 vero
1668 4419 1872 4474 summi
1893 4421 2072 4491 ponti-
2094 4417 2138 4477 D
2157 4422 2292 4484 cuit,
2307 4423 2376 4477 ad
2399 4422 2689 4478 dominum
2714 4439 2941 4494 papam,
2963 4429 3022 4478 et
3059 4424 3407 4496 supplicans,
3427 4429 3492 4478 ut
3515 4421 3564 4476 ei
3580 4416 3724 4473 vexil-

475 4512 596 4566 ﬁcis
622 4513 831 4582 [potius
865 4507 1247 4582 pontiﬁcatus]
1296 4509 1413 4563 zelo
1444 4508 1669 4580 quidem
1695 4509 1946 4580 justitiae.
1975 4509 2073 4564 sed

474 4601 601 4672 plus
625 4601 781 4670 justo
815 4614 1132 4661 succensus,
1190 4597 1405 4652 lumine
1443 4597 1696 4668 privavit,
1746 4599 2074 4670 cmterisque

475 4687 744 4742 membris
771 4685 1179 4740 dehonestavit.
1201 4686 1357 4750 Quod
1383 4687 1592 4741 factum
1622 4686 1679 4740 in
1706 4691 1926 4742 tantum
1958 4688 2073 4742 Deo

475 4780 532 4830 et
553 4775 718 4830 beato
749 4774 918 4829 Petro
951 4773 1186 4845 principi
1215 4773 1516 4845 displicuit,
1546 4780 1609 4828 ut
1635 4783 1936 4846 antequam
1971 4775 2074 4829 im-

473 4865 672 4939 periali
699 4863 978 4936 potiretur
1021 4861 1424 4928 benedictione,
1458 4864 1782 4934 priusquam
1841 4864 2071 4935 cynthia

470 4962 560 5010 ter
583 4959 842 5009 exactum
865 4951 1130 5006 conderet
1164 4951 1376 5017 orbem,
1427 4953 1662 5007 Domino
1691 4951 1912 5006 odibilis
1949 4953 2070 5007 sine

469 5043 670 5098 viatico
699 5043 868 5097 vitam
901 5040 1112 5108 ﬁnivit;
1147 5046 1202 5094 et
1231 5041 1488 5112 quamvis
1532 5041 1591 5095 in
1645 5040 1931 5104 suburbio,
1959 5057 2069 5096 non

466 5151 572 5188 xxx
603 5131 884 5187 milliariis
913 5129 983 5184 ab
1005 5131 1142 5184 urbe
1171 5129 1415 5184 distante
1437 5135 1692 5184 mortuus
1722 5136 1890 5195 esset,
1921 5147 2070 5186 com-

467 5221 627 5278 muni
650 5219 883 5276 consilio
929 5235 1126 5273 omnes
1181 5219 1418 5272 Romani
1465 5219 1590 5290 ejus
1617 5219 1899 5290 aspernati
1935 5225 2066 5274 sunt

465 5312 813 5383 sepulturam
830 5309 1029 5378 .Cujus
1048 5323 1250 5378 corpus
1279 5306 1517 5362 incisum
1552 5306 1746 5362 cultris
1757 5315 1816 5362 et
1831 5308 2068 5362 medico-

535 5456 642 5513 ,34ι
706 5456 1090 5510 Hartmannus
1149 5451 1716 5524 Schedeliuspcujus
1773 5453 2058 5524 quondam

2156 4511 2270 4565 lum
2301 4528 2364 4565 ex
2388 4510 2536 4566 beati
2568 4511 2721 4566 Petri
2765 4517 2926 4582 parte
2971 4511 3318 4574 mitteretur.
3351 4529 3459 4584 quo
3507 4507 3723 4564 munitus

2156 4606 2346 4672 posset
2375 4601 2714 4671 Ungaricum
2738 4617 2974 4672 regnum
2993 4617 3097 4656 suo
3118 4601 3398 4673 subjicere
3425 4593 3721 4656 dominatui.

2157 4689 2338 4753 Quod.
2362 4695 2424 4743 ut
2457 4689 2671 4744 audivit
2701 4705 2865 4760 papa,
2883 4688 3124 4744 libenter
3151 4688 3424 4744 concessit
3449 4693 3504 4743 et
3525 4685 3722 4741 mittens

2156 4777 2372 4832 nobiles
2391 4779 2539 4832 viros
2564 4794 2628 4832 ex
2652 4781 2829 4832 latere
2857 4795 2978 4843 suo,
3015 4781 3342 4850 episcOpum
3387 4777 3590 4832 scilicet
3612 4774 3724 4828 Por-

2150 4873 2406 4920 tuensem
2437 4873 2494 4920 et
2521 4867 2877 4921 Belinzonem
2913 4865 3330 4922 nobilissimum
3356 4867 3650 4921 Romanum
3665 4859 3723 4912 de

2153 4955 2514 5018 Marmorato,
2548 4955 2628 5010 eis
2675 4955 2790 5009 haec
2845 4955 3082 5010 tradidit
3109 4961 3413 5028 prmcepta,
3460 4961 3523 5009 ut
3546 4949 3590 5006 si
3621 4945 3724 5017 regi

2151 5060 2264 5098 non
2286 5043 2627 5114 displiceret,
2652 5044 2759 5116 ipsi
2776 5045 2835 5098 in
2859 5044 3042 5115 prima
3053 5043 3172 5098 acie
3189 5043 3389 5098 vexilla
3418 5044 3718 5114 portarent:

2151 5133 2298 5203 quod
2328 5132 2376 5186 si
2397 5133 2516 5203 regi
2540 5133 2882 5204 displiceret,
2915 5133 3032 5187 haec
3071 5132 3122 5187 ei
3166 5132 3496 5188 intimarent
3523 5149 3535 5183 :
3567 5126 3724 5181 Victo-

2149 5221 2314 5287 riam,
2368 5239 2537 5293 quam
2577 5221 2679 5276 tibi
2739 5221 3165 5294 spopondimus,
3213 5221 3340 5275 vide
3386 5221 3505 5285 hoc,
3535 5233 3602 5272 ne
3637 5212 3721 5272 tibi

2150 5311 2416 5372 ascribas,
2470 5311 2566 5366 sed
2619 5311 2906 5384 apostolis.
2942 5311 3103 5376 Quod
3145 5315 3203 5365 et
3231 5309 3443 5365 factum
3473 5310 3579 5372 est;
3607 5317 3721 5358 nam

2217 5453 2326 5520 (25)
2357 5454 2422 5508 In
2454 5453 2704 5524 margine
2731 5451 2830 5507 sed
2857 5450 2928 5506 ab
2964 5452 3161 5508 eadem
3197 5465 3376 5507 manu
3418 5445 3619 5503 litteris
3639 5428 3719 5496 ar-

459 5529 556 5586 ille
610 5527 781 5584 codex
840 5526 966 5594 fuit,
1027 5525 1086 5579 in
1149 5523 1404 5594 margine
1463 5523 1762 5596 adscripsit
1794 5523 1812 5577 7:
1882 5527 2064 5580 Μαάθ·
2143 5525 2362 5595 genteis
2395 5523 2668 5580 notatum.

459 5599 653 5658 burck.

2219 5595 2321 5667 (36)
2345 5597 2635 5652 Cunonem
2660 5600 2796 5668 puto
2825 5595 3030 5652 innuit.
