3912 6166
243 277 343 339 817

1352 279 1568 338 LIBER
1603 280 1699 338 AD
1737 264 2043 339 AMICUM.
2088 316 2141 326 -.
2185 282 2324 340 LIB.
2363 283 2431 340 v.

3418 271 3525 351 διε

243 405 389 461 bello
417 404 722 461 commisso
745 403 1013 476 fugerunt
1030 399 1434 479 Ungari,capta
1465 407 1634 461 etiam
1665 409 2071 479 unga-Aconi,
2106 407 2201 479 qui
2227 423 2535 462 convocans
2572 407 2880 480 episcopos,
2914 404 3229 461 cardinales
3253 403 3385 476 (4i),
3404 403 3523 458 cle-

243 494 338 551 rici
372 496 525 565 regis
558 496 789 561 lancea;
831 511 955 565 quae
994 512 1096 565 per
1125 496 1348 550 eosdem
1380 498 1608 551 nuntios
1652 498 1844 553 Romae

244 586 433 639 delata
460 590 566 649 est,
605 592 661 638 et
681 600 859 655 usque
889 584 1054 637 hodie
1086 584 1156 638 ob
1185 585 1407 655 signum
1440 586 1682 640 victoriae
1713 592 1844 640 ante

244 673 652 728 confessionem
682 672 831 726 beati
859 672 1011 728 Petri
1041 675 1279 745 apostoli
1305 681 1559 745 apparet.

311 763 541 815 Interea
561 761 833 831 ungarica
854 762 1066 833 potitus
1092 762 1322 817 victoria
1342 764 1561 818 Italiam
1591 764 1841 828 intravit,

243 850 570 905 Aribertum
595 866 725 904 vero
755 851 1235 923 archiepiscopum
1269 852 1738 907 Mediolanensem
1760 869 1845 906 ce-

244 940 343 1012 pit,
370 940 475 993 sed
504 938 637 1009 fuga
666 939 856 1012 lapsus
898 946 1021 1008 est;
1055 940 1257 994 dehinc
1308 942 1544 995 Romam
1588 942 1836 1005 veniens,

245 1028 595 1100 imperialem
628 1028 837 1083 meruit
854 1029 1322 1084 benedictionem.
1349 1032 1559 1084 Dehinc
1579 1031 1842 1085 Mediola-

246 1134 376 1173 num
405 1118 633 1172 rediens
652 1135 776 1172 cum
810 1119 1067 1189 quaedam
1096 1118 1419 1173 suburbana
1449 1120 1843 1192 depopulasset

248 1208 312 1261 ab
341 1206 481 1260 urbe
512 1207 773 1276 repulsus
803 1213 908 1271 est,
941 1210 1131 1278 sicque
1164 1208 1368 1262 infecto
1415 1209 1637 1279 negotio
1669 1210 1842 1280 Alpes

247 1295 528 1349 transiens
558 1295 611 1348 vi
637 1294 873 1349 febrium
898 1303 1189 1367 correptus
1219 1297 1496 1357 occubuit,
1531 1299 1691 1367 cujus
1720 1314 1844 1351 cor-

246 1400 345 1455 pus
371 1384 555 1455 Spine
586 1384 807 1438 decenti
836 1401 963 1438 cum
992 1385 1204 1439 honore
1243 1387 1523 1457 sepultum
1558 1396 1661 1442 est.

315 1474 456 1527 Huic
482 1474 751 1527 successit
782 1474 931 1527 ﬁlius
952 1476 1074 1543 ejus
1102 1475 1416 1539 Ileinricus,
1441 1479 1525 1530 vir
1552 1478 1847 1549 sapientis-

247 1564 416 1617 simus
433 1570 491 1617 et
511 1570 669 1616 totus
687 1563 1222 1631 Christianissimus;
1249 1564 1341 1617 hic
1360 1564 1416 1617 in
1440 1564 1745 1635 primordio
1758 1566 1845 1620 sui

248 1653 397 1721 regni
431 1652 694 1721 Un‘garos
723 1652 1137 1705 tumultuantes
1174 1652 1321 1719 vicit,
1353 1660 1411 1706 et
1440 1653 1708 1707 citissime
1756 1671 1845 1708 se-

1926 498 2088 559 ricos,
2122 514 2186 551 ac
2212 498 2538 562 monachos,
2571 497 2719 552 viros
2748 514 2813 551 ac
2844 498 3127 561 mulieres,
3170 512 3309 567 quos
3350 495 3522 549 timor

1928 586 2148 640 Domini
2179 586 2529 657 aliquantum
2562 586 2841 655 tetigerat,
2870 585 3206 639 subtrahens
3233 601 3293 637 se
3324 601 3357 638 a
3386 599 3524 655 prte—

1926 676 2167 729 fatorum
2195 675 2514 728 invasorum
2536 675 2949 739 communione,
2973 680 3030 728 et
3048 674 3165 728 zelo
3179 673 3277 727 Dei
3295 672 3518 735 ductus,

1926 767 1989 816 ut
2018 762 2299 833 quondam
2330 762 2424 816 ille
2455 763 2643 827 Omas,
2695 762 3001 817 Ilebraicus
3041 762 3319 827 sacerdos,
3351 762 3519 832 Alpes

1925 851 2204 921 transivit,
2236 868 2425 921 regem
2455 851 2594 905 adiit
2629 869 2740 906 non
2786 869 2955 906 causa
3000 851 3390 915 accusationis,
3418 850 3517 904 sed

1925 958 2024 1012 pro
2053 941 2339 994 communi
2389 941 2634 995 utilitate
2685 941 2959 1005 Ecclesiae,
3009 942 3242 1011 ejusque
3287 939 3524 1011 pedibus

1929 1030 2225 1084 advolutus
2255 1031 2394 1084 ﬂens
2424 1030 2771 1095 obsecrabat,
2814 1036 2875 1084 ut
2919 1029 3087 1084 matri
3114 1046 3228 1084 suae
3257 1029 3522 1083 desolata:

1929 1119 2264 1190 quantocius
2294 1119 2632 1180 subveniret,
2661 1119 3086 1189 convoi‘atisque
3111 1118 3404 1189 episcopis,
3428 1118 3525 1189 qui

1926 1213 2061 1261 tunc
2093 1208 2350 1273 aderant,
2385 1209 2647 1279 praecepit
2663 1208 2743 1262 eis
2757 1209 3064 1262 utRomam
3097 1224 3222 1261 cum
3254 1224 3385 1275 rege
3406 1212 3528 1261 ten-

1927 1297 2146 1359 derent,
2191 1303 2248 1350 et
2295 1297 2571 1368 synodum
2621 1295 3251 1367 congregarent._Quod
3299 1302 3357 1349 et
3402 1295 3524 1350 sine

1931 1402 2089 1439 mora
2119 1386 2329 1440 factum
2357 1392 2462 1440 est.
2496 1385 2777 1440 Abusivus
2800 1402 2928 1440 vero
2959 1385 3053 1439 ille
3083 1384 3407 1456 Gregorius,
3430 1383 3528 1455 qui

1930 1476 2199 1529 Romana:
2232 1475 2486 1530 Ecclesia:
2516 1475 2837 1529 cathedram
2874 1491 3067 1545 regere
3097 1473 3407 1538 videbatur,
3441 1489 3529 1527 ro-

1927 1570 2092 1634 gatus
2124 1581 2158 1618 a
2187 1581 2339 1633 rege,
2381 1570 2445 1617 ut
2468 1564 2518 1617 ei
2546 1563 2763 1618 obviam
2797 1563 3031 1630 veniret,
3064 1563 3203 1618 nihil
3231 1562 3362 1617 mali
3398 1578 3528 1616 con-

1930 1654 2077 1707 scius
2104 1653 2250 1724 apud
2282 1670 2359 1717 se,
2400 1658 2465 1706 ut
2503 1670 2592 1707 res
2623 1658 2817 1724 postea
2844 1652 3164 1718 declaravit,
3198 1669 3377 1722 usque
3405 1652 3528 1705 Pla-

246 1740 407 1794 davit.
434 1741 547 1804 Qui
574 1741 680 1794 rite
711 1740 969 1795 omnibus
1003 1741 1162 1811 regni
1191 1741 1403 1812 pacatis
1425 1743 1683 1811 negotiis,
1710 1725 1907 1797 dumB
1929 1743 2171 1796 centiam
2209 1742 2381 1803 venit,
2406 1758 2707 1812 regemque
2737 1740 2813 1795 ibi
2839 1741 3070 1801 invenit,
3103 1740 3200 1812 qui
3229 1740 3298 1793 ab
3324 1740 3522 1795 eodem

247 1830 311 1883 ad
340 1830 568 1884 Italiam
590 1830 821 1883 tendere
836 1829 1164 1895 destinaret,
1191 1830 1374 1884 nuntii
1390 1847 1420 1882 a
1439 1831 1693 1884 Romana
1709 1831 1846 1886 urbe

248 1919 530 1973 venientes
565 1935 808 1989 eumque
838 1919 1193 1972 retardantes
1224 1919 1557 1973 mirabiliter
1586 1920 1846 1975 reddide-

250 2018 372 2061 runt
387 2008 717 2062 sollicitum.
738 2008 903 2073 Nam,
927 2007 1259 2079 utsuperius
1281 2009 1731 2073 memoravimus,
1759 2026 1850 2063 ur-

249 2096 328 2151 bis
341 2097 537 2151 Romze
552 2097 897 2168 capitaneiet
918 2097 1158 2151 maxime
1169 2098 1469 2151 Tusculani
1486 2114 1585 2169 per
1602 2098 1852 2169 patritia-

249 2191 335 2240 tus
354 2185 553 2239 inania
572 2186 801 2239 nomina
843 2186 1157 2241 Romanam
1187 2186 1481 2240 vastabant
1517 2185 1848 2249 Ecclesiam,

252 2275 323 2329 ita
344 2282 407 2329 ut
427 2275 674 2346 quodam
696 2275 1051 2329 haereditario
1068 2277 1197 2345 jure
1219 2275 1541 2329 viderentur
1559 2275 1663 2329 sibi
1679 2276 1854 2346 possi-

253 2365 379 2419 dere
406 2364 820 2435 pontiﬁcatum.
850 2365 1009 2418 Enim
1028 2381 1175 2429 vero,
1198 2372 1419 2419 mortuo
1431 2365 1646 2419 Joanne
1670 2366 1849 2419 Bene-

1928 1838 1993 1885 ut
2021 1831 2207 1884 decuit
2232 1831 2402 1901 Papia
2435 1830 2741 1884 honoriﬁce
2766 1835 3058 1901 susceptus
3087 1835 3191 1884 est.
3219 1830 3344 1883 Non
3373 1828 3524 1883 enim

1934 1919 2227 1990 putabant.
2256 1920 2349 1990 qui
2379 1925 2513 1973 tunc
2539 1918 3027 1989 aderantepiscOpi
3056 1918 3175 1972 fore
3205 1916 3529 1987 religiosum

1935 2008 2054 2061 sine
2074 2008 2286 2078 judicio
2323 2007 2567 2078 aliquem
2606 2007 2875 2061 damnare
2917 2007 3259 2077 episcopum,
3294 2022 3365 2060 ne
3391 2005 3528 2060 dum

1934 2102 2104 2151 tanta:
2143 2098 2311 2162 sedis,
2355 2098 2451 2169 qui
2482 2095 3155 2167 videbatur,pontiﬁcem,
3189 2096 3381 2167 sicque
3407 2112 3531 2167 per-

1932 2193 2133 2257 gentes
2159 2187 2328 2240 simul
2350 2185 2707 2239 veneruntad
2728 2185 3007 2251 Sutrium;
3029 2201 3139 2256 quo
3170 2183 3265 2239 ubi
3295 2201 3530 2256 perven-

1934 2282 2054 2329 tum
2084 2281 2252 2338 esset,
2286 2274 2505 2345 rogavit
2532 2274 2793 2345 prazfatus
2821 2290 2936 2337 rex,
2961 2273 3055 2344 qui
3077 2280 3211 2327 tunc
3240 2273 3533 2328 videbatur

1933 2365 2276 2436 pontiﬁcem,
2309 2364 2585 2435 synodum
2616 2364 2964 2433 congregari.
2987 2362 3146 2427 Quod
3178 2362 3451 2417 concessit
3477 2367 3535 2416 et

252 2454 373 2508 dicti
390 2470 550 2525 papae
570 2454 782 2519 fratris,
799 2457 897 2522 qui
913 2469 1027 2507 uno
1041 2456 1326 2522 eodemque
1341 2455 1725 2522 dz'rprwfcctus
1736 2457 1848 2522 fuit
1933 2455 2157 2508 decreto
2187 2454 2454 2508 ﬁrmavit.
2469 2454 2603 2507 Erat
2623 2453 2771 2506 enim
2801 2452 2976 2506 idiota
2995 2459 3053 2506 et
3073 2452 3226 2506 mirae
3256 2451 3529 2523 simplici-

250 2548 297 2595 τι
321 2559 469 2612 papa
497 2541 599 2612 (3),
623 2559 748 2598 cum
795 2542 1155 2597 successisset
1183 2542 1232 2595 ei
1252 2543 1721 2614 TheOphylactus,
1756 2544 1851 2614 qui
1934 2544 2068 2597 tatis
2098 2543 2194 2596 vir.
2227 2542 2406 2612 Igitur
2424 2542 2650 2595 collecta
2671 2541 2885 2612 synodo
2906 2542 3069 2604 sedit,
3108 2541 3205 2612 qui
3226 2541 3400 2595 vicem
3418 2541 3533 2595 Ro-

251 2631 493 2685 Alberici
513 2631 623 2685 fuit
646 2631 815 2695 ﬁlius,
849 2630 1156 2701 Gregorius
1179 2632 1353 2684 frater
1380 2632 1502 2699 ejus
1526 2648 1727 2685 nomen
1748 2632 1852 2685 sibi
1939 2632 2089 2685 mani
2131 2632 2408 2703 pontiﬁcis
2437 2630 2695 2691 habebat,
2734 2636 2790 2684 et
2826 2648 2889 2683 ex
2922 2635 3196 2701 praecepto
3229 2631 3351 2701 ejus
3379 2629 3536 2683 sede-

252 2720 572 2775 vindicabat
590 2721 938 2791 patritiatus.
965 2723 1077 2775 Hac
1094 2720 1854 2792 occasioneTheophylactus
1936 2727 2072 2775 runt
2098 2720 2429 2792 patriarcha:
2479 2725 2536 2773 et
2581 2718 3002 2789 metropolitani
3051 2723 3109 2772 et
3145 2718 3391 2790 episcOpi
3436 2734 3537 2789 per

252 2825 434 2880 neque
458 2808 757 2863 Dominum
779 2809 1007 2868 timens,
1024 2825 1209 2879 neque
1238 2809 1522 2863 hominem
1555 2811 1848 2873 reveritus,
1936 2810 2097 2864 sedes
2148 2827 2314 2875 suas;
2367 2809 2516 2863 inter
2559 2823 2699 2878 quos
2744 2813 2880 2861 tunc
2927 2807 3071 2860 forte
3119 2806 3318 2859 aderat
3347 2809 3535 2878 Poppo

250 2899 364 2968 qui,
382 2905 513 2952 cata
531 2897 885 2968 antiphrasin
908 2897 1211 2951 vocabatur
1230 2896 1701 2965 BenedictusjiiS),
1721 2915 1850 2953 cum
1933 2899 2310 2970 Aquileiensis
2322 2897 2642 2968 patriarcha
2658 2896 2742 2949 vir
2757 2894 3334 2966 eloquentissimus,et
3344 2895 3535 2971 Bruno

246 2993 368 3059 post
410 2988 592 3041 multa
629 2987 818 3057 turpia
858 2986 1136 3040 adulteria
1166 2992 1223 3040 et
1253 2987 1553 3042 homicidia
1594 2988 1851 3042 manibus
1877 2986 2305 3059 “Augustensis
2348 2985 2659 3056 episcOpus,
2709 2990 2767 3038 et
2802 2982 3142 3037 Rembaldus
3185 2982 3531 3038 Arelatensis

250 3076 363 3131 suis
395 3081 742 3147 perpetrata,
777 3083 1061 3145 postremo
1091 3092 1216 3130 cum
1249 3077 1412 3130 vellet
1456 3076 1847 3132 consobrinam
1871 3046 2384 3146 Carchiepiscopus
2414 3081 2471 3128 et
2520 3073 2617 3127 alii
2659 3089 2824 3143 quam
2873 3072 3078 3143 plures,
3109 3077 3166 3125 et
3217 3072 3532 3143 quaestione

249 3165 500 3235 accipere
521 3166 841 3235 conjugem,
873 3164 1046 3217 ﬁliam
1093 3164 1303 3218 scilicet
1333 3165 1555 3219 Girardi
1584 3165 1652 3219 de
1679 3167 1847 3231 Saxo,
1936 3171 2061 3218 orta
2092 3165 2160 3218 de
2201 3164 2484 3235 Sylvestro
2533 3163 2793 3216 invasore
2823 3160 2895 3215 ab
2928 3160 3187 3215 omnibus
3219 3161 3537 3231 judicatum

248 3258 303 3305 et
323 3251 420 3306 ille
444 3252 657 3306 diceret
683 3253 841 3305 nullo
870 3251 1035 3305 modo
1064 3269 1124 3306 se
1154 3252 1439 3316 daturum,
1476 3253 1531 3306 ni
1557 3254 1852 3307 renuntia-
1934 3259 2022 3307 est
2050 3253 2372 3324 episcopatu
2388 3258 2442 3306 et
2464 3250 3137 3323 presbyteratouudatum
3168 3249 3226 3304 in
3255 3255 3535 3305 monaste-

249 3346 331 3394 ret
358 3340 803 3411 pontiﬁcatui,ad
823 3340 1122 3411 quemdam
1145 3342 1490 3395 sacerdotem
1513 3342 1848 3406 Iohannem,
1935 3342 2019 3395 rio
2046 3342 2243 3395 diebus
2262 3341 2389 3395 vitae
2411 3357 2526 3395 sum
2549 3340 2695 3394 tradi
2720 3358 2733 3405 ;
2757 3340 2826 3393 de
2847 3339 3260 3410 Theophylacto
3286 3355 3414 3393 vero
3435 3355 3533 3393 su-

250 3430 337 3500 qui
375 3435 508 3484 tunc
523 3430 915 3499 magnimeriti
932 3430 1322 3500 putabatur,se
1343 3431 1598 3495 contulit,
1619 3432 1851 3502 ejusque
1935 3430 2345 3502 persedendum
2376 3429 2493 3483 fore
2509 3429 2921 3500 judicaverunt,
2956 3428 3197 3482 maxime
3238 3444 3366 3482 cum
3410 3427 3533 3500 ipse

250 3518 482 3571 consilio
511 3518 879 3589 semetipsum
927 3519 1234 3584 damnavit,
1266 3519 1727 3591 pontiﬁcatuique
1758 3537 1849 3574 re-

248 3606 724 3670 nuntiavit.Quod
752 3606 1048 3660 consilium
1074 3608 1230 3661 valde
1250 3615 1398 3662 esset
1422 3609 1720 3673 laudabile,
1744 3609 1850 3663 nisi

248 3696 637 3766 turpissimum
657 3701 943 3766 postesset
955 3702 1207 3750 secutum
1223 3699 1684 3767 peccatumNam
1700 3697 1847 3752 idem

249 3784 530 3847 sacerdos,
553 3784 624 3837 de
648 3800 758 3854 quo
780 3801 950 3855 supra
974 3786 1288 3850 retulimus,
1317 3792 1546 3857 accepta
1576 3787 1679 3839 hac
1692 3803 1848 3840 occa-

248 3872 401 3926 sione
432 3873 677 3926 nefando
693 3873 912 3945 ambitu
933 3874 1198 3928 seductus
1228 3892 1329 3945 per
1357 3875 1744 3945 turpissimam
1764 3893 1851 3928 ve-

246 3961 538 4016 nalitatem
563 3978 902 4033 omnemque
933 3964 1245 4018 Romanum
1288 3966 1555 4035 populum
1596 3966 1846 4037 pecuniis

248 4049 569 4119 ingentibus
588 4051 736 4105 datis
755 4052 857 4105 sibi
872 4054 1067 4122 jurare
1088 4054 1287 4123 coegit,
1304 4054 1495 4124 sicque
1520 4055 1589 4107 ad
1620 4056 1845 4125 pontiﬁ-

248 4141 423 4193 calem
450 4140 704 4194 ascendit
734 4141 1089 4210 dignitatem,
1108 4159 1273 4212 quem
1291 4160 1448 4196 verso
1472 4143 1699 4196 nomine
1713 4144 1848 4198 Gre-

251 4228 465 4297 gorium
491 4228 602 4296 {39)
624 4234 977 4283 vocaverunt.
1014 4230 1114 4283 liis
1133 4230 1214 4284 ita
1241 4231 1433 4300 gestis,
1463 4232 1747 4285 Gerardus
1775 4232 1844 4286 de

1933 3521 2225 3575 Romanus
2256 3520 2500 3590 pontifex
2531 3535 2590 3572 se
2615 3517 2952 3588 judicaverit
2990 3517 3403 3588 deponendum.
3452 3517 3533 3571 De

1932 3610 2101 3662 tertio
2132 3625 2263 3661 vero
2296 3607 2427 3678 quid
2478 3606 2742 3667 facerent,
2777 3622 2886 3676 quo
2912 3622 2971 3659 se
2999 3610 3299 3673 verterent,
3333 3605 3537 3676 quibus

1933 3697 2231 3751 accusandi
2262 3701 2319 3749 et
2346 3694 2682 3749 testiﬁcandi
2715 3694 2982 3748 adversus
3015 3693 3261 3763 judicem
3289 3710 3401 3747 non
3428 3693 3537 3748 da-

1930 3785 2100 3840 batur
2127 3786 2390 3852 licentia;
2432 3784 2522 3838 cui
2553 3801 2680 3838 cum
2725 3782 2795 3837 ab
2837 3782 3110 3854 episcopis
3154 3783 3532 3854 supplicatum

1930 3875 2148 3941 fuisset,
2176 3882 2239 3929 ut
2272 3890 2500 3928 causam
2534 3872 2821 3927 electionis
2847 3889 2960 3925 suae
2982 3878 3282 3943 promeret,
3316 3879 3382 3927 ut
3410 3878 3534 3927 erat

1928 3965 2123 4030 idiota,
2178 3981 2402 4019 omnem
2448 3980 2563 4015 suze
2614 3961 2908 4015 electionis
2945 3961 3248 4031 puritatem
3289 3961 3532 4031 aperuit.

1929 4053 2080 4108 Dixit
2127 4070 2185 4107 se
2236 4052 2337 4106 Dei
2381 4050 2764 4104 misericordia
2810 4049 3155 4103 sacerdotem
3199 4049 3371 4103 fuisse
3402 4048 3533 4104 boni

1930 4141 2237 4196 testimonii
2265 4148 2319 4195 et
2350 4140 2514 4193 fama:
2536 4145 2592 4193 et
2609 4144 2762 4192 casto
2780 4154 3012 4208 corpore
3041 4154 3074 4191 a
3104 4137 3351 4208 pueritia
3378 4154 3529 4192 sem-

1929 4248 2030 4302 per
2059 4230 2277 4284 vixisse.
2313 4229 2470 4293 Quod
2506 4244 2618 4282 non
2650 4232 2869 4280 tantum
2903 4224 3201 4291 laudabile,
3218 4226 3316 4279 sed
3355 4226 3527 4281 etiam

254 4316 392 4370 Saxo
411 4334 539 4370 cum
570 4317 697 4371 aliis
717 4318 1025 4388 capitaneis
1044 4319 1343 4388 quemdam
1369 4319 1704 4374 Sabinorum
1722 4320 1834 4391 epi.
1859 4324 1907 4382 D
1933 4320 2092 4391 quasi
2116 4319 2430 4389 angelicum
2464 4324 2597 4371 tunc
2616 4315 2886 4387 temporis
2914 4314 3207 4368 videbatur
3225 4315 3376 4385 apud
3418 4314 3525 4370 Ro-

246 4422 479 4477 sc0pum
508 4405 614 4459 sibi
644 4406 861 4475 eligunt
889 4406 1209 4477 pontiﬁcem
1240 4425 1405 4478 quem
1427 4425 1587 4462 verso
1618 4409 1844 4463 nomine

244 4500 587 4548 vocaverunt
615 4495 965 4565 Sylvestrum
989 4493 1117 4562 (40).
1142 4496 1299 4560 Quod
1324 4498 1617 4551 audientes
1639 4498 1847 4567 Grego-

240 4584 362 4637 rius
379 4583 640 4655 patritius
657 4590 713 4636 et
728 4584 930 4637 Petrus
943 4584 1212 4638 Germani
1233 4586 1713 4657 Theophylactum
1746 4605 1845 4658 spe

240 4673 503 4742 conjugis
526 4672 822 4742 deceptum
854 4673 923 4725 ad
957 4674 1300 4743 pontiﬁcalia
1320 4675 1522 4727 iterum
1552 4675 1847 4730 sublevant

242 4760 606 4831 fastigia.Sed
623 4761 748 4830 quis
767 4778 866 4831 pro
884 4762 1058 4815 tantis
1076 4762 1489 4817 calamitatibus
1510 4763 1670 4817 nobis
1690 4766 1844 4819 locus

240 4849 729 4915 remedii,nisivox
746 4849 841 4903 illa
853 4851 1608 4922 evangelica,quaaconfortat
1624 4862 1843 4923 aposto-

238 4941 358 4993 lum
372 4939 566 4992 dicens
583 4956 629 4995 :c
655 4935 770 5008 Ego
792 4956 891 5010 pro
912 4946 969 4993 te
993 4941 1391 5009 rogavi,Petre,
1407 4952 1471 4995 ut
1489 4958 1599 4995 non
1620 4943 1844 4997 deﬁciat

236 5028 383 5081 ﬁdes
399 5029 637 5093 tua(Luc
671 5041 809 5092 χχιι,
823 5026 931 5093 3'2).
951 5029 1090 5083 nSed
1114 5036 1264 5082 certe
1285 5036 1341 5083 et
1361 5047 1487 5084 vere
1505 5047 1617 5084 non
1639 5031 1843 5086 defecit

237 5118 381 5170 ﬁdes
400 5116 681 5183 Petri,nec
693 5116 915 5171 deﬁciet
926 5117 1063 5170 ﬁdes
1072 5116 1599 5173 RomanzeEcclesiaz
1616 5120 1673 5174 in
1686 5127 1842 5175 aeter-

234 5207 550 5260 numNam
564 5206 621 5259 in
637 5211 798 5260 tanta
815 5212 872 5259 et
887 5212 1000 5261 tam
1013 5207 1198 5261 valida
1208 5214 1541 5279 tempestate
1554 5209 1842 5264 suscitavit

238 5295 515 5349 Dominus
535 5300 801 5366 spiritum
815 5296 1105 5366 cujusdam
1130 5296 1280 5350 Petri
1300 5298 1538 5351 Romani
1559 5299 1835 5353 archidia-

315 5420 427 5489 (37)
467 5423 596 5477 Haec
637 5422 875 5476 totidem
924 5423 1105 5477 verbis
1147 5423 1342 5491 erasis,
1389 5424 1487 5478 sed
1535 5423 1606 5478 ab
1646 5425 1843 5479 eadem

237 5510 418 5547 manu
448 5494 504 5547 in
534 5494 725 5548 codice
756 5494 1081 5553 substitute.

320 5563 427 5623 I38.
453 5566 790 5620 Benedictus
820 5567 897 5620 IX
909 5611 921 5625 .

1928 4426 2151 4465 manos.
2182 4409 2360 4478 llujus
2377 4406 2638 4460 reicausa
2658 4405 2864 4459 multas
2884 4403 3240 4474 acquisivisse
3257 4402 3524 4474 pecunias

1928 4498 2313 4568 dicebat,quas
2335 4495 2609 4559 servabat,
2629 4499 2693 4548 ut
2712 4499 2863 4547 sarta
2877 4498 3025 4547 tecta
3044 4491 3287 4547 ecclesia:
3308 4498 3524 4547 restau-

1928 4593 2083 4642 raret
2113 4587 2193 4641 vel
2226 4585 2437 4657 aliquid
2461 4584 2585 4638 novi
2606 4599 2872 4653 magnum
2899 4581 3033 4652 quid
3061 4581 3269 4636 faceret
3295 4582 3353 4637 in
3384 4581 3524 4637 urbe

1928 4679 2132 4744 Roma;
2166 4692 2406 4747 cumque
2436 4672 2739 4744 smpissime
2767 4670 3127 4742 tyrannidem
3162 4670 3521 4742 patritiorum

1927 4783 2115 4820 secum
2144 4765 2373 4819 tractari
2417 4771 2474 4817 et
2517 4761 2760 4833 qualiter
2788 4760 2908 4813 sine
2937 4759 3055 4813 ulla
3085 4760 3220 4813 cleri
3250 4766 3307 4814 et
3335 4761 3527 4832 populi
3574 4790 3579 4797 -

1928 4855 2197 4909 electione
2226 4853 2516 4923 pontiﬁces
2555 4850 2985 4915 constituerent,
3018 4848 3158 4901 nihil
3188 4849 3390 4903 melius
3419 4865 3526 4921 pu-

1925 4944 2083 4999 tabat
2115 4959 2283 5013 quam
2319 4941 2644 4995 electionem
2695 4939 2843 4993 clero
2875 4943 2932 4991 et
2959 4937 3165 5008 populo
3197 4953 3298 5007 per
3323 4943 3528 5009 tyran-

1926 5033 2114 5087 nidem
2132 5031 2340 5100 injuste
2355 5029 2634 5084 sublatam
2649 5028 2702 5081 hi
2712 5045 2737 5081 s
2750 5026 3001 5098 pecuniis
3015 5025 3525 5089 restaurare.Quod

1924 5138 2074 5184 vero,
2120 5128 2185 5175 ut
2230 5118 2533 5173 audierunt
2554 5116 2655 5170 viri
2686 5113 2954 5185 religiosi,
2999 5118 3269 5184 ceperunt
3302 5128 3527 5165 summa

1922 5228 2049 5265 cum
2076 5208 2391 5264 reverentia
2430 5206 2766 5261 calliditates
2794 5202 3012 5273 antiqui
3055 5200 3231 5255 hostis
3278 5200 3328 5253 ei
3380 5199 3520 5253 insi-

1922 5316 2120 5363 nuare,
2153 5305 2212 5354 et
2241 5298 2383 5352 nihil
2404 5296 2553 5368 quod
2578 5294 3072 5360 venale,-sanctum
3094 5305 3215 5344 esse
3236 5286 3520 5343 dicebant.

1997 5423 2113 5493 (39)
2142 5422 2476 5493 Gregorium

1999 5491 2108 5564 (40)
2144 5491 2489 5565 Sylvestrum
2523 5491 2620 5565 IlI.

2001 5561 2118 5635 (4i)
2145 5561 2432 5639 Episc0pis
2468 5561 2783 5631 subjungit.
