3912 6166
459 253 562 313 823

1472 252 1860 311 BONIZONIS
1898 252 2335 310 PLACENTINI
2375 251 2722 309 EPISCOPI.

3591 253 3679 312 8'24

458 385 520 436 et
548 378 834 436 miraculis
854 375 962 433 sibi
992 376 1153 431 valde
1189 375 1469 448 placuisse
1498 378 1906 435 demonstravit
1935 381 2121 440 τηε-Α
2139 379 2589 450 Longobardiam
2614 378 2906 442 remeavit,
2926 392 3167 448 cumque
3188 392 3250 431 eo
3266 381 3477 433 ventum
3495 377 3676 449 fuisset,

456 487 628 544 gnam
659 486 758 542 pro
770 467 992 539 justitia
1015 466 1251 540 posteris
1272 468 1576 522 dimicandi
1606 470 1747 523 dans
1776 471 2056 536 ﬁduciam,

461 560 684 633 quando
716 559 817 612 hos
843 557 900 611 iu
934 573 1170 612 numero
1202 564 1526 612 sanctorum
1557 575 1961 615 connumerare
1982 561 2061 615 di-

456 654 663 720 gnatus
685 654 789 702 est.
818 645 920 701 His
948 646 1028 700 ita
1056 646 1252 716 gestis,
1269 646 1627 701 beatissimus
1649 665 1795 719 papa
1820 650 2057 703 Romam

457 736 644 802 rediit,
677 752 919 807 cumque
952 736 1020 789 ad
1049 735 1338 789 ecclesiam
1372 737 1753 807 apostolorum
1797 738 2060 810 principis

455 825 825 899 pervenisset,
859 825 1128 895 languore
1155 831 1463 896 correptus,
1497 832 1628 880 ante
1656 826 2059 882 confessionem

459 915 710 986 ejusdem
752 914 991 986 apostoli
1033 914 1273 979 delatus,
1308 920 1365 968 et
1392 931 1580 969 coram
1615 917 1770 970 omni
1816 916 1964 971 clero
2002 923 2059 972 et

458 1007 714 1061 Romano
752 1005 958 1077 populo
995 1005 1225 1058 tradens
1271 1004 1386 1058 Deo
1417 1004 1646 1059 amabili
1678 1006 2058 1061 Hildebrando

459 1095 710 1166 ejusdem
740 1094 1000 1150 Ecclesiae
1029 1110 1241 1155 curam,
1296 1094 1433 1147 coelo
1484 1094 1744 1164 spiritum
1793 1095 2056 1152 reddidit.

458 1184 635 1256 Cujus
662 1200 863 1254 corpus
900 1183 958 1237 in
988 1182 1183 1237 eadem
1206 1183 1439 1237 ecclesia
1463 1201 1588 1237 cum
1612 1185 1823 1239 honore
1852 1202 2056 1255 magno

458 1274 757 1329 humatum
787 1278 892 1327 est.
925 1272 1009 1326 Ad
1050 1273 1212 1342 cujus
1240 1273 1523 1326 tumulum
1566 1273 1699 1343 aegri
1734 1275 1967 1328 veniunt
2002 1280 2060 1328 et

459 1368 753 1427 sanantur,
783 1368 839 1416 et
858 1361 1067 1416 inﬁrmi
1095 1360 1308 1415 avariis
1335 1361 1699 1431 languoribus
1721 1362 1933 1417 detenti
1963 1380 2059 1418 us-

463 1468 573 1523 que
606 1452 941 1506 liberantur.

533 1540 643 1595 Sed
698 1556 826 1594 cum
884 1538 1258 1611 persensisset
1304 1539 1635 1595 venerabilis
1683 1540 2063 1596 Hildbrandus

2148 468 2445 523 beatricem
2463 485 2590 523 cum
2619 469 2781 523 unica
2801 468 2915 521 ﬁlia
2947 466 3237 531 Bonifacii,
3259 468 3470 521 nomine
3484 468 3679 525 Mathil-

2143 560 2273 613 dam
2314 567 2463 613 (nam
2496 559 2662 630 paulo
2692 562 2822 611 ante
2849 559 2972 628 ejus
2997 557 3146 610 ﬁlius
3176 562 3232 610 et
3255 558 3428 627 major
3452 558 3557 612 ﬁlia
3580 577 3682 614 ma-

2141 648 2320 702 leﬁcio
2341 647 2529 702 nescio
2548 649 2706 717 cujus
2725 647 3004 709 obierant)
3024 646 3152 699 dolo
3170 650 3536 716 captassecum
3549 648 3681 703 duxit

2141 738 2292 791 ultra
2318 743 2555 802 montes,
2579 735 2862 790 Bonefacii
2892 733 3146 788 ambiens
3168 734 3526 789 hereditatem
3545 743 3595 790 et
3606 753 3681 792 ue—

2143 827 2322 880 sciens
2342 826 2491 897 quod
2520 841 2783 896 suprema
2809 824 2929 878 dies
2948 824 3005 878 in
3023 822 3272 894 proximo
3286 822 3389 877 sibi
3409 830 3679 895 pararetur.

2144 917 2289 972 Nam
2332 916 2385 970 vi
2410 915 2648 970 febrium
2675 914 2990 984 exagitatus
3018 930 3147 968 mox
3173 918 3239 967 ut
3267 913 3404 967 Reni
3430 914 3680 970 Franciam

2140 1004 2388 1069 intravit,
2414 1004 2659 1058 evocavit
2686 1003 2753 1057 ad
2784 1020 2843 1057 se
2874 1003 3233 1073 magniﬁcum
3269 1001 3458 1055 ducem
3484 1002 3683 1058 Gotefri-

2141 1095 2296 1159 dum,
2354 1095 2684 1164 redditaque
2736 1093 2841 1146 sibi
2889 1108 3057 1147 uxore
3102 1108 3230 1145 cum
3285 1091 3545 1146 Bonefacii
3589 1093 3683 1148 ﬁlia

2139 1183 2511 1254 omnibusque
2563 1183 2633 1237 ad
2691 1199 2811 1236 eam
2854 1180 3264 1253 pertinentibus
3292 1180 3683 1251 possessionibus

2140 1274 2381 1327 multum
2412 1272 2730 1343 supplicans
2761 1277 2826 1325 ut
2861 1270 2973 1323 ﬁlio
3002 1286 3104 1323 suo
3127 1270 3245 1339 jam
3284 1285 3410 1337 rege
3436 1268 3683 1339 designato

2142 1368 2393 1433 portaret
2421 1361 2748 1415 fidelitatem
2790 1366 2918 1431 post
2945 1374 3149 1429 paucos
3178 1357 3297 1410 dies
3341 1363 3574 1411 mortuus
3598 1363 3681 1422 est,

2143 1453 2302 1520 cuius
2329 1467 2534 1522 corpus
2569 1450 2743 1521 Spirae
2779 1448 3084 1503 honoriﬁce
3113 1462 3240 1501 cum
3268 1452 3421 1516 patre
3448 1446 3685 1516 sepultum

2144 1546 2247 1605 est,
2282 1540 2638 1610 suscepitque
2669 1538 2817 1592 filius
2845 1539 2966 1606 ejus
2995 1553 3121 1590 cum
3145 1542 3325 1588 matre
3352 1534 3500 1604 regni
3522 1534 3686 1605 guber-

460 1630 778 1684 Romanum
821 1628 1034 1682 clerum
1062 1633 1119 1682 et
1154 1628 1421 1699 populum
1449 1629 1506 1683 in
1537 1630 1660 1699 ejus
1706 1631 2106 1700 consensisse‘
2144 1631 2362 1684 nacula.
2396 1631 2529 1683 Post
2557 1644 2763 1700 paucos
2790 1644 2919 1680 vero
2948 1627 3068 1679 dies
3088 1624 3328 1678 moritur
3346 1628 3400 1676 et
3426 1639 3556 1693 papa
3579 1622 3683 1689 (44),

458 1718 808 1781 electionem,
825 1717 911 1772 vix
938 1717 1130 1772 multis
1149 1718 1454 1789 lachrymis
1481 1723 1537 1772 et
1558 1719 2058 1790 supplicationibus
2076 1696 2119 1756 Β
2143 1724 2268 1790 post
2323 1720 2484 1789 cujus
2539 1722 2779 1772 mortem
2825 1716 3216 1771 convenientes
3265 1712 3322 1766 in
3350 1728 3513 1766 unum
3538 1710 3687 1765 clerici

455 1807 642 1878 potuit
669 1807 993 1878 impetrare.
1021 1812 1087 1861 ut
1112 1806 1172 1860 in
1202 1808 1325 1877 ejus
1354 1807 1625 1862 electione
1668 1808 1948 1879 pontiﬁcis
1976 1827 2059 1864 se-

457 1901 767 1968 querentur
793 1896 1119 1963 consilium;
1153 1912 1391 1966 moxque
1431 1913 1561 1950 cum
1600 1897 1879 1967 religiosis
1925 1899 2058 1952 viris

456 1987 627 2056 Alpes
667 1985 949 2039 transiens
996 1984 1394 2056 imperatorem
1429 1985 1587 2051 adiit,
1622 1986 1784 2056 eique
1812 1986 1866 2040 in
1899 1992 2059 2042 tanta

458 2074 702 2129 amicitia
712 2075 941 2144 junctus
960 2077 1065 2137 est,
1082 2078 1146 2128 ut
1163 2072 1373 2128 crebris
1394 2074 1861 2130 collocutionibus
1875 2093 2059 2147 quan-

457 2165 579 2215 tum
610 2162 823 2233 peccati
852 2161 912 2215 in
935 2160 1234 2231 largitione
1265 2161 1544 2232 pontiﬁcis
1594 2163 1819 2217 fecisset
1867 2168 2059 2218 osten-

458 2250 637 2305 deret.
670 2250 777 2315 Qui
798 2251 920 2320 ejus
951 2249 1161 2304 salubri
1187 2251 1545 2321 acquiescens
1584 2253 1835 2314 consilio,
1869 2259 2060 2325 tyran-

455 2339 647 2394 nidem
676 2339 1001 2411 patritiatus
1032 2338 1311 2410 deposuit,
1335 2340 1594 2411 cleroque
1618 2342 1869 2397 Romano
1888 2348 1946 2397 et
1967 2360 2060 2414 po-

455 2428 590 2499 pulo
612 2428 920 2482 secundum
943 2428 1177 2498 antiqua
1194 2428 1482 2499 privilegia
1502 2430 1830 2505 electionem
1854 2431 2059 2486 summi

456 2516 816 2587 pontiﬁcatus
850 2518 1142 2583 concessit.
1176 2535 1414 2589 moxque
1436 2520 1737 2590 quemdam
1763 2522 2057 2576 Astensem

457 2605 853 2676 [Aistetensem
882 2609 1059 2661 dicere
1075 2608 1270 2678 voluit]
1299 2609 1618 2681 episcopum
1642 2610 1862 2681 praefati
1883 2612 2058 2682 impe-

456 2696 665 2751 ratoris
693 2713 1038 2751 oeconomum
1060 2703 1255 2752 contra
1292 2699 1639 2754 voluntatem
1666 2700 1917 2771 ejusdem
1946 2701 2055 2755 im-

457 2785 736 2856 peratoris
767 2786 999 2840 Romam
1039 2803 1228 2841 secum
1258 2787 1413 2842 ducit
1440 2789 1698 2854 invitum,
1722 2806 1961 2860 cumque
2003 2790 2064 2844 in

458 2872 695 2927 ecclesia
716 2873 872 2928 Beati
902 2874 1055 2928 Petri
1085 2876 1392 2929 secundum
1410 2893 1624 2931 morem
1639 2878 1935 2949 antiquum
1955 2879 2063 2932 cle-

459 2977 559 3016 rus
574 2962 855 3034 elegisset,
880 2964 1233 3035 populusque
1265 2964 1767 3030 laudasset,statim
1794 2966 2060 3021 cardina-

2140 1809 2406 1863 Romana:
2436 1807 2692 1861 Ecclesiae
2721 1806 2889 1860 simul
2937 1823 3063 1860 cum
3108 1806 3275 1860 laude
3303 1803 3485 1877 populi
3511 1802 3688 1871 eligunt

2141 1896 2246 1951 sibi
2261 1896 2613 1951 Fredericum
2638 1895 2985 1951 Cassincnsis
3007 1895 3334 1949 monasterii
3354 1893 3608 1957 abbatem,
3633 1889 3687 1944 de

2141 2003 2251 2057 quo
2280 2003 2450 2056 supra
2480 1985 2932 2049 memoravimus,
2966 2001 3130 2055 quem
3162 1984 3277 2038 alio
3313 1982 3526 2038 nomine
3550 1996 3689 2034 voca-

2141 2082 2342 2129 verunt
2371 2076 2742 2146 Stephanum,
2774 2090 2941 2145 quem
2961 2073 3270 2128 secundum
3298 2072 3573 2141 antiquum
3591 2085 3688 2123 mo-

2141 2182 2259 2219 rem
2287 2165 2358 2218 ad
2389 2165 2565 2218 altare
2586 2163 2734 2217 beati
2757 2163 2907 2217 Petri
2939 2168 3402 2218 consecraverunt
3418 2162 3688 2215 Romanum

2140 2254 2460 2325 pontiﬁcem
2485 2273 2497 2320 ;
2532 2253 2581 2307 is
2606 2251 2978 2307 venerabilem
3002 2251 3442 2306 Hildebrandum
3460 2249 3524 2303 ad
3542 2248 3689 2301 diaco-

2141 2349 2308 2398 natus
2352 2343 2629 2413 promovit
2670 2342 2946 2406 ordinem,
2981 2347 3039 2395 et
3076 2358 3210 2396 cum
3239 2344 3439 2396 sanctaa
3466 2339 3687 2393 Romanae

2140 2432 2396 2487 Ecclesia:
2412 2431 2689 2485 ordinavit
2706 2430 3176 2484 archidiaconem.

2598 2557 2838 2625 Explicit
2868 2558 3007 2610 liber
3025 2558 3282 2624 quintus.

2527 2679 2801 2736 INCIPIT
2825 2679 3043 2736 LIBER
3068 2681 3357 2736 SEXTUS.

2219 2789 2426 2843 Eodem
2455 2792 2707 2860 tempore
2740 2788 3170 2842 Mediolanensis
3200 2788 3577 2859 Ecclesia,quae
3600 2787 3694 2839 fere

2143 2895 2245 2951 per
2265 2879 2534 2932 ducentos
2565 2894 2742 2931 annos
2773 2877 3050 2947 superbia:
3082 2878 3235 2931 fastu
3266 2876 3373 2945 (45)
3409 2894 3441 2930 a
3468 2876 3693 2930 Romanae

2143 2968 2399 3024 Ecclesiae
2418 2985 2477 3022 se
2493 2966 2845 3021 subtraxerat
2859 2967 3343 3038 ditione,primum
3362 2966 3568 3020 seinter
3582 2963 3694 3017 alias

459 3049 562 3116 les,
593 3056 658 3105 ut
709 3052 882 3106 moris
910 3047 1016 3114 est,
1069 3069 1198 3107 eum
1226 3053 1631 3110 intronizantes
1675 3056 1785 3110 alio
1825 3042 2110 3109 nomineC
2144 3058 2417 3112 Ecclesias
2470 3056 2775 3127 subjectam
2826 3072 2950 3110 esse
2991 3057 3282 3125 cognovit;
3340 3054 3481 3126 quod
3508 3051 3696 3124 quando

458 3145 798 3194 vocaverunt
823 3139 1128 3195 Victorem.

533 3226 723 3299 Hujus
745 3229 1022 3300 pontiﬁcis
1047 3235 1303 3300 tempore
1333 3231 1575 3285 moritur
1602 3231 1847 3304 inclytus
1877 3235 1987 3289 dux
2006 3239 2061 3288 et

462 3317 714 3372 marchio
742 3317 1083 3380 Bonifacius.
1115 3319 1376 3391 parvulos
1425 3320 1747 3392 relinquens
1789 3308 2056 3388 haeredes,

465 3414 527 3464 et
566 3426 680 3464 non
706 3411 873 3483 longo
894 3418 1023 3483 post
1050 3417 1305 3483 tempore
1331 3412 1653 3467 Gotefridus
1673 3414 1803 3481 dux,
1832 3416 1919 3469 vir
1948 3433 2062 3470 ma-

465 3497 707 3568 gniﬁcus
736 3504 793 3553 et
822 3499 881 3553 in
918 3499 1134 3554 bellicis
1172 3499 1340 3554 rebus
1384 3501 1811 3557 strenuissimus
1839 3504 2060 3559 Italiam

386 3622 405 3639 ε.
466 3586 716 3653 veniens,
744 3588 867 3657 ejus
894 3587 1150 3641 relictam
1179 3588 1393 3659 accepit
1432 3589 1490 3642 in
1529 3592 1850 3660 conjugem.
1901 3592 2062 3656 Quod

467 3674 703 3728 audiens
728 3675 1039 3746 imperator
1066 3670 1291 3730 Italiam
1316 3677 1487 3743 venit,
1512 3694 1753 3747 eumque
1780 3680 2063 3751 iuLongo—

466 3762 700 3817 bardiro
752 3779 926 3833 regno
981 3780 1095 3819 non
1150 3765 1377 3819 invenit.
1433 3766 1704 3821 Praefatus
1733 3768 1921 3839 itaque
1973 3786 2070 3824 rex

2145 3147 2409 3209 evenerit,
2452 3163 2626 3217 quum
2670 3145 2908 3216 posteris
2949 3145 3115 3199 credo
3161 3144 3551 3207 necessarium,
3589 3140 3696 3195 huic

2144 3236 2411 3306 opusculo
2440 3235 2686 3288 inserere
2729 3232 3052 3288 deliberavi.
3098 3230 3523 3287 Mediolanensis
3556 3230 3699 3300 igitur

2143 3324 2336 3379 civitas
2381 3324 2559 3378 totius
2608 3321 3007 3393 Longobardia':
3036 3322 3367 3392 metropolis
3392 3316 3697 3390 temporibus

2143 3413 2522 3467 Romanorum
2550 3412 2953 3482 imperatorum
2982 3410 3142 3465 sedes
3170 3417 3297 3465 erat
3317 3405 3694 3479 Augustalis,in

2145 3519 2256 3573 qua
2286 3502 2450 3555 multi
2480 3501 2724 3571 religiosi
2754 3502 2997 3554 ﬂoruere
3044 3500 3313 3571 episcopi,
3344 3500 3487 3553 inter
3511 3500 3698 3568 quoset

2144 3592 2342 3645 beatus
2362 3589 2710 3653 Ambrosius,
2739 3606 2965 3660 gemma
2992 3589 3372 3655 sacerdotum,
3400 3588 3546 3657 cujus
3565 3586 3699 3639 ﬂores

2147 3680 2495 3750 eloquiorum
2524 3695 2703 3749 usque
2731 3679 2898 3733 hodie
2925 3678 2984 3732 in
3006 3678 3255 3732 Ecclesia
3280 3678 3541 3732 redolent.

2223 3769 2326 3821 Hic
2366 3773 2591 3822 secutus
2634 3767 2950 3821 Orientales
2996 3766 3242 3837 primum
3276 3766 3620 3836 antiphonam
3656 3759 3701 3812 in

468 3849 921 3920 Longobardiam
953 3852 1181 3908 veniens
1211 3852 1270 3906 in
1302 3852 1500 3924 primis
1539 3854 1762 3909 Ottonis
1800 3858 1976 3912 ﬁliam
2015 3865 2073 3913 et
2153 3856 2397 3911 Ecclesia
2418 3856 2717 3920 decantare
2746 3855 3060 3919 constituit,
3081 3862 3139 3908 et
3157 3856 3328 3926 longo
3349 3860 3469 3926 post
3489 3859 3702 3921 tempore

471 3938 838 3994 Adelheidem
875 3941 1062 3996 adhuc
1099 3942 1435 3996 infantulam
1482 3960 1586 3998 suo
1616 3945 1831 4016 accepit
1860 3947 1975 4001 ﬁlio
2013 3949 2072 4001 in
2152 3946 2351 4000 beatus
2379 3944 2683 4014 Gregorius
2714 3943 2980 3997 cantandi
2998 3943 3243 3998 ofﬁcium
3262 3942 3460 3998 tribuit
3479 3939 3702 3996 Occiden-

473 4029 1481 4102 conjugem,sicquesedatisomnibus
1497 4033 2072 4106 Longobardiciregni
2151 4034 2379 4089 talibus.
2439 4033 2546 4098 Qui
2583 4048 2923 4103 cognoscens
2969 4033 3117 4103 quod
3166 4032 3232 4087 in
3287 4033 3497 4088 unitate
3540 4032 3704 4083 cantus

366 4184 369 4191 ι
472 4117 713 4186 negotiis
741 4119 1015 4175 invitatus
1033 4137 1228 4191 apapa
1244 4121 1539 4176 Florentiae
1561 4123 1838 4193 synodum
1864 4125 2069 4179 media-
2152 4130 2374 4179 tantum
2426 4140 2537 4178 non
2566 4129 2652 4178 est
2678 4139 2916 4193 regnum
2948 4121 3071 4187 Dei,
3115 4123 3215 4176 sed
3265 4123 3322 4177 in
3350 4117 3639 4176 obedientia
3660 4118 3706 4167 et

473 4204 590 4272 vit;
623 4205 685 4259 in
717 4223 829 4277 qua
849 4208 1064 4278 synodo
1089 4208 1320 4262 consilio
1343 4209 1677 4264 venerabilis
1708 4211 2071 4270 Hildebrandi
2154 4230 2308 4286 pace.
2347 4213 2820 4267 Mediolanensem
2860 4211 3164 4265 Ecclesium
3190 4211 3249 4265 in
3270 4210 3523 4266 omnibus
3550 4219 3704 4260 sacra-

470 4293 806 4365 Symoniaca
831 4296 1059 4351 haeresis
1080 4302 1138 4351 et
1159 4297 1485 4368 turpissima
1505 4298 1798 4354 fornicatio
1818 4301 2129 4370 sacerdo-ﬁ
2153 4303 2359 4357 mentis
2386 4309 2592 4356 sanctae
2630 4302 2894 4355 Romanae
2925 4300 3181 4355 Ecclesiae
3217 4301 3432 4355 unitam
3462 4314 3554 4370 per
3577 4307 3705 4348 reve-

472 4394 599 4444 tum
628 4388 815 4442 divino
847 4406 1114 4444 mucrone
1142 4406 1404 4460 percussa
1428 4396 1531 4444 est.
1566 4392 1712 4446 Nam
1761 4391 1821 4446 in
1872 4386 2133 4447 eadem‘U
2151 4392 2392 4446 rentiam
2422 4391 2572 4446 beati
2602 4389 2880 4445 Ambrosii
2925 4390 3187 4449 doctoris.
3241 4406 3405 4461 quem
3433 4388 3487 4442 in
3523 4386 3616 4440 hoc
3635 4396 3705 4435 se-

476 4477 691 4550 synodo
734 4477 898 4531 multi
920 4478 1307 4549 episcoporum
1328 4487 1556 4551 propter
1576 4482 2071 4552 Symoniacamde-
2151 4487 2314 4535 cutus
2344 4486 2448 4544 est,
2477 4479 2868 4534 intermiscens
2896 4479 3046 4533 illius
3075 4479 3412 4550 antiphonas
3430 4476 3539 4530 suis
3557 4467 3706 4526 canti-

475 4565 642 4638 positi
671 4569 804 4619 sunt
833 4572 891 4619 et
912 4567 1274 4637 quamplures
1305 4575 1534 4640 propter
1558 4570 1939 4625 fornicationis
1969 4571 2073 4625 cri-
2150 4569 2275 4629 bus.
2299 4569 2605 4624 secundum
2640 4568 2933 4639 antiquum
2969 4584 3181 4621 morem
3220 4574 3445 4622 cantare
3469 4558 3705 4636 permisit.

477 4670 636 4718 men;
670 4652 821 4706 inter
849 4670 990 4724 quos
1018 4660 1074 4708 et
1105 4655 1397 4728 episcopus
1424 4658 1672 4727 ejusdem
1702 4658 1944 4712 civitatis
1971 4659 2072 4713 de-
2156 4657 2290 4711 Post
2313 4657 2555 4711 multum
2587 4673 2717 4711 vero
2738 4656 3006 4727 temporis
3024 4672 3151 4710 cum
3172 4673 3234 4710 se
3255 4655 3481 4727 pnefata
3500 4646 3708 4706 Ecclesia

475 4738 693 4812 positus
740 4743 862 4806 est;
918 4740 1050 4810 quid
1099 4743 1292 4798 multis
1338 4745 1562 4798 moror?
1620 4744 1912 4799 Celebrato
1967 4747 2074 4799 rite
2157 4745 2506 4816 Symoniacze
2553 4750 2671 4799 tota
2724 4745 2960 4799 serviret
3005 4745 3285 4799 haereseos
3310 4747 3414 4815 (ita
3436 4743 3583 4797 codJ.
3608 4732 3708 4805 epi-

477 4827 736 4896 concilio,
781 4826 1167 4885 benedictione
1198 4838 1396 4887 auctus
1425 4832 1733 4903 pontiﬁcali
1771 4833 2076 4905 imperator
2158 4833 2309 4905 scopi
2344 4834 2505 4888 veriti
2558 4833 2875 4888 Romanum
2924 4834 3202 4905 judicium
3246 4834 3352 4888 hoc
3395 4825 3709 4904 proverbium

554 4970 661 5054 [Ml
687 4970 1128 5058 phristophorus
1143 4971 1388 5058 ἕδηᾶίυὲ
1422 4991 1473 5058 εί.
1507 4973 1575 5027 cl.
1609 4975 1993 5058 qui'potarum
2023 4981 2081 5031 et
2159 4975 2428 5058 Stephani
2459 4976 2688 5058 lX,_qui
2720 4976 2889 5030 etiam
2913 4976 3136 5058 egregie
3152 4976 3380 5058 vapulat
3398 4989 3513 5028 eam
3529 4967 3709 5058 obfert:

476 5041 1026 5116 animadversionum
1067 5043 1126 5097 in
1157 5044 1392 5098 Gerardi
1434 5041 1666 5116 Joannis
1699 5047 1879 5100 Vossii
1907 5047 2079 5101 libros
2160 5063 2193 5100 a
2214 5041 2280 5100 cl'.
2309 5041 2638 5111 Muratorio',
2672 5047 2867 5115 ignaro
2911 5041 3027 5101 haec
3047 5041 3097 5100 'a
3134 5041 3406 5116 scriptore
3432 5041 3709 5116 syiuchrono

476 5129 543 5188 in
564 5115 634 5169 de
660 5115 1137 5188 Hi_st.Lat.auc_t_or
1160 5121 1264 5188 est,
1288 5132 1400 5188 non
1426 5132 1456 5169 e
1484 5115 1644 5188 plebe
1665 5117 1757 5170 sed
1783 5134 1845 5171 ex
1880 5125 2079 5173 senatu
2162 5123 2419 5187 accepta;
2459 5119 2553 5171 sed
2585 5124 2641 5172 et
2662 5111 3102 5188 Papebrochium
3125 5111 3471 5171 credulitatis
3490 5111 3558 5166 ibi
3577 5120 3709 5162 accu-

478 5187 673 5259 lectus.
711 5185 780 5259 de
812 5193 992 5259 morte
1012 5185 1252 5239 Victoris
1280 5187 1420 5240 mira
1448 5185 1701 5259 quaedam
1732 5207 1766 5240 a
1791 5188 2069 5243 Bonizone
2151 5196 2257 5253 sat,
2295 5185 2628 5243 'schismatis
2673 5185 2883 5259 aliquid
2920 5188 3375 5250 subodorantem,
3407 5202 3523 5256 quae
3547 5190 3707 5259 tamen

478 5257 548 5329 {si
568 5257 792 5328 quando
811 5255 869 5309 in
894 5257 1073 5329 lucem
1096 5251 1539 5329 protraheretur)
1559 5258 1664 5311 sibi
1686 5259 2066 5329 promittebat,
2152 5251 2262 5314 non
2299 5259 2440 5313 adeo
2469 5277 2612 5313 vana
2641 5251 2809 5314 fuisse
2840 5261 3043 5314 Bonizo
3090 5268 3299 5323 noster,
3348 5251 3509 5329 rebus
3538 5251 3709 5329 obscglf

476 5317 700 5401 locfcit.
739 5345 792 5398 p.
824 5343 900 5382 In.
940 5324 1065 5396 196;
1089 5317 1188 5382 sed
1213 5329 1308 5382 ille
1336 5329 1425 5383 hic
1453 5317 1729 5398 tanquam
1768 5345 1940 5400 super
1969 5317 2069 5385 ova
2160 5332 2238 5385 ris
2270 5331 2529 5385 infestam
2560 5332 2741 5384 facem
2774 5331 3090 5401 praeferens,
3141 5317 3351 5401 palam,
3383 5327 3527 5401 facit.
3566 5328 3621 5376 ut
3658 5317 3710 5370 Ῑί·

478 5404 537 5453 et
556 5399 782 5474 aristas.
909 5470 924 5474 _
1209 5470 1219 5474 Α
1242 5471 1257 5474 _
1416 5470 1434 5474 Δ
1664 5469 1677 5474 _
1705 5471 1715 5474 _
1842 5398 1857 5400 “
2158 5404 2326 5474 quido
2355 5408 2635 5474 appareat.
2667 5398 2939 5474 magnam,
2966 5398 3558 5474 rebus—ecclesiasticis
3574 5407 3631 5474 εξ
3654 5402 3709 5474 89

550 5470 661 5540 (45)
699 5468 1077 5546 _Haec_d_en_uo
1118 5470 1351 5546 totidem
1394 5470 1524 5546 fere
1566 5469 2072 5546 verbisex‘mrstro
2154 5465 2446 5546 scriptor-0'
2472 5475 2532 5530 in
2578 5465 2791 5530 lucem'
2807 5473 3078 5546 producto
3116 5472 3482 5527 accessionem
3532 5465 3709 5520 factam

475 5540 831 5619 transcripsit
858 5541 1123 5601 Nicolaus
1162 5540 1459 5615 Aragonize
1500 5541 1804 5597 cardinalis
1852 5543 1913 5599 in
1938 5544 2071 5599 Vita
2151 5540 2341 5600 fuisse.
