3872 6168
181 265 267 337 829

1254 269 1467 339 LIBER
1505 269 1604 358 Ap—
1640 269 1966 343 ΑΜιςυΜε
2003 305 2046 314 --
2095 269 2230 340 μιβ.
2277 269 2371 340 v1.

3328 263 3444 326 .830

182 410 275 448 non
289 389 510 462 aliunde
527 406 587 460 se
607 388 814 460 habere
833 407 1034 461 papam
1057 391 1161 460 nisi
1182 408 1245 452 ex
1260 394 1520 462 paradiso
1547 393 1744 459 Italiae,
1768 397 1816 454 A
1835 401 2044 456 tentus,
2097 396 2265 459 unius
2312 395 2556 465 jumenti
2609 394 2937 464 adiumento
2994 390 3142 457 inter
3187 395 3440 453 oratones

180 484 457 551 talemque,
495 479 590 549 qui
629 479 771 532 sciat
801 481 1044 550 compati
1085 481 1508 535 ii'itirmitatibus
1535 500 1749 536 eorum.

181 572 366 626 Dehinc
389 570 537 623 ultra
553 581 770 621 montes
783 576 1026 639 pergunt
1044 571 1410 640 animumque
1433 573 1753 643 imper-atri-

181 663 260 718 cis.
284 666 475 729 utpote
531 657 837 711 femineum
884 658 1161 722 alliciunt,
1194 662 1463 728 figmenta
1496 661 1753 730 quaedam

179 752 551 817 componentes
575 747 736 816 quasi
763 746 875 801 veri
917 747 1152 804 similia.
1201 749 1343 801 Nam
1376 748 1636 803 dicebant
1665 765 1754 801 eo-

180 853 282 890 rum
306 835 618 902 dominum,
639 842 702 903 ut
721 835 998 888 lizeredem
1027 837 1181 906 regni
1212 836 1290 890 ita
1323 838 1598 891 haeredem
1634 837 1750 890 fore

178 926 559 997 patritiatus,et
591 925 816 977 beatum
850 925 1139 978 Nicolaum
1161 926 1383 978 decreto
1404 928 1751 984 Ilrmasse,ut

178 1016 340 1069 nullus
367 1015 424 1066 in
470 1014 796 1084 pontiﬁcum
846 1030 1081 1067 numero
1121 1014 1384 1084 deinceps
1427 1015 1750 1078 haberetur,

181 1105 258 1174 qui
287 1121 389 1156 non
405 1120 470 1156 ex
500 1119 777 1156 consensu
809 1103 956 1171 regis
981 1104 1300 1172 eligeretur.
1332 1104 1432 1157 llis
1465 1112 1521 1156 et
1550 1103 1754 1157 talibus

183 1192 660 1246 machinationibus
674 1192 904 1262 decepta
923 1192 1509 1260 imperatrixfeminea
1526 1193 1753 1245 licentia

183 1299 443 1335 assensum
477 1281 632 1334 dedit
659 1282 812 1351 operi
844 1281 1080 1347 nefario,
1129 1283 1291 1350 quale
1325 1298 1433 1333 non
1466 1282 1569 1334 luit
1598 1299 1629 1332 a
1660 1281 1750 1333 die.

184 1387 274 1440 qua
291 1378 480 1439 gentes
514 1386 635 1422 esse
665 1377 935 1439 ceperunt
965 1388 974 1421 :
1012 1375 1073 1422 ut
1111 1369 1184 1422 ibi
1217 1370 1401 1423 nullus
1421 1369 1749 1434 clericorum

186 1460 529 1512 Romanorum
565 1459 648 1512 vel
680 1459 948 1511 laiccrum
987 1458 1242 1527 interfuit
1280 1460 1606 1528 pontificum
1649 1459 1758 1510 ele-

183 1549 345 1607 ctioni,
381 1548 457 1600 ibi
488 1548 732 1617 pontifex
763 1548 1067 1616 eligeretur
1096 1565 1130 1600 a
1159 1548 1540 1602 consimilibus
1591 1547 1757 1598 forni-

185 1637 436 1690 catoribus
466 1643 522 1690 et
552 1636 903 1697 Simoniacis,
923 1637 1084 1706 quive
1115 1637 1392 1707 accipiens
1428 1653 1525 1706 per
1559 1652 1756 1687 manus

1846 485 2135 539 Dercetum
2167 503 2314 555 aegre
2347 485 2614 555 pervenit.

1911 575 2051 630 Dum
2102 574 2218 627 haec
2258 574 2335 628 ita
2382 591 2441 627 se
2467 572 2757 635 haberent,
2790 571 3128 632 Mediolanio
3159 571 3267 637 (ita
3301 571 3434 633 cod.)

1837 663 2104 717 canonica
2133 663 2472 716 cohabitatio
2517 662 2760 732 primum
2817 666 3008 723 exorta
3058 666 3163 722 est,
3195 675 3318 728 quae
3351 675 3441 716 res

1838 769 2098 822 magnam
2133 752 2308 804 movit
2327 751 2566 807 inimicis
2596 750 2884 808 invidiam.
2919 750 3048 802 Post
3076 757 3282 817 paucos
3312 763 3439 800 vero

1836 842 1955 904 dies
1987 849 2284 911 postquam
2324 841 2439 893 haec
2477 846 2639 907 gesta
2676 845 2827 898 sunt,
2861 837 3102 896 moritur
3133 835 3440 896 Landulfus

1839 928 2269 986 Mediolanensis
2312 929 2567 990 clericus,
2599 927 2667 980 de
2699 943 2806 996 quo
2837 912 3094 995 superius
3124 925 3437 988 retulimus,

1838 1026 1892 1070 et
1922 1018 1978 1070 in
2012 1035 2146 1088 pace
2171 1018 2441 1087 ‘sepultus
2473 1022 2576 1068 est.

1910 1109 2126 1160 Interea
2176 1106 2607 1170 Teutonicorum
2652 1103 3052 1172 archiepiscopi
3091 1108 3148 1156 et
3176 1101 3437 1176 episcopi,

1836 1195 2066 1248 abbates
2089 1196 2255 1248 duces
2289 1200 2344 1246 et
2370 1193 2604 1246 comites
2631 1192 2842 1244 curiam
2867 1191 2969 1244 sibi
2999 1189 3438 1254 constituunt,in

1838 1302 1948 1354 qua
1996 1283 2445 1337 (leliberaverunt
2491 1281 2902 1350 imperatricem
2965 1280 3164 1334 dehinc
3225 1279 3438 1349 privato

1838 1379 2082 1426 scemate
2102 1374 2281 1426 vivere
2312 1373 2604 1439 indignum
2632 1370 2952 1437 judicantes
2981 1385 3216 1439 regnum
3245 1367 3441 1421 mulie-

1837 1462 1954 1514 brir
1986 1462 2072 1531 egi
2104 1461 2355 1518 arbitrio.
2393 1468 2507 1512 tun‘
2557 1461 2690 1528 quia.
2728 1460 3002 1512 monacha
3033 1463 3174 1518 erat,
3207 1464 3261 1510 et
3290 1455 3438 1509 curis

1841 1570 1960 1605 eam
1997 1568 2104 1605 non
2138 1552 2368 1604 decebat
2390 1550 2597 1602 senirc
2624 1547 3004 1600 swcularibus.
3037 1554 3158 1600 tum
3193 1546 3325 1616 quia
3351 1563 3441 1599 eo-

1841 1658 1964 1694 rum
2001 1640 2261 1693 dominus
2322 1639 2569 1696 adultam
2614 1639 2730 1704 jam
2779 1636 3071 1694 videbatur
3118 1633 3438 1688 ascendisse

185 1726 306 1794 regis
335 1736 389 1778 et
415 1726 622 1794 reginae
648 1742 868 1778 crucem
901 1733 957 1778 et
979 1726 1200 1795 papalia
1227 1725 1470 1794 insignia
1503 1725 1572 1777 ab
1594 1725 1758 1794 aqui-
1780 1712 1818 1786 Β
1838 1737 2080 1790 aetatem,
2135 1728 2533 1796 communique
2565 1725 2794 1778 consilio
2828 1724 3120 1778 decrevere
3160 1720 3440 1776 venerabi-

185 1814 288 1867 lone
303 1816 511 1867 veniret
528 1815 947 1878 Romairi.Unde
971 1815 1276 1867 secundum
1301 1814 1596 1867 .leremiam
1627 1830 1755 1882 pan-

185 1902 318 1955 detur
341 1904 550 1956 malum
578 1904 1045 1972 superuniversos
1057 1903 1401 1956 habitatores
1421 1902 1755 1964 tereruid

185 1991 360 2060 plura?
391 1992 609 2060 eligunt
639 1992 744 2045 sibi
777 1993 1131 2059 Parmensem
1158 1992 1446 2048 tladolum,
1476 1993 1651 2044 virum
1678 1991 1758 2043 di-

185 2080 306 2132 vitiis
335 2081 690 2150 locupletem,
725 2080 1022 2134 virtutibus
1052 2097 1322 2150 egenum;
1371 2080 1465 2150 qui
1516 2081 1757 2149 stipatus

186 2169 347 2221 multis
378 2168 654 2222 militibus
686 2169 916 2222 intravit
947 2167 1389 2238 Longobardiam
1425 2168 1634 2221 habens
1665 2184 1756 2220 se-

187 2274 288 2310 cum
315 2259 365 2310 in
395 2253 667 2311 comitatu
701 2257 1019 2311 Cervicosos
1041 2259 1330 2327 episcopos
1355 2257 1758 2325 Longobardim

187 2347 468 2412 nescientes
500 2363 669 2399 suave
702 2348 902 2415 jugum
948 2347 1168 2400 Domini
1200 2347 1346 2399 ferre
1393 2348 1547 2400 Tunc
1581 2347 1757 2399 Simo-

188 2436 308 2489 niaci
350 2435 689 2489 laetabantur
752 2435 1120 2488 Concubinati
1165 2453 1292 2488 vero
1322 2436 1638 2489 sacerdotes
1670 2435 1756 2487 in-

184 2525 315 2591 genti
334 2524 685 2577 exsultabant
707 2525 1085 2593 tripudioﬁed
1106 2525 1236 2594 quid
1253 2523 1753 2593 plura.Secundum

187 2613 462 2682 evangelio:
490 2613 785 2680 niverbum
811 2613 991 2666 omnis
1008 2613 1304 2665 exsultatio
1329 2613 1562 2664 istorum
1591 2611 1754 2664 unius

188 2703 412 2755 mulieris
439 2703 879 2754 contradictione
911 2709 1071 2754 terrae
1103 2708 1380 2770 prostrata
1403 2708 1504 2767 est,
1543 2707 1755 2752 tantus-

187 2807 276 2860 que
316 2791 684 2863 superborum
733 2798 1056 2862 potentatus
1094 2792 1213 2844 sola
1246 2790 1491 2842 Beatrice
1524 2788 1759 2841 interdi-

186 2889 319 2933 cente
349 2881 502 2934 velut
522 2880 976 2944 fuinusevanuit;
1012 2880 1106 2932 sed
1139 2896 1248 2932 non
1280 2880 1446 2948 longo
1469 2883 1592 2947 post
1622 2885 1758 2930 tem-

185 2985 298 3038 pore
336 2970 599 3040 praefatus
648 2961 890 3022 Cadolus
933 2968 1124 3020 furtim
1161 2967 1465 3020 Bononiam
1498 2966 1668 3030 venit,
1703 2966 1759 3018 in

1842 1821 1946 1872 lem
1983 1820 2208 1873 Annone
2227 1834 2278 1870 m
2305 1815 2692 1869 Coloniensem
2716 1813 3197 1882 archiepiscopum
3226 1811 3440 1878 regiset

1839 1909 2045 1977 regina:
2069 1914 2261 1960 tenere
2288 1894 2690 1974 gubernacula,
2715 1903 3168 1972 deponentesque
3207 1897 3440 1952 Guiber-

1841 2003 1963 2051 tum
2005 1995 2186 2048 Italici
2235 1993 2388 2062 regni
2426 1991 2760 2059 Gregorium
2787 1989 3196 2044 Vercellenscm
3225 1985 3438 2044 consti-

1844 2094 2002 2139 tuere
2024 2083 2438 2137 cancellarium.

1915 2173 2184 2226 Praefatus
2219 2188 2345 2224 vero
2393 2187 2539 2222 anno
2574 2169 2651 2221 nil
2678 2167 2877 2220 melius
2898 2166 3150 2234 cogitans
3177 2180 3345 2234 quam
3379 2167 3441 2216 ut

1841 2280 2074 2331 regnum
2099 2259 2412 2322 sacerdotio
2435 2259 2690 2312 uniretur
2708 2256 2924 2318 léaliani
2945 2255 3174 2317 veniens
3204 2253 3440 2317 Romam

1842 2352 2040 2405 tendit.
2074 2365 2389 2420 papamque
2418 2346 2694 2402 convenit.
2740 2362 2838 2398 cur
2869 2343 3079 2412 absque
3101 2344 3264 2411 jussu
3293 2340 3442 2409 regis

1844 2440 2156 2493 Romanum
2181 2438 2431 2505 accipere
2452 2452 2624 2487 ausus
2659 2434 2734 2486 sit
2755 2433 3164 2504 pontiﬁcatum,
3196 2430 3286 2482 cui
3315 2444 3442 2482 cum

1841 2531 1955 2582 Deo
1984 2527 2241 2580 amabilis
2267 2525 2676 2578 llildebrandus
2706 2523 2939 2575 dixisset
2967 2522 3022 2574 in
3046 2521 3317 2580 electione
3336 2519 3444 2572 Ro-

1844 2633 2136 2670 manorum
2167 2615 2490 2684 pontificum
2527 2611 2830 2665 secundum
2865 2612 3089 2663 decreta
3118 2615 3442 2673 sanctorum

1844 2708 2071 2760 Patrum
2099 2705 2174 2758 nil
2221 2704 2444 2772 regibus
2480 2718 2600 2754 esse
2631 2718 2974 2756 concessum,
3009 2705 3062 2752 et
3094 2699 3186 2750 ille
3217 2712 3444 2765 respon-

1841 2796 2017 2857 diSSet
2062 2811 2126 2846 ex
2160 2793 2484 2863 patritiatus
2524 2791 2624 2854 hoc
2656 2791 2821 2842 licere
2856 2788 2960 2840 sibi
2992 2787 3285 2855 dignitate.
3315 2800 3444 2837 mox

1842 2882 2174 2942 venerabilis
2203 2880 2632 2943 archidiaconus
2664 2878 2763 2930 has
2793 2875 3089 2946 synodales
3116 2873 3319 2942 objecit
3343 2888 3442 2942 po.-

1843 2973 2094 3026 sitiones.
2131 2988 2192 3023 ex
2227 2969 2487 3038 Symachi
2535 2967 2768 3037 synodo.
2800 2967 2857 3030 in
2887 2982 2997 3033 qua
3041 2963 3346 3028 interfuere
3376 2975 3443 3015 cr.

184 3073 276 3124 qua
302 3075 430 3111 suos
461 3058 772 3126 expectavit
793 3057 1014 3116 milites,
1040 3055 1488 3126 quibusreceptis
1522 3055 1752 3108 Romam
1773 3060 1819 3121 Ο
1844 3061 2086 3132 episcopi
2119 3077 2128 3108 :
2155 3059 2490 3112 Laurentius
2515 3055 2947 3110 Mediolanensis
2964 3053 3253 3123 episcopus
3267 3052 3406 3104 dixit
3429 3070 3440 3103 :

184 3148 359 3214 tendit,
387 3156 620 3217 portans
648 3163 835 3200 secum
864 3146 1114 3214 ingentia
1147 3144 1268 3197 auri
1288 3152 1342 3197 et
1367 3144 1582 3212 argenti
1623 3160 1760 3213 pon-

186 3235 316 3288 dera.
350 3237 459 3290 Sed
499 3241 630 3288 tunc
671 3252 779 3288 non
810 3235 1036 3288 defuere
1072 3235 1258 3287 Romm
1287 3233 1387 3285 viri
1418 3233 1762 3302 pestilentes,

185 3331 415 3378 amantes
445 3325 800 3394 semetipsos,
833 3325 989 3376 avari
1020 3329 1076 3376 et
1105 3323 1313 3392 cupidi,
1345 3322 1439 3392 qui
1472 3321 1522 3374 ei
1556 3338 1615 3373 se
1641 3337 1766 3373 con-

181 3413 412 3481 junxere,
465 3415 616 3466 inter
662 3429 800 3483 quos
850 3420 905 3465 et
948 3411 1180 3465 Romani
1219 3410 1497 3481 capitanei
1521 3410 1767 3462 volentes

187 3502 476 3556 Romanam
503 3502 696 3555 urbem
721 3502 1036 3570 opprimere
1051 3507 1105 3553 et
1127 3499 1230 3552 sub
1254 3506 1584 3570 potestatem
1605 3515 1762 3551 suam

189 3599 238 3642 ut
257 3592 564 3662 antiquitus
599 3591 868 3660 redigere.

249 3682 460 3734 interea
500 3679 622 3733 Deo
653 3679 874 3732 odibilis
903 3679 996 3736 ille
1041 3678 1095 3730 in
1128 3684 1287 3748 prato
1319 3677 1554 3730 Neronis
1583 3682 1767 3729 castra

190 3774 412 3836 metatus
444 3780 550 3836 est,
582 3769 906 3837 occultoque
932 3767 1028 3820 Dei
1054 3767 1267 3836 judicio
1297 3766 1438 3818 bello
1468 3766 1765 3818 commisso

187 3856 342 3908 victor
369 3857 651 3927 apparuit.
700 3857 826 3914 Sed,
861 3874 891 3908 ο
919 3855 1217 3909 inelfabilis
1259 3855 1355 3907 Dei
1392 3855 1756 3924 providentia,

186 3960 214 3994 ο
241 3945 372 3998 mira
404 3947 501 3999 Dei
522 3945 840 4006 clementia,
862 3946 957 4014 qui
987 3945 1155 4009 victor
1186 3943 1420 4012 exstitit,
1457 3935 1760 4012 antequam

189 4034 382 4086 mensis
434 4045 585 4087 esset
635 4040 952 4087 transactus
991 4031 1246 4085 veniente
1287 4032 1425 4101 duce
1475 4031 1763 4092 Gotefrido

187 4121 424 4184 Romam,
454 4122 648 4175 multis
691 4121 944 4191 precibus
975 4128 1031 4174 et
1061 4120 1370 4189 magnificis
1401 4120 1562 4172 donis
1587 4120 1766 4172 eidem

187 4209 302 4278 duci
331 4213 544 4272 collatis
572 4212 658 4264 vix
679 4219 739 4278 ut
762 4211 936 4263 victus
958 4210 1636 4278 discederet,impetravit.
1663 4210 1767 4271 Qui

189 4300 395 4368 veniens
419 4302 682 4370 Parmam
716 4300 783 4352 ad
804 4298 1084 4351 officinam
1107 4298 1291 4351 saeculi
1324 4297 1636 4367 iniquitatis
1658 4299 1770 4350 col-

1848 3167 1960 3203 non
2000 3149 2211 3219 placuit
2259 3148 2397 3199 laico
2447 3146 2806 3199 statuendum
2854 3145 2910 3196 in
2963 3142 3205 3196 Ecclesia
3236 3140 3442 3194 habere

1849 3240 2093 3308 aliquam
2128 3243 2480 3306 potestatem,
2500 3235 2588 3288 cui
2617 3232 2991 3302 subsequendi
3014 3237 3242 3286 maneat
3262 3244 3449 3283 neces-

1851 3330 1988 3382 sitas
2010 3344 2119 3380 non
2146 3327 2449 3380 auctoritas
2479 3323 2812 3395 imperandi.

1926 3417 2173 3472 Eulalius
2223 3416 2512 3486 episcopus
2566 3415 2930 3484 Syracusanae
2975 3409 3227 3475 Ecclesiae
3261 3408 3444 3473 dixit;

1851 3507 1998 3570 laici,
2020 3506 2271 3576 quamvis
2299 3504 2542 3573 religiosi
2566 3504 2718 3556 nulla
2741 3502 2808 3554 de
2831 3498 3215 3554 ecclesiasticis
3235 3495 3450 3565 aliquid

1851 3595 2184 3666 disponendi
2216 3594 2681 3662 legiturunquam
2713 3589 2983 3650 attributa
3013 3586 3450 3639 facultas.Cum-

1851 3701 1958 3755 que
1982 3686 2072 3738 ille
2105 3685 2331 3738 decreta
2360 3699 2512 3752 papze
2537 3680 2751 3734 Nicolai
2781 3677 3077 3747 objecisset
3107 3675 3269 3743 eique
3294 3673 3449 3728 citis-

1850 3775 1989 3827 sime
2037 3790 2136 3843 per
2181 3773 2461 3824 decretum
2513 3770 2763 3839 ejusdem
2796 3784 2950 3836 papae
2979 3764 3214 3822 Nicolai,
3249 3763 3306 3814 in
3339 3776 3448 3830 quo

1847 3875 1968 3913 cxw
1990 3856 2231 3927 episcopi
2269 3855 2664 3925 subscripsere,
2699 3853 2980 3922 obviatum
3035 3849 3250 3911 fuisset,
3285 3861 3445 3919 roga-

1849 3948 1926 4000 vit
1979 3947 2246 4016 praefatus
2287 3943 2738 4012 archiepiscopus
2785 3939 3080 4010 dominum
3132 3931 3355 4006 papam,
3393 3937 3455 3988 ut

1849 4031 2179 4105 dignaretur
2217 4033 2493 4102 synodun
2524 4044 2864 4100 congregare.
2897 4033 2952 4079 et
2987 4025 3260 4097 rationein
3293 4023 3360 4075 de
3393 4037 3452 4072 se

1854 4125 2106 4177 reddere.
2149 4122 2308 4188 Quod
2355 4127 2414 4172 ut
2461 4119 2556 4171 ille
2588 4117 2817 4189 audivit,
2854 4116 2983 4168 licet
3011 4131 3043 4166 a
3071 4114 3453 4174 Romanorum

1854 4213 2181 4282 pontiﬁcum
2207 4211 2309 4264 hoc
2331 4216 2477 4261 esset
2507 4208 2751 4259 alienum
2783 4202 3076 4273 dignitate,
3100 4207 3290 4253 tamen
3322 4198 3454 4276 quia

1862 4300 2164 4353 necessitas
2197 4297 2450 4367 urgebat,
2502 4295 2685 4348 facere
2725 4291 2999 4364 promisit.
3035 4305 3276 4358 moxque
3305 4286 3455 4362 apud

187 4385 317 4456 lecta
351 4389 585 4461 pecunia
615 4396 672 4448 et
704 4395 987 4456 transacto
1019 4403 1165 4439 anno
1213 4387 1428 4439 occulte
1463 4387 1623 4456 quasi
1656 4386 1763 4449 fur,
1787 4378 1833 4434 D
1856 4391 2143 4451 Mantuam
2191 4386 2466 4455 synodum
2515 4388 2901 4443 evocaverunt,
2945 4381 3004 4450 in
3063 4394 3174 4453 qua
3215 4377 3455 4453 Cadolus

184 4473 503 4548 lloinaniam
538 4477 900 4546 venit,ibique
921 4477 1051 4528 data
1073 4491 1275 4543 magna
1292 4475 1523 4544 pecunia
1547 4474 1771 4545 collegit

186 4565 589 4618 multitudinem
631 4565 884 4634 equitum
936 4563 1330 4632 adjuvantibus
1378 4562 1684 4631 capitaneis
1716 4568 1772 4615 et

182 4652 508 4720 quibusdam
541 4653 816 4722 pestiferis
851 4653 1116 4705 Romanis
1135 4661 1298 4703 noctu
1330 4650 1610 4702 civitatem
1642 4651 1773 4704 Leo-

182 4743 400 4794 nianam
431 4743 676 4795 intravit.
710 4750 768 4794 et
793 4741 1085 4794 ecclesiam
1121 4741 1183 4794 S.
1230 4740 1378 4792 Petri
1411 4739 1640 4798 invadit,
1665 4755 1775 4791 ma-

182 4845 356 4899 neque
389 4831 531 4903 facto
566 4838 758 4883 tantus
778 4841 962 4883 terror
981 4829 1197 4901 cmlitus
1233 4827 1560 4897 militesqui
1582 4845 1772 4880 secum

183 4927 462 4980 venerant,
489 4919 720 4989 invadit,
745 4928 808 4971 ut
836 4934 1027 4989 omnes
1054 4917 1274 4990 nemine
1306 4925 1540 4989 cogente
1572 4917 1689 4969 solo
1710 4933 1773 4968 eo

181 5007 369 5059 relicto
415 5008 470 5060 in
512 5008 764 5061 ecclesia.
797 5007 984 5080 fugam
1018 5006 1353 5074 arriperent,
1396 5006 1508 5074 qui,
1542 5005 1773 5057 consilio

182 5098 367 5150 Cencii
397 5098 685 5170 cujusdam
741 5098 985 5168 pestiferi
1023 5096 1278 5168 Romani,
1303 5105 1548 5148 castrum
1588 5095 1775 5148 Sancti

179 5185 375 5256 Angeli
397 5186 641 5244 intravit,
666 5186 855 5257 ibique
885 5203 943 5238 se
971 5193 1186 5254 tutatus
1218 5193 1318 5236 est.
1357 5191 1375 5233 t
1403 5185 1456 5236 ui
1494 5184 1546 5235 in
1579 5184 1774 5256 eodem

181 5285 363 5328 castro
396 5293 489 5348 per
513 5277 652 5328 duos
675 5293 852 5327 annos
874 5274 1097 5327 obsesso
1124 5279 1247 5346 post
1280 5273 1484 5326 multas
1509 5281 1565 5332 et
1595 5273 1775 5324 varias

181 5363 548 5428 calamitates,
581 5381 721 5433 quas
752 5363 889 5416 inibi
915 5379 1109 5437 passus
1137 5368 1242 5418 est,
1284 5377 1393 5437 non
1428 5368 1558 5414 ante
1584 5361 1775 5414 datum

183 5463 262 5506 est
309 5453 362 5526 ei
399 5454 521 5506 inde
552 5453 722 5527 exire,
757 5468 924 5523 quam
955 5452 1025 5504 ab
1058 5451 1250 5523 eodem
1278 5450 1481 5520 Cencio
1515 5451 1779 5523 trecentis

183 5541 341 5617 libris
363 5543 576 5617 argenti
607 5559 667 5614 se
691 5541 1054 5612 comparavit,
1098 5555 1321 5615 unoque
1345 5539 1609 5613 clientulo
1650 5536 1784 5613 con-

1855 4495 1980 4544 cum
2033 4475 2526 4546 Longobardorum
2572 4472 2846 4543 episcopis
2899 4475 3087 4540 posset
3113 4461 3450 4542 convenire;

1856 4566 1950 4618 sed
1987 4563 2475 4635 Longobardorum
2489 4559 2731 4634 episcopi
2753 4575 2860 4611 una
2880 4576 3002 4611 cum
3020 4575 3213 4629 eorum
3248 4563 3455 4609 metro-

1856 4655 2103 4724 politano
2134 4670 2326 4704 omnes
2352 4652 2446 4703 illo
2479 4666 2786 4704 convenere
2816 4654 3018 4718 praeter
3045 4646 3336 4720 Cadolum,
3360 4646 3456 4722 qui

1858 4741 2196 4795 conscientia
2221 4745 2517 4791 accusante
2545 4738 2731 4790 venire
2752 4737 2951 4810 timuit.
2971 4733 3314 4810 Venerabilis
3329 4750 3456 4809 vero

1861 4849 2002 4902 papa
2045 4830 2271 4902 veniens
2307 4829 2589 4900 Mantuam
2623 4831 2679 4877 et
2712 4826 2984 4878 rationem
3032 4823 3100 4876 de
3128 4839 3186 4896 se
3220 4823 3458 4899 reddens

1857 4918 2125 4971 citissime
2165 4932 2359 4968 omnes
2413 4914 2668 4968 inimicos
2725 4912 2854 4964 fecit
2895 4911 3131 4964 amicos.
3166 4912 3305 4964 Nam
3335 4927 3460 4984 mox

1858 5025 2053 5062 omnes
2109 5003 2460 5074 Longobardi
2509 5001 2750 5077 episcopi
2792 5000 3023 5070 pedibus
3056 5000 3171 5076 suis
3212 5000 3458 5052 advoluti

1859 5113 1983 5149 reos
2013 5112 2071 5147 se
2097 5091 2463 5146 esseconfessi
2498 5091 2715 5164 veniam
2747 5090 2955 5162 petiere
2986 5096 3044 5142 et
3064 5088 3454 5156 impetravere.

1861 5182 2060 5250 Sicque
2085 5194 2257 5250 regno
2290 5183 2345 5228 et
2383 5175 2694 5227 sacerdotio
2726 5175 2882 5226 u'nito
2914 5189 3056 5244 papa
3091 5188 3215 5222 cum
3251 5171 3459 5240 honore

1865 5269 2101 5324 Romam
2137 5265 2426 5324 remeavit.
2460 5265 2666 5334 quique
2699 5279 2826 5314 vero
2849 5260 3089 5330 episcopi
3120 5275 3243 5310 cum
3267 5258 3460 5334 alacri-

1859 5366 1975 5412 tate
2005 5355 2310 5410 tenderunt
2331 5353 2398 5405 ad
2432 5349 2825 5423 propriaHuic
2848 5355 3004 5400 tanto
3027 5345 3258 5398 consilio
3286 5346 3460 5422 inter-

1863 5449 2016 5502 fuere
2045 5426 2157 5518 dux
2191 5442 2510 5518 Gotefridus
2537 5448 2593 5495 et
2615 5441 2745 5494 Otto
2771 5439 2910 5514 Saxo
2931 5435 3040 5488 dux
3059 5424 3455 5508 liajoariorum.

1933 5523 2033 5611 ~llis
2066 5517 2146 5587 ita
2177 5517 2474 5605 trans-acus
2506 5546 2598 5582 rex
2625 5527 2840 5613 accepit
2871 5525 3164 5614 conjugem
3192 5518 3306 5600 Deo
3328 5519 3462 5588 dile-
