3872 6168
477 262 575 323 831
1488 272 1803 333 BONIZON
1810 276 1877 335 IS
1914 270 2355 335 PLACENTINI
2393 269 2741 329 EPISCOPI.
3579 270 3666 333 83?.

478 394 626 446 ctam
656 390 901 461 Bertam,
926 392 1103 449 filiam
1132 392 1357 451 Ottonis
1383 401 1442 452 et
1467 398 1717 457 Adaletre
1745 402 1937 474 [supra
1959 406 2064 459 lin.
2086 404 2131 463 A
2153 399 2479 454 modernam
2550 396 2727 452 occuli
2788 392 3048 450 draconis
3092 394 3339 450 astutiam
3382 397 3669 455 unanimiter

478 480 842 553 Adalheidae].
868 499 1033 554 quam
1052 490 1214 555 pater
1240 502 1376 541 suus
1406 487 1737 545 infantulam
1769 492 1874 546 sibi
1901 492 2070 546 dede-
2153 489 2423 543 incitavit.
2456 487 2635 552 Quam
2667 485 2736 539 ob
2761 502 2879 539 rem
2918 483 3127 539 sanctis
3152 484 3417 540 conatibus
3441 488 3606 543 vestris
3625 498 3671 544 et

481 574 572 623 rat
599 571 911 637 infantulo;
942 572 1037 643 qui
1062 571 1166 627 rite
1191 574 1486 631 celebratis
1507 579 1719 649 nuptiis
1734 580 2071 651 perseregni
2156 579 2322 648 hujus
2358 582 2567 631 sancta:
2603 574 2754 629 sedis
2809 573 3126 645 apostolica”:
3161 574 3371 627 accedat
3410 575 3558 644 vigor.
3590 579 3671 631 hoc

479 658 646 729 caepit
691 665 885 715 tenere
911 661 1312 732 gubernacula,
1346 682 1585 736 moxque
1612 674 1841 737 rogatus
1867 686 1901 723 a
1931 669 2072 723 Gui—
2154 666 2338 737 ipsum
2355 665 2509 737 apud
2531 680 2623 717 vos
2643 662 3670 735 peromniadecernimusobservandum.

477 743 623 799 done
639 746 1041 803 Mediolanensi
1063 751 1481 824 archiepiscopo
1500 754 1936 811 Cremonensem
1959 756 2074 828 epi-
2154 755 2301 826 quod
2332 771 2367 807 a
2394 752 2601 807 sanctis
2625 751 3130 823 praedecessoribus
3159 750 3353 804 nostris
3378 757 3430 805 et
3450 768 3480 805 a
3500 756 3673 807 cunctis

476 841 765 907 scopatum
797 854 900 891 suo
928 840 1119 910 nepoti
1154 841 1383 896 donavit
1417 844 1671 910 Arnulfo,
1704 846 1800 916 qui
1830 846 2074 917 qualiter
2154 860 2297 915 pene
2321 848 2643 897 sanctorum
2672 856 2949 895 canonum
2978 839 3349 893 conditoribus
3370 856 3470 893 non
3488 841 3672 910 ambigi-

476 922 945 980 Cremonensibus
1001 934 1305 999 antequam
1358 930 1663 1001 eligeretur
1718 940 2071 989 sacramento
2156 949 2281 988 mus
2312 932 2650 994 institutum,
2683 929 2958 994 videlicet,
2991 934 3057 982 ut
3084 933 3195 981 tam
3226 927 3518 983 subdiaconi
3541 947 3673 1000 quam

471 1012 749 1083 juraverit
768 1032 1051 1086 quamque
1074 1017 1129 1071 in
1149 1018 1456 1089 primordio
1482 1021 1619 1075 levis
1640 1022 1888 1077 moribus
1906 1040 2073 1094 appa-
2155 1020 2393 1086 diaconi,
2427 1020 2525 1073 sed
2556 1025 2613 1074 et
2631 1036 2731 1091 per
2751 1017 2993 1071 maxime
3017 1017 3343 1081 secordotes,
3359 1018 3444 1088 qui
3475 1019 3674 1073 mulieri-

479 1100 615 1162 ruit.
652 1102 786 1173 quia
827 1104 1017 1159 multis
1059 1107 1226 1161 credo
1266 1109 1563 1164 notissima
1592 1111 1788 1165 omitto
1818 1129 2069 1167 narrare.
2157 1108 2259 1164 bus
2287 1110 2499 1163 carnali
2527 1108 2863 1163 commercio
2892 1106 3288 1160 admiscentur.
3326 1112 3380 1159 et
3414 1105 3678 1161 Simoniaca

481 1190 588 1243 Sed
608 1192 923 1247 venditores
953 1194 1321 1250 Ecclesiarum
1338 1199 1778 1254 Mediolanenses
1794 1202 2071 1272 capitanei
2153 1199 2316 1252 sorde
2347 1197 2542 1269 polluti
2558 1202 2771 1254 suut.et
2794 1194 3181 1248 ecclesiasticis
3205 1202 3421 1247 careant
3448 1193 3677 1248 beneﬁciis

477 1281 536 1327 et
562 1291 931 1344 varvassores,
964 1294 1090 1333 cum
1143 1281 1393 1336 viderent
1448 1300 1508 1336 se
1556 1285 1807 1355 pecuniis
1845 1286 2067 1352 nudari,
2154 1293 2211 1341 et
2256 1292 2531 1358 perceptae
2570 1284 2860 1357 priventur
2892 1282 3074 1337 officio
3115 1282 3679 1353 dignitatis-Indignum

476 1363 983 1425 contristabantur.
1034 1369 1433 1442 occasioneun
1491 1378 1719 1443 accepta
1776 1375 2069 1444 cujusdam
2153 1382 2239 1431 est
2267 1377 2439 1441 enim,
2475 1380 2539 1429 ut
2566 1374 2661 1444 qui
2699 1374 2782 1427 vel
2812 1389 2912 1444 per
2942 1372 3396 1426 incontinentiam
3432 1371 3588 1425 carnis
3618 1372 3680 1425 vel

476 1451 891 1521 praedicationis
928 1473 1095 1527 quam
1135 1459 1463 1514 venerabilis
1492 1461 1753 1516 Arialdus
1780 1462 1986 1517 fecerat
2014 1463 2070 1517 in
2154 1482 2255 1536 per
2301 1463 2702 1519 commercium
2733 1462 3019 1532 sacrilegae
3048 1460 3359 1515 venalitatis
3386 1460 3598 1530 suscepti
3619 1476 3683 1513 or-

477 1541 684 1611 populo
713 1542 922 1607 dicens,
949 1562 1060 1600 non
1091 1546 1255 1601 licere
1277 1550 1536 1619 jejunare
1566 1550 1623 1605 in
1649 1551 1847 1605 diebus
1876 1553 2073 1606 Pente-
2154 1552 2302 1607 dinis
2322 1553 2570 1625 privatur
2596 1552 2825 1611 honore,
2854 1550 3231 1605 ecclesiastica
3249 1550 3481 1620 potiatur
3496 1549 3684 1602 ulterius

476 1634 676 1695 costes,
705 1631 1035 1688 seditionem
1060 1643 1284 1691 movent
1309 1637 1366 1691 in
1392 1638 1783 1709 populo,quasi
1809 1640 1913 1693 hoc
1925 1647 2074 1695 esset
2153 1642 2440 1696 facultate.
2467 1640 2712 1697 Caeteros
2732 1646 2923 1695 autem
2946 1640 3198 1699 clericos.
3219 1639 3314 1708 qui
3337 1637 3566 1691 videlicet
3584 1636 3684 1690 infe-

475 1725 672 1819 contra
710 1718 857 1775 beati
887 1721 1168 1778 Ambrosii
1207 1724 1451 1792 litanias,
1482 1727 1711 1781 domum
1742 1728 2069 1783 clericorum
2090 1759 2135 1819 Β
2155 1729 2397 1805 rioribus
2412 1728 2936 1802 potiunturofﬁciis,
2953 1728 2998 1781 si
3025 1727 3300 1798 legalibus
3326 1726 3571 1796 conjugiis
3586 1731 3687 1778 sunt

472 1805 642 1862 simul
686 1809 990 1866 viventium
1037 1813 1329 1885 diripiunt.
1376 1814 1674 1887 ipsumque
1712 1822 1838 1887 post
1864 1802 2385 1889 paucosuobligati
2426 1819 2484 1873 in
2537 1818 2653 1872 suis
2693 1817 2961 1888 gradibus
3005 1832 3236 1871 manere
3287 1815 3620 1887 prmcipimus,
3646 1820 3686 1866 et

472 1894 593 1950 dies
616 1912 654 1950 ει
683 1897 907 1953 civitate
936 1902 1238 1973 expellunt.
1284 1903 1421 1958 Cum
1455 1920 1688 1975 peregre
1716 1906 2072 1976 proﬁciscens
2154 1908 2529 1978 competentia
2559 1906 2917 1961 ecclesiastici
2942 1913 3203 1976 sumptus
3233 1903 3487 1958 beneﬁcia
3505 1920 3598 1956 non
3614 1919 3687 1955 ne-

475 1986 765 2055 conjunxit
791 2004 917 2043 cum
945 2007 1011 2044 eo
1041 1992 1267 2062 quidam
1300 1994 1419 2047 solo
1451 1994 1679 2047 nomine
1707 1996 1987 2057 sacerdos,
2015 2001 2073 2049 et
2151 2013 2371 2067 gamus.
2417 1996 2526 2051 Sed
2559 1996 2693 2067 quia
2728 1996 2997 2049 nonnulla
3033 2000 3232 2066 praeter
3275 1994 3386 2048 haec
3435 2009 3544 2063 quae
3568 1991 3684 2044 vobis

475 2089 605 2127 eum
652 2077 983 2149 propinquis
1027 2081 1428 2153 archiepiscopi
1464 2083 1714 2145 tradidit,
1741 2100 1907 2154 quem
1936 2084 2074 2138 acci-
2155 2091 2290 2140 sunt
2311 2086 2616 2140 admodum
2637 2085 2970 2147 necessaria,
2991 2091 3053 2138 ut
3074 2100 3108 2137 a
3131 2088 3324 2138 nostra
3346 2080 3691 2153 respondeatur

478 2163 696 2234 pientes
740 2173 797 2221 et
831 2185 960 2223 eum
990 2170 1251 2225 omnibus
1298 2171 1564 2226 membris
1593 2172 1950 2227 debilitantes
1971 2190 2072 2244 po-
2156 2175 2490 2229 auctoritate
2519 2174 2828 2236 consulitis,
2858 2174 3155 2228 hortamur
3180 2179 3240 2227 ut
3273 2170 3524 2243 synodale
3546 2167 3690 2223 conci-

477 2259 687 2310 stremo
719 2257 776 2312 in
808 2258 990 2314 lacum
1020 2268 1362 2316 necaverunt
1388 2263 1510 2334 [rox
1538 2271 1876 2319 necaverunt
1906 2280 2072 2318 eram
2154 2263 2316 2325 lium.
2348 2262 2496 2333 quod
2526 2268 2754 2316 auctore
2784 2262 2896 2315 Deo
2928 2266 3053 2333 post
3083 2260 3398 2332 proximum
3420 2258 3606 2312 Pascha
3629 2273 3694 2309 ce-

476 2343 647 2396 alter-i
673 2348 1093 2402 vom'substituta
1108 2352 1169 2402 in
1192 2351 1438 2421 cod.].Cu
1439 2352 1532 2421 jus
1546 2369 1750 2423 corpus
1773 2358 2068 2424 postquam
2153 2352 2424 2406 lebraturi
2452 2368 2648 2406 sumus
2671 2351 2974 2422 prudentes
2995 2367 3060 2403 ex
3081 2348 3239 2403 vobis
3263 2349 3407 2402 viros
3426 2347 3593 2401 venire
3608 2362 3692 2399 non

474 2430 667 2486 decem
698 2450 919 2489 menses
948 2437 1052 2491 sub
1081 2456 1226 2510 aqua
1241 2439 1438 2511 jacuit,
1462 2442 1767 2495 revelatum
1790 2441 2071 2505 est.Quod
2154 2440 2363 2511 pigeat,
2394 2440 2485 2511 qui
2517 2439 2680 2494 nobis
2708 2439 2980 2511 quidquid
3006 2438 3347 2508 exigendum
3387 2441 3486 2498 est,
3510 2434 3696 2489 vestris-

476 2526 541 2575 ut
569 2522 782 2578 audivit
816 2524 1253 2591 Herlimbaldus,
1280 2529 1453 2583 frater
1481 2530 1731 2600 praedicti
1785 2530 2067 2594 Landulfi,
2155 2545 2263 2599 que
2294 2528 2633 2584 utilitatibus
2660 2528 3059 2582 conferendum
3097 2543 3213 2581 non
3255 2543 3354 2599 per
3374 2525 3566 2597 judicia
3586 2524 3698 2576 litte-

476 2611 1086 2686 Germanus,colligens
1101 2634 1326 2672 omnem
1343 2619 1759 2673 multitudinem
1779 2618 2071 2672 Paterino-
2155 2634 2366 2678 rarum.
2401 2618 2497 2671 sed
2531 2634 2629 2688 per
2658 2617 2790 2671 vivae
2822 2616 2968 2671 vocis
3007 2616 3253 2670 ofﬁcium
3287 2619 3530 2687 patenter
3563 2628 3697 2683 expo-

480 2716 626 2765 rum,
679 2703 878 2758 tandiu
924 2711 1109 2760 castra
1165 2709 1606 2779 prepinquorum
1666 2706 2070 2779 archiepiscopi
2155 2712 2313 2761 nant.
2346 2707 2491 2761 Huic
2520 2706 2671 2760 enim
2698 2705 2862 2761 bello.
2896 2706 3041 2777 quod
3074 2706 3195 2759 zelo
3214 2704 3385 2759 divini
3407 2704 3611 2758 fervoris
3631 2717 3700 2754 es-

480 2786 716 2856 obsedit,
760 2791 939 2846 donec
976 2809 1177 2865 corpus
1207 2794 1538 2849 venerabilis
1565 2795 1781 2849 Airaldi
1808 2795 1860 2849 ei
1888 2794 2071 2848 reddi-
2149 2795 2225 2850 tis
2242 2795 2491 2865 aggressi
2512 2812 2622 2849 non
2652 2795 3023 2866 segniter,sed
3045 2794 3203 2849 omni
3223 2794 3444 2849 virtutis
3459 2790 3701 2852 instantia,

478 2876 703 2932 derunt.
764 2880 923 2943 Quod
970 2883 1269 2937 Mediolani
1323 2884 1572 2938 delatum
1613 2885 1670 2938 in
1729 2884 1960 2938 ecclesia
2009 2884 2067 2938 S.
2152 2884 2405 2939 Romana
2434 2884 2594 2938 sedes
2622 2884 2882 2949 accurrit,
2904 2883 3198 2938 brachium
3226 2882 3702 2955 porrigit,clypeum

477 2965 617 3020 Celsi
674 2985 895 3025 summo
937 2987 1061 3025 cum
1120 2972 1331 3028 honore
1368 2974 1664 3027 humatum
1711 2978 1815 3034 est,
1847 2972 1943 3027 ubi
1971 2989 2071 3043 per
2102 3038 2133 3044 _
2158 2973 2497 3027 defensionis
2525 2972 2773 3044 opponit,
2805 2978 2863 3027 et
2890 2989 2986 3026 vos
3017 2978 3083 3026 ut
3111 2972 3296 3043 magis
3316 2988 3378 3025 ac
3406 2970 3568 3040 magis
3591 2967 3706 3022 circa

477 3055 601 3124 ejus
653 3057 916 3112 meritum
949 3074 1124 3130 usque
1156 3059 1322 3115 hodie
1359 3061 1526 3116 varia:
1573 3060 1933 3115 infirmitates
1970 3076 2069 3113 cu-
2093 3038 2136 3099 Ο
2161 3061 2413 3116 membra
2448 3062 2656 3115 diaboli
2702 3078 2813 3116 non
2845 3061 3126 3115 enerviter
3155 3065 3255 3123 lita
3285 3062 3430 3127 cod.)
3462 3060 3706 3126 insurgere

475 3149 699 3203 rantur.
2155 3151 2424 3218 debeatis,
2466 3151 2742 3207 accendit.
2770 3150 2949 3221 Igitur
2976 3151 3367 3221 unusquisque
3394 3154 3619 3202 vestrum
3641 3144 3707 3197 di-

548 3234 771 3288 Interea
801 3234 1090 3291 Cremona
1110 3238 1337 3292 verbum
1361 3238 1462 3292 Dei
1493 3237 1828 3292 mirabiliter
1854 3254 2070 3291 cresce-
2155 3239 2293 3294 vinas
2322 3240 2545 3294 virtutis
2583 3256 2847 3293 mucrone
2888 3240 3222 3311 praecinctus
3261 3239 3411 3293 dicat
3439 3257 3450 3291 :
3478 3255 3504 3289 ι
3533 3236 3585 3291 Si
3612 3233 3710 3305 quis

476 3324 592 3389 bat,
625 3326 867 3396 qualiter
912 3345 1043 3383 vero
1092 3344 1169 3384 xu
1209 3330 1311 3384 viri
1356 3330 1472 3384 zelo
1510 3330 1611 3384 Dei
1654 3329 1806 3384 ducti
1838 3328 2070 3383 consilio
2157 3345 2184 3379 ι
2215 3334 2303 3383 est
2343 3329 2590 3394 Domini,
2620 3330 2895 3399 jungatur
2922 3344 3143 3382 mecum
3168 3330 3358 3396 (Exod.
3387 3339 3547 3389 χχχιι,
3571 3324 3662 3388 26),
3690 3341 3707 3369 ι

474 3412 689 3468 domini
731 3416 1062 3472 Christofori
1091 3418 1308 3473 abbatis
1333 3419 1671 3489 juraverint,
1704 3424 1762 3471 et
1790 3417 2070 3487 quomodo
2154 3418 2343 3488 sicque
2367 3434 2494 3472 cum
2522 3417 2718 3490 Moyse
2746 3418 2907 3488 quasi
2937 3418 3005 3472 de
3026 3423 3192 3489 porta
3216 3417 3274 3471 in
3305 3422 3517 3487 portam
3543 3417 3714 3467 castro-

474 3501 768 3557 universus
796 3504 1190 3560 Cremonensis
1219 3508 1458 3577 populus
1484 3507 1585 3561 hos
1614 3506 1869 3560 imitatus
1895 3510 2072 3568 est,et
2154 3522 2278 3559 rum
2314 3509 2487 3574 (ibid.,
2517 3506 2606 3570 ‘27)
2639 3513 2909 3577 tanquam
2951 3506 3201 3560 fervidus
3230 3506 3465 3559 bellator
3491 3504 3540 3556 in
3571 3498 3713 3554 sacri-

476 3591 756 3662 quomodo
776 3593 1065 3648 universos
1091 3588 1406 3649 sacerdotes
1434 3602 1491 3649 et
1515 3595 1709 3649 levitas
1739 3594 2072 3648 concubina-
2152 3595 2307 3664 legas
2356 3595 2558 3657 irruat.
2603 3602 2666 3649 ut
2696 3595 3024 3649 Simoniacze
3058 3595 3379 3650 venalitatis
3404 3600 3456 3648 et
3486 3586 3715 3647 clericalis

475 3684 565 3734 tos
591 3680 894 3750 ejecerunt.
936 3688 994 3736 ct
1022 3682 1265 3752 qualiter
1290 3683 1473 3754 ipsum
1508 3682 1852 3754 episcOpum,
1878 3682 1974 3752 qui
2012 3682 2069 3736 in
2153 3683 2412 3737 adulterii
2439 3684 2661 3753 januas,
2696 3701 2796 3756 per
2817 3700 2957 3755 quas
2982 3683 3241 3738 diabolus
3274 3684 3330 3737 in
3362 3688 3590 3737 vestram
3615 3678 3716 3731 fuc-

475 3767 598 3840 ipso
629 3769 720 3823 die
741 3769 1023 3825 Passionis
1052 3772 1273 3826 Domini
1292 3772 1639 3826 sacerdotem
1671 3772 2071 3826 Paterinorum
2153 3778 2243 3825 rat
2271 3773 2555 3842 ingressus
2577 3772 2881 3827 Ecclesiam
2913 3772 3068 3827 caesis
3106 3772 3475 3826 cadaveribus
3499 3765 3708 3823 claudat.

474 3859 946 3931 comprehendere
967 3861 1238 3916 nitentem
1263 3861 1692 3925 verberaverint,
1710 3867 1768 3915 et
1788 3861 2070 3931 quomodo
2152 3861 2545 3932 Omnipotens,
2574 3860 2918 3915 dilectissimi
2941 3861 3060 3926 filii,
3083 3877 3189 3914 sua
3220 3878 3315 3915 vos
3335 3860 3555 3914 dextera
3581 3856 3717 3909 benc-

475 3955 603 4021 post
624 3954 880 4004 sanctum
911 3951 1123 4006 Pascha
1149 3952 1414 4005 honestos
1434 3951 1580 4006 viros
1602 3951 1831 4005 nuntios
1873 3949 1945 4003 ad
1973 3965 2065 4019 pa-
2149 3949 2317 4015 dicat,
2353 3956 2410 4003 et
2439 3966 2541 4020 per
2555 3948 2799 4003 officium
2823 3949 2971 4002 beati
2985 3950 3227 4019 apostoli
3245 3948 3492 4003 suiPetri
3512 3947 3711 4016 januam

475 4055 604 4111 pam
635 4040 839 4094 misere
866 4039 1050 4094 dicere
1071 4057 1181 4094 non
1210 4039 1439 4096 curabo.
1481 4041 1712 4095 Scutum
1741 4055 1890 4101 vero,
1919 4038 2067 4107 quod
2150 4037 2304 4091 vobis
2330 4038 2745 4108 cmlestisregni
2767 4038 3004 4109 aperiat.
3040 4056 3066 4091 ιι
3106 4039 3207 4092 llis
3229 4037 3531 4092 salutiferis
3547 4034 3712 4088 admo-

475 4127 947 4183 Cremonensibus
976 4146 1078 4200 per
1090 4129 1315 4183 eosdem
1332 4130 1559 4184 nuntios
1571 4127 1901 4183 venerabilis
1923 4142 2070 4197 papa
2149 4126 2458 4181 nitionibus
2490 4127 2707 4181 accensi
2736 4130 3164 4187 Cremonenses.
3207 4127 3476 4198 placitum
3498 4124 3589 4180 Dei
3612 4134 3718 4175 mox

475 4217 780 4283 mandavit,
804 4217 933 4271 huic
958 4218 1226 4288 opusculo
1254 4217 1500 4271 inserere
1520 4216 1822 4271 deliberavi
1849 4232 1909 4267 τα
1929 4217 2069 4271 Αι.ι;-
2150 4216 2442 4286 incipiunt,
2494 4215 2841 4270 Simoniacos
2879 4221 2935 4269 et
2980 4215 3355 4270 fornicatores
3390 4214 3459 4269 ab
3512 4213 3719 4268 Ecclesia

474 4322 915 4364 nauemsewus
931 4322 1217 4360 servorum
1245 4305 1367 4370 Dei,
1388 4305 1781 4360 Cremonensis
1810 4304 2068 4359 Ecclesiae
2086 4350 2132 4407 Β
2151 4321 2255 4359 sua
2284 4305 2587 4375 expellunt.
2630 4304 2782 4369 Quos
2812 4304 3098 4359 innitentes
3129 4304 3468 4364 Placentini.
3491 4304 3718 4356 Romana

474 4395 752 4466 religiosis
777 4394 990 4448 clericis
1020 4400 1076 4448 et
1095 4394 1355 4448 ﬁdelibus
1379 4394 1553 4459 laicis,
1586 4394 1823 4448 salutem
1854 4398 1912 4447 ct
1929 4410 2066 4464 apo-
2088 4389 2131 4407 υ
2151 4411 2211 4448 se
2265 4394 2531 4447 continuo
2583 4393 2889 4463 subjiciunt
2938 4393 3274 4449 obedientiae
3323 4401 3382 4449 et
3429 4389 3721 4461 Dionysium

472 4483 725 4537 stolicam
760 4483 1227 4538 benedictionem.
1254 4484 1582 4554 lnspiratori
1616 4483 1867 4537 omnium
1891 4481 2065 4536 bono-
2150 4499 2344 4537 eorum
2394 4482 2716 4553 episcopum
2750 4500 2782 4536 a
2821 4482 2982 4536 beato
3014 4499 3159 4553 papa
3206 4480 3719 4537 excommunicatum

473 4589 599 4627 rum
635 4573 751 4628 Deo
788 4578 845 4627 et
874 4573 1029 4628 bona:
1060 4574 1363 4628 voluntatis
1391 4574 1607 4628 auctori
1639 4572 1840 4627 uberes
1866 4572 2066 4626 referi-
2148 4572 2444 4642 abjiciunt,
2474 4578 2531 4625 et
2568 4587 2761 4626 omnes
2798 4575 3087 4627 Patarea»:
3116 4589 3218 4643 per
3244 4576 3589 4627 sacramenta
3619 4581 3724 4621 con-

472 4678 600 4715 mus
640 4661 872 4732 gratias,
927 4662 1020 4732 qui
1075 4679 1168 4715 vos
1229 4662 1497 4716 adversus
1548 4663 1765 4716 hostem
1830 4660 2065 4714 humani
2148 4662 2396 4716 firmant.

467 4750 693 4822 generis
720 4750 989 4803 virtutum
1030 4766 1263 4804 suarum
1311 4750 1438 4805 telis
1475 4750 1730 4814 armavit,
1767 4758 1822 4804 et
1863 4750 1933 4804 ad
1965 4749 2067 4803 de-
2220 4749 2432 4804 Eodem
2462 4755 2716 4821 tempore
2745 4750 2907 4818 llugo
2937 4748 3231 4807 candidus.
3255 4749 3327 4803 de
3359 4766 3470 4821 quo
3497 4745 3727 4819 superius

471 4839 800 4893 struendam
831 4838 1223 4911 Symoniacam
1255 4839 1511 4893 haeresim
1541 4856 1606 4893 ac
1632 4839 2063 4894 fornicationum
2149 4839 2491 4893 mentionem
2520 4838 2773 4904 fecimus,
2806 4843 2931 4908 post
2964 4838 3171 4891 multas
3192 4838 3453 4892 miserias
3473 4843 3528 4891 et
3547 4836 3722 4893 varias,

471 4927 771 4999 spurcitias
799 4928 1126 4982 clericorum
1179 4929 1457 4984 ferventer
1485 4929 1757 4983 accendit.
1797 4928 2066 4983 Erexistis
2149 4945 2288 4999 quas
2315 4927 2419 4981 sub
2448 4928 2654 4981 Cadolo
2672 4943 2871 4998 passus
2898 4931 3002 4989 est,
3016 4926 3247 4980 tandem
3281 4927 3354 4981 ad
3376 4916 3726 4981 venerabilem

468 5016 791 5075 enimsic-ut
816 5017 875 5071 in
897 5016 1099 5071 litteris
1127 5018 1328 5072 vestris
1346 5018 1929 5088 cognOvimus,contra
1949 5035 2061 5072 ver.
2148 5033 2353 5087 papam
2381 5016 2630 5079 veniens,
2655 5015 2874 5069 veniam
2895 5014 3057 5085 petiit
3074 5015 3497 5087 etimpetravit,
3514 5027 3728 5082 cumque

468 5107 676 5161 sutiam
706 5105 981 5177 serpentis
1006 5107 1243 5177 antiqui,
1269 5112 1326 5161 et
1346 5107 1441 5177 qui
1463 5107 1614 5160 velut
1625 5106 1814 5177 biceps
1839 5105 2067 5161 coluber
2148 5105 2218 5159 ad
2234 5104 2560 5175 Hispaniam
2578 5103 2748 5174 legati
2760 5104 3000 5173 fungens
3024 5103 3205 5157 ofﬁcio
3233 5105 3577 5167 mitteretur,
3592 5098 3729 5173 quid-

466 5212 571 5268 per
597 5195 816 5249 ﬁstulas
827 5195 1183 5265 geminarum
1207 5196 1454 5250 faucium
1469 5195 1732 5266 nequitiae
1760 5212 1875 5249 suae
1896 5211 2068 5266 super
2148 5193 2283 5264 quid
2300 5193 2635 5261 aediﬁcabat,
2658 5193 2862 5246 iterum
2879 5192 3200 5263 dissipabat.
3230 5194 3380 5247 Nam
3410 5191 3729 5248 Simoniacos

464 5303 563 5341 vos
593 5303 805 5341 venena
835 5286 1094 5357 nequiter
1122 5284 1413 5339 evomebat
1426 5285 1605 5339 sancti
1620 5285 1721 5339 zeli
1752 5292 1933 5339 vestro
1949 5286 2064 5340 zelo
2148 5283 2391 5354 primum
2420 5282 2646 5353 quidem
2675 5280 3018 5334 validissime
3049 5282 3518 5351 persequebatur,
3558 5286 3731 5351 postea

465 5375 774 5446 perfossum
799 5381 969 5446 atque
991 5373 1266 5445 precisum
1289 5390 1348 5427 se
1365 5374 1588 5428 virtutis
1609 5380 1801 5428 vestrae
1822 5374 2063 5445 pugione
2145 5388 2275 5425 vero
2304 5377 2529 5441 accepta
2560 5370 2796 5441 pecunia
2821 5368 3237 5429 reconciliabat.
3256 5371 3412 5441 quod
3444 5371 3575 5424 dum
3595 5384 3730 5422 com-

468 5463 732 5536 suspirat.
750 5462 921 5516 Plane
935 5462 1030 5533 qui
1048 5461 1293 5532 serpenti
1308 5461 1521 5516 dudum
1551 5460 1608 5515 in
1630 5460 1889 5533 paradiso
1909 5461 2065 5515 dam-
2145 5466 2367 5531 pertum
2389 5461 2576 5514 Romae
2590 5458 2946 5526 fuisset,eum
2970 5457 3041 5511 ab
3068 5458 3360 5527 Hispaniis
3377 5459 3566 5513 statim
3595 5472 3731 5510 revo-

466 5552 711 5609 nationis
730 5558 953 5611 aeternae
978 5550 1252 5625 judicium
1284 5550 1495 5615 intulit,
1528 5550 1647 5622 ipse
1669 5566 1766 5604 vos
1797 5550 2064 5608 adversus
2145 5554 2294 5615 cant,
2328 5555 2386 5603 et
2421 5548 2611 5605 Romae
2653 5546 2910 5602 habitare
2953 5547 3306 5620 pmcipiuut.
3341 5548 3503 5602 Hanc
3531 5547 3588 5603 in
3614 5561 3730 5599 eum
