  <div class='ocr_page' id='page_1' title='image "/cluster/home/n/w/nwhite01/storage/ocr_20150623/150/hvd.32044054760087/422.png"; bbox 0 0 3912 6166; ppageno 0'>
   <div class='ocr_carea' id='block_1_1' title="bbox 199 274 292 333">
    <p class='ocr_par' dir='ltr' id='par_1_1' title="bbox 199 274 292 333">
     <span class='ocr_line' id='line_1_1' title="bbox 199 274 292 333; baseline -0.022 1"><span class='ocrx_word' id='word_1_1' title='bbox 199 274 292 333; x_wconf 88' lang='lat'><strong>833</strong></span> 
     </span>
    </p>
   </div>
   <div class='ocr_carea' id='block_1_2' title="bbox 1263 249 2392 315">
    <p class='ocr_par' dir='ltr' id='par_1_2' title="bbox 1263 249 2392 315">
     <span class='ocr_line' id='line_1_2' title="bbox 1263 249 2392 315; baseline -0.008 0"><span class='ocrx_word' id='word_1_2' title='bbox 1263 258 1482 315; x_wconf 86' lang='lat' dir='ltr'><strong>LIBER</strong></span> <span class='ocrx_word' id='word_1_3' title='bbox 1516 257 1613 311; x_wconf 76' lang='lat' dir='ltr'><strong>AD</strong></span> <span class='ocrx_word' id='word_1_4' title='bbox 1650 254 1959 310; x_wconf 75' lang='lat' dir='ltr'><strong>AMICUM.</strong></span> <span class='ocrx_word' id='word_1_5' title='bbox 2002 283 2068 295; x_wconf 95' lang='lat'><strong>—</strong></span> <span class='ocrx_word' id='word_1_6' title='bbox 2108 249 2253 310; x_wconf 90' lang='lat' dir='ltr'><strong>LIB.</strong></span> <span class='ocrx_word' id='word_1_7' title='bbox 2295 252 2392 306; x_wconf 73' lang='lat' dir='ltr'><strong>VI.</strong></span> 
     </span>
    </p>
   </div>
   <div class='ocr_carea' id='block_1_3' title="bbox 3358 251 3469 309">
    <p class='ocr_par' dir='ltr' id='par_1_3' title="bbox 3358 251 3469 309">
     <span class='ocr_line' id='line_1_3' title="bbox 3358 251 3469 309; baseline 0 0"><span class='ocrx_word' id='word_1_8' title='bbox 3358 251 3469 309; x_wconf 73' lang='grc'><strong>834</strong></span> 
     </span>
    </p>
   </div>
   <div class='ocr_carea' id='block_1_4' title="bbox 198 348 3470 456">
    <p class='ocr_par' dir='ltr' id='par_1_4' title="bbox 198 348 3470 456">
     <span class='ocr_line' id='line_1_4' title="bbox 198 348 3470 456; baseline -0.006 -2"><span class='ocrx_word' id='word_1_9' title='bbox 198 395 601 454; x_wconf 80' lang='lat' dir='ltr'><strong>humanitatem</strong></span> <span class='ocrx_word' id='word_1_10' title='bbox 648 388 1009 444; x_wconf 82' lang='lat' dir='ltr'><strong>ostendentes</strong></span> <span class='ocrx_word' id='word_1_11' title='bbox 1038 385 1318 456; x_wconf 86' lang='lat' dir='ltr'><strong>praecipue</strong></span> <span class='ocrx_word' id='word_1_12' title='bbox 1346 380 1661 438; x_wconf 86' lang='lat' dir='ltr'><strong>reverentia</strong></span> <span class='ocrx_word' id='word_1_13' title='bbox 1688 348 1782 433; x_wconf 87' lang='lat' dir='ltr'><strong>or-</strong></span> <span class='ocrx_word' id='word_1_14' title='bbox 1802 382 1855 443; x_wconf 82' lang='grc' dir='ltr'>Α</span> <span class='ocrx_word' id='word_1_15' title='bbox 1873 377 2052 432; x_wconf 91' lang='lat' dir='ltr'><strong>multa</strong></span> <span class='ocrx_word' id='word_1_16' title='bbox 2080 382 2140 432; x_wconf 91' lang='lat' dir='ltr'><strong>et</strong></span> <span class='ocrx_word' id='word_1_17' title='bbox 2180 376 2296 431; x_wconf 93' lang='lat' dir='ltr'><strong>Deo</strong></span> <span class='ocrx_word' id='word_1_18' title='bbox 2324 372 2589 429; x_wconf 84' lang='lat' dir='ltr'><strong>amabilia</strong></span> <span class='ocrx_word' id='word_1_19' title='bbox 2614 372 2840 429; x_wconf 88' lang='lat' dir='ltr'><strong>servitia</strong></span> <span class='ocrx_word' id='word_1_20' title='bbox 2885 372 3037 429; x_wconf 87' lang='lat' dir='ltr'><strong>beati</strong></span> <span class='ocrx_word' id='word_1_21' title='bbox 3075 375 3229 431; x_wconf 86' lang='lat' dir='ltr'><strong>Petri</strong></span> <span class='ocrx_word' id='word_1_22' title='bbox 3258 378 3470 433; x_wconf 87' lang='lat' dir='ltr'><strong>meruit</strong></span> 
     </span>
    </p>
   </div>
   <div class='ocr_carea' id='block_1_5' title="bbox 199 472 1505 553">
    <p class='ocr_par' dir='ltr' id='par_1_5' title="bbox 199 472 1505 553">
     <span class='ocr_line' id='line_1_5' title="bbox 199 472 1505 553; baseline -0.015 -10"><span class='ocrx_word' id='word_1_23' title='bbox 199 484 464 543; x_wconf 88' lang='lat' dir='ltr'><strong>dinatoris</strong></span> <span class='ocrx_word' id='word_1_24' title='bbox 494 484 635 553; x_wconf 86' lang='lat' dir='ltr'><strong>ejus.</strong></span> <span class='ocrx_word' id='word_1_25' title='bbox 667 478 818 533; x_wconf 88' lang='lat' dir='ltr'><strong>beati</strong></span> <span class='ocrx_word' id='word_1_26' title='bbox 846 476 1059 531; x_wconf 77' lang='lat' dir='ltr'><strong>scilicet</strong></span> <span class='ocrx_word' id='word_1_27' title='bbox 1098 492 1255 546; x_wconf 68' lang='lat' dir='ltr'><strong>papa:</strong></span> <span class='ocrx_word' id='word_1_28' title='bbox 1285 472 1505 528; x_wconf 89' lang='lat' dir='ltr'><strong>Leonis.</strong></span> 
     </span>
    </p>
   </div>
   <div class='ocr_carea' id='block_1_6' title="bbox 261 557 1792 643">
    <p class='ocr_par' dir='ltr' id='par_1_6' title="bbox 261 557 1792 643">
     <span class='ocr_line' id='line_1_6' title="bbox 261 557 1792 643; baseline -0.012 -14"><span class='ocrx_word' id='word_1_29' title='bbox 261 576 485 629; x_wconf 77' lang='lat' dir='ltr'><strong>Interea</strong></span> <span class='ocrx_word' id='word_1_30' title='bbox 535 569 799 643; x_wconf 69' lang='lat' dir='ltr'><strong>praafz&#39;itus</strong></span> <span class='ocrx_word' id='word_1_31' title='bbox 838 565 1021 619; x_wconf 88' lang='lat' dir='ltr'><strong>Guido</strong></span> <span class='ocrx_word' id='word_1_32' title='bbox 1051 562 1498 635; x_wconf 79' lang='lat' dir='ltr'><strong>archiepiscopus</strong></span> <span class='ocrx_word' id='word_1_33' title='bbox 1527 557 1792 614; x_wconf 88' lang='lat' dir='ltr'><strong>Mediola-</strong></span> 
     </span>
    </p>
   </div>
   <div class='ocr_carea' id='block_1_7' title="bbox 202 647 1793 731">
    <p class='ocr_par' dir='ltr' id='par_1_7' title="bbox 202 647 1793 731">
     <span class='ocr_line' id='line_1_7' title="bbox 202 647 1793 731; baseline -0.012 -11"><span class='ocrx_word' id='word_1_34' title='bbox 202 682 324 720; x_wconf 88' lang='lat' dir='ltr'><strong>num</strong></span> <span class='ocrx_word' id='word_1_35' title='bbox 356 663 589 717; x_wconf 88' lang='lat' dir='ltr'><strong>veniens</strong></span> <span class='ocrx_word' id='word_1_36' title='bbox 620 656 949 731; x_wconf 69' lang='lat' dir='ltr'><strong>ptenitcntia</strong></span> <span class='ocrx_word' id='word_1_37' title='bbox 1002 655 1225 717; x_wconf 85' lang='lat' dir='ltr'><strong>ductus,</strong></span> <span class='ocrx_word' id='word_1_38' title='bbox 1273 650 1541 723; x_wconf 83' lang='lat' dir='ltr'><strong>depositis</strong></span> <span class='ocrx_word' id='word_1_39' title='bbox 1572 647 1793 720; x_wconf 80' lang='lat' dir='ltr'><strong>pontiﬁ-</strong></span> 
     </span>
    </p>
   </div>
   <div class='ocr_carea' id='block_1_8' title="bbox 203 734 1797 820">
    <p class='ocr_par' dir='ltr' id='par_1_8' title="bbox 203 734 1797 820">
     <span class='ocr_line' id='line_1_8' title="bbox 203 734 1797 820; baseline -0.013 -12"><span class='ocrx_word' id='word_1_40' title='bbox 203 753 399 808; x_wconf 81' lang='lat' dir='ltr'><strong>calibus</strong></span> <span class='ocrx_word' id='word_1_41' title='bbox 426 748 714 820; x_wconf 84' lang='lat' dir='ltr'><strong>insigniis,</strong></span> <span class='ocrx_word' id='word_1_42' title='bbox 753 746 969 817; x_wconf 88' lang='lat' dir='ltr'><strong>privato</strong></span> <span class='ocrx_word' id='word_1_43' title='bbox 998 741 1215 796; x_wconf 77' lang='lat' dir='ltr'><strong>vivebat</strong></span> <span class='ocrx_word' id='word_1_44' title='bbox 1238 746 1502 795; x_wconf 85' lang='lat' dir='ltr'><strong>scemate.</strong></span> <span class='ocrx_word' id='word_1_45' title='bbox 1531 736 1692 802; x_wconf 82' lang='lat' dir='ltr'><strong>Quod</strong></span> <span class='ocrx_word' id='word_1_46' title='bbox 1719 734 1797 789; x_wconf 88' lang='lat' dir='ltr'><strong>vi-</strong></span> 
     </span>
    </p>
   </div>
   <div class='ocr_carea' id='block_1_9' title="bbox 204 832 1799 905">
    <p class='ocr_par' dir='ltr' id='par_1_9' title="bbox 204 832 1799 905">
     <span class='ocr_line' id='line_1_9' title="bbox 204 832 1799 905; baseline -0.013 -4"><span class='ocrx_word' id='word_1_47' title='bbox 204 849 385 901; x_wconf 80' lang='lat' dir='ltr'><strong>dentes</strong></span> <span class='ocrx_word' id='word_1_48' title='bbox 440 841 820 899; x_wconf 83' lang='lat' dir='ltr'><strong>Ecclesiarum</strong></span> <span class='ocrx_word' id='word_1_49' title='bbox 864 836 1205 895; x_wconf 74' lang='lat' dir='ltr'><strong>venditores.</strong></span> <span class='ocrx_word' id='word_1_50' title='bbox 1256 835 1325 888; x_wconf 92' lang='lat' dir='ltr'><strong>de</strong></span> <span class='ocrx_word' id='word_1_51' title='bbox 1371 832 1574 905; x_wconf 87' lang='lat' dir='ltr'><strong>quibus</strong></span> <span class='ocrx_word' id='word_1_52' title='bbox 1627 844 1799 899; x_wconf 84' lang='lat' dir='ltr'><strong>supra</strong></span> 
     </span>
    </p>
   </div>
   <div class='ocr_carea' id='block_1_10' title="bbox 204 917 1799 991">
    <p class='ocr_par' dir='ltr' id='par_1_10' title="bbox 204 917 1799 991">
     <span class='ocr_line' id='line_1_10' title="bbox 204 917 1799 991; baseline -0.014 0"><span class='ocrx_word' id='word_1_53' title='bbox 204 936 539 990; x_wconf 72' lang='lat' dir='ltr'><strong>mentionem</strong></span> <span class='ocrx_word' id='word_1_54' title='bbox 569 931 822 991; x_wconf 89' lang='lat' dir='ltr'><strong>fecimus,</strong></span> <span class='ocrx_word' id='word_1_55' title='bbox 844 927 1097 981; x_wconf 86' lang='lat' dir='ltr'><strong>animum</strong></span> <span class='ocrx_word' id='word_1_56' title='bbox 1115 925 1236 988; x_wconf 88' lang='lat' dir='ltr'><strong>eius</strong></span> <span class='ocrx_word' id='word_1_57' title='bbox 1254 923 1431 977; x_wconf 86' lang='lat' dir='ltr'><strong>levem</strong></span> <span class='ocrx_word' id='word_1_58' title='bbox 1453 920 1520 975; x_wconf 87' lang='lat' dir='ltr'><strong>ad</strong></span> <span class='ocrx_word' id='word_1_59' title='bbox 1552 917 1799 973; x_wconf 89' lang='lat' dir='ltr'><strong>deterio-</strong></span> 
     </span>
    </p>
   </div>
   <div class='ocr_carea' id='block_1_11' title="bbox 206 1007 1798 1095">
    <p class='ocr_par' dir='ltr' id='par_1_11' title="bbox 206 1007 1798 1095">
     <span class='ocr_line' id='line_1_11' title="bbox 206 1007 1798 1095; baseline -0.014 -15"><span class='ocrx_word' id='word_1_60' title='bbox 206 1041 315 1079; x_wconf 90' lang='lat' dir='ltr'><strong>rem</strong></span> <span class='ocrx_word' id='word_1_61' title='bbox 354 1032 576 1095; x_wconf 87' lang='lat' dir='ltr'><strong>partem</strong></span> <span class='ocrx_word' id='word_1_62' title='bbox 599 1017 864 1074; x_wconf 88' lang='lat' dir='ltr'><strong>citissime</strong></span> <span class='ocrx_word' id='word_1_63' title='bbox 901 1015 1215 1080; x_wconf 82' lang='lat' dir='ltr'><strong>inﬂectunt,</strong></span> <span class='ocrx_word' id='word_1_64' title='bbox 1252 1011 1489 1066; x_wconf 82' lang='lat' dir='ltr'><strong>mortale</strong></span> <span class='ocrx_word' id='word_1_65' title='bbox 1519 1007 1570 1062; x_wconf 91' lang='lat' dir='ltr'><strong>ei</strong></span> <span class='ocrx_word' id='word_1_66' title='bbox 1599 1007 1798 1061; x_wconf 83' lang='lat' dir='ltr'><strong>dantes</strong></span> 
     </span>
    </p>
   </div>
   <div class='ocr_carea' id='block_1_12' title="bbox 209 1095 1797 1182">
    <p class='ocr_par' dir='ltr' id='par_1_12' title="bbox 209 1095 1797 1182">
     <span class='ocr_line' id='line_1_12' title="bbox 209 1095 1797 1182; baseline -0.013 -13"><span class='ocrx_word' id='word_1_67' title='bbox 209 1114 492 1168; x_wconf 85' lang='lat' dir='ltr'><strong>consilium</strong></span> <span class='ocrx_word' id='word_1_68' title='bbox 520 1119 583 1167; x_wconf 88' lang='lat' dir='ltr'><strong>ut</strong></span> <span class='ocrx_word' id='word_1_69' title='bbox 601 1110 981 1182; x_wconf 86' lang='lat' dir='ltr'><strong>episcopatum</strong></span> <span class='ocrx_word' id='word_1_70' title='bbox 1013 1104 1234 1159; x_wconf 87' lang='lat' dir='ltr'><strong>cuidam</strong></span> <span class='ocrx_word' id='word_1_71' title='bbox 1268 1100 1576 1160; x_wconf 85' lang='lat' dir='ltr'><strong>Gotefrido,</strong></span> <span class='ocrx_word' id='word_1_72' title='bbox 1599 1095 1797 1151; x_wconf 84' lang='lat' dir='ltr'><strong>clerico</strong></span> 
     </span>
    </p>
   </div>
   <div class='ocr_carea' id='block_1_13' title="bbox 211 1186 1802 1272">
    <p class='ocr_par' dir='ltr' id='par_1_13' title="bbox 211 1186 1802 1272">
     <span class='ocr_line' id='line_1_13' title="bbox 211 1186 1802 1272; baseline -0.011 -16"><span class='ocrx_word' id='word_1_73' title='bbox 211 1202 367 1256; x_wconf 86' lang='lat' dir='ltr'><strong>nobili</strong></span> <span class='ocrx_word' id='word_1_74' title='bbox 396 1200 629 1272; x_wconf 86' lang='lat' dir='ltr'><strong>quidem</strong></span> <span class='ocrx_word' id='word_1_75' title='bbox 663 1196 931 1269; x_wconf 75' lang='lat' dir='ltr'><strong>progenie</strong></span> <span class='ocrx_word' id='word_1_76' title='bbox 959 1200 1083 1249; x_wconf 91' lang='lat' dir='ltr'><strong>orto</strong></span> <span class='ocrx_word' id='word_1_77' title='bbox 1102 1199 1158 1247; x_wconf 94' lang='lat' dir='ltr'><strong>et</strong></span> <span class='ocrx_word' id='word_1_78' title='bbox 1171 1193 1308 1247; x_wconf 81' lang='lat' dir='ltr'><strong>satis</strong></span> <span class='ocrx_word' id='word_1_79' title='bbox 1331 1186 1730 1245; x_wconf 88' lang='lat' dir='ltr'><strong>facundissimo</strong></span> <span class='ocrx_word' id='word_1_80' title='bbox 1744 1189 1802 1238; x_wconf 89' lang='lat' dir='ltr'><strong>et</strong></span> 
     </span>
    </p>
   </div>
   <div class='ocr_carea' id='block_1_14' title="bbox 217 1277 1797 1357">
    <p class='ocr_par' dir='ltr' id='par_1_14' title="bbox 217 1277 1797 1357">
     <span class='ocr_line' id='line_1_14' title="bbox 217 1277 1797 1357; baseline -0.013 -12"><span class='ocrx_word' id='word_1_81' title='bbox 217 1291 279 1344; x_wconf 88' lang='lat' dir='ltr'><strong>ad</strong></span> <span class='ocrx_word' id='word_1_82' title='bbox 307 1306 472 1344; x_wconf 88' lang='lat' dir='ltr'><strong>omne</strong></span> <span class='ocrx_word' id='word_1_83' title='bbox 505 1288 660 1342; x_wconf 81' lang='lat' dir='ltr'><strong>nefas</strong></span> <span class='ocrx_word' id='word_1_84' title='bbox 697 1302 896 1357; x_wconf 87' lang='lat' dir='ltr'><strong>prono,</strong></span> <span class='ocrx_word' id='word_1_85' title='bbox 926 1283 1211 1346; x_wconf 81' lang='lat' dir='ltr'><strong>venderet,</strong></span> <span class='ocrx_word' id='word_1_86' title='bbox 1256 1286 1314 1335; x_wconf 86' lang='lat' dir='ltr'><strong>et</strong></span> <span class='ocrx_word' id='word_1_87' title='bbox 1361 1295 1482 1334; x_wconf 88' lang='lat' dir='ltr'><strong>sese</strong></span> <span class='ocrx_word' id='word_1_88' title='bbox 1511 1277 1580 1331; x_wconf 88' lang='lat' dir='ltr'><strong>ad</strong></span> <span class='ocrx_word' id='word_1_89' title='bbox 1611 1288 1797 1329; x_wconf 85' lang='lat' dir='ltr'><strong>arcem</strong></span> 
     </span>
    </p>
   </div>
   <div class='ocr_carea' id='block_1_15' title="bbox 212 1370 1512 1441">
    <p class='ocr_par' dir='ltr' id='par_1_15' title="bbox 212 1370 1512 1441">
     <span class='ocr_line' id='line_1_15' title="bbox 212 1370 1512 1441; baseline -0.007 -11"><span class='ocrx_word' id='word_1_90' title='bbox 212 1377 532 1432; x_wconf 79' lang='lat' dir='ltr'><strong>transferret</strong></span> <span class='ocrx_word' id='word_1_91' title='bbox 572 1375 731 1441; x_wconf 86' lang='lat' dir='ltr'><strong>Quod</strong></span> <span class='ocrx_word' id='word_1_92' title='bbox 751 1381 808 1428; x_wconf 91' lang='lat' dir='ltr'><strong>et</strong></span> <span class='ocrx_word' id='word_1_93' title='bbox 834 1373 956 1427; x_wconf 88' lang='lat' dir='ltr'><strong>sine</strong></span> <span class='ocrx_word' id='word_1_94' title='bbox 987 1388 1144 1425; x_wconf 86' lang='lat' dir='ltr'><strong>mora</strong></span> <span class='ocrx_word' id='word_1_95' title='bbox 1172 1370 1378 1424; x_wconf 85' lang='lat' dir='ltr'><strong>factum</strong></span> <span class='ocrx_word' id='word_1_96' title='bbox 1407 1373 1512 1422; x_wconf 89' lang='lat' dir='ltr'><strong>est.</strong></span> 
     </span>
    </p>
   </div>
   <div class='ocr_carea' id='block_1_16' title="bbox 275 1453 1800 1520">
    <p class='ocr_par' dir='ltr' id='par_1_16' title="bbox 275 1453 1800 1520">
     <span class='ocr_line' id='line_1_16' title="bbox 275 1453 1800 1520; baseline -0.011 0"><span class='ocrx_word' id='word_1_97' title='bbox 275 1466 546 1520; x_wconf 72' lang='lat' dir='ltr'><strong>Praefatus</strong></span> <span class='ocrx_word' id='word_1_98' title='bbox 574 1480 703 1517; x_wconf 90' lang='lat' dir='ltr'><strong>vero</strong></span> <span class='ocrx_word' id='word_1_99' title='bbox 732 1460 1060 1517; x_wconf 86' lang='lat' dir='ltr'><strong>Gotefridus</strong></span> <span class='ocrx_word' id='word_1_100' title='bbox 1087 1458 1317 1513; x_wconf 89' lang='lat' dir='ltr'><strong>consilio</strong></span> <span class='ocrx_word' id='word_1_101' title='bbox 1354 1453 1800 1512; x_wconf 88' lang='lat' dir='ltr'><strong>Simoniacorum</strong></span> 
     </span>
    </p>
   </div>
   <div class='ocr_carea' id='block_1_17' title="bbox 215 1541 1801 1620">
    <p class='ocr_par' dir='ltr' id='par_1_17' title="bbox 215 1541 1801 1620">
     <span class='ocr_line' id='line_1_17' title="bbox 215 1541 1801 1620; baseline -0.01 -12"><span class='ocrx_word' id='word_1_102' title='bbox 215 1561 265 1608; x_wconf 86' lang='lat' dir='ltr'><strong>et</strong></span> <span class='ocrx_word' id='word_1_103' title='bbox 278 1553 774 1608; x_wconf 77' lang='lat' dir='ltr'><strong>Mediolanensium</strong></span> <span class='ocrx_word' id='word_1_104' title='bbox 798 1549 1218 1620; x_wconf 88' lang='lat' dir='ltr'><strong>capitaneorum</strong></span> <span class='ocrx_word' id='word_1_105' title='bbox 1233 1556 1290 1600; x_wconf 89' lang='lat' dir='ltr'><strong>et</strong></span> <span class='ocrx_word' id='word_1_106' title='bbox 1304 1541 1801 1614; x_wconf 88' lang='lat' dir='ltr'><strong>Longobardorum</strong></span> 
     </span>
    </p>
   </div>
   <div class='ocr_carea' id='block_1_18' title="bbox 218 1630 1804 1711">
    <p class='ocr_par' dir='ltr' id='par_1_18' title="bbox 218 1630 1804 1711">
     <span class='ocr_line' id='line_1_18' title="bbox 218 1630 1804 1711; baseline -0.009 -18"><span class='ocrx_word' id='word_1_107' title='bbox 218 1641 616 1711; x_wconf 88' lang='lat' dir='ltr'><strong>episcoporum,</strong></span> <span class='ocrx_word' id='word_1_108' title='bbox 639 1638 809 1708; x_wconf 74' lang='lat' dir='ltr'><strong>Alpes</strong></span> <span class='ocrx_word' id='word_1_109' title='bbox 849 1635 1093 1699; x_wconf 80' lang='lat' dir='ltr'><strong>transiit,</strong></span> <span class='ocrx_word' id='word_1_110' title='bbox 1120 1650 1308 1704; x_wconf 83' lang='lat' dir='ltr'><strong>regem</strong></span> <span class='ocrx_word' id='word_1_111' title='bbox 1326 1632 1483 1693; x_wconf 87' lang='lat' dir='ltr'><strong>adiit,</strong></span> <span class='ocrx_word' id='word_1_112' title='bbox 1518 1630 1804 1683; x_wconf 88' lang='lat' dir='ltr'><strong>animum-</strong></span> 
     </span>
    </p>
   </div>
   <div class='ocr_carea' id='block_1_19' title="bbox 1873 466 2144 521">
    <p class='ocr_par' dir='ltr' id='par_1_19' title="bbox 1873 466 2144 521">
     <span class='ocr_line' id='line_1_19' title="bbox 1873 466 2144 521; baseline -0.004 -1"><span class='ocrx_word' id='word_1_113' title='bbox 1873 466 1983 521; x_wconf 91' lang='lat' dir='ltr'><strong>dici</strong></span> <span class='ocrx_word' id='word_1_114' title='bbox 2010 467 2144 520; x_wconf 86' lang='lat' dir='ltr'><strong>ﬁlia.</strong></span> 
     </span>
    </p>
   </div>
   <div class='ocr_carea' id='block_1_20' title="bbox 1944 553 3470 627">
    <p class='ocr_par' dir='ltr' id='par_1_20' title="bbox 1944 553 3470 627">
     <span class='ocr_line' id='line_1_20' title="bbox 1944 553 3470 627; baseline 0.003 -17"><span class='ocrx_word' id='word_1_115' title='bbox 1944 556 2085 610; x_wconf 88' lang='lat' dir='ltr'><strong>Cum</strong></span> <span class='ocrx_word' id='word_1_116' title='bbox 2102 556 2216 610; x_wconf 74' lang='lat' dir='ltr'><strong>haec</strong></span> <span class='ocrx_word' id='word_1_117' title='bbox 2232 555 2313 609; x_wconf 89' lang='lat' dir='ltr'><strong>ita</strong></span> <span class='ocrx_word' id='word_1_118' title='bbox 2336 571 2396 609; x_wconf 88' lang='lat' dir='ltr'><strong>se</strong></span> <span class='ocrx_word' id='word_1_119' title='bbox 2414 553 2707 619; x_wconf 88' lang='lat' dir='ltr'><strong>haberent,</strong></span> <span class='ocrx_word' id='word_1_120' title='bbox 2723 571 2757 608; x_wconf 86' lang='lat' dir='ltr'><strong>a</strong></span> <span class='ocrx_word' id='word_1_121' title='bbox 2779 554 2893 609; x_wconf 91' lang='lat' dir='ltr'><strong>Deo</strong></span> <span class='ocrx_word' id='word_1_122' title='bbox 2920 561 3205 627; x_wconf 87' lang='lat' dir='ltr'><strong>protectus</strong></span> <span class='ocrx_word' id='word_1_123' title='bbox 3232 558 3470 615; x_wconf 88' lang='lat' dir='ltr'><strong>Herlim-</strong></span> 
     </span>
    </p>
   </div>
   <div class='ocr_carea' id='block_1_21' title="bbox 1873 644 3472 706">
    <p class='ocr_par' dir='ltr' id='par_1_21' title="bbox 1873 644 3472 706">
     <span class='ocr_line' id='line_1_21' title="bbox 1873 644 3472 706; baseline 0.004 -8"><span class='ocrx_word' id='word_1_124' title='bbox 1873 644 1999 699; x_wconf 90' lang='lat' dir='ltr'><strong>bald</strong></span> <span class='ocrx_word' id='word_1_125' title='bbox 2010 663 2073 699; x_wconf 92' lang='lat' dir='ltr'><strong>us</strong></span> <span class='ocrx_word' id='word_1_126' title='bbox 2082 646 2271 699; x_wconf 86' lang='lat' dir='ltr'><strong>volens</strong></span> <span class='ocrx_word' id='word_1_127' title='bbox 2288 644 2759 698; x_wconf 85' lang='lat' dir='ltr'><strong>Mediolanensem</strong></span> <span class='ocrx_word' id='word_1_128' title='bbox 2774 645 3075 701; x_wconf 86' lang='lat' dir='ltr'><strong>Ecclesiam</strong></span> <span class='ocrx_word' id='word_1_129' title='bbox 3105 664 3140 701; x_wconf 90' lang='lat' dir='ltr'><strong>a</strong></span> <span class='ocrx_word' id='word_1_130' title='bbox 3153 647 3472 706; x_wconf 87' lang='lat' dir='ltr'><strong>Simoniaca</strong></span> 
     </span>
    </p>
   </div>
   <div class='ocr_carea' id='block_1_22' title="bbox 1876 733 3472 804">
    <p class='ocr_par' dir='ltr' id='par_1_22' title="bbox 1876 733 3472 804">
     <span class='ocr_line' id='line_1_22' title="bbox 1876 733 3472 804; baseline 0.005 -18"><span class='ocrx_word' id='word_1_131' title='bbox 1876 733 2115 787; x_wconf 89' lang='lat' dir='ltr'><strong>liberare</strong></span> <span class='ocrx_word' id='word_1_132' title='bbox 2127 733 2415 795; x_wconf 82' lang='lat' dir='ltr'><strong>servitute,</strong></span> <span class='ocrx_word' id='word_1_133' title='bbox 2436 733 2667 787; x_wconf 90' lang='lat' dir='ltr'><strong>consilio</strong></span> <span class='ocrx_word' id='word_1_134' title='bbox 2684 750 2839 804; x_wconf 74' lang='lat' dir='ltr'><strong>papa:</strong></span> <span class='ocrx_word' id='word_1_135' title='bbox 2851 738 2908 791; x_wconf 83' lang='lat' dir='ltr'><strong>et</strong></span> <span class='ocrx_word' id='word_1_136' title='bbox 2928 734 3048 789; x_wconf 90' lang='lat' dir='ltr'><strong>Deo</strong></span> <span class='ocrx_word' id='word_1_137' title='bbox 3062 736 3317 791; x_wconf 79' lang='lat' dir='ltr'><strong>amabilis</strong></span> <span class='ocrx_word' id='word_1_138' title='bbox 3347 739 3472 794; x_wconf 85' lang='lat' dir='ltr'><strong>Hil-</strong></span> 
     </span>
    </p>
   </div>
   <div class='ocr_carea' id='block_1_23' title="bbox 1877 820 3473 893">
    <p class='ocr_par' dir='ltr' id='par_1_23' title="bbox 1877 820 3473 893">
     <span class='ocr_line' id='line_1_23' title="bbox 1877 820 3473 893; baseline 0.004 -18"><span class='ocrx_word' id='word_1_139' title='bbox 1877 821 2169 887; x_wconf 87' lang='lat' dir='ltr'><strong>debrandi,</strong></span> <span class='ocrx_word' id='word_1_140' title='bbox 2188 822 2244 875; x_wconf 93' lang='lat' dir='ltr'><strong>in</strong></span> <span class='ocrx_word' id='word_1_141' title='bbox 2262 820 2352 876; x_wconf 91' lang='lat' dir='ltr'><strong>die</strong></span> <span class='ocrx_word' id='word_1_142' title='bbox 2368 826 2560 875; x_wconf 91' lang='lat' dir='ltr'><strong>sancto</strong></span> <span class='ocrx_word' id='word_1_143' title='bbox 2579 821 2899 892; x_wconf 63' lang='lat' dir='ltr'><strong>Epiphaniae</strong></span> <span class='ocrx_word' id='word_1_144' title='bbox 2926 824 3317 893; x_wconf 83' lang='lat' dir='ltr'><strong>adjuvantibus</strong></span> <span class='ocrx_word' id='word_1_145' title='bbox 3336 827 3473 882; x_wconf 81' lang='lat' dir='ltr'><strong>reli-</strong></span> 
     </span>
    </p>
   </div>
   <div class='ocr_carea' id='block_1_24' title="bbox 1880 910 3472 981">
    <p class='ocr_par' dir='ltr' id='par_1_24' title="bbox 1880 910 3472 981">
     <span class='ocr_line' id='line_1_24' title="bbox 1880 910 3472 981; baseline 0.004 -16"><span class='ocrx_word' id='word_1_146' title='bbox 1880 911 2057 981; x_wconf 82' lang='lat' dir='ltr'><strong>giosis</strong></span> <span class='ocrx_word' id='word_1_147' title='bbox 2073 911 2289 965; x_wconf 86' lang='lat' dir='ltr'><strong>clericis</strong></span> <span class='ocrx_word' id='word_1_148' title='bbox 2306 928 2415 965; x_wconf 90' lang='lat' dir='ltr'><strong>non</strong></span> <span class='ocrx_word' id='word_1_149' title='bbox 2433 911 2611 964; x_wconf 89' lang='lat' dir='ltr'><strong>solum</strong></span> <span class='ocrx_word' id='word_1_150' title='bbox 2631 910 3137 968; x_wconf 85' lang='lat' dir='ltr'><strong>Mediolanensibus</strong></span> <span class='ocrx_word' id='word_1_151' title='bbox 3159 914 3255 969; x_wconf 88' lang='lat' dir='ltr'><strong>sed</strong></span> <span class='ocrx_word' id='word_1_152' title='bbox 3273 921 3331 968; x_wconf 88' lang='lat' dir='ltr'><strong>et</strong></span> <span class='ocrx_word' id='word_1_153' title='bbox 3341 914 3472 971; x_wconf 88' lang='lat' dir='ltr'><strong>Cre-</strong></span> 
     </span>
    </p>
   </div>
   <div class='ocr_carea' id='block_1_25' title="bbox 1879 999 3474 1061">
    <p class='ocr_par' dir='ltr' id='par_1_25' title="bbox 1879 999 3474 1061">
     <span class='ocr_line' id='line_1_25' title="bbox 1879 999 3474 1061; baseline 0.004 -7"><span class='ocrx_word' id='word_1_154' title='bbox 1879 1000 2241 1055; x_wconf 89' lang='lat' dir='ltr'><strong>monensibus</strong></span> <span class='ocrx_word' id='word_1_155' title='bbox 2258 1007 2315 1055; x_wconf 90' lang='lat' dir='ltr'><strong>et</strong></span> <span class='ocrx_word' id='word_1_156' title='bbox 2327 999 2666 1055; x_wconf 88' lang='lat' dir='ltr'><strong>Placentinis</strong></span> <span class='ocrx_word' id='word_1_157' title='bbox 2687 1001 2891 1054; x_wconf 90' lang='lat' dir='ltr'><strong>secund</strong></span> <span class='ocrx_word' id='word_1_158' title='bbox 2902 1019 2993 1055; x_wconf 91' lang='lat' dir='ltr'><strong>um</strong></span> <span class='ocrx_word' id='word_1_159' title='bbox 3016 1003 3237 1058; x_wconf 85' lang='lat' dir='ltr'><strong>decreta</strong></span> <span class='ocrx_word' id='word_1_160' title='bbox 3250 1012 3474 1061; x_wconf 90' lang='lat' dir='ltr'><strong>sancto-</strong></span> 
     </span>
    </p>
   </div>
   <div class='ocr_carea' id='block_1_26' title="bbox 1879 1089 3478 1161">
    <p class='ocr_par' dir='ltr' id='par_1_26' title="bbox 1879 1089 3478 1161">
     <span class='ocr_line' id='line_1_26' title="bbox 1879 1089 3478 1161; baseline 0.005 -19"><span class='ocrx_word' id='word_1_161' title='bbox 1879 1106 2004 1143; x_wconf 88' lang='lat' dir='ltr'><strong>rum</strong></span> <span class='ocrx_word' id='word_1_162' title='bbox 2033 1089 2263 1144; x_wconf 86' lang='lat' dir='ltr'><strong>Patrum</strong></span> <span class='ocrx_word' id='word_1_163' title='bbox 2295 1107 2395 1161; x_wconf 89' lang='lat' dir='ltr'><strong>per</strong></span> <span class='ocrx_word' id='word_1_164' title='bbox 2415 1089 2740 1144; x_wconf 90' lang='lat' dir='ltr'><strong>electionem</strong></span> <span class='ocrx_word' id='word_1_165' title='bbox 2765 1089 2896 1143; x_wconf 89' lang='lat' dir='ltr'><strong>cleri</strong></span> <span class='ocrx_word' id='word_1_166' title='bbox 2928 1090 3133 1146; x_wconf 86' lang='lat' dir='ltr'><strong>habere</strong></span> <span class='ocrx_word' id='word_1_167' title='bbox 3152 1093 3478 1150; x_wconf 80' lang='lat' dir='ltr'><strong>deliberavit</strong></span> 
     </span>
    </p>
   </div>
   <div class='ocr_carea' id='block_1_27' title="bbox 1882 1178 3470 1251">
    <p class='ocr_par' dir='ltr' id='par_1_27' title="bbox 1882 1178 3470 1251">
     <span class='ocr_line' id='line_1_27' title="bbox 1882 1178 3470 1251; baseline 0.004 -20"><span class='ocrx_word' id='word_1_168' title='bbox 1882 1178 2203 1250; x_wconf 82' lang='lat' dir='ltr'><strong>episcOpum</strong></span> <span class='ocrx_word' id='word_1_169' title='bbox 2258 1179 2542 1235; x_wconf 89' lang='lat' dir='ltr'><strong>Ottonem.</strong></span> <span class='ocrx_word' id='word_1_170' title='bbox 2591 1179 2838 1248; x_wconf 82' lang='lat' dir='ltr'><strong>ejusdem</strong></span> <span class='ocrx_word' id='word_1_171' title='bbox 2880 1180 3134 1235; x_wconf 70' lang='lat' dir='ltr'><strong>Ecclesiae</strong></span> <span class='ocrx_word' id='word_1_172' title='bbox 3185 1182 3470 1251; x_wconf 90' lang='lat' dir='ltr'><strong>clericum,</strong></span> 
     </span>
    </p>
   </div>
   <div class='ocr_carea' id='block_1_28' title="bbox 1881 1265 3478 1338">
    <p class='ocr_par' dir='ltr' id='par_1_28' title="bbox 1881 1265 3478 1338">
     <span class='ocr_line' id='line_1_28' title="bbox 1881 1265 3478 1338; baseline 0.004 -19"><span class='ocrx_word' id='word_1_173' title='bbox 1881 1265 2054 1320; x_wconf 88' lang='lat' dir='ltr'><strong>nobili</strong></span> <span class='ocrx_word' id='word_1_174' title='bbox 2084 1267 2307 1338; x_wconf 88' lang='lat' dir='ltr'><strong>quidem</strong></span> <span class='ocrx_word' id='word_1_175' title='bbox 2337 1283 2565 1337; x_wconf 84' lang='lat' dir='ltr'><strong>genere,</strong></span> <span class='ocrx_word' id='word_1_176' title='bbox 2611 1267 2708 1321; x_wconf 89' lang='lat' dir='ltr'><strong>sed</strong></span> <span class='ocrx_word' id='word_1_177' title='bbox 2760 1265 3090 1321; x_wconf 90' lang='lat' dir='ltr'><strong>nobiliorem</strong></span> <span class='ocrx_word' id='word_1_178' title='bbox 3142 1268 3407 1337; x_wconf 81' lang='lat' dir='ltr'><strong>moribus,</strong></span> <span class='ocrx_word' id='word_1_179' title='bbox 3442 1288 3478 1326; x_wconf 90' lang='lat' dir='ltr'><strong>a</strong></span> 
     </span>
    </p>
   </div>
   <div class='ocr_carea' id='block_1_29' title="bbox 1882 1354 3477 1427">
    <p class='ocr_par' dir='ltr' id='par_1_29' title="bbox 1882 1354 3477 1427">
     <span class='ocr_line' id='line_1_29' title="bbox 1882 1354 3477 1427; baseline 0.004 -20"><span class='ocrx_word' id='word_1_180' title='bbox 1882 1354 2142 1423; x_wconf 88' lang='lat' dir='ltr'><strong>religioso</strong></span> <span class='ocrx_word' id='word_1_181' title='bbox 2170 1355 2318 1408; x_wconf 90' lang='lat' dir='ltr'><strong>clero</strong></span> <span class='ocrx_word' id='word_1_182' title='bbox 2357 1355 2594 1408; x_wconf 91' lang='lat' dir='ltr'><strong>electum</strong></span> <span class='ocrx_word' id='word_1_183' title='bbox 2626 1362 2683 1408; x_wconf 93' lang='lat' dir='ltr'><strong>et</strong></span> <span class='ocrx_word' id='word_1_184' title='bbox 2706 1371 2741 1408; x_wconf 87' lang='lat' dir='ltr'><strong>a</strong></span> <span class='ocrx_word' id='word_1_185' title='bbox 2767 1355 3042 1410; x_wconf 89' lang='lat' dir='ltr'><strong>catholico</strong></span> <span class='ocrx_word' id='word_1_186' title='bbox 3060 1358 3264 1427; x_wconf 91' lang='lat' dir='ltr'><strong>populo</strong></span> <span class='ocrx_word' id='word_1_187' title='bbox 3284 1357 3477 1413; x_wconf 85' lang='lat' dir='ltr'><strong>lauda-</strong></span> 
     </span>
    </p>
   </div>
   <div class='ocr_carea' id='block_1_30' title="bbox 1884 1443 3483 1516">
    <p class='ocr_par' dir='ltr' id='par_1_30' title="bbox 1884 1443 3483 1516">
     <span class='ocr_line' id='line_1_30' title="bbox 1884 1443 3483 1516; baseline 0.003 -20"><span class='ocrx_word' id='word_1_188' title='bbox 1884 1446 2027 1496; x_wconf 90' lang='lat' dir='ltr'><strong>tum.</strong></span> <span class='ocrx_word' id='word_1_189' title='bbox 2046 1443 2204 1506; x_wconf 87' lang='lat' dir='ltr'><strong>Quod</strong></span> <span class='ocrx_word' id='word_1_190' title='bbox 2228 1448 2551 1497; x_wconf 86' lang='lat' dir='ltr'><strong>veternosus</strong></span> <span class='ocrx_word' id='word_1_191' title='bbox 2562 1460 2792 1514; x_wconf 88' lang='lat' dir='ltr'><strong>serpens</strong></span> <span class='ocrx_word' id='word_1_192' title='bbox 2810 1460 2919 1498; x_wconf 88' lang='lat' dir='ltr'><strong>non</strong></span> <span class='ocrx_word' id='word_1_193' title='bbox 2937 1444 3338 1516; x_wconf 73' lang='lat' dir='ltr'><strong>aequis-aspexit</strong></span> <span class='ocrx_word' id='word_1_194' title='bbox 3353 1463 3483 1501; x_wconf 90' lang='lat' dir='ltr'><strong>ocu-</strong></span> 
     </span>
    </p>
   </div>
   <div class='ocr_carea' id='block_1_31' title="bbox 1886 1529 3478 1604">
    <p class='ocr_par' dir='ltr' id='par_1_31' title="bbox 1886 1529 3478 1604">
     <span class='ocr_line' id='line_1_31' title="bbox 1886 1529 3478 1604; baseline 0.004 -21"><span class='ocrx_word' id='word_1_195' title='bbox 1886 1529 1982 1597; x_wconf 87' lang='lat' dir='ltr'><strong>lis;</strong></span> <span class='ocrx_word' id='word_1_196' title='bbox 2012 1546 2141 1583; x_wconf 87' lang='lat' dir='ltr'><strong>nam</strong></span> <span class='ocrx_word' id='word_1_197' title='bbox 2174 1531 2445 1601; x_wconf 89' lang='lat' dir='ltr'><strong>quosdam</strong></span> <span class='ocrx_word' id='word_1_198' title='bbox 2474 1548 2587 1585; x_wconf 72' lang='lat' dir='ltr'><strong>sua:</strong></span> <span class='ocrx_word' id='word_1_199' title='bbox 2602 1530 2739 1584; x_wconf 84' lang='lat' dir='ltr'><strong>artis</strong></span> <span class='ocrx_word' id='word_1_200' title='bbox 2762 1530 2908 1585; x_wconf 85' lang='lat' dir='ltr'><strong>viros</strong></span> <span class='ocrx_word' id='word_1_201' title='bbox 2932 1531 3239 1595; x_wconf 85' lang='lat' dir='ltr'><strong>invenit.et</strong></span> <span class='ocrx_word' id='word_1_202' title='bbox 3262 1550 3363 1604; x_wconf 92' lang='lat' dir='ltr'><strong>per</strong></span> <span class='ocrx_word' id='word_1_203' title='bbox 3382 1551 3478 1589; x_wconf 86' lang='lat' dir='ltr'><strong>eos</strong></span> 
     </span>
    </p>
   </div>
   <div class='ocr_carea' id='block_1_32' title="bbox 1884 1616 3484 1692">
    <p class='ocr_par' dir='ltr' id='par_1_32' title="bbox 1884 1616 3484 1692">
     <span class='ocr_line' id='line_1_32' title="bbox 1884 1616 3484 1692; baseline 0.004 -21"><span class='ocrx_word' id='word_1_204' title='bbox 1884 1616 2214 1671; x_wconf 88' lang='lat' dir='ltr'><strong>seditionem</strong></span> <span class='ocrx_word' id='word_1_205' title='bbox 2238 1635 2464 1671; x_wconf 90' lang='lat' dir='ltr'><strong>movens</strong></span> <span class='ocrx_word' id='word_1_206' title='bbox 2493 1618 2546 1671; x_wconf 89' lang='lat' dir='ltr'><strong>in</strong></span> <span class='ocrx_word' id='word_1_207' title='bbox 2572 1618 2797 1689; x_wconf 90' lang='lat' dir='ltr'><strong>populo,</strong></span> <span class='ocrx_word' id='word_1_208' title='bbox 2850 1616 3031 1688; x_wconf 88' lang='lat' dir='ltr'><strong>ipsum</strong></span> <span class='ocrx_word' id='word_1_209' title='bbox 3060 1636 3094 1673; x_wconf 86' lang='lat' dir='ltr'><strong>a</strong></span> <span class='ocrx_word' id='word_1_210' title='bbox 3125 1619 3238 1674; x_wconf 91' lang='lat' dir='ltr'><strong>Deo</strong></span> <span class='ocrx_word' id='word_1_211' title='bbox 3269 1627 3484 1692; x_wconf 88' lang='lat' dir='ltr'><strong>protec-</strong></span> 
     </span>
    </p>
   </div>
   <div class='ocr_carea' id='block_1_33' title="bbox 218 1704 3485 1798">
    <p class='ocr_par' dir='ltr' id='par_1_33' title="bbox 218 1704 3485 1798">
     <span class='ocr_line' id='line_1_33' title="bbox 218 1704 3485 1798; baseline -0.006 -15"><span class='ocrx_word' id='word_1_212' title='bbox 218 1704 313 1797; x_wconf 72' lang='lat' dir='ltr'><strong>que</strong></span> <span class='ocrx_word' id='word_1_213' title='bbox 340 1704 492 1798; x_wconf 74' lang='lat' dir='ltr'><strong>regis</strong></span> <span class='ocrx_word' id='word_1_214' title='bbox 526 1704 726 1798; x_wconf 27' lang='lat' dir='ltr'><strong>utpote.</strong></span> <span class='ocrx_word' id='word_1_215' title='bbox 746 1723 1115 1779; x_wconf 85' lang='lat' dir='ltr'><strong>adolescentis</strong></span> <span class='ocrx_word' id='word_1_216' title='bbox 1135 1721 1397 1776; x_wconf 89' lang='lat' dir='ltr'><strong>facillime</strong></span> <span class='ocrx_word' id='word_1_217' title='bbox 1418 1726 1653 1772; x_wconf 87' lang='lat' dir='ltr'><strong>venatus</strong></span> <span class='ocrx_word' id='word_1_218' title='bbox 1690 1724 1793 1769; x_wconf 90' lang='lat' dir='ltr'><strong>est.</strong></span> <span class='ocrx_word' id='word_1_219' title='bbox 1821 1705 2002 1764; x_wconf 87' lang='lat' dir='ltr'><strong>Btum</strong></span> <span class='ocrx_word' id='word_1_220' title='bbox 2032 1704 2478 1760; x_wconf 82' lang='lat' dir='ltr'><strong>Herlimbaldum</strong></span> <span class='ocrx_word' id='word_1_221' title='bbox 2517 1722 2641 1759; x_wconf 89' lang='lat' dir='ltr'><strong>cum</strong></span> <span class='ocrx_word' id='word_1_222' title='bbox 2683 1706 2858 1760; x_wconf 86' lang='lat' dir='ltr'><strong>electo</strong></span> <span class='ocrx_word' id='word_1_223' title='bbox 2879 1706 2996 1774; x_wconf 85' lang='lat' dir='ltr'><strong>jam</strong></span> <span class='ocrx_word' id='word_1_224' title='bbox 3018 1706 3074 1762; x_wconf 91' lang='lat' dir='ltr'><strong>in</strong></span> <span class='ocrx_word' id='word_1_225' title='bbox 3106 1708 3315 1779; x_wconf 88' lang='lat' dir='ltr'><strong>palatio</strong></span> <span class='ocrx_word' id='word_1_226' title='bbox 3341 1710 3485 1765; x_wconf 86' lang='lat' dir='ltr'><strong>resi-</strong></span> 
     </span>
    </p>
   </div>
   <div class='ocr_carea' id='block_1_34' title="bbox 218 1794 3485 1884">
    <p class='ocr_par' dir='ltr' id='par_1_34' title="bbox 218 1794 3485 1884">
     <span class='ocr_line' id='line_1_34' title="bbox 218 1794 3485 1884; baseline -0.005 -14"><span class='ocrx_word' id='word_1_227' title='bbox 218 1794 344 1871; x_wconf 51' lang='lat' dir='ltr'><strong>Xam</strong></span> <span class='ocrx_word' id='word_1_228' title='bbox 373 1794 430 1870; x_wconf 74' lang='lat' dir='ltr'><strong>et</strong></span> <span class='ocrx_word' id='word_1_229' title='bbox 465 1794 753 1870; x_wconf 47' lang='lat' dir='ltr'><strong>Fate—ream</strong></span> <span class='ocrx_word' id='word_1_230' title='bbox 786 1811 1153 1884; x_wconf 86' lang='lat' dir='ltr'><strong>promittebat</strong></span> <span class='ocrx_word' id='word_1_231' title='bbox 1179 1828 1240 1866; x_wconf 90' lang='lat' dir='ltr'><strong>se</strong></span> <span class='ocrx_word' id='word_1_232' title='bbox 1268 1810 1706 1870; x_wconf 87' lang='lat' dir='ltr'><strong>destructurum,</strong></span> <span class='ocrx_word' id='word_1_233' title='bbox 1746 1808 1803 1858; x_wconf 89' lang='lat' dir='ltr'><strong>et</strong></span> <span class='ocrx_word' id='word_1_234' title='bbox 1884 1796 2108 1849; x_wconf 86' lang='lat' dir='ltr'><strong>dentem</strong></span> <span class='ocrx_word' id='word_1_235' title='bbox 2140 1794 2314 1849; x_wconf 88' lang='lat' dir='ltr'><strong>armis</strong></span> <span class='ocrx_word' id='word_1_236' title='bbox 2342 1795 2715 1859; x_wconf 80' lang='lat' dir='ltr'><strong>circumdant,</strong></span> <span class='ocrx_word' id='word_1_237' title='bbox 2749 1795 3018 1866; x_wconf 81' lang='lat' dir='ltr'><strong>palatium</strong></span> <span class='ocrx_word' id='word_1_238' title='bbox 3041 1795 3329 1863; x_wconf 87' lang='lat' dir='ltr'><strong>invadunt,</strong></span> <span class='ocrx_word' id='word_1_239' title='bbox 3350 1815 3485 1854; x_wconf 87' lang='lat' dir='ltr'><strong>cun-</strong></span> 
     </span>
    </p>
   </div>
   <div class='ocr_carea' id='block_1_35' title="bbox 218 1882 3485 1972">
    <p class='ocr_par' dir='ltr' id='par_1_35' title="bbox 218 1882 3485 1972">
     <span class='ocr_line' id='line_1_35' title="bbox 218 1882 3485 1972; baseline -0.008 -13"><span class='ocrx_word' id='word_1_240' title='bbox 218 1904 653 1959; x_wconf 86' lang='lat' dir='ltr'><strong>l-lerlimbaldum</strong></span> <span class='ocrx_word' id='word_1_241' title='bbox 708 1882 892 1956; x_wconf 73' lang='lat' dir='ltr'><strong>vivum</strong></span> <span class='ocrx_word' id='word_1_242' title='bbox 942 1906 1238 1972; x_wconf 87' lang='lat' dir='ltr'><strong>capturum</strong></span> <span class='ocrx_word' id='word_1_243' title='bbox 1287 1905 1346 1952; x_wconf 90' lang='lat' dir='ltr'><strong>et</strong></span> <span class='ocrx_word' id='word_1_244' title='bbox 1390 1898 1538 1951; x_wconf 88' lang='lat' dir='ltr'><strong>ultra</strong></span> <span class='ocrx_word' id='word_1_245' title='bbox 1584 1898 1803 1949; x_wconf 86' lang='lat' dir='ltr'><strong>montes</strong></span> <span class='ocrx_word' id='word_1_246' title='bbox 1886 1889 1976 1937; x_wconf 64' lang='lat' dir='ltr'><strong>ctu</strong></span> <span class='ocrx_word' id='word_1_247' title='bbox 1997 1882 2289 1972; x_wconf 64' lang='lat' dir='ltr'><strong>diripiunt,</strong></span> <span class='ocrx_word' id='word_1_248' title='bbox 2313 1883 2495 1953; x_wconf 84' lang='lat' dir='ltr'><strong>ipsum</strong></span> <span class='ocrx_word' id='word_1_249' title='bbox 2527 1883 2764 1936; x_wconf 81' lang='lat' dir='ltr'><strong>electum</strong></span> <span class='ocrx_word' id='word_1_250' title='bbox 2791 1882 3076 1953; x_wconf 84' lang='lat' dir='ltr'><strong>plagatum</strong></span> <span class='ocrx_word' id='word_1_251' title='bbox 3095 1900 3273 1957; x_wconf 83' lang='lat' dir='ltr'><strong>usque</strong></span> <span class='ocrx_word' id='word_1_252' title='bbox 3298 1887 3369 1941; x_wconf 84' lang='lat' dir='ltr'><strong>ad</strong></span> <span class='ocrx_word' id='word_1_253' title='bbox 3398 1888 3485 1941; x_wconf 78' lang='lat' dir='ltr'><strong>al-</strong></span> 
     </span>
    </p>
   </div>
   <div class='ocr_carea' id='block_1_36' title="bbox 219 1987 1804 2063">
    <p class='ocr_par' dir='ltr' id='par_1_36' title="bbox 219 1987 1804 2063">
     <span class='ocr_line' id='line_1_36' title="bbox 219 1987 1804 2063; baseline -0.008 -16"><span class='ocrx_word' id='word_1_254' title='bbox 219 1995 536 2057; x_wconf 79' lang='lat' dir='ltr'><strong>missurum.</strong></span> <span class='ocrx_word' id='word_1_255' title='bbox 592 1993 640 2046; x_wconf 88' lang='lat' dir='ltr'><strong>si</strong></span> <span class='ocrx_word' id='word_1_256' title='bbox 682 1991 732 2046; x_wconf 91' lang='lat' dir='ltr'><strong>ei</strong></span> <span class='ocrx_word' id='word_1_257' title='bbox 783 2008 885 2063; x_wconf 88' lang='lat' dir='ltr'><strong>per</strong></span> <span class='ocrx_word' id='word_1_258' title='bbox 916 1991 1302 2045; x_wconf 89' lang='lat' dir='ltr'><strong>investituram</strong></span> <span class='ocrx_word' id='word_1_259' title='bbox 1333 1987 1804 2042; x_wconf 82' lang='lat' dir='ltr'><strong>Mediolanensem</strong></span> 
     </span>
    </p>
   </div>
   <div class='ocr_carea' id='block_1_37' title="bbox 221 2073 1806 2153">
    <p class='ocr_par' dir='ltr' id='par_1_37' title="bbox 221 2073 1806 2153">
     <span class='ocr_line' id='line_1_37' title="bbox 221 2073 1806 2153; baseline -0.007 -17"><span class='ocrx_word' id='word_1_260' title='bbox 221 2083 453 2153; x_wconf 84' lang='lat' dir='ltr'><strong>traderet</strong></span> <span class='ocrx_word' id='word_1_261' title='bbox 486 2082 889 2153; x_wconf 85' lang='lat' dir='ltr'><strong>episcopatum.</strong></span> <span class='ocrx_word' id='word_1_262' title='bbox 916 2080 1099 2148; x_wconf 84' lang='lat' dir='ltr'><strong>Hujus</strong></span> <span class='ocrx_word' id='word_1_263' title='bbox 1128 2079 1209 2132; x_wconf 90' lang='lat' dir='ltr'><strong>rei</strong></span> <span class='ocrx_word' id='word_1_264' title='bbox 1236 2077 1423 2148; x_wconf 84' lang='lat' dir='ltr'><strong>gratia</strong></span> <span class='ocrx_word' id='word_1_265' title='bbox 1452 2083 1510 2129; x_wconf 91' lang='lat' dir='ltr'><strong>et</strong></span> <span class='ocrx_word' id='word_1_266' title='bbox 1546 2073 1806 2143; x_wconf 87' lang='lat' dir='ltr'><strong>aliquan-</strong></span> 
     </span>
    </p>
   </div>
   <div class='ocr_carea' id='block_1_38' title="bbox 221 2154 1807 2243">
    <p class='ocr_par' dir='ltr' id='par_1_38' title="bbox 221 2154 1807 2243">
     <span class='ocr_line' id='line_1_38' title="bbox 221 2154 1807 2243; baseline -0.008 -17"><span class='ocrx_word' id='word_1_267' title='bbox 221 2173 325 2225; x_wconf 88' lang='lat' dir='ltr'><strong>tula</strong></span> <span class='ocrx_word' id='word_1_268' title='bbox 352 2171 596 2243; x_wconf 81' lang='lat' dir='ltr'><strong>pecunia</strong></span> <span class='ocrx_word' id='word_1_269' title='bbox 632 2170 785 2232; x_wconf 85' lang='lat' dir='ltr'><strong>data,</strong></span> <span class='ocrx_word' id='word_1_270' title='bbox 810 2168 1220 2233; x_wconf 86' lang='lat' dir='ltr'><strong>investituram,</strong></span> <span class='ocrx_word' id='word_1_271' title='bbox 1249 2182 1417 2237; x_wconf 88' lang='lat' dir='ltr'><strong>quam</strong></span> <span class='ocrx_word' id='word_1_272' title='bbox 1441 2154 1685 2235; x_wconf 73' lang='lat' dir='ltr'><strong>petebat,</strong></span> <span class='ocrx_word' id='word_1_273' title='bbox 1711 2176 1807 2214; x_wconf 87' lang='lat' dir='ltr'><strong>ac-</strong></span> 
     </span>
    </p>
   </div>
   <div class='ocr_carea' id='block_1_39' title="bbox 222 2250 1806 2332">
    <p class='ocr_par' dir='ltr' id='par_1_39' title="bbox 222 2250 1806 2332">
     <span class='ocr_line' id='line_1_39' title="bbox 222 2250 1806 2332; baseline -0.007 -19"><span class='ocrx_word' id='word_1_274' title='bbox 222 2261 371 2332; x_wconf 80' lang='lat' dir='ltr'><strong>cepit,</strong></span> <span class='ocrx_word' id='word_1_275' title='bbox 406 2260 508 2314; x_wconf 88' lang='lat' dir='ltr'><strong>sed</strong></span> <span class='ocrx_word' id='word_1_276' title='bbox 532 2259 916 2330; x_wconf 83' lang='lat' dir='ltr'><strong>episcopatum</strong></span> <span class='ocrx_word' id='word_1_277' title='bbox 970 2274 1082 2311; x_wconf 90' lang='lat' dir='ltr'><strong>non</strong></span> <span class='ocrx_word' id='word_1_278' title='bbox 1114 2254 1373 2310; x_wconf 88' lang='lat' dir='ltr'><strong>obtinuit.</strong></span> <span class='ocrx_word' id='word_1_279' title='bbox 1433 2253 1574 2307; x_wconf 85' lang='lat' dir='ltr'><strong>Nam</strong></span> <span class='ocrx_word' id='word_1_280' title='bbox 1619 2267 1653 2304; x_wconf 89' lang='lat' dir='ltr'><strong>a</strong></span> <span class='ocrx_word' id='word_1_281' title='bbox 1691 2250 1806 2304; x_wconf 91' lang='lat' dir='ltr'><strong>Deo</strong></span> 
     </span>
    </p>
   </div>
   <div class='ocr_carea' id='block_1_40' title="bbox 222 2342 1803 2418">
    <p class='ocr_par' dir='ltr' id='par_1_40' title="bbox 222 2342 1803 2418">
     <span class='ocr_line' id='line_1_40' title="bbox 222 2342 1803 2418; baseline -0.007 -16"><span class='ocrx_word' id='word_1_282' title='bbox 222 2355 495 2418; x_wconf 85' lang='lat' dir='ltr'><strong>protectus</strong></span> <span class='ocrx_word' id='word_1_283' title='bbox 526 2347 957 2411; x_wconf 82' lang='lat' dir='ltr'><strong>Herlimbaldus,</strong></span> <span class='ocrx_word' id='word_1_284' title='bbox 1004 2350 1068 2399; x_wconf 91' lang='lat' dir='ltr'><strong>ut</strong></span> <span class='ocrx_word' id='word_1_285' title='bbox 1119 2344 1333 2398; x_wconf 88' lang='lat' dir='ltr'><strong>audivit</strong></span> <span class='ocrx_word' id='word_1_286' title='bbox 1361 2342 1482 2403; x_wconf 88' lang='lat' dir='ltr'><strong>eius</strong></span> <span class='ocrx_word' id='word_1_287' title='bbox 1519 2345 1803 2402; x_wconf 87' lang='lat' dir='ltr'><strong>conatum,</strong></span> 
     </span>
    </p>
   </div>
   <div class='ocr_carea' id='block_1_41' title="bbox 1887 1971 3486 2047">
    <p class='ocr_par' dir='ltr' id='par_1_41' title="bbox 1887 1971 3486 2047">
     <span class='ocr_line' id='line_1_41' title="bbox 1887 1971 3486 2047; baseline 0.003 -21"><span class='ocrx_word' id='word_1_288' title='bbox 1887 1977 2009 2026; x_wconf 87' lang='lat' dir='ltr'><strong>tare</strong></span> <span class='ocrx_word' id='word_1_289' title='bbox 2039 1972 2096 2029; x_wconf 93' lang='lat' dir='ltr'><strong>S.</strong></span> <span class='ocrx_word' id='word_1_290' title='bbox 2129 1971 2315 2025; x_wconf 67' lang='lat' dir='ltr'><strong>Mariae</strong></span> <span class='ocrx_word' id='word_1_291' title='bbox 2345 1978 2584 2026; x_wconf 87' lang='lat' dir='ltr'><strong>tractum</strong></span> <span class='ocrx_word' id='word_1_292' title='bbox 2606 1972 3486 2047; x_wconf 88' lang='lat' dir='ltr'><strong>jurarecompellunt,nunquam</strong></span> 
     </span>
    </p>
   </div>
   <div class='ocr_carea' id='block_1_42' title="bbox 1887 2059 3483 2132">
    <p class='ocr_par' dir='ltr' id='par_1_42' title="bbox 1887 2059 3483 2132">
     <span class='ocr_line' id='line_1_42' title="bbox 1887 2059 3483 2132; baseline 0.003 -16"><span class='ocrx_word' id='word_1_293' title='bbox 1887 2079 1947 2117; x_wconf 90' lang='lat' dir='ltr'><strong>se</strong></span> <span class='ocrx_word' id='word_1_294' title='bbox 2002 2061 2246 2132; x_wconf 80' lang='lat' dir='ltr'><strong>amplius</strong></span> <span class='ocrx_word' id='word_1_295' title='bbox 2274 2061 2343 2114; x_wconf 89' lang='lat' dir='ltr'><strong>de</strong></span> <span class='ocrx_word' id='word_1_296' title='bbox 2373 2061 2571 2114; x_wconf 91' lang='lat' dir='ltr'><strong>eodem</strong></span> <span class='ocrx_word' id='word_1_297' title='bbox 2628 2059 2952 2131; x_wconf 87' lang='lat' dir='ltr'><strong>episcopatu</strong></span> <span class='ocrx_word' id='word_1_298' title='bbox 3007 2060 3483 2120; x_wconf 88' lang='lat' dir='ltr'><strong>intromissurum.</strong></span> 
     </span>
    </p>
   </div>
   <div class='ocr_carea' id='block_1_43' title="bbox 1887 2150 3486 2226">
    <p class='ocr_par' dir='ltr' id='par_1_43' title="bbox 1887 2150 3486 2226">
     <span class='ocr_line' id='line_1_43' title="bbox 1887 2150 3486 2226; baseline 0.002 -20"><span class='ocrx_word' id='word_1_299' title='bbox 1887 2151 2099 2206; x_wconf 88' lang='lat' dir='ltr'><strong>Dehinc</strong></span> <span class='ocrx_word' id='word_1_300' title='bbox 2124 2167 2253 2205; x_wconf 90' lang='lat' dir='ltr'><strong>eum</strong></span> <span class='ocrx_word' id='word_1_301' title='bbox 2284 2150 2505 2204; x_wconf 89' lang='lat' dir='ltr'><strong>cuidam</strong></span> <span class='ocrx_word' id='word_1_302' title='bbox 2531 2150 2731 2204; x_wconf 89' lang='lat' dir='ltr'><strong>clerico</strong></span> <span class='ocrx_word' id='word_1_303' title='bbox 2764 2150 3017 2221; x_wconf 88' lang='lat' dir='ltr'><strong>ejusdem</strong></span> <span class='ocrx_word' id='word_1_304' title='bbox 3046 2153 3288 2208; x_wconf 74' lang='lat' dir='ltr'><strong>ecclesiae.</strong></span> <span class='ocrx_word' id='word_1_305' title='bbox 3308 2170 3486 2226; x_wconf 89' lang='lat' dir='ltr'><strong>usque</strong></span> 
     </span>
    </p>
   </div>
   <div class='ocr_carea' id='block_1_44' title="bbox 1888 2239 3490 2311">
    <p class='ocr_par' dir='ltr' id='par_1_44' title="bbox 1888 2239 3490 2311">
     <span class='ocr_line' id='line_1_44' title="bbox 1888 2239 3490 2311; baseline 0.003 -17"><span class='ocrx_word' id='word_1_306' title='bbox 1888 2239 2494 2295; x_wconf 88' lang='lat' dir='ltr'><strong>manecustodiendum</strong></span> <span class='ocrx_word' id='word_1_307' title='bbox 2535 2239 2842 2296; x_wconf 81' lang='lat' dir='ltr'><strong>tradidere.</strong></span> <span class='ocrx_word' id='word_1_308' title='bbox 2896 2241 3060 2295; x_wconf 89' lang='lat' dir='ltr'><strong>Mane</strong></span> <span class='ocrx_word' id='word_1_309' title='bbox 3099 2258 3228 2296; x_wconf 90' lang='lat' dir='ltr'><strong>vero</strong></span> <span class='ocrx_word' id='word_1_310' title='bbox 3254 2242 3420 2311; x_wconf 73' lang='lat' dir='ltr'><strong>facto,</strong></span> <span class='ocrx_word' id='word_1_311' title='bbox 3454 2260 3490 2299; x_wconf 87' lang='lat' dir='ltr'><strong>a</strong></span> 
     </span>
    </p>
   </div>
   <div class='ocr_carea' id='block_1_45' title="bbox 1891 2328 3488 2404">
    <p class='ocr_par' dir='ltr' id='par_1_45' title="bbox 1891 2328 3488 2404">
     <span class='ocr_line' id='line_1_45' title="bbox 1891 2328 3488 2404; baseline 0.001 -19"><span class='ocrx_word' id='word_1_312' title='bbox 1891 2331 2006 2385; x_wconf 93' lang='lat' dir='ltr'><strong>Deo</strong></span> <span class='ocrx_word' id='word_1_313' title='bbox 2028 2334 2313 2402; x_wconf 89' lang='lat' dir='ltr'><strong>protectus</strong></span> <span class='ocrx_word' id='word_1_314' title='bbox 2336 2328 2749 2384; x_wconf 82' lang='lat' dir='ltr'><strong>ilerlimbaldus</strong></span> <span class='ocrx_word' id='word_1_315' title='bbox 2778 2329 2848 2383; x_wconf 91' lang='lat' dir='ltr'><strong>ad</strong></span> <span class='ocrx_word' id='word_1_316' title='bbox 2878 2331 3168 2385; x_wconf 87' lang='lat' dir='ltr'><strong>ecclesiam</strong></span> <span class='ocrx_word' id='word_1_317' title='bbox 3194 2331 3488 2404; x_wconf 89' lang='lat' dir='ltr'><strong>imperter-</strong></span> 
     </span>
    </p>
   </div>
   <div class='ocr_carea' id='block_1_46' title="bbox 220 2418 3493 2508">
    <p class='ocr_par' dir='ltr' id='par_1_46' title="bbox 220 2418 3493 2508">
     <span class='ocr_line' id='line_1_46' title="bbox 220 2418 3493 2508; baseline -0.001 -27"><span class='ocrx_word' id='word_1_318' title='bbox 220 2454 559 2508; x_wconf 67' lang='lat' dir='ltr'><strong>congmgans</strong></span> <span class='ocrx_word' id='word_1_319' title='bbox 588 2435 1012 2490; x_wconf 59' lang='lat' dir='ltr'><strong>multitudinem</strong></span> <span class='ocrx_word' id='word_1_320' title='bbox 1044 2433 1145 2488; x_wconf 77' lang='lat' dir='ltr'><strong>Dei</strong></span> <span class='ocrx_word' id='word_1_321' title='bbox 1172 2432 1467 2491; x_wconf 53' lang='lat' dir='ltr'><strong>exercitus,</strong></span> <span class='ocrx_word' id='word_1_322' title='bbox 1496 2428 1683 2483; x_wconf 80' lang='lat' dir='ltr'><strong>omnia</strong></span> <span class='ocrx_word' id='word_1_323' title='bbox 1715 2442 1811 2480; x_wconf 78' lang='lat' dir='ltr'><strong>ca—</strong></span> <span class='ocrx_word' id='word_1_324' title='bbox 1892 2420 2035 2473; x_wconf 86' lang='lat' dir='ltr'><strong>ritus</strong></span> <span class='ocrx_word' id='word_1_325' title='bbox 2073 2418 2252 2486; x_wconf 84' lang='lat' dir='ltr'><strong>venit;</strong></span> <span class='ocrx_word' id='word_1_326' title='bbox 2291 2419 2436 2489; x_wconf 89' lang='lat' dir='ltr'><strong>quod</strong></span> <span class='ocrx_word' id='word_1_327' title='bbox 2470 2424 2533 2472; x_wconf 90' lang='lat' dir='ltr'><strong>ut</strong></span> <span class='ocrx_word' id='word_1_328' title='bbox 2560 2418 2822 2473; x_wconf 86' lang='lat' dir='ltr'><strong>viderunt</strong></span> <span class='ocrx_word' id='word_1_329' title='bbox 2843 2419 3215 2475; x_wconf 87' lang='lat' dir='ltr'><strong>Ecclesiarum</strong></span> <span class='ocrx_word' id='word_1_330' title='bbox 3248 2422 3493 2477; x_wconf 89' lang='lat' dir='ltr'><strong>vendito-</strong></span> 
     </span>
    </p>
   </div>
   <div class='ocr_carea' id='block_1_47' title="bbox 221 2507 3495 2596">
    <p class='ocr_par' dir='ltr' id='par_1_47' title="bbox 221 2507 3495 2596">
     <span class='ocr_line' id='line_1_47' title="bbox 221 2507 3495 2596; baseline -0.004 -17"><span class='ocrx_word' id='word_1_331' title='bbox 221 2507 333 2580; x_wconf 77' lang='lat' dir='ltr'><strong>sua</strong></span> <span class='ocrx_word' id='word_1_332' title='bbox 350 2527 423 2580; x_wconf 89' lang='lat' dir='ltr'><strong>ad</strong></span> <span class='ocrx_word' id='word_1_333' title='bbox 449 2528 544 2596; x_wconf 90' lang='lat' dir='ltr'><strong>jus</strong></span> <span class='ocrx_word' id='word_1_334' title='bbox 569 2523 815 2596; x_wconf 88' lang='lat' dir='ltr'><strong>episc0pi</strong></span> <span class='ocrx_word' id='word_1_335' title='bbox 832 2521 1167 2594; x_wconf 89' lang='lat' dir='ltr'><strong>pertinentia</strong></span> <span class='ocrx_word' id='word_1_336' title='bbox 1188 2520 1258 2574; x_wconf 91' lang='lat' dir='ltr'><strong>ab</strong></span> <span class='ocrx_word' id='word_1_337' title='bbox 1280 2521 1400 2589; x_wconf 87' lang='lat' dir='ltr'><strong>ejus</strong></span> <span class='ocrx_word' id='word_1_338' title='bbox 1429 2515 1704 2572; x_wconf 71' lang='lat' dir='ltr'><strong>subtraxit</strong></span> <span class='ocrx_word' id='word_1_339' title='bbox 1725 2513 1814 2567; x_wconf 91' lang='lat' dir='ltr'><strong>di-</strong></span> <span class='ocrx_word' id='word_1_340' title='bbox 1893 2526 1983 2564; x_wconf 89' lang='lat' dir='ltr'><strong>res</strong></span> <span class='ocrx_word' id='word_1_341' title='bbox 2021 2515 2079 2562; x_wconf 89' lang='lat' dir='ltr'><strong>et</strong></span> <span class='ocrx_word' id='word_1_342' title='bbox 2105 2507 2503 2562; x_wconf 89' lang='lat' dir='ltr'><strong>fornicatorum</strong></span> <span class='ocrx_word' id='word_1_343' title='bbox 2535 2508 2889 2562; x_wconf 83' lang='lat' dir='ltr'><strong>sacerdotum</strong></span> <span class='ocrx_word' id='word_1_344' title='bbox 2924 2508 3219 2580; x_wconf 87' lang='lat' dir='ltr'><strong>propinqui</strong></span> <span class='ocrx_word' id='word_1_345' title='bbox 3248 2510 3495 2567; x_wconf 87' lang='lat' dir='ltr'><strong>clamare</strong></span> 
     </span>
    </p>
   </div>
   <div class='ocr_carea' id='block_1_48' title="bbox 222 2594 3495 2685">
    <p class='ocr_par' dir='ltr' id='par_1_48' title="bbox 222 2594 3495 2685">
     <span class='ocr_line' id='line_1_48' title="bbox 222 2594 3495 2685; baseline -0.005 -18"><span class='ocrx_word' id='word_1_346' title='bbox 222 2615 603 2672; x_wconf 86' lang='lat' dir='ltr'><strong>tione.Dehinc</strong></span> <span class='ocrx_word' id='word_1_347' title='bbox 620 2614 766 2685; x_wconf 85' lang='lat' dir='ltr'><strong>apud</strong></span> <span class='ocrx_word' id='word_1_348' title='bbox 787 2612 1181 2666; x_wconf 87' lang='lat' dir='ltr'><strong>Castellionem</strong></span> <span class='ocrx_word' id='word_1_349' title='bbox 1203 2625 1365 2663; x_wconf 89' lang='lat' dir='ltr'><strong>suum</strong></span> <span class='ocrx_word' id='word_1_350' title='bbox 1394 2603 1813 2661; x_wconf 77' lang='lat' dir='ltr'><strong>lmereditarium</strong></span> <span class='ocrx_word' id='word_1_351' title='bbox 1895 2600 2201 2666; x_wconf 70' lang='lat' dir='ltr'><strong>cmperunt.</strong></span> <span class='ocrx_word' id='word_1_352' title='bbox 2263 2594 2522 2664; x_wconf 89' lang='lat' dir='ltr'><strong>belloque</strong></span> <span class='ocrx_word' id='word_1_353' title='bbox 2573 2594 2887 2658; x_wconf 70' lang='lat' dir='ltr'><strong>commisso,</strong></span> <span class='ocrx_word' id='word_1_354' title='bbox 2924 2612 3025 2666; x_wconf 90' lang='lat' dir='ltr'><strong>per</strong></span> <span class='ocrx_word' id='word_1_355' title='bbox 3054 2596 3154 2650; x_wconf 89' lang='lat' dir='ltr'><strong>Dei</strong></span> <span class='ocrx_word' id='word_1_356' title='bbox 3183 2597 3495 2652; x_wconf 84' lang='lat' dir='ltr'><strong>misericor-</strong></span> 
     </span>
    </p>
   </div>
   <div class='ocr_carea' id='block_1_49' title="bbox 218 2682 3493 2776">
    <p class='ocr_par' dir='ltr' id='par_1_49' title="bbox 218 2682 3493 2776">
     <span class='ocr_line' id='line_1_49' title="bbox 218 2682 3493 2776; baseline -0.006 -17"><span class='ocrx_word' id='word_1_357' title='bbox 218 2714 460 2759; x_wconf 85' lang='lat' dir='ltr'><strong>castrum</strong></span> <span class='ocrx_word' id='word_1_358' title='bbox 490 2721 590 2776; x_wconf 87' lang='lat' dir='ltr'><strong>per</strong></span> <span class='ocrx_word' id='word_1_359' title='bbox 613 2703 819 2757; x_wconf 90' lang='lat' dir='ltr'><strong>multos</strong></span> <span class='ocrx_word' id='word_1_360' title='bbox 832 2702 952 2755; x_wconf 88' lang='lat' dir='ltr'><strong>dies</strong></span> <span class='ocrx_word' id='word_1_361' title='bbox 971 2718 1100 2755; x_wconf 85' lang='lat' dir='ltr'><strong>eum</strong></span> <span class='ocrx_word' id='word_1_362' title='bbox 1121 2698 1357 2762; x_wconf 87' lang='lat' dir='ltr'><strong>obsedit,</strong></span> <span class='ocrx_word' id='word_1_363' title='bbox 1384 2695 1528 2767; x_wconf 89' lang='lat' dir='ltr'><strong>quod</strong></span> <span class='ocrx_word' id='word_1_364' title='bbox 1564 2710 1690 2748; x_wconf 88' lang='lat' dir='ltr'><strong>cum</strong></span> <span class='ocrx_word' id='word_1_365' title='bbox 1721 2691 1816 2746; x_wconf 63' lang='lat' dir='ltr'><strong>ob.</strong></span> <span class='ocrx_word' id='word_1_366' title='bbox 1895 2685 2044 2738; x_wconf 87' lang='lat' dir='ltr'><strong>diam</strong></span> <span class='ocrx_word' id='word_1_367' title='bbox 2101 2682 2199 2738; x_wconf 91' lang='lat' dir='ltr'><strong>Dei</strong></span> <span class='ocrx_word' id='word_1_368' title='bbox 2257 2683 2418 2737; x_wconf 87' lang='lat' dir='ltr'><strong>miles</strong></span> <span class='ocrx_word' id='word_1_369' title='bbox 2468 2684 2713 2754; x_wconf 86' lang='lat' dir='ltr'><strong>palmam</strong></span> <span class='ocrx_word' id='word_1_370' title='bbox 2746 2683 3013 2737; x_wconf 88' lang='lat' dir='ltr'><strong>citissime</strong></span> <span class='ocrx_word' id='word_1_371' title='bbox 3053 2683 3312 2739; x_wconf 81' lang='lat' dir='ltr'><strong>obtinuit.</strong></span> <span class='ocrx_word' id='word_1_372' title='bbox 3346 2686 3493 2741; x_wconf 86' lang='lat' dir='ltr'><strong>Nam</strong></span> 
     </span>
    </p>
   </div>
   <div class='ocr_carea' id='block_1_50' title="bbox 222 2771 3492 2875">
    <p class='ocr_par' dir='ltr' id='par_1_50' title="bbox 222 2771 3492 2875">
     <span class='ocr_line' id='line_1_50' title="bbox 222 2771 3492 2875; baseline -0.007 -25"><span class='ocrx_word' id='word_1_373' title='bbox 222 2793 494 2848; x_wconf 81' lang='lat' dir='ltr'><strong>sideretur</strong></span> <span class='ocrx_word' id='word_1_374' title='bbox 521 2799 749 2875; x_wconf 66' lang='lat' dir='ltr'><strong>etpene</strong></span> <span class='ocrx_word' id='word_1_375' title='bbox 777 2791 900 2862; x_wconf 87' lang='lat' dir='ltr'><strong>capi</strong></span> <span class='ocrx_word' id='word_1_376' title='bbox 933 2806 1094 2861; x_wconf 90' lang='lat' dir='ltr'><strong>posse</strong></span> <span class='ocrx_word' id='word_1_377' title='bbox 1152 2788 1453 2851; x_wconf 86' lang='lat' dir='ltr'><strong>videretur,</strong></span> <span class='ocrx_word' id='word_1_378' title='bbox 1513 2780 1814 2839; x_wconf 87' lang='lat' dir='ltr'><strong>Simoniaci</strong></span> <span class='ocrx_word' id='word_1_379' title='bbox 1896 2789 2091 2827; x_wconf 88' lang='lat' dir='ltr'><strong>omnes</strong></span> <span class='ocrx_word' id='word_1_380' title='bbox 2111 2772 2210 2827; x_wconf 89' lang='lat' dir='ltr'><strong>Dei</strong></span> <span class='ocrx_word' id='word_1_381' title='bbox 2234 2771 2484 2825; x_wconf 89' lang='lat' dir='ltr'><strong>inimicos</strong></span> <span class='ocrx_word' id='word_1_382' title='bbox 2536 2772 2727 2842; x_wconf 88' lang='lat' dir='ltr'><strong>procul</strong></span> <span class='ocrx_word' id='word_1_383' title='bbox 2774 2789 2808 2823; x_wconf 85' lang='lat' dir='ltr'><strong>a</strong></span> <span class='ocrx_word' id='word_1_384' title='bbox 2864 2771 3091 2827; x_wconf 85' lang='lat' dir='ltr'><strong>civitate</strong></span> <span class='ocrx_word' id='word_1_385' title='bbox 3135 2773 3492 2843; x_wconf 85' lang='lat' dir='ltr'><strong>fugaverunt,</strong></span> 
     </span>
    </p>
   </div>
   <div class='ocr_carea' id='block_1_51' title="bbox 224 2859 3496 2947">
    <p class='ocr_par' dir='ltr' id='par_1_51' title="bbox 224 2859 3496 2947">
     <span class='ocr_line' id='line_1_51' title="bbox 224 2859 3496 2947; baseline -0.005 -14"><span class='ocrx_word' id='word_1_386' title='bbox 224 2888 275 2935; x_wconf 87' lang='lat' dir='ltr'><strong>et</strong></span> <span class='ocrx_word' id='word_1_387' title='bbox 300 2864 659 2937; x_wconf 81' lang='lat' dir='ltr'><strong>concubinati</strong></span> <span class='ocrx_word' id='word_1_388' title='bbox 677 2879 866 2935; x_wconf 88' lang='lat' dir='ltr'><strong>clerici</strong></span> <span class='ocrx_word' id='word_1_389' title='bbox 897 2884 1066 2933; x_wconf 89' lang='lat' dir='ltr'><strong>noctu</strong></span> <span class='ocrx_word' id='word_1_390' title='bbox 1091 2877 1279 2947; x_wconf 86' lang='lat' dir='ltr'><strong>ignem</strong></span> <span class='ocrx_word' id='word_1_391' title='bbox 1311 2875 1368 2929; x_wconf 91' lang='lat' dir='ltr'><strong>in</strong></span> <span class='ocrx_word' id='word_1_392' title='bbox 1392 2873 1577 2927; x_wconf 87' lang='lat' dir='ltr'><strong>media</strong></span> <span class='ocrx_word' id='word_1_393' title='bbox 1607 2870 1816 2926; x_wconf 87' lang='lat' dir='ltr'><strong>Medio-</strong></span> <span class='ocrx_word' id='word_1_394' title='bbox 1896 2861 2267 2932; x_wconf 88' lang='lat' dir='ltr'><strong>omnibusque</strong></span> <span class='ocrx_word' id='word_1_395' title='bbox 2296 2876 2397 2931; x_wconf 90' lang='lat' dir='ltr'><strong>per</strong></span> <span class='ocrx_word' id='word_1_396' title='bbox 2426 2860 2522 2914; x_wconf 88' lang='lat' dir='ltr'><strong>Dei</strong></span> <span class='ocrx_word' id='word_1_397' title='bbox 2548 2859 2807 2914; x_wconf 90' lang='lat' dir='ltr'><strong>inimicos</strong></span> <span class='ocrx_word' id='word_1_398' title='bbox 2834 2859 3000 2914; x_wconf 90' lang='lat' dir='ltr'><strong>rebus</strong></span> <span class='ocrx_word' id='word_1_399' title='bbox 3021 2861 3265 2916; x_wconf 82' lang='lat' dir='ltr'><strong>ecclesiae</strong></span> <span class='ocrx_word' id='word_1_400' title='bbox 3294 2861 3496 2917; x_wconf 86' lang='lat' dir='ltr'><strong>ablatis</strong></span> 
     </span>
    </p>
   </div>
   <div class='ocr_carea' id='block_1_52' title="bbox 223 2946 3492 3040">
    <p class='ocr_par' dir='ltr' id='par_1_52' title="bbox 223 2946 3492 3040">
     <span class='ocr_line' id='line_1_52' title="bbox 223 2946 3492 3040; baseline -0.006 -17"><span class='ocrx_word' id='word_1_401' title='bbox 223 2971 431 3027; x_wconf 84' lang='lat' dir='ltr'><strong>lanensi</strong></span> <span class='ocrx_word' id='word_1_402' title='bbox 462 2971 685 3025; x_wconf 77' lang='lat' dir='ltr'><strong>civitate</strong></span> <span class='ocrx_word' id='word_1_403' title='bbox 712 2970 1048 3040; x_wconf 75' lang='lat' dir='ltr'><strong>iniecerunt.</strong></span> <span class='ocrx_word' id='word_1_404' title='bbox 1069 2946 1297 3021; x_wconf 84' lang='lat' dir='ltr'><strong>auctore</strong></span> <span class='ocrx_word' id='word_1_405' title='bbox 1326 2963 1570 3034; x_wconf 81' lang='lat' dir='ltr'><strong>quodam</strong></span> <span class='ocrx_word' id='word_1_406' title='bbox 1592 2958 1813 3027; x_wconf 80' lang='lat' dir='ltr'><strong>clerico,</strong></span> <span class='ocrx_word' id='word_1_407' title='bbox 1837 3019 1878 3040; x_wconf 57' lang='grc' dir='ltr'><em>Π</em></span> <span class='ocrx_word' id='word_1_408' title='bbox 1898 2950 1956 3005; x_wconf 91' lang='lat' dir='ltr'><strong>in</strong></span> <span class='ocrx_word' id='word_1_409' title='bbox 1987 2951 2220 3022; x_wconf 89' lang='lat' dir='ltr'><strong>duplum</strong></span> <span class='ocrx_word' id='word_1_410' title='bbox 2252 2948 2528 3003; x_wconf 87' lang='lat' dir='ltr'><strong>restitutis</strong></span> <span class='ocrx_word' id='word_1_411' title='bbox 2549 2948 2840 3003; x_wconf 88' lang='lat' dir='ltr'><strong>ecclesiam</strong></span> <span class='ocrx_word' id='word_1_412' title='bbox 2855 2954 2913 3003; x_wconf 92' lang='lat' dir='ltr'><strong>et</strong></span> <span class='ocrx_word' id='word_1_413' title='bbox 2934 2950 3204 3021; x_wconf 88' lang='lat' dir='ltr'><strong>palatium</strong></span> <span class='ocrx_word' id='word_1_414' title='bbox 3230 2946 3492 3015; x_wconf 75' lang='lat' dir='ltr'><strong>obtinuit,</strong></span> 
     </span>
    </p>
   </div>
   <div class='ocr_carea' id='block_1_53' title="bbox 223 3019 3497 3133">
    <p class='ocr_par' dir='ltr' id='par_1_53' title="bbox 223 3019 3497 3133">
     <span class='ocr_line' id='line_1_53' title="bbox 224 3019 2949 3040; baseline -0.001 -16"><span class='ocrx_word' id='word_1_415' title='bbox 224 3019 431 3027; x_wconf 66' lang='lat'><strong>__---..--</strong></span> <span class='ocrx_word' id='word_1_416' title='bbox 466 3019 682 3025; x_wconf 60' lang='grc' dir='ltr'><strong>---η-η</strong></span> <span class='ocrx_word' id='word_1_417' title='bbox 1342 3019 1362 3034; x_wconf 53' lang='grc' dir='ltr'>ι</span> <span class='ocrx_word' id='word_1_418' title='bbox 1801 3019 1811 3027; x_wconf 87' lang='grc'><strong><em>,</em></strong></span> <span class='ocrx_word' id='word_1_419' title='bbox 2067 3019 2083 3022; x_wconf 89' lang='lat'>_</span> <span class='ocrx_word' id='word_1_420' title='bbox 2938 3019 2949 3021; x_wconf 16' lang='grc' dir='ltr'>ἡ</span> 
     </span>
     <span class='ocr_line' id='line_1_54' title="bbox 223 3019 3497 3133; baseline -0.007 -16"><span class='ocrx_word' id='word_1_421' title='bbox 223 3063 372 3133; x_wconf 88' lang='lat' dir='ltr'><strong>cujus</strong></span> <span class='ocrx_word' id='word_1_422' title='bbox 400 3077 613 3116; x_wconf 88' lang='lat' dir='ltr'><strong>nomen</strong></span> <span class='ocrx_word' id='word_1_423' title='bbox 633 3056 1085 3127; x_wconf 81' lang='lat' dir='ltr'><strong>investigandum</strong></span> <span class='ocrx_word' id='word_1_424' title='bbox 1110 3053 1302 3109; x_wconf 80' lang='lat' dir='ltr'><strong>solerti</strong></span> <span class='ocrx_word' id='word_1_425' title='bbox 1322 3050 1515 3107; x_wconf 87' lang='lat' dir='ltr'><strong>lectori</strong></span> <span class='ocrx_word' id='word_1_426' title='bbox 1534 3048 1815 3118; x_wconf 91' lang='lat' dir='ltr'><strong>relinquo,</strong></span> <span class='ocrx_word' id='word_1_427' title='bbox 1835 3019 1879 3081; x_wconf 68' lang='grc' dir='ltr'><strong>θ</strong></span> <span class='ocrx_word' id='word_1_428' title='bbox 1897 3039 2191 3111; x_wconf 87' lang='lat' dir='ltr'><strong>potuitque</strong></span> <span class='ocrx_word' id='word_1_429' title='bbox 2213 3038 2408 3092; x_wconf 91' lang='lat' dir='ltr'><strong>eodem</strong></span> <span class='ocrx_word' id='word_1_430' title='bbox 2430 3037 2518 3090; x_wconf 90' lang='lat' dir='ltr'><strong>die</strong></span> <span class='ocrx_word' id='word_1_431' title='bbox 2531 3037 2741 3090; x_wconf 88' lang='lat' dir='ltr'><strong>electus</strong></span> <span class='ocrx_word' id='word_1_432' title='bbox 2756 3038 2980 3091; x_wconf 89' lang='lat' dir='ltr'><strong>Domini</strong></span> <span class='ocrx_word' id='word_1_433' title='bbox 3010 3038 3132 3093; x_wconf 89' lang='lat' dir='ltr'><strong>sine</strong></span> <span class='ocrx_word' id='word_1_434' title='bbox 3144 3039 3258 3093; x_wconf 85' lang='lat' dir='ltr'><strong>ulla</strong></span> <span class='ocrx_word' id='word_1_435' title='bbox 3278 3045 3497 3094; x_wconf 84' lang='lat' dir='ltr'><strong>contra-</strong></span> 
     </span>
    </p>
   </div>
   <div class='ocr_carea' id='block_1_54' title="bbox 223 3125 3499 3222">
    <p class='ocr_par' dir='ltr' id='par_1_54' title="bbox 223 3125 3499 3222">
     <span class='ocr_line' id='line_1_55' title="bbox 223 3125 3499 3222; baseline -0.004 -28"><span class='ocrx_word' id='word_1_436' title='bbox 223 3168 316 3222; x_wconf 69' lang='lat' dir='ltr'><strong>pro</strong></span> <span class='ocrx_word' id='word_1_437' title='bbox 343 3157 501 3205; x_wconf 69' lang='grc' dir='ltr'><strong>ωηο</strong></span> <span class='ocrx_word' id='word_1_438' title='bbox 530 3148 712 3203; x_wconf 75' lang='lat' dir='ltr'><strong>sciens</strong></span> <span class='ocrx_word' id='word_1_439' title='bbox 736 3144 1193 3200; x_wconf 49' lang='lat' dir='ltr'><strong>“indubitanter</strong></span> <span class='ocrx_word' id='word_1_440' title='bbox 1211 3141 1496 3196; x_wconf 70' lang='lat' dir='ltr'><strong>afﬁrmans</strong></span> <span class='ocrx_word' id='word_1_441' title='bbox 1529 3143 1814 3193; x_wconf 72' lang='lat' dir='ltr'><strong>auctorem</strong></span> <span class='ocrx_word' id='word_1_442' title='bbox 1897 3125 3499 3195; x_wconf 82' lang='lat' dir='ltr'><strong>dictioneinthronizari,nisacramentivinculumobstitis-</strong></span> 
     </span>
    </p>
   </div>
   <div class='ocr_carea' id='block_1_55' title="bbox 222 3215 3494 3309">
    <p class='ocr_par' dir='ltr' id='par_1_55' title="bbox 222 3215 3494 3309">
     <span class='ocr_line' id='line_1_56' title="bbox 222 3215 3494 3309; baseline -0.006 -18"><span class='ocrx_word' id='word_1_443' title='bbox 222 3215 359 3293; x_wconf 69' lang='lat' dir='ltr'><strong>tanti</strong></span> <span class='ocrx_word' id='word_1_444' title='bbox 389 3237 593 3309; x_wconf 84' lang='lat' dir='ltr'><strong>ﬂagitii</strong></span> <span class='ocrx_word' id='word_1_445' title='bbox 612 3237 844 3307; x_wconf 85' lang='lat' dir='ltr'><strong>dignum</strong></span> <span class='ocrx_word' id='word_1_446' title='bbox 872 3250 984 3288; x_wconf 87' lang='lat' dir='ltr'><strong>non</strong></span> <span class='ocrx_word' id='word_1_447' title='bbox 1009 3249 1130 3287; x_wconf 89' lang='lat' dir='ltr'><strong>esse</strong></span> <span class='ocrx_word' id='word_1_448' title='bbox 1159 3229 1491 3285; x_wconf 87' lang='lat' dir='ltr'><strong>sacerdotio.</strong></span> <span class='ocrx_word' id='word_1_449' title='bbox 1523 3226 1667 3291; x_wconf 88' lang='lat' dir='ltr'><strong>Quid</strong></span> <span class='ocrx_word' id='word_1_450' title='bbox 1690 3225 1816 3297; x_wconf 89' lang='lat' dir='ltr'><strong>plu-</strong></span> <span class='ocrx_word' id='word_1_451' title='bbox 1898 3223 2001 3271; x_wconf 90' lang='lat' dir='ltr'><strong>set.</strong></span> <span class='ocrx_word' id='word_1_452' title='bbox 2027 3216 2203 3285; x_wconf 89' lang='lat' dir='ltr'><strong>llujus</strong></span> <span class='ocrx_word' id='word_1_453' title='bbox 2233 3215 2312 3269; x_wconf 91' lang='lat' dir='ltr'><strong>rei</strong></span> <span class='ocrx_word' id='word_1_454' title='bbox 2332 3215 2517 3285; x_wconf 86' lang='lat' dir='ltr'><strong>gratia</strong></span> <span class='ocrx_word' id='word_1_455' title='bbox 2544 3216 2849 3269; x_wconf 91' lang='lat' dir='ltr'><strong>mittuntur</strong></span> <span class='ocrx_word' id='word_1_456' title='bbox 2869 3215 3110 3287; x_wconf 84' lang='lat' dir='ltr'><strong>religiosi</strong></span> <span class='ocrx_word' id='word_1_457' title='bbox 3128 3216 3229 3271; x_wconf 90' lang='lat' dir='ltr'><strong>viri</strong></span> <span class='ocrx_word' id='word_1_458' title='bbox 3259 3218 3494 3271; x_wconf 84' lang='lat' dir='ltr'><strong>Romam</strong></span> 
     </span>
    </p>
   </div>
   <div class='ocr_carea' id='block_1_56' title="bbox 225 3302 3497 3399">
    <p class='ocr_par' dir='ltr' id='par_1_56' title="bbox 225 3302 3497 3399">
     <span class='ocr_line' id='line_1_57' title="bbox 225 3302 3497 3399; baseline -0.009 -17"><span class='ocrx_word' id='word_1_459' title='bbox 225 3329 316 3381; x_wconf 82' lang='lat' dir='ltr'><strong>ra?</strong></span> <span class='ocrx_word' id='word_1_460' title='bbox 339 3327 490 3399; x_wconf 86' lang='lat' dir='ltr'><strong>ignis</strong></span> <span class='ocrx_word' id='word_1_461' title='bbox 509 3326 656 3380; x_wconf 75' lang='lat' dir='ltr'><strong>aedes</strong></span> <span class='ocrx_word' id='word_1_462' title='bbox 676 3320 1381 3394; x_wconf 85' lang='lat' dir='ltr'><strong>corripiensgloriosasque</strong></span> <span class='ocrx_word' id='word_1_463' title='bbox 1400 3316 1661 3371; x_wconf 86' lang='lat' dir='ltr'><strong>basilicas</strong></span> <span class='ocrx_word' id='word_1_464' title='bbox 1686 3314 1818 3368; x_wconf 88' lang='lat' dir='ltr'><strong>bea-</strong></span> <span class='ocrx_word' id='word_1_465' title='bbox 1900 3305 1998 3375; x_wconf 87' lang='lat' dir='ltr'><strong>qui</strong></span> <span class='ocrx_word' id='word_1_466' title='bbox 2046 3305 2164 3360; x_wconf 61' lang='lat' dir='ltr'><strong>huic</strong></span> <span class='ocrx_word' id='word_1_467' title='bbox 2189 3321 2344 3375; x_wconf 66' lang='lat' dir='ltr'><strong>papa:</strong></span> <span class='ocrx_word' id='word_1_468' title='bbox 2373 3302 2716 3370; x_wconf 75' lang='lat' dir='ltr'><strong>intimarent,</strong></span> <span class='ocrx_word' id='word_1_469' title='bbox 2757 3304 2900 3374; x_wconf 91' lang='lat' dir='ltr'><strong>quod</strong></span> <span class='ocrx_word' id='word_1_470' title='bbox 2931 3310 2996 3358; x_wconf 91' lang='lat' dir='ltr'><strong>ut</strong></span> <span class='ocrx_word' id='word_1_471' title='bbox 3022 3304 3236 3359; x_wconf 86' lang='lat' dir='ltr'><strong>audivit</strong></span> <span class='ocrx_word' id='word_1_472' title='bbox 3267 3322 3497 3360; x_wconf 78' lang='lat' dir='ltr'><strong>venera-</strong></span> 
     </span>
    </p>
   </div>
   <div class='ocr_carea' id='block_1_57' title="bbox 224 3392 1816 3484">
    <p class='ocr_par' dir='ltr' id='par_1_57' title="bbox 224 3404 1816 3484">
     <span class='ocr_line' id='line_1_58' title="bbox 224 3404 1816 3484; baseline -0.01 -12"><span class='ocrx_word' id='word_1_473' title='bbox 224 3425 406 3472; x_wconf 89' lang='lat' dir='ltr'><strong>torum</strong></span> <span class='ocrx_word' id='word_1_474' title='bbox 437 3416 736 3471; x_wconf 87' lang='lat' dir='ltr'><strong>devastans</strong></span> <span class='ocrx_word' id='word_1_475' title='bbox 767 3418 1103 3484; x_wconf 84' lang='lat' dir='ltr'><strong>martyrum,</strong></span> <span class='ocrx_word' id='word_1_476' title='bbox 1136 3410 1206 3463; x_wconf 88' lang='lat' dir='ltr'><strong>ad</strong></span> <span class='ocrx_word' id='word_1_477' title='bbox 1242 3409 1507 3463; x_wconf 89' lang='lat' dir='ltr'><strong>ultimum</strong></span> <span class='ocrx_word' id='word_1_478' title='bbox 1553 3404 1816 3459; x_wconf 87' lang='lat' dir='ltr'><strong>medieta-</strong></span> 
     </span>
    </p>
   </div>
   <div class='ocr_carea' id='block_1_58' title="bbox 1902 3392 3499 3484">
    <p class='ocr_par' dir='ltr' id='par_1_58' title="bbox 1902 3392 3499 3465">
     <span class='ocr_line' id='line_1_59' title="bbox 1902 3392 3499 3465; baseline 0.001 -17"><span class='ocrx_word' id='word_1_479' title='bbox 1902 3394 2025 3449; x_wconf 90' lang='lat' dir='ltr'><strong>bilis</strong></span> <span class='ocrx_word' id='word_1_480' title='bbox 2053 3392 2388 3456; x_wconf 81' lang='lat' dir='ltr'><strong>Alexander,</strong></span> <span class='ocrx_word' id='word_1_481' title='bbox 2431 3398 2488 3446; x_wconf 91' lang='lat' dir='ltr'><strong>et</strong></span> <span class='ocrx_word' id='word_1_482' title='bbox 2513 3398 2927 3447; x_wconf 86' lang='lat' dir='ltr'><strong>sacramentum</strong></span> <span class='ocrx_word' id='word_1_483' title='bbox 2960 3399 3158 3449; x_wconf 88' lang='lat' dir='ltr'><strong>contra</strong></span> <span class='ocrx_word' id='word_1_484' title='bbox 3188 3395 3282 3465; x_wconf 88' lang='lat' dir='ltr'><strong>jus</strong></span> <span class='ocrx_word' id='word_1_485' title='bbox 3321 3395 3499 3449; x_wconf 86' lang='lat' dir='ltr'><strong>eccle-</strong></span> 
     </span>
    </p>
   </div>
   <div class='ocr_carea' id='block_1_59' title="bbox 223 3482 3501 3568">
    <p class='ocr_par' dir='ltr' id='par_1_59' title="bbox 223 3482 3501 3568">
     <span class='ocr_line' id='line_1_60' title="bbox 223 3482 3501 3568; baseline -0.007 -8"><span class='ocrx_word' id='word_1_486' title='bbox 223 3514 331 3560; x_wconf 90' lang='lat' dir='ltr'><strong>tem</strong></span> <span class='ocrx_word' id='word_1_487' title='bbox 358 3504 604 3559; x_wconf 83' lang='lat' dir='ltr'><strong>civitatis</strong></span> <span class='ocrx_word' id='word_1_488' title='bbox 634 3503 807 3556; x_wconf 89' lang='lat' dir='ltr'><strong>victor</strong></span> <span class='ocrx_word' id='word_1_489' title='bbox 833 3500 1182 3568; x_wconf 83' lang='lat' dir='ltr'><strong>consumpsit</strong></span> <span class='ocrx_word' id='word_1_490' title='bbox 1233 3496 1392 3561; x_wconf 87' lang='lat' dir='ltr'><strong>Quod</strong></span> <span class='ocrx_word' id='word_1_491' title='bbox 1441 3493 1537 3549; x_wconf 89' lang='lat' dir='ltr'><strong>ubi</strong></span> <span class='ocrx_word' id='word_1_492' title='bbox 1569 3492 1821 3547; x_wconf 79' lang='lat' dir='ltr'><strong>Mediola-</strong></span> <span class='ocrx_word' id='word_1_493' title='bbox 1903 3483 2188 3538; x_wconf 89' lang='lat' dir='ltr'><strong>siasticum</strong></span> <span class='ocrx_word' id='word_1_494' title='bbox 2216 3483 2424 3536; x_wconf 79' lang='lat' dir='ltr'><strong>factum</strong></span> <span class='ocrx_word' id='word_1_495' title='bbox 2461 3482 2598 3536; x_wconf 79' lang='lat' dir='ltr'><strong>dixit</strong></span> <span class='ocrx_word' id='word_1_496' title='bbox 2623 3498 2733 3536; x_wconf 93' lang='lat' dir='ltr'><strong>non</strong></span> <span class='ocrx_word' id='word_1_497' title='bbox 2752 3482 3084 3546; x_wconf 83' lang='lat' dir='ltr'><strong>tenendum.</strong></span> <span class='ocrx_word' id='word_1_498' title='bbox 3114 3488 3172 3537; x_wconf 88' lang='lat' dir='ltr'><strong>et</strong></span> <span class='ocrx_word' id='word_1_499' title='bbox 3215 3483 3501 3538; x_wconf 91' lang='lat' dir='ltr'><strong>communi</strong></span> 
     </span>
    </p>
   </div>
   <div class='ocr_carea' id='block_1_60' title="bbox 228 3580 1826 3664">
    <p class='ocr_par' dir='ltr' id='par_1_60' title="bbox 228 3580 1826 3664">
     <span class='ocr_line' id='line_1_61' title="bbox 228 3580 1826 3664; baseline -0.009 -17"><span class='ocrx_word' id='word_1_500' title='bbox 228 3593 507 3658; x_wconf 82' lang='lat' dir='ltr'><strong>nensibus,</strong></span> <span class='ocrx_word' id='word_1_501' title='bbox 540 3593 637 3664; x_wconf 91' lang='lat' dir='ltr'><strong>qui</strong></span> <span class='ocrx_word' id='word_1_502' title='bbox 657 3591 799 3645; x_wconf 90' lang='lat' dir='ltr'><strong>forte</strong></span> <span class='ocrx_word' id='word_1_503' title='bbox 830 3590 899 3643; x_wconf 88' lang='lat' dir='ltr'><strong>ad</strong></span> <span class='ocrx_word' id='word_1_504' title='bbox 934 3587 1280 3642; x_wconf 87' lang='lat' dir='ltr'><strong>obsidionem</strong></span> <span class='ocrx_word' id='word_1_505' title='bbox 1306 3585 1560 3647; x_wconf 82' lang='lat' dir='ltr'><strong>aderant,</strong></span> <span class='ocrx_word' id='word_1_506' title='bbox 1600 3580 1826 3636; x_wconf 77' lang='lat' dir='ltr'><strong>nuntia~</strong></span> 
     </span>
    </p>
   </div>
   <div class='ocr_carea' id='block_1_61' title="bbox 227 3670 1825 3742">
    <p class='ocr_par' dir='ltr' id='par_1_61' title="bbox 227 3670 1825 3742">
     <span class='ocr_line' id='line_1_62' title="bbox 227 3670 1825 3742; baseline -0.009 -6"><span class='ocrx_word' id='word_1_507' title='bbox 227 3689 340 3736; x_wconf 87' lang='lat' dir='ltr'><strong>tum</strong></span> <span class='ocrx_word' id='word_1_508' title='bbox 361 3682 580 3739; x_wconf 78' lang='lat' dir='ltr'><strong>fuisset.</strong></span> <span class='ocrx_word' id='word_1_509' title='bbox 601 3687 786 3735; x_wconf 87' lang='lat' dir='ltr'><strong>terror</strong></span> <span class='ocrx_word' id='word_1_510' title='bbox 816 3678 1093 3732; x_wconf 79' lang='lat' dir='ltr'><strong>maximus</strong></span> <span class='ocrx_word' id='word_1_511' title='bbox 1112 3675 1333 3741; x_wconf 86' lang='lat' dir='ltr'><strong>invasit,</strong></span> <span class='ocrx_word' id='word_1_512' title='bbox 1369 3673 1674 3742; x_wconf 89' lang='lat' dir='ltr'><strong>relictoque</strong></span> <span class='ocrx_word' id='word_1_513' title='bbox 1687 3670 1825 3724; x_wconf 54' lang='lat' dir='ltr'><strong>Iler&#39;</strong></span> 
     </span>
    </p>
   </div>
   <div class='ocr_carea' id='block_1_62' title="bbox 226 3759 1823 3841">
    <p class='ocr_par' dir='ltr' id='par_1_62' title="bbox 226 3759 1823 3841">
     <span class='ocr_line' id='line_1_63' title="bbox 226 3759 1823 3841; baseline -0.008 -17"><span class='ocrx_word' id='word_1_514' title='bbox 226 3771 514 3835; x_wconf 83' lang='lat' dir='ltr'><strong>limbaldo,</strong></span> <span class='ocrx_word' id='word_1_515' title='bbox 542 3787 671 3824; x_wconf 89' lang='lat' dir='ltr'><strong>cum</strong></span> <span class='ocrx_word' id='word_1_516' title='bbox 702 3768 897 3841; x_wconf 79' lang='lat' dir='ltr'><strong>paucis</strong></span> <span class='ocrx_word' id='word_1_517' title='bbox 932 3767 1103 3821; x_wconf 88' lang='lat' dir='ltr'><strong>Deum</strong></span> <span class='ocrx_word' id='word_1_518' title='bbox 1126 3763 1474 3827; x_wconf 87' lang='lat' dir='ltr'><strong>timentibus,</strong></span> <span class='ocrx_word' id='word_1_519' title='bbox 1501 3760 1694 3815; x_wconf 86' lang='lat' dir='ltr'><strong>statim</strong></span> <span class='ocrx_word' id='word_1_520' title='bbox 1728 3759 1823 3812; x_wconf 89' lang='lat' dir='ltr'><strong>do-</strong></span> 
     </span>
    </p>
   </div>
   <div class='ocr_carea' id='block_1_63' title="bbox 227 3847 1826 3917">
    <p class='ocr_par' dir='ltr' id='par_1_63' title="bbox 227 3847 1826 3917">
     <span class='ocr_line' id='line_1_64' title="bbox 227 3847 1826 3917; baseline -0.009 -4"><span class='ocrx_word' id='word_1_521' title='bbox 227 3876 380 3915; x_wconf 89' lang='lat' dir='ltr'><strong>mum</strong></span> <span class='ocrx_word' id='word_1_522' title='bbox 406 3860 644 3914; x_wconf 86' lang='lat' dir='ltr'><strong>redicre.</strong></span> <span class='ocrx_word' id='word_1_523' title='bbox 679 3859 788 3913; x_wconf 91' lang='lat' dir='ltr'><strong>Sed</strong></span> <span class='ocrx_word' id='word_1_524' title='bbox 819 3856 976 3909; x_wconf 90' lang='lat' dir='ltr'><strong>miles</strong></span> <span class='ocrx_word' id='word_1_525' title='bbox 1001 3852 1224 3908; x_wconf 86' lang='lat' dir='ltr'><strong>Domini</strong></span> <span class='ocrx_word' id='word_1_526' title='bbox 1269 3849 1632 3917; x_wconf 85' lang='lat' dir='ltr'><strong>fortissimus,</strong></span> <span class='ocrx_word' id='word_1_527' title='bbox 1674 3847 1826 3900; x_wconf 88' lang='lat' dir='ltr'><strong>velut</strong></span> 
     </span>
    </p>
   </div>
   <div class='ocr_carea' id='block_1_64' title="bbox 227 3938 1827 4012">
    <p class='ocr_par' dir='ltr' id='par_1_64' title="bbox 227 3938 1827 4012">
     <span class='ocr_line' id='line_1_65' title="bbox 227 3938 1827 4012; baseline -0.009 -10"><span class='ocrx_word' id='word_1_528' title='bbox 227 3949 406 4004; x_wconf 85' lang='lat' dir='ltr'><strong>Judas</strong></span> <span class='ocrx_word' id='word_1_529' title='bbox 438 3947 782 4006; x_wconf 64' lang='lat' dir='ltr'><strong>Machameus</strong></span> <span class='ocrx_word' id='word_1_530' title='bbox 813 3947 893 4012; x_wconf 91' lang='lat' dir='ltr'><strong>(ll</strong></span> <span class='ocrx_word' id='word_1_531' title='bbox 918 3944 1094 3998; x_wconf 56' lang='lat' dir='ltr'><strong>illach.</strong></span> <span class='ocrx_word' id='word_1_532' title='bbox 1126 3938 1827 4008; x_wconf 63' lang='lat' dir='ltr'><strong>x11.4‘2)stetitimpertcr-</strong></span> 
     </span>
    </p>
   </div>
   <div class='ocr_carea' id='block_1_65' title="bbox 227 4024 1829 4108">
    <p class='ocr_par' dir='ltr' id='par_1_65' title="bbox 227 4024 1829 4108">
     <span class='ocr_line' id='line_1_66' title="bbox 227 4024 1829 4108; baseline -0.009 -16"><span class='ocrx_word' id='word_1_533' title='bbox 227 4039 369 4094; x_wconf 85' lang='lat' dir='ltr'><strong>ritus</strong></span> <span class='ocrx_word' id='word_1_534' title='bbox 399 4038 798 4108; x_wconf 88' lang='lat' dir='ltr'><strong>obsidioneque</strong></span> <span class='ocrx_word' id='word_1_535' title='bbox 828 4036 1051 4088; x_wconf 84' lang='lat' dir='ltr'><strong>ﬁrmata</strong></span> <span class='ocrx_word' id='word_1_536' title='bbox 1072 4031 1147 4085; x_wconf 90' lang='lat' dir='ltr'><strong>ibi</strong></span> <span class='ocrx_word' id='word_1_537' title='bbox 1169 4035 1425 4084; x_wconf 88' lang='lat' dir='ltr'><strong>sanctum</strong></span> <span class='ocrx_word' id='word_1_538' title='bbox 1448 4026 1659 4081; x_wconf 84' lang='lat' dir='ltr'><strong>Pascha</strong></span> <span class='ocrx_word' id='word_1_539' title='bbox 1688 4024 1829 4078; x_wconf 88' lang='lat' dir='ltr'><strong>cele-</strong></span> 
     </span>
    </p>
   </div>
   <div class='ocr_carea' id='block_1_66' title="bbox 232 4113 1828 4192">
    <p class='ocr_par' dir='ltr' id='par_1_66' title="bbox 232 4113 1828 4192">
     <span class='ocr_line' id='line_1_67' title="bbox 232 4113 1828 4192; baseline -0.009 -13"><span class='ocrx_word' id='word_1_540' title='bbox 232 4126 430 4182; x_wconf 87' lang='lat' dir='ltr'><strong>bravit.</strong></span> <span class='ocrx_word' id='word_1_541' title='bbox 463 4128 769 4182; x_wconf 79' lang='lat' dir='ltr'><strong>&#39;l’ransacta</strong></span> <span class='ocrx_word' id='word_1_542' title='bbox 792 4139 920 4178; x_wconf 88' lang='lat' dir='ltr'><strong>vero</strong></span> <span class='ocrx_word' id='word_1_543' title='bbox 946 4119 1190 4192; x_wconf 69' lang='lat' dir='ltr'><strong>paschali</strong></span> <span class='ocrx_word' id='word_1_544' title='bbox 1214 4116 1532 4178; x_wconf 86' lang='lat' dir='ltr'><strong>festivitate,</strong></span> <span class='ocrx_word' id='word_1_545' title='bbox 1565 4113 1828 4185; x_wconf 74' lang='lat' dir='ltr'><strong>praefatus</strong></span> 
     </span>
    </p>
   </div>
   <div class='ocr_carea' id='block_1_67' title="bbox 1907 3570 3505 3643">
    <p class='ocr_par' dir='ltr' id='par_1_67' title="bbox 1907 3570 3505 3643">
     <span class='ocr_line' id='line_1_68' title="bbox 1907 3570 3505 3643; baseline -0.001 -16"><span class='ocrx_word' id='word_1_546' title='bbox 1907 3574 2130 3627; x_wconf 88' lang='lat' dir='ltr'><strong>decreto</strong></span> <span class='ocrx_word' id='word_1_547' title='bbox 2166 3577 2281 3625; x_wconf 85' lang='lat' dir='ltr'><strong>tam</strong></span> <span class='ocrx_word' id='word_1_548' title='bbox 2312 3570 2699 3642; x_wconf 86' lang='lat' dir='ltr'><strong>episcoporum</strong></span> <span class='ocrx_word' id='word_1_549' title='bbox 2727 3571 3095 3627; x_wconf 86' lang='lat' dir='ltr'><strong>cardinalium</strong></span> <span class='ocrx_word' id='word_1_550' title='bbox 3126 3588 3293 3643; x_wconf 88' lang='lat' dir='ltr'><strong>quam</strong></span> <span class='ocrx_word' id='word_1_551' title='bbox 3323 3590 3505 3628; x_wconf 89' lang='lat' dir='ltr'><strong>sacer-</strong></span> 
     </span>
    </p>
   </div>
   <div class='ocr_carea' id='block_1_68' title="bbox 1906 3661 3504 3730">
    <p class='ocr_par' dir='ltr' id='par_1_68' title="bbox 1906 3661 3504 3730">
     <span class='ocr_line' id='line_1_69' title="bbox 1906 3661 3504 3730; baseline 0.001 -14"><span class='ocrx_word' id='word_1_552' title='bbox 1906 3663 2100 3717; x_wconf 89' lang='lat' dir='ltr'><strong>dotum</strong></span> <span class='ocrx_word' id='word_1_553' title='bbox 2130 3669 2189 3716; x_wconf 91' lang='lat' dir='ltr'><strong>et</strong></span> <span class='ocrx_word' id='word_1_554' title='bbox 2216 3661 2508 3715; x_wconf 89' lang='lat' dir='ltr'><strong>levitarum</strong></span> <span class='ocrx_word' id='word_1_555' title='bbox 2559 3676 2691 3714; x_wconf 83' lang='lat' dir='ltr'><strong>cum</strong></span> <span class='ocrx_word' id='word_1_556' title='bbox 2727 3661 2856 3730; x_wconf 85' lang='lat' dir='ltr'><strong>jure</strong></span> <span class='ocrx_word' id='word_1_557' title='bbox 2883 3661 3357 3716; x_wconf 86' lang='lat' dir='ltr'><strong>Mediolanensem</strong></span> <span class='ocrx_word' id='word_1_558' title='bbox 3387 3663 3504 3717; x_wconf 89' lang='lat' dir='ltr'><strong>ele-</strong></span> 
     </span>
    </p>
   </div>
   <div class='ocr_carea' id='block_1_69' title="bbox 1906 3749 3504 3822">
    <p class='ocr_par' dir='ltr' id='par_1_69' title="bbox 1906 3749 3504 3822">
     <span class='ocr_line' id='line_1_70' title="bbox 1906 3749 3504 3822; baseline 0.001 -17"><span class='ocrx_word' id='word_1_559' title='bbox 1906 3758 2059 3806; x_wconf 90' lang='lat' dir='ltr'><strong>ctum</strong></span> <span class='ocrx_word' id='word_1_560' title='bbox 2096 3750 2381 3821; x_wconf 86' lang='lat' dir='ltr'><strong>judicavit.</strong></span> <span class='ocrx_word' id='word_1_561' title='bbox 2441 3750 2677 3820; x_wconf 80' lang='lat' dir='ltr'><strong>Moxque</strong></span> <span class='ocrx_word' id='word_1_562' title='bbox 2719 3749 2934 3803; x_wconf 88' lang='lat' dir='ltr'><strong>litteras</strong></span> <span class='ocrx_word' id='word_1_563' title='bbox 2991 3766 3122 3805; x_wconf 90' lang='lat' dir='ltr'><strong>suas</strong></span> <span class='ocrx_word' id='word_1_564' title='bbox 3179 3751 3246 3805; x_wconf 91' lang='lat' dir='ltr'><strong>ad</strong></span> <span class='ocrx_word' id='word_1_565' title='bbox 3313 3768 3504 3822; x_wconf 84' lang='lat' dir='ltr'><strong>regem</strong></span> 
     </span>
    </p>
   </div>
   <div class='ocr_carea' id='block_1_70' title="bbox 1907 3838 3504 3910">
    <p class='ocr_par' dir='ltr' id='par_1_70' title="bbox 1907 3838 3504 3910">
     <span class='ocr_line' id='line_1_71' title="bbox 1907 3838 3504 3910; baseline 0 -15"><span class='ocrx_word' id='word_1_566' title='bbox 1907 3840 2078 3906; x_wconf 87' lang='lat' dir='ltr'><strong>misit,</strong></span> <span class='ocrx_word' id='word_1_567' title='bbox 2102 3840 2160 3893; x_wconf 91' lang='lat' dir='ltr'><strong>in</strong></span> <span class='ocrx_word' id='word_1_568' title='bbox 2192 3838 2395 3910; x_wconf 89' lang='lat' dir='ltr'><strong>quibus</strong></span> <span class='ocrx_word' id='word_1_569' title='bbox 2421 3838 2716 3892; x_wconf 86' lang='lat' dir='ltr'><strong>admonuit</strong></span> <span class='ocrx_word' id='word_1_570' title='bbox 2748 3854 2878 3892; x_wconf 90' lang='lat' dir='ltr'><strong>eum</strong></span> <span class='ocrx_word' id='word_1_571' title='bbox 2906 3842 2967 3892; x_wconf 91' lang='lat' dir='ltr'><strong>ut</strong></span> <span class='ocrx_word' id='word_1_572' title='bbox 2995 3839 3192 3906; x_wconf 80' lang='lat' dir='ltr'><strong>filium,</strong></span> <span class='ocrx_word' id='word_1_573' title='bbox 3224 3847 3290 3894; x_wconf 92' lang='lat' dir='ltr'><strong>ut</strong></span> <span class='ocrx_word' id='word_1_574' title='bbox 3311 3841 3504 3896; x_wconf 88' lang='lat' dir='ltr'><strong>odium</strong></span> 
     </span>
    </p>
   </div>
   <div class='ocr_carea' id='block_1_71' title="bbox 1909 3926 3506 4000">
    <p class='ocr_par' dir='ltr' id='par_1_71' title="bbox 1909 3926 3506 4000">
     <span class='ocr_line' id='line_1_72' title="bbox 1909 3926 3506 4000; baseline 0.001 -17"><span class='ocrx_word' id='word_1_575' title='bbox 1909 3945 2196 3984; x_wconf 89' lang='lat' dir='ltr'><strong>servorum</strong></span> <span class='ocrx_word' id='word_1_576' title='bbox 2230 3927 2345 3992; x_wconf 90' lang='lat' dir='ltr'><strong>Dei,</strong></span> <span class='ocrx_word' id='word_1_577' title='bbox 2387 3926 2535 3998; x_wconf 92' lang='lat' dir='ltr'><strong>quod</strong></span> <span class='ocrx_word' id='word_1_578' title='bbox 2566 3926 2757 3981; x_wconf 89' lang='lat' dir='ltr'><strong>animo</strong></span> <span class='ocrx_word' id='word_1_579' title='bbox 2787 3933 3141 3998; x_wconf 88' lang='lat' dir='ltr'><strong>conceperat,</strong></span> <span class='ocrx_word' id='word_1_580' title='bbox 3179 3946 3213 3982; x_wconf 90' lang='lat' dir='ltr'><strong>a</strong></span> <span class='ocrx_word' id='word_1_581' title='bbox 3241 3945 3300 3983; x_wconf 91' lang='lat' dir='ltr'><strong>se</strong></span> <span class='ocrx_word' id='word_1_582' title='bbox 3331 3930 3506 4000; x_wconf 89' lang='lat' dir='ltr'><strong>proji-</strong></span> 
     </span>
    </p>
   </div>
   <div class='ocr_carea' id='block_1_72' title="bbox 1909 4013 3507 4083">
    <p class='ocr_par' dir='ltr' id='par_1_72' title="bbox 1909 4013 3507 4083">
     <span class='ocr_line' id='line_1_73' title="bbox 1909 4013 3507 4083; baseline -0.001 -11"><span class='ocrx_word' id='word_1_583' title='bbox 1909 4024 2078 4083; x_wconf 87' lang='lat' dir='ltr'><strong>ceret,</strong></span> <span class='ocrx_word' id='word_1_584' title='bbox 2093 4023 2151 4072; x_wconf 91' lang='lat' dir='ltr'><strong>et</strong></span> <span class='ocrx_word' id='word_1_585' title='bbox 2172 4015 2467 4070; x_wconf 86' lang='lat' dir='ltr'><strong>Ecclesiam</strong></span> <span class='ocrx_word' id='word_1_586' title='bbox 2487 4013 2990 4070; x_wconf 85' lang='lat' dir='ltr'><strong>Mediolanensium</strong></span> <span class='ocrx_word' id='word_1_587' title='bbox 3008 4016 3314 4070; x_wconf 89' lang='lat' dir='ltr'><strong>secundum</strong></span> <span class='ocrx_word' id='word_1_588' title='bbox 3330 4018 3507 4071; x_wconf 89' lang='lat' dir='ltr'><strong>Deum</strong></span> 
     </span>
    </p>
   </div>
   <div class='ocr_carea' id='block_1_73' title="bbox 1911 4094 3583 4176">
    <p class='ocr_par' dir='ltr' id='par_1_73' title="bbox 1911 4094 3583 4176">
     <span class='ocr_line' id='line_1_74' title="bbox 1911 4094 3583 4176; baseline -0.001 -16"><span class='ocrx_word' id='word_1_589' title='bbox 1911 4106 2117 4160; x_wconf 87' lang='lat' dir='ltr'><strong>habere</strong></span> <span class='ocrx_word' id='word_1_590' title='bbox 2154 4102 2503 4176; x_wconf 88' lang='lat' dir='ltr'><strong>permitteret</strong></span> <span class='ocrx_word' id='word_1_591' title='bbox 2529 4101 2874 4173; x_wconf 88' lang='lat' dir='ltr'><strong>episcopum.</strong></span> <span class='ocrx_word' id='word_1_592' title='bbox 2902 4102 3062 4166; x_wconf 89' lang='lat' dir='ltr'><strong>Quod</strong></span> <span class='ocrx_word' id='word_1_593' title='bbox 3081 4108 3251 4157; x_wconf 82' lang='lat' dir='ltr'><strong>utrex</strong></span> <span class='ocrx_word' id='word_1_594' title='bbox 3270 4104 3502 4172; x_wconf 89' lang='lat' dir='ltr'><strong>audivit,</strong></span> <span class='ocrx_word' id='word_1_595' title='bbox 3560 4094 3583 4107; x_wconf 69' lang='grc'><strong>’</strong></span> 
     </span>
    </p>
   </div>
   <div class='ocr_carea' id='block_1_74' title="bbox 236 4189 3505 4275">
    <p class='ocr_par' dir='ltr' id='par_1_74' title="bbox 236 4189 3505 4275">
     <span class='ocr_line' id='line_1_75' title="bbox 236 4189 3505 4275; baseline -0.009 -4"><span class='ocrx_word' id='word_1_596' title='bbox 236 4217 574 4273; x_wconf 81' lang='lat' dir='ltr'><strong>Godefridus</strong></span> <span class='ocrx_word' id='word_1_597' title='bbox 593 4215 804 4271; x_wconf 87' lang='lat' dir='ltr'><strong>habens</strong></span> <span class='ocrx_word' id='word_1_598' title='bbox 832 4227 1020 4267; x_wconf 86' lang='lat' dir='ltr'><strong>secum</strong></span> <span class='ocrx_word' id='word_1_599' title='bbox 1045 4207 1464 4265; x_wconf 88' lang='lat' dir='ltr'><strong>multitudinem</strong></span> <span class='ocrx_word' id='word_1_600' title='bbox 1493 4204 1747 4275; x_wconf 89' lang='lat' dir='ltr'><strong>equitum</strong></span> <span class='ocrx_word' id='word_1_601' title='bbox 1774 4207 1832 4256; x_wconf 92' lang='lat' dir='ltr'><strong>et</strong></span> <span class='ocrx_word' id='word_1_602' title='bbox 1913 4210 2039 4247; x_wconf 78' lang='lat' dir='ltr'><strong>mox</strong></span> <span class='ocrx_word' id='word_1_603' title='bbox 2068 4210 2131 4248; x_wconf 80' lang='lat' dir='ltr'><strong>ex</strong></span> <span class='ocrx_word' id='word_1_604' title='bbox 2148 4193 2322 4246; x_wconf 75' lang='lat' dir='ltr'><strong>latere</strong></span> <span class='ocrx_word' id='word_1_605' title='bbox 2342 4208 2443 4245; x_wconf 85' lang='lat' dir='ltr'><strong>suo</strong></span> <span class='ocrx_word' id='word_1_606' title='bbox 2468 4207 2604 4244; x_wconf 82' lang='lat' dir='ltr'><strong>suos</strong></span> <span class='ocrx_word' id='word_1_607' title='bbox 2625 4189 2778 4244; x_wconf 80' lang='lat' dir='ltr'><strong>misit</strong></span> <span class='ocrx_word' id='word_1_608' title='bbox 2803 4206 2837 4243; x_wconf 86' lang='lat' dir='ltr'><strong>a</strong></span> <span class='ocrx_word' id='word_1_609' title='bbox 2871 4189 3120 4256; x_wconf 90' lang='lat' dir='ltr'><strong>secretis,</strong></span> <span class='ocrx_word' id='word_1_610' title='bbox 3151 4191 3244 4261; x_wconf 89' lang='lat' dir='ltr'><strong>qui</strong></span> <span class='ocrx_word' id='word_1_611' title='bbox 3276 4191 3505 4246; x_wconf 85' lang='lat' dir='ltr'><strong>venien-</strong></span> 
     </span>
    </p>
   </div>
   <div class='ocr_carea' id='block_1_75' title="bbox 238 4277 3503 4379">
    <p class='ocr_par' dir='ltr' id='par_1_75' title="bbox 238 4277 3503 4379">
     <span class='ocr_line' id='line_1_76' title="bbox 238 4277 3503 4379; baseline -0.008 -18"><span class='ocrx_word' id='word_1_612' title='bbox 238 4309 482 4379; x_wconf 85' lang='lat' dir='ltr'><strong>peditum</strong></span> <span class='ocrx_word' id='word_1_613' title='bbox 510 4323 640 4361; x_wconf 89' lang='lat' dir='ltr'><strong>cum</strong></span> <span class='ocrx_word' id='word_1_614' title='bbox 670 4301 1053 4359; x_wconf 84' lang='lat' dir='ltr'><strong>Herlimbaldo</strong></span> <span class='ocrx_word' id='word_1_615' title='bbox 1068 4295 1355 4371; x_wconf 86' lang='lat' dir='ltr'><strong>pugnavit,</strong></span> <span class='ocrx_word' id='word_1_616' title='bbox 1372 4300 1429 4349; x_wconf 91' lang='lat' dir='ltr'><strong>et</strong></span> <span class='ocrx_word' id='word_1_617' title='bbox 1454 4301 1613 4363; x_wconf 87' lang='lat' dir='ltr'><strong>terga</strong></span> <span class='ocrx_word' id='word_1_618' title='bbox 1626 4292 1790 4345; x_wconf 86' lang='lat' dir='ltr'><strong>vertit</strong></span> <span class='ocrx_word' id='word_1_619' title='bbox 1815 4310 1828 4357; x_wconf 85' lang='lat'><strong>;</strong></span> <span class='ocrx_word' id='word_1_620' title='bbox 1914 4288 1999 4337; x_wconf 85' lang='lat' dir='ltr'><strong>tes</strong></span> <span class='ocrx_word' id='word_1_621' title='bbox 2026 4279 2471 4352; x_wconf 79' lang='lat' dir='ltr'><strong>Longobardiain</strong></span> <span class='ocrx_word' id='word_1_622' title='bbox 2503 4278 2757 4332; x_wconf 73' lang='lat' dir='ltr'><strong>Novariee</strong></span> <span class='ocrx_word' id='word_1_623' title='bbox 2776 4277 2881 4332; x_wconf 93' lang='lat' dir='ltr'><strong>sibi</strong></span> <span class='ocrx_word' id='word_1_624' title='bbox 2901 4277 3114 4332; x_wconf 89' lang='lat' dir='ltr'><strong>curiam</strong></span> <span class='ocrx_word' id='word_1_625' title='bbox 3133 4279 3503 4346; x_wconf 90' lang='lat' dir='ltr'><strong>constituunt,</strong></span> 
     </span>
    </p>
   </div>
   <div class='ocr_carea' id='block_1_76' title="bbox 235 4367 3506 4466">
    <p class='ocr_par' dir='ltr' id='par_1_76' title="bbox 235 4367 3506 4466">
     <span class='ocr_line' id='line_1_77' title="bbox 235 4367 3506 4466; baseline -0.007 -19"><span class='ocrx_word' id='word_1_626' title='bbox 235 4396 423 4466; x_wconf 76' lang='lat' dir='ltr'><strong>sicque</strong></span> <span class='ocrx_word' id='word_1_627' title='bbox 447 4411 549 4466; x_wconf 90' lang='lat' dir='ltr'><strong>per</strong></span> <span class='ocrx_word' id='word_1_628' title='bbox 572 4391 673 4447; x_wconf 91' lang='lat' dir='ltr'><strong>Dei</strong></span> <span class='ocrx_word' id='word_1_629' title='bbox 702 4388 1140 4445; x_wconf 87' lang='lat' dir='ltr'><strong>misericordiam</strong></span> <span class='ocrx_word' id='word_1_630' title='bbox 1153 4367 1455 4445; x_wconf 26' lang='lat' dir='ltr'><strong>VmilesDei,</strong></span> <span class='ocrx_word' id='word_1_631' title='bbox 1483 4380 1830 4434; x_wconf 86' lang='lat' dir='ltr'><strong>incruentam</strong></span> <span class='ocrx_word' id='word_1_632' title='bbox 1848 4373 1900 4433; x_wconf 90' lang='lat' dir='ltr'><strong>D</strong></span> <span class='ocrx_word' id='word_1_633' title='bbox 1919 4377 1975 4427; x_wconf 91' lang='lat' dir='ltr'><strong>et</strong></span> <span class='ocrx_word' id='word_1_634' title='bbox 2001 4368 2346 4425; x_wconf 89' lang='lat' dir='ltr'><strong>multitudini</strong></span> <span class='ocrx_word' id='word_1_635' title='bbox 2373 4368 2761 4439; x_wconf 88' lang='lat' dir='ltr'><strong>episcoporum</strong></span> <span class='ocrx_word' id='word_1_636' title='bbox 2792 4367 3038 4421; x_wconf 77' lang='lat' dir='ltr'><strong>collectae</strong></span> <span class='ocrx_word' id='word_1_637' title='bbox 3058 4367 3135 4421; x_wconf 92' lang='lat' dir='ltr'><strong>ibi</strong></span> <span class='ocrx_word' id='word_1_638' title='bbox 3156 4367 3288 4423; x_wconf 84' lang='lat' dir='ltr'><strong>dato</strong></span> <span class='ocrx_word' id='word_1_639' title='bbox 3316 4385 3506 4425; x_wconf 88' lang='lat' dir='ltr'><strong>sacra-</strong></span> 
     </span>
    </p>
   </div>
   <div class='ocr_carea' id='block_1_77' title="bbox 233 4468 1550 4555">
    <p class='ocr_par' dir='ltr' id='par_1_77' title="bbox 233 4468 1550 4555">
     <span class='ocr_line' id='line_1_78' title="bbox 233 4468 1550 4555; baseline -0.01 -16"><span class='ocrx_word' id='word_1_640' title='bbox 233 4485 528 4555; x_wconf 88' lang='lat' dir='ltr'><strong>possidens</strong></span> <span class='ocrx_word' id='word_1_641' title='bbox 548 4480 836 4535; x_wconf 87' lang='lat' dir='ltr'><strong>victoriam</strong></span> <span class='ocrx_word' id='word_1_642' title='bbox 862 4477 1233 4536; x_wconf 81' lang='lat' dir='ltr'><strong>Mediolanum</strong></span> <span class='ocrx_word' id='word_1_643' title='bbox 1257 4468 1550 4527; x_wconf 83' lang='lat' dir='ltr'><strong>remeavit.</strong></span> 
     </span>
    </p>
   </div>
   <div class='ocr_carea' id='block_1_78' title="bbox 308 4553 1831 4638">
    <p class='ocr_par' dir='ltr' id='par_1_78' title="bbox 308 4553 1831 4638">
     <span class='ocr_line' id='line_1_79' title="bbox 308 4553 1831 4638; baseline -0.012 -13"><span class='ocrx_word' id='word_1_644' title='bbox 308 4571 515 4625; x_wconf 84' lang='lat' dir='ltr'><strong>Eodem</strong></span> <span class='ocrx_word' id='word_1_645' title='bbox 547 4584 769 4638; x_wconf 90' lang='lat' dir='ltr'><strong>quoque</strong></span> <span class='ocrx_word' id='word_1_646' title='bbox 801 4572 1053 4637; x_wconf 91' lang='lat' dir='ltr'><strong>tempore</strong></span> <span class='ocrx_word' id='word_1_647' title='bbox 1074 4556 1448 4616; x_wconf 85' lang='lat' dir='ltr'><strong>Nortbmanni</strong></span> <span class='ocrx_word' id='word_1_648' title='bbox 1465 4553 1831 4626; x_wconf 85' lang='lat' dir='ltr'><strong>Campaniam</strong></span> 
     </span>
    </p>
   </div>
   <div class='ocr_carea' id='block_1_79' title="bbox 234 4644 1834 4730">
    <p class='ocr_par' dir='ltr' id='par_1_79' title="bbox 234 4644 1834 4730">
     <span class='ocr_line' id='line_1_80' title="bbox 234 4644 1834 4730; baseline -0.011 -16"><span class='ocrx_word' id='word_1_649' title='bbox 234 4661 530 4715; x_wconf 84' lang='lat' dir='ltr'><strong>invadunt.</strong></span> <span class='ocrx_word' id='word_1_650' title='bbox 563 4657 710 4730; x_wconf 88' lang='lat' dir='ltr'><strong>quod</strong></span> <span class='ocrx_word' id='word_1_651' title='bbox 740 4672 974 4710; x_wconf 90' lang='lat' dir='ltr'><strong>cernens</strong></span> <span class='ocrx_word' id='word_1_652' title='bbox 1004 4654 1116 4707; x_wconf 91' lang='lat' dir='ltr'><strong>Deo</strong></span> <span class='ocrx_word' id='word_1_653' title='bbox 1143 4648 1403 4704; x_wconf 85' lang='lat' dir='ltr'><strong>amabilis</strong></span> <span class='ocrx_word' id='word_1_654' title='bbox 1421 4644 1834 4701; x_wconf 86' lang='lat' dir='ltr'><strong>llildebrandus</strong></span> 
     </span>
    </p>
   </div>
   <div class='ocr_carea' id='block_1_80' title="bbox 232 4732 1835 4816">
    <p class='ocr_par' dir='ltr' id='par_1_80' title="bbox 232 4732 1835 4816">
     <span class='ocr_line' id='line_1_81' title="bbox 232 4732 1835 4816; baseline -0.012 -13"><span class='ocrx_word' id='word_1_655' title='bbox 232 4749 502 4803; x_wconf 88' lang='lat' dir='ltr'><strong>continuo</strong></span> <span class='ocrx_word' id='word_1_656' title='bbox 532 4744 891 4816; x_wconf 75' lang='lat' dir='ltr'><strong>magnificum</strong></span> <span class='ocrx_word' id='word_1_657' title='bbox 906 4742 1105 4796; x_wconf 90' lang='lat' dir='ltr'><strong>ducem</strong></span> <span class='ocrx_word' id='word_1_658' title='bbox 1124 4737 1473 4794; x_wconf 85' lang='lat' dir='ltr'><strong>Gotefridum</strong></span> <span class='ocrx_word' id='word_1_659' title='bbox 1488 4734 1543 4788; x_wconf 91' lang='lat' dir='ltr'><strong>in</strong></span> <span class='ocrx_word' id='word_1_660' title='bbox 1564 4732 1835 4787; x_wconf 80' lang='lat' dir='ltr'><strong>auxilium</strong></span> 
     </span>
    </p>
   </div>
   <div class='ocr_carea' id='block_1_81' title="bbox 231 4821 1837 4895">
    <p class='ocr_par' dir='ltr' id='par_1_81' title="bbox 231 4821 1837 4895">
     <span class='ocr_line' id='line_1_82' title="bbox 231 4821 1837 4895; baseline -0.012 -3"><span class='ocrx_word' id='word_1_661' title='bbox 231 4839 289 4893; x_wconf 70' lang='lat' dir='ltr'><strong>S.</strong></span> <span class='ocrx_word' id='word_1_662' title='bbox 321 4837 478 4891; x_wconf 89' lang='lat' dir='ltr'><strong>Petri</strong></span> <span class='ocrx_word' id='word_1_663' title='bbox 496 4840 708 4890; x_wconf 88' lang='lat' dir='ltr'><strong>evocat.</strong></span> <span class='ocrx_word' id='word_1_664' title='bbox 733 4833 897 4887; x_wconf 86' lang='lat' dir='ltr'><strong>Forte</strong></span> <span class='ocrx_word' id='word_1_665' title='bbox 929 4830 1081 4885; x_wconf 88' lang='lat' dir='ltr'><strong>enim</strong></span> <span class='ocrx_word' id='word_1_666' title='bbox 1113 4827 1201 4881; x_wconf 87' lang='lat' dir='ltr'><strong>his</strong></span> <span class='ocrx_word' id='word_1_667' title='bbox 1219 4824 1417 4880; x_wconf 88' lang='lat' dir='ltr'><strong>diebus</strong></span> <span class='ocrx_word' id='word_1_668' title='bbox 1438 4822 1703 4895; x_wconf 68' lang='lat' dir='ltr'><strong>praefatus</strong></span> <span class='ocrx_word' id='word_1_669' title='bbox 1723 4821 1837 4874; x_wconf 83' lang='lat' dir='ltr'><strong>dux</strong></span> 
     </span>
    </p>
   </div>
   <div class='ocr_carea' id='block_1_82' title="bbox 236 4913 1837 4988">
    <p class='ocr_par' dir='ltr' id='par_1_82' title="bbox 236 4913 1837 4988">
     <span class='ocr_line' id='line_1_83' title="bbox 236 4913 1837 4988; baseline -0.008 -11"><span class='ocrx_word' id='word_1_670' title='bbox 236 4932 471 4980; x_wconf 79' lang='lat' dir='ltr'><strong>venerat</strong></span> <span class='ocrx_word' id='word_1_671' title='bbox 486 4923 730 4988; x_wconf 87' lang='lat' dir='ltr'><strong>Italiam,</strong></span> <span class='ocrx_word' id='word_1_672' title='bbox 761 4922 972 4976; x_wconf 86' lang='lat' dir='ltr'><strong>ducens</strong></span> <span class='ocrx_word' id='word_1_673' title='bbox 987 4935 1172 4974; x_wconf 85' lang='lat' dir='ltr'><strong>secum</strong></span> <span class='ocrx_word' id='word_1_674' title='bbox 1185 4913 1708 4971; x_wconf 77' lang='lat' dir='ltr'><strong>excellentissimam</strong></span> <span class='ocrx_word' id='word_1_675' title='bbox 1739 4927 1837 4965; x_wconf 81' lang='lat' dir='ltr'><strong>co-</strong></span> 
     </span>
    </p>
   </div>
   <div class='ocr_carea' id='block_1_83' title="bbox 236 5000 1833 5079">
    <p class='ocr_par' dir='ltr' id='par_1_83' title="bbox 236 5000 1833 5079">
     <span class='ocr_line' id='line_1_84' title="bbox 236 5000 1833 5079; baseline -0.011 -10"><span class='ocrx_word' id='word_1_676' title='bbox 236 5014 518 5069; x_wconf 89' lang='lat' dir='ltr'><strong>mitissam</strong></span> <span class='ocrx_word' id='word_1_677' title='bbox 545 5011 904 5078; x_wconf 77' lang='lat' dir='ltr'><strong>Matliildam,</strong></span> <span class='ocrx_word' id='word_1_678' title='bbox 926 5007 1121 5079; x_wconf 88' lang='lat' dir='ltr'><strong>inclyti</strong></span> <span class='ocrx_word' id='word_1_679' title='bbox 1149 5005 1306 5060; x_wconf 87' lang='lat' dir='ltr'><strong>ducis</strong></span> <span class='ocrx_word' id='word_1_680' title='bbox 1344 5002 1612 5060; x_wconf 81' lang='lat' dir='ltr'><strong>Bonifacii</strong></span> <span class='ocrx_word' id='word_1_681' title='bbox 1642 5000 1833 5055; x_wconf 82' lang='lat' dir='ltr'><strong>tiliam.</strong></span> 
     </span>
    </p>
   </div>
   <div class='ocr_carea' id='block_1_84' title="bbox 239 5089 1839 5172">
    <p class='ocr_par' dir='ltr' id='par_1_84' title="bbox 239 5089 1839 5172">
     <span class='ocr_line' id='line_1_85' title="bbox 239 5089 1839 5172; baseline -0.01 -14"><span class='ocrx_word' id='word_1_682' title='bbox 239 5104 295 5158; x_wconf 87' lang='lat' dir='ltr'><strong>Is</strong></span> <span class='ocrx_word' id='word_1_683' title='bbox 324 5099 1001 5172; x_wconf 85' lang='lat' dir='ltr'><strong>congregansuniversam</strong></span> <span class='ocrx_word' id='word_1_684' title='bbox 1018 5094 1292 5151; x_wconf 85' lang='lat' dir='ltr'><strong>exercitus</strong></span> <span class='ocrx_word' id='word_1_685' title='bbox 1315 5092 1402 5148; x_wconf 89' lang='lat' dir='ltr'><strong>sui</strong></span> <span class='ocrx_word' id='word_1_686' title='bbox 1417 5089 1839 5146; x_wconf 90' lang='lat' dir='ltr'><strong>multitudinem</strong></span> 
     </span>
    </p>
   </div>
   <div class='ocr_carea' id='block_1_85' title="bbox 240 5178 1839 5245">
    <p class='ocr_par' dir='ltr' id='par_1_85' title="bbox 240 5178 1839 5245">
     <span class='ocr_line' id='line_1_86' title="bbox 240 5178 1839 5245; baseline -0.009 -2"><span class='ocrx_word' id='word_1_687' title='bbox 240 5206 375 5245; x_wconf 87' lang='lat' dir='ltr'><strong>cum</strong></span> <span class='ocrx_word' id='word_1_688' title='bbox 394 5206 562 5244; x_wconf 79' lang='lat' dir='ltr'><strong>uxore</strong></span> <span class='ocrx_word' id='word_1_689' title='bbox 591 5194 650 5243; x_wconf 88' lang='lat' dir='ltr'><strong>et</strong></span> <span class='ocrx_word' id='word_1_690' title='bbox 680 5184 1026 5241; x_wconf 83' lang='lat' dir='ltr'><strong>nobilissima</strong></span> <span class='ocrx_word' id='word_1_691' title='bbox 1046 5181 1318 5238; x_wconf 83' lang='lat' dir='ltr'><strong>Mathilda</strong></span> <span class='ocrx_word' id='word_1_692' title='bbox 1331 5182 1566 5235; x_wconf 83' lang='lat' dir='ltr'><strong>Romam</strong></span> <span class='ocrx_word' id='word_1_693' title='bbox 1592 5178 1839 5240; x_wconf 85' lang='lat' dir='ltr'><strong>veniens,</strong></span> 
     </span>
    </p>
   </div>
   <div class='ocr_carea' id='block_1_86' title="bbox 1915 4455 3511 4526">
    <p class='ocr_par' dir='ltr' id='par_1_86' title="bbox 1915 4455 3511 4526">
     <span class='ocr_line' id='line_1_87' title="bbox 1915 4455 3511 4526; baseline -0.002 -10"><span class='ocrx_word' id='word_1_694' title='bbox 1915 4467 2105 4515; x_wconf 90' lang='lat' dir='ltr'><strong>mento</strong></span> <span class='ocrx_word' id='word_1_695' title='bbox 2129 4460 2465 4514; x_wconf 83' lang='lat' dir='ltr'><strong>conﬁrmant</strong></span> <span class='ocrx_word' id='word_1_696' title='bbox 2482 4457 2587 4511; x_wconf 87' lang='lat' dir='ltr'><strong>hoc</strong></span> <span class='ocrx_word' id='word_1_697' title='bbox 2614 4472 2735 4510; x_wconf 90' lang='lat' dir='ltr'><strong>esse</strong></span> <span class='ocrx_word' id='word_1_698' title='bbox 2759 4455 2924 4526; x_wconf 67' lang='lat' dir='ltr'><strong>regiae</strong></span> <span class='ocrx_word' id='word_1_699' title='bbox 2954 4455 3275 4524; x_wconf 86' lang='lat' dir='ltr'><strong>voluntatis,</strong></span> <span class='ocrx_word' id='word_1_700' title='bbox 3304 4465 3369 4512; x_wconf 90' lang='lat' dir='ltr'><strong>ut</strong></span> <span class='ocrx_word' id='word_1_701' title='bbox 3397 4459 3511 4514; x_wconf 81' lang='lat' dir='ltr'><strong>Go-</strong></span> 
     </span>
    </p>
   </div>
   <div class='ocr_carea' id='block_1_87' title="bbox 1913 4544 3513 4618">
    <p class='ocr_par' dir='ltr' id='par_1_87' title="bbox 1913 4544 3513 4618">
     <span class='ocr_line' id='line_1_88' title="bbox 1913 4544 3513 4618; baseline 0 -14"><span class='ocrx_word' id='word_1_702' title='bbox 1913 4549 2149 4605; x_wconf 80' lang='lat' dir='ltr'><strong>tefridus</strong></span> <span class='ocrx_word' id='word_1_703' title='bbox 2185 4551 2625 4601; x_wconf 85' lang='lat' dir='ltr'><strong>consecraretur.</strong></span> <span class='ocrx_word' id='word_1_704' title='bbox 2658 4544 2817 4608; x_wconf 88' lang='lat' dir='ltr'><strong>Quod</strong></span> <span class='ocrx_word' id='word_1_705' title='bbox 2843 4544 3135 4599; x_wconf 84' lang='lat' dir='ltr'><strong>audientes</strong></span> <span class='ocrx_word' id='word_1_706' title='bbox 3159 4546 3513 4618; x_wconf 87' lang='lat' dir='ltr'><strong>Longobardi</strong></span> 
     </span>
    </p>
   </div>
   <div class='ocr_carea' id='block_1_88' title="bbox 1917 4632 3512 4711">
    <p class='ocr_par' dir='ltr' id='par_1_88' title="bbox 1917 4632 3512 4711">
     <span class='ocr_line' id='line_1_89' title="bbox 1917 4632 3512 4711; baseline -0.001 -17"><span class='ocrx_word' id='word_1_707' title='bbox 1917 4637 2178 4711; x_wconf 80' lang='lat' dir='ltr'><strong>episcOpi,</strong></span> <span class='ocrx_word' id='word_1_708' title='bbox 2211 4637 2342 4691; x_wconf 90' lang='lat' dir='ltr'><strong>licet</strong></span> <span class='ocrx_word' id='word_1_709' title='bbox 2373 4634 2442 4689; x_wconf 87' lang='lat' dir='ltr'><strong>ab</strong></span> <span class='ocrx_word' id='word_1_710' title='bbox 2490 4632 2732 4688; x_wconf 86' lang='lat' dir='ltr'><strong>Ecclesia</strong></span> <span class='ocrx_word' id='word_1_711' title='bbox 2786 4640 2973 4687; x_wconf 85' lang='lat' dir='ltr'><strong>essent</strong></span> <span class='ocrx_word' id='word_1_712' title='bbox 3027 4636 3512 4705; x_wconf 79' lang='lat' dir='ltr'><strong>excommunicati,</strong></span> 
     </span>
    </p>
   </div>
   <div class='ocr_carea' id='block_1_89' title="bbox 1917 4721 3513 4785">
    <p class='ocr_par' dir='ltr' id='par_1_89' title="bbox 1917 4721 3513 4785">
     <span class='ocr_line' id='line_1_90' title="bbox 1917 4721 3513 4785; baseline -0.001 -2"><span class='ocrx_word' id='word_1_713' title='bbox 1917 4744 2046 4783; x_wconf 89' lang='lat' dir='ltr'><strong>eum</strong></span> <span class='ocrx_word' id='word_1_714' title='bbox 2074 4726 2314 4780; x_wconf 89' lang='lat' dir='ltr'><strong>libenter</strong></span> <span class='ocrx_word' id='word_1_715' title='bbox 2347 4739 2457 4777; x_wconf 92' lang='lat' dir='ltr'><strong>non</strong></span> <span class='ocrx_word' id='word_1_716' title='bbox 2507 4727 2886 4785; x_wconf 87' lang='lat' dir='ltr'><strong>sacraverunt,</strong></span> <span class='ocrx_word' id='word_1_717' title='bbox 2936 4721 3036 4776; x_wconf 90' lang='lat' dir='ltr'><strong>sed</strong></span> <span class='ocrx_word' id='word_1_718' title='bbox 3066 4734 3513 4782; x_wconf 83' lang='lat' dir='ltr'><strong>exsecraverunt.</strong></span> 
     </span>
    </p>
   </div>
   <div class='ocr_carea' id='block_1_90' title="bbox 1917 4810 3519 4873">
    <p class='ocr_par' dir='ltr' id='par_1_90' title="bbox 1917 4810 3519 4873">
     <span class='ocr_line' id='line_1_91' title="bbox 1917 4810 3519 4873; baseline 0.002 -3"><span class='ocrx_word' id='word_1_719' title='bbox 1917 4817 2085 4871; x_wconf 86' lang='lat' dir='ltr'><strong>Forte</strong></span> <span class='ocrx_word' id='word_1_720' title='bbox 2135 4814 2263 4868; x_wconf 88' lang='lat' dir='ltr'><strong>huic</strong></span> <span class='ocrx_word' id='word_1_721' title='bbox 2314 4811 2681 4866; x_wconf 82' lang='lat' dir='ltr'><strong>exsecrationi</strong></span> <span class='ocrx_word' id='word_1_722' title='bbox 2732 4827 2798 4864; x_wconf 82' lang='lat' dir='ltr'><strong>ex</strong></span> <span class='ocrx_word' id='word_1_723' title='bbox 2832 4810 3242 4867; x_wconf 86' lang='lat' dir='ltr'><strong>Mediolanensi</strong></span> <span class='ocrx_word' id='word_1_724' title='bbox 3273 4815 3519 4873; x_wconf 84' lang='lat' dir='ltr'><strong>Ecclesia</strong></span> 
     </span>
    </p>
   </div>
   <div class='ocr_carea' id='block_1_91' title="bbox 1919 4897 3521 4976">
    <p class='ocr_par' dir='ltr' id='par_1_91' title="bbox 1919 4897 3521 4976">
     <span class='ocr_line' id='line_1_92' title="bbox 1919 4897 3521 4976; baseline 0.002 -18"><span class='ocrx_word' id='word_1_725' title='bbox 1919 4904 2148 4976; x_wconf 75' lang='lat' dir='ltr'><strong>quidam</strong></span> <span class='ocrx_word' id='word_1_726' title='bbox 2193 4899 2381 4955; x_wconf 88' lang='lat' dir='ltr'><strong>clerici</strong></span> <span class='ocrx_word' id='word_1_727' title='bbox 2432 4897 2755 4961; x_wconf 86' lang='lat' dir='ltr'><strong>interfuere,</strong></span> <span class='ocrx_word' id='word_1_728' title='bbox 2783 4914 2851 4952; x_wconf 86' lang='lat' dir='ltr'><strong>ex</strong></span> <span class='ocrx_word' id='word_1_729' title='bbox 2875 4914 3113 4969; x_wconf 89' lang='lat' dir='ltr'><strong>quorum</strong></span> <span class='ocrx_word' id='word_1_730' title='bbox 3149 4917 3386 4959; x_wconf 88' lang='lat' dir='ltr'><strong>numero</strong></span> <span class='ocrx_word' id='word_1_731' title='bbox 3412 4906 3521 4961; x_wconf 83' lang='lat' dir='ltr'><strong>fuit</strong></span> 
     </span>
    </p>
   </div>
   <div class='ocr_carea' id='block_1_92' title="bbox 1916 4986 3521 5065">
    <p class='ocr_par' dir='ltr' id='par_1_92' title="bbox 1916 4986 3521 5065">
     <span class='ocr_line' id='line_1_93' title="bbox 1916 4986 3521 5065; baseline -0.001 -16"><span class='ocrx_word' id='word_1_732' title='bbox 1916 4992 2215 5054; x_wconf 89' lang='lat' dir='ltr'><strong>Tedaldus,</strong></span> <span class='ocrx_word' id='word_1_733' title='bbox 2249 4988 2345 5061; x_wconf 90' lang='lat' dir='ltr'><strong>qui</strong></span> <span class='ocrx_word' id='word_1_734' title='bbox 2375 5004 2441 5042; x_wconf 90' lang='lat' dir='ltr'><strong>eo</strong></span> <span class='ocrx_word' id='word_1_735' title='bbox 2479 4986 2696 5039; x_wconf 76' lang='lat' dir='ltr'><strong>vivente</strong></span> <span class='ocrx_word' id='word_1_736' title='bbox 2717 4986 2974 5041; x_wconf 91' lang='lat' dir='ltr'><strong>eumdem</strong></span> <span class='ocrx_word' id='word_1_737' title='bbox 3002 4986 3206 5044; x_wconf 89' lang='lat' dir='ltr'><strong>invasit</strong></span> <span class='ocrx_word' id='word_1_738' title='bbox 3228 4992 3521 5065; x_wconf 86' lang='lat' dir='ltr'><strong>episcopa-</strong></span> 
     </span>
    </p>
   </div>
   <div class='ocr_carea' id='block_1_93' title="bbox 1919 5073 3519 5145">
    <p class='ocr_par' dir='ltr' id='par_1_93' title="bbox 1919 5073 3519 5145">
     <span class='ocr_line' id='line_1_94' title="bbox 1919 5073 3519 5145; baseline -0.002 -8"><span class='ocrx_word' id='word_1_739' title='bbox 1919 5089 2061 5137; x_wconf 87' lang='lat' dir='ltr'><strong>tum.</strong></span> <span class='ocrx_word' id='word_1_740' title='bbox 2091 5079 2251 5145; x_wconf 88' lang='lat' dir='ltr'><strong>Quod</strong></span> <span class='ocrx_word' id='word_1_741' title='bbox 2270 5082 2333 5133; x_wconf 91' lang='lat' dir='ltr'><strong>ut</strong></span> <span class='ocrx_word' id='word_1_742' title='bbox 2360 5074 2576 5130; x_wconf 86' lang='lat' dir='ltr'><strong>audivit</strong></span> <span class='ocrx_word' id='word_1_743' title='bbox 2604 5073 2936 5129; x_wconf 88' lang='lat' dir='ltr'><strong>venerabilis</strong></span> <span class='ocrx_word' id='word_1_744' title='bbox 2966 5075 3119 5135; x_wconf 89' lang='lat' dir='ltr'><strong>Otto.</strong></span> <span class='ocrx_word' id='word_1_745' title='bbox 3145 5079 3519 5135; x_wconf 84' lang='lat' dir='ltr'><strong>Mediolanen-</strong></span> 
     </span>
    </p>
   </div>
   <div class='ocr_carea' id='block_1_94' title="bbox 1923 5164 3520 5235">
    <p class='ocr_par' dir='ltr' id='par_1_94' title="bbox 1923 5164 3520 5235">
     <span class='ocr_line' id='line_1_95' title="bbox 1923 5164 3520 5235; baseline -0.003 -9"><span class='ocrx_word' id='word_1_746' title='bbox 1923 5172 2000 5226; x_wconf 90' lang='lat' dir='ltr'><strong>sis</strong></span> <span class='ocrx_word' id='word_1_747' title='bbox 2028 5171 2256 5232; x_wconf 88' lang='lat' dir='ltr'><strong>electus,</strong></span> <span class='ocrx_word' id='word_1_748' title='bbox 2290 5166 2361 5220; x_wconf 86' lang='lat' dir='ltr'><strong>ad</strong></span> <span class='ocrx_word' id='word_1_749' title='bbox 2412 5165 2724 5219; x_wconf 86' lang='lat' dir='ltr'><strong>Romanam</strong></span> <span class='ocrx_word' id='word_1_750' title='bbox 2769 5179 2829 5217; x_wconf 89' lang='lat' dir='ltr'><strong>se</strong></span> <span class='ocrx_word' id='word_1_751' title='bbox 2875 5164 3116 5218; x_wconf 85' lang='lat' dir='ltr'><strong>contulit</strong></span> <span class='ocrx_word' id='word_1_752' title='bbox 3160 5166 3373 5235; x_wconf 89' lang='lat' dir='ltr'><strong>sedem,</strong></span> <span class='ocrx_word' id='word_1_753' title='bbox 3425 5168 3520 5224; x_wconf 90' lang='lat' dir='ltr'><strong>ubi</strong></span> 
     </span>
    </p>
   </div>
   <div class='ocr_carea' id='block_1_95' title="bbox 242 5251 3158 5344">
    <p class='ocr_par' dir='ltr' id='par_1_95' title="bbox 242 5251 3158 5344">
     <span class='ocr_line' id='line_1_96' title="bbox 242 5251 3158 5344; baseline -0.009 -12"><span class='ocrx_word' id='word_1_754' title='bbox 242 5278 671 5331; x_wconf 78' lang='lat' dir='ltr'><strong>Northmannos</strong></span> <span class='ocrx_word' id='word_1_755' title='bbox 701 5291 735 5328; x_wconf 88' lang='lat' dir='ltr'><strong>a</strong></span> <span class='ocrx_word' id='word_1_756' title='bbox 767 5272 1076 5344; x_wconf 88' lang='lat' dir='ltr'><strong>Campania</strong></span> <span class='ocrx_word' id='word_1_757' title='bbox 1100 5271 1313 5341; x_wconf 89' lang='lat' dir='ltr'><strong>absque</strong></span> <span class='ocrx_word' id='word_1_758' title='bbox 1342 5268 1487 5322; x_wconf 87' lang='lat' dir='ltr'><strong>bello</strong></span> <span class='ocrx_word' id='word_1_759' title='bbox 1519 5267 1752 5338; x_wconf 84' lang='lat' dir='ltr'><strong>expulit,</strong></span> <span class='ocrx_word' id='word_1_760' title='bbox 1785 5270 1844 5319; x_wconf 87' lang='lat' dir='ltr'><strong>et</strong></span> <span class='ocrx_word' id='word_1_761' title='bbox 1925 5276 2119 5315; x_wconf 88' lang='lat' dir='ltr'><strong>omnes</strong></span> <span class='ocrx_word' id='word_1_762' title='bbox 2147 5253 2529 5312; x_wconf 71' lang='lat' dir='ltr'><strong>ecclesiasticae</strong></span> <span class='ocrx_word' id='word_1_763' title='bbox 2552 5267 2736 5306; x_wconf 61' lang='lat' dir='ltr'><strong>causa!</strong></span> <span class='ocrx_word' id='word_1_764' title='bbox 2762 5251 3158 5306; x_wconf 88' lang='lat' dir='ltr'><strong>terminantur.</strong></span> 
     </span>
    </p>
   </div>
   <div class='ocr_carea' id='block_1_96' title="bbox 244 5356 1845 5428">
    <p class='ocr_par' dir='ltr' id='par_1_96' title="bbox 244 5356 1845 5428">
     <span class='ocr_line' id='line_1_97' title="bbox 244 5356 1845 5428; baseline -0.007 -9"><span class='ocrx_word' id='word_1_765' title='bbox 244 5382 377 5419; x_wconf 84' lang='lat' dir='ltr'><strong>eam</strong></span> <span class='ocrx_word' id='word_1_766' title='bbox 398 5366 663 5421; x_wconf 67' lang='lat' dir='ltr'><strong>Romana:</strong></span> <span class='ocrx_word' id='word_1_767' title='bbox 695 5362 939 5417; x_wconf 90' lang='lat' dir='ltr'><strong>reddidit</strong></span> <span class='ocrx_word' id='word_1_768' title='bbox 964 5359 1185 5415; x_wconf 89' lang='lat' dir='ltr'><strong>ditioni.</strong></span> <span class='ocrx_word' id='word_1_769' title='bbox 1221 5359 1290 5412; x_wconf 88' lang='lat' dir='ltr'><strong>Et</strong></span> <span class='ocrx_word' id='word_1_770' title='bbox 1316 5358 1419 5411; x_wconf 92' lang='lat' dir='ltr'><strong>hoc</strong></span> <span class='ocrx_word' id='word_1_771' title='bbox 1449 5356 1692 5428; x_wconf 89' lang='lat' dir='ltr'><strong>primum</strong></span> <span class='ocrx_word' id='word_1_772' title='bbox 1723 5370 1845 5409; x_wconf 89' lang='lat' dir='ltr'><strong>ser-</strong></span> 
     </span>
    </p>
   </div>
   <div class='ocr_carea' id='block_1_97' title="bbox 243 5444 1847 5515">
    <p class='ocr_par' dir='ltr' id='par_1_97' title="bbox 243 5444 1847 5515">
     <span class='ocr_line' id='line_1_98' title="bbox 243 5444 1847 5515; baseline -0.007 -8"><span class='ocrx_word' id='word_1_773' title='bbox 243 5454 449 5507; x_wconf 83' lang='lat' dir='ltr'><strong>vitium</strong></span> <span class='ocrx_word' id='word_1_774' title='bbox 479 5450 944 5509; x_wconf 77' lang='lat' dir='ltr'><strong>excellentissima</strong></span> <span class='ocrx_word' id='word_1_775' title='bbox 989 5445 1258 5502; x_wconf 86' lang='lat' dir='ltr'><strong>Bonifacii</strong></span> <span class='ocrx_word' id='word_1_776' title='bbox 1285 5445 1401 5500; x_wconf 85' lang='lat' dir='ltr'><strong>ﬁlia</strong></span> <span class='ocrx_word' id='word_1_777' title='bbox 1433 5444 1594 5499; x_wconf 90' lang='lat' dir='ltr'><strong>beato</strong></span> <span class='ocrx_word' id='word_1_778' title='bbox 1620 5448 1847 5515; x_wconf 90' lang='lat' dir='ltr'><strong>aposto-</strong></span> 
     </span>
    </p>
   </div>
   <div class='ocr_carea' id='block_1_98' title="bbox 2000 5339 3517 5419">
    <p class='ocr_par' dir='ltr' id='par_1_98' title="bbox 2000 5339 3517 5419">
     <span class='ocr_line' id='line_1_99' title="bbox 2000 5339 3517 5419; baseline 0 -18"><span class='ocrx_word' id='word_1_779' title='bbox 2000 5350 2163 5419; x_wconf 84' lang='lat' dir='ltr'><strong>llugo</strong></span> <span class='ocrx_word' id='word_1_780' title='bbox 2214 5360 2344 5399; x_wconf 88' lang='lat' dir='ltr'><strong>vero</strong></span> <span class='ocrx_word' id='word_1_781' title='bbox 2390 5341 2684 5399; x_wconf 79' lang='lat' dir='ltr'><strong>candidus.</strong></span> <span class='ocrx_word' id='word_1_782' title='bbox 2733 5339 2804 5393; x_wconf 91' lang='lat' dir='ltr'><strong>de</strong></span> <span class='ocrx_word' id='word_1_783' title='bbox 2859 5355 2969 5409; x_wconf 90' lang='lat' dir='ltr'><strong>quo</strong></span> <span class='ocrx_word' id='word_1_784' title='bbox 2999 5356 3169 5411; x_wconf 88' lang='lat' dir='ltr'><strong>supra</strong></span> <span class='ocrx_word' id='word_1_785' title='bbox 3198 5343 3517 5413; x_wconf 87' lang='lat' dir='ltr'><strong>retulimus,</strong></span> 
     </span>
    </p>
   </div>
   <div class='ocr_carea' id='block_1_99' title="bbox 1931 5427 3517 5504">
    <p class='ocr_par' dir='ltr' id='par_1_99' title="bbox 1931 5427 3517 5504">
     <span class='ocr_line' id='line_1_100' title="bbox 1931 5427 3517 5504; baseline -0.001 -12"><span class='ocrx_word' id='word_1_786' title='bbox 1931 5437 2279 5493; x_wconf 81' lang='lat' dir='ltr'><strong>Gallicanam</strong></span> <span class='ocrx_word' id='word_1_787' title='bbox 2309 5449 2344 5487; x_wconf 88' lang='lat' dir='ltr'><strong>a</strong></span> <span class='ocrx_word' id='word_1_788' title='bbox 2370 5430 2598 5486; x_wconf 89' lang='lat' dir='ltr'><strong>domino</strong></span> <span class='ocrx_word' id='word_1_789' title='bbox 2637 5444 2780 5500; x_wconf 86' lang='lat' dir='ltr'><strong>papa</strong></span> <span class='ocrx_word' id='word_1_790' title='bbox 2810 5427 3131 5497; x_wconf 84' lang='lat' dir='ltr'><strong>impetravit</strong></span> <span class='ocrx_word' id='word_1_791' title='bbox 3160 5429 3517 5504; x_wconf 81' lang='lat' dir='ltr'><strong>legationem,</strong></span> 
     </span>
    </p>
   </div>
   <div class='ocr_carea' id='block_1_100' title="bbox 248 5516 3524 5612">
    <p class='ocr_par' dir='ltr' id='par_1_100' title="bbox 248 5516 3524 5612">
     <span class='ocr_line' id='line_1_101' title="bbox 248 5516 3524 5612; baseline -0.005 -16"><span class='ocrx_word' id='word_1_792' title='bbox 248 5541 438 5596; x_wconf 89' lang='lat' dir='ltr'><strong>lorum</strong></span> <span class='ocrx_word' id='word_1_793' title='bbox 494 5538 730 5612; x_wconf 85' lang='lat' dir='ltr'><strong>principi</strong></span> <span class='ocrx_word' id='word_1_794' title='bbox 779 5536 1001 5603; x_wconf 90' lang='lat' dir='ltr'><strong>obtulit,</strong></span> <span class='ocrx_word' id='word_1_795' title='bbox 1058 5551 1182 5607; x_wconf 71' lang='lat' dir='ltr'><strong>quas</strong></span> <span class='ocrx_word' id='word_1_796' title='bbox 1218 5549 1334 5589; x_wconf 91' lang='lat' dir='ltr'><strong>non</strong></span> <span class='ocrx_word' id='word_1_797' title='bbox 1372 5533 1550 5589; x_wconf 87' lang='lat' dir='ltr'><strong>multo</strong></span> <span class='ocrx_word' id='word_1_798' title='bbox 1588 5537 1713 5604; x_wconf 86' lang='lat' dir='ltr'><strong>post</strong></span> <span class='ocrx_word' id='word_1_799' title='bbox 1752 5546 1851 5602; x_wconf 89' lang='lat' dir='ltr'><strong>per</strong></span> <span class='ocrx_word' id='word_1_800' title='bbox 1932 5527 2026 5583; x_wconf 90' lang='lat' dir='ltr'><strong>ubi</strong></span> <span class='ocrx_word' id='word_1_801' title='bbox 2065 5524 2243 5581; x_wconf 81' lang='lat' dir='ltr'><strong>multa</strong></span> <span class='ocrx_word' id='word_1_802' title='bbox 2271 5526 2471 5578; x_wconf 82' lang='lat' dir='ltr'><strong>contra</strong></span> <span class='ocrx_word' id='word_1_803' title='bbox 2489 5520 2584 5592; x_wconf 90' lang='lat' dir='ltr'><strong>jus</strong></span> <span class='ocrx_word' id='word_1_804' title='bbox 2611 5523 2668 5573; x_wconf 91' lang='lat' dir='ltr'><strong>et</strong></span> <span class='ocrx_word' id='word_1_805' title='bbox 2702 5516 2786 5570; x_wconf 85' lang='lat' dir='ltr'><strong>fas</strong></span> <span class='ocrx_word' id='word_1_806' title='bbox 2816 5523 3081 5587; x_wconf 85' lang='lat' dir='ltr'><strong>operatus</strong></span> <span class='ocrx_word' id='word_1_807' title='bbox 3111 5524 3216 5588; x_wconf 89' lang='lat' dir='ltr'><strong>est,</strong></span> <span class='ocrx_word' id='word_1_808' title='bbox 3242 5523 3390 5593; x_wconf 88' lang='lat' dir='ltr'><strong>quod</strong></span> <span class='ocrx_word' id='word_1_809' title='bbox 3420 5541 3524 5582; x_wconf 89' lang='lat' dir='ltr'><strong>suo</strong></span> 
     </span>
    </p>
   </div>
  </div>
