3912 6166
461 288 568 347 835

1478 284 1864 340 BONIZONIS
1904 275 2342 342 PLACENTINI
2383 273 2729 343 EPISCOPI.

3596 293 3685 350 836

457 415 652 469 ordine
675 413 870 484 postea
895 408 1231 464 narrabitur.
1259 411 1462 464 Eodem
1510 417 1762 480 tempore
1789 401 2047 472 Cadolus,
2067 410 2118 467 A
2135 412 2365 465 ecclesia
2395 414 2450 466 S.
2470 412 2774 466 Salvatoris
2798 413 3051 476 humato,
3076 428 3200 466 cum
3217 414 3359 468 circa
3381 417 3686 485 sepulturam

456 503 777 557 Parmensis
814 502 1122 570 episcopus.
1167 516 1395 569 corpore
1441 504 1495 552 et
1526 500 1714 551 anima.
1758 499 2052 551 defunctus

457 601 559 656 est,
593 600 648 645 et
678 608 788 645 non
828 591 1005 643 multo
1049 595 1173 659 post
1213 590 1506 642 Ravennas
1560 589 1850 657 episc0pus
1905 605 2053 639 mor-

454 687 585 734 tuus
614 687 716 732 est.

525 770 748 822 Interea
777 768 1098 820 Parmensis
1131 767 1451 819 Guibertus.
1487 767 1555 818 de
1595 781 1703 834 quo
1733 781 1902 834 supra
1937 781 2056 815 me-

453 856 690 908 moriam
721 856 970 914 fecimus,
1000 857 1361 908 Parmensem
1415 854 1748 906 mirabiliter
1777 853 2059 905 ambiebat

453 945 855 1015 episcopatum.
890 946 1033 997 Nam
1065 945 1257 997 adiens
1309 961 1496 1012 regem
1556 941 1744 995 multis
1803 943 2058 1012 precibus

453 1034 914 1103 muneribusque.
932 1034 1221 1103 satagebat
1237 1045 1295 1085 ut
1320 1034 1421 1085 sibi
1443 1032 2055 1101 dareturepismpatus;

454 1124 601 1192 quod
633 1139 758 1176 cum
793 1123 1095 1192 impetrare
1128 1139 1236 1175 non
1269 1123 1552 1185 valuisset,
1577 1131 1633 1173 et
1663 1120 1921 1173 (minibus
1944 1128 2056 1172 tam

452 1212 782 1282 propinquis
820 1212 936 1264 suis
995 1229 1158 1281 quam
1219 1211 1515 1270 extraneis.
1576 1218 1690 1263 tam
1751 1209 2057 1276 majoribus

455 1318 623 1371 quam
663 1300 991 1362 minoribus,
1021 1308 1133 1352 tam
1166 1300 1382 1351 clericis
1413 1316 1578 1367 quam
1625 1299 1778 1351 laicis
1828 1299 2057 1350 omnino

453 1389 966 1443 contradicentibus
989 1391 1055 1442 ad
1093 1392 1165 1441 im
1178 1389 1504 1458 peratricem
1534 1406 1593 1440 se
1616 1388 1868 1440 contulit.
1893 1388 2058 1439 Forte

454 1495 519 1531 ea
550 1478 624 1531 ibi
656 1479 850 1531 aderat
883 1478 965 1531 liis
997 1479 1211 1534 diebus.
1231 1494 1404 1547 eaque
1429 1477 1831 1529 interveniente
1849 1477 2058 1528 Raven-

454 1575 644 1620 natem
679 1566 890 1636 accepit
920 1568 1297 1636 episcOpatum
1332 1566 1649 1618 Parmensis
1684 1582 1807 1618 vero
1835 1565 2056 1616 cuidam

453 1657 731 1709 Everardo
785 1656 1101 1708 Coloniensi
1133 1655 1352 1713 clerico,
1387 1656 1648 1708 traditur.

2134 503 2255 570 ejus
2281 503 2608 554 venerabilis
2637 502 3045 554 llildebrandus
3066 508 3212 555 esset
3233 505 3690 572 occupatus,factus

2135 592 2309 642 estde
2335 599 2563 660 repente
2585 609 2886 643 concursus
2911 591 3233 644 clericorum
3260 592 3488 645 virorum
3513 611 3567 646 ac
3590 613 3693 648 mu-

2138 679 2339 731 lierum
2370 681 2733 733 clamantium
2761 698 2772 732 :
2811 679 3222 732 Hildebrandus
3271 681 3559 750 episcopus.
3591 684 3690 744 Quo

2139 769 2331 820 audito
2363 769 2692 821 venerabilis
2709 768 3132 820 archidiaconus
3160 770 3390 838 expavit.
3411 776 3460 821 et
3473 771 3696 823 velociter

2141 857 2327 908 volens
2352 858 2616 926 populum
2651 858 2871 925 placare
2900 857 3182 908 concurrit
3209 857 3273 908 ad
3306 857 3582 926 pulpitum.
3615 858 3691 910 sed

2141 962 2267 997 eum
2303 947 2463 1014 Ilugo
2485 946 2752 997 candidus
2789 946 3072 1014 praevenit,
3106 954 3163 996 et
3193 946 3450 1014 populum
3479 945 3549 997 sic
3588 946 3697 997 allo-

2141 1041 2301 1087 cutus
2332 1041 2450 1086 est:
2487 1033 2598 1086 Viri
2653 1034 2881 1086 fratres!
2920 1051 3011 1085 vos
3083 1033 3237 1086 scitis
3291 1034 3419 1102 quia
3464 1049 3493 1086 a
3533 1034 3695 1086 diebus

2143 1123 2352 1175 domini
2387 1124 2587 1176 Leonis
2620 1141 2773 1192 papae
2807 1123 2895 1175 hic
2917 1130 3001 1176 est
3042 1122 3464 1180 Hildebrandus.
3493 1121 3576 1192 qui
3597 1139 3697 1174 san-

2141 1218 2288 1264 ctam
2328 1213 2634 1265 Romanam
2691 1213 2990 1264 Ecclesiam
3043 1212 3305 1264 exultavit
3359 1220 3411 1264 et
3451 1212 3692 1264 civitatem

2140 1301 2304 1352 istam
2355 1300 2608 1353 liberavit
2657 1302 3012 1369 Quapropter
3058 1301 3190 1369 quia
3237 1301 3306 1352 ad
3357 1301 3696 1370 pontiﬁcatum

2145 1389 2453 1441 Romanum
2488 1406 2666 1458 neque
2723 1389 3007 1441 meliorem
3042 1405 3220 1458 neque
3248 1389 3697 1458 talem,quieliga-

2142 1485 2250 1532 tur.
2292 1477 2496 1530 habere
2529 1494 2844 1547 possumus.
2870 1478 3130 1545 eligimus
3161 1479 3310 1530 hunc
3338 1477 3392 1529 in
3425 1484 3595 1528 nostra
3623 1493 3692 1529 ec-

2142 1567 2306 1619 clesia
2337 1567 2679 1628 ordinatum,
2707 1566 2883 1620 virum
2919 1567 3072 1618 vobis
3129 1567 3398 1635 nobisque
3449 1576 3619 1618 notum
3655 1573 3699 1618 et

2143 1673 2242 1725 per
2263 1655 2450 1707 omnia
2479 1655 2793 1725 probatum.
2847 1660 3100 1724 Cumque
3133 1655 3441 1708 cardinales
3495 1655 3697 1724 episcopi

529 1744 796 1796 Prmlatus
825 1759 953 1795 vero
981 1743 1282 1797 Guibertus
1327 1746 1556 1797 veniens
1611 1743 2054 1812 Longobardiam
2076 1756 2120 1814 Β
2143 1745 2570 1813 sacerdotesque
2595 1751 2649 1796 et
2700 1745 2880 1797 levita:
2903 1751 2958 1796 et
3009 1744 3297 1813 sequentis
3321 1743 3521 1795 ordinis
3547 1742 3699 1794 clerici

452 1832 775 1886 Ravennam
801 1832 1030 1885 intravit
1061 1833 1420 1885 multitudine
1448 1834 1599 1901 gravi
1631 1839 1683 1885 et
1728 1833 1783 1884 in
1832 1849 2051 1901 magno,

453 1927 519 1975 ut
539 1921 625 1974 sui
660 1921 832 1974 moris
860 1928 964 1980 est,
991 1928 1301 1991 potentatu.
1337 1923 1401 1974 Et
1431 1939 1538 1974 non
1571 1929 1696 1990 post
1713 1921 1916 1973 multos
1937 1921 2052 1973 dies

455 2011 513 2063 in
541 2011 996 2078 Quadragesimae
1017 2010 1211 2063 diebus
1235 2011 1466 2063 Romam
1500 2009 1647 2062 venit
1673 1997 1843 2061 causa
1864 2026 2055 2061 consc-

455 2099 738 2161 crationis.
774 2099 986 2168 synodo
1019 2100 1135 2167 jam
1167 2099 1465 2156 celebrata,
1509 2099 1564 2150 in
1623 2114 1732 2167 qua
1787 2104 1842 2149 et
1895 2097 2054 2164 Hugo

454 2187 724 2241 candidus
749 2204 782 2240 a
805 2186 1264 2240 Cluniacensibus
1287 2187 1570 2239 monachis
1583 2193 1637 2239 et
1667 2205 1700 2238 a
1721 2185 2052 2254 quibusdam

455 2277 734 2345 religiosis
765 2277 1040 2346 episcopis
1068 2276 1285 2345 publice
1317 2277 1383 2328 de
1415 2275 1662 2328 Simonia
1693 2275 1965 2343 arguitur,
1999 2281 2054 2327 et

456 2365 513 2418 in
537 2382 648 2435 qua
683 2367 905 2417 hortatu.
941 2365 1067 2434 [hac
1100 2382 1198 2417 1‘ko
1229 2381 1394 2417 eras-.1-
1423 2367 1589 2416 alteri
1639 2366 1934 2416 s-ubstilula
1993 2367 2054 2415 in

454 2452 598 2525 cod.]
627 2454 997 2523 imperatricis
1027 2454 1296 2524 quosdam
1324 2453 1468 2522 regis
1492 2452 1837 2505 consiliarios
1869 2454 2050 2505 volen—

450 2548 536 2597 tes
557 2560 686 2595 eum
718 2543 786 2594 ab
819 2542 1032 2595 unitate
1069 2543 1318 2594 Ecclesia:
1354 2559 1632 2611 separare,
1662 2543 1877 2609 publice
1938 2543 2049 2595 Do-

451 2633 638 2685 minus
668 2648 808 2701 papa
835 2632 1349 2684 excommunicavit.
1377 2631 1479 2683 Sed
1510 2633 1625 2698 jam
1671 2632 1736 2682 ad
1773 2632 2048 2683 narratio-

451 2737 578 2774 nem
615 2721 928 2773 redeamus.
990 2721 1260 2772 Prtet'atus
1286 2730 1288 2732 '
1319 2737 1445 2772 vero
1485 2720 1781 2773 Guibertus
1825 2721 2051 2773 veniens

449 2810 686 2864 Romam
717 2809 927 2862 habens
947 2826 1133 2862 serum
1161 2809 1512 2878 Dionysium.
1537 2810 1917 2862 Placentinum
1944 2810 2054 2878 epi-

448 2915 700 2969 scopum,
733 2907 863 2950 ante
897 2899 1100 2950 multos
1131 2915 1307 2950 annos
1342 2897 1412 2949 ab
1443 2898 1634 2950 eodem
1671 2914 1811 2966 papa
1841 2897 2054 2967 deposi-

448 2995 591 3053 tum,
625 2987 786 3041 ovina
827 2987 1089 3040 simulata
1137 2987 1366 3039 indutus
1413 2987 1788 3056 simplicitate,
1848 2988 2052 3040 multos

446 3077 666 3146 decepit
702 3083 758 3129 et
779 3076 1054 3146 praecipue.
1085 3077 1197 3128 Deo
1247 3075 1542 3128 amabilem
1591 3075 2108 3170 Hildebrandumc

445 3166 499 3220 Is
523 3168 649 3218 cum
683 3182 828 3234 saepe
863 3182 1094 3218 numero
1135 3181 1334 3234 papam
1371 3171 1643 3233 rogasset.
1665 3173 1727 3216 ut
1748 3165 1796 3217 ei
1817 3181 2044 3216 manum

444 3255 841 3325 imponerenet
853 3254 945 3307 ille
961 3255 1131 3306 nollet
1146 3254 1725 3323 acquiescere.spirntu
1746 3254 2047 3322 prophetiae

445 3344 644 3413 plenus
671 3344 852 3396 fertur
876 3343 1114 3395 dixisse:
1166 3343 1276 3409 Ego
1307 3342 1530 3411 quidem
1561 3344 1677 3410 jam
1735 3342 1948 3394 delibor
1993 3347 2050 3395 et

442 3438 665 3502 tempus
705 3431 1062 3484 resolutionis
1091 3447 1227 3483 meae
1260 3432 1451 3491 instat,
1472 3439 1530 3483 tu
1558 3447 1686 3483 vero
1707 3431 1826 3498 ejus
1840 3432 2047 3484 senties

443 3520 824 3573 acerbitatem.
885 3517 1043 3580 Quod
1088 3526 1144 3571 et
1185 3527 1414 3571 eventus
1467 3527 1657 3587 postea
1725 3521 2043 3573 declaravit.

444 3609 587 3672 Quid
619 3609 776 3678 plura
797 3609 822 3659 ?
854 3608 1284 3660 Consecratione
1312 3625 1439 3660 vero
1473 3609 1579 3660 rite
1624 3608 1922 3668 celebrata,
1956 3627 2046 3662 sa-

442 3702 728 3751 cramento
757 3714 816 3749 se
847 3696 1112 3764 obligavit
1141 3714 1198 3748 se
1233 3697 1450 3749 ﬁdelem
1476 3713 1595 3749 esse
1621 3714 1772 3767 papae
1807 3699 2048 3751 Alexan-

442 3785 544 3838 dro
575 3787 808 3854 ejusque
835 3786 1265 3846 successoribus,
1295 3787 1388 3855 qui
1424 3803 1520 3855 per
1565 3787 1824 3839 meliores
1858 3795 2044 3841 essent

442 3875 602 3928 electi
625 3875 1114 3934 cardinales.nullo
1136 3875 1298 3927 modo
1319 3876 1713 3944 imperatorem
1735 3893 1834 3929 nec
1855 3894 2042 3946 regem

442 3964 738 4017 nominans
779 3964 860 4016 vel
894 3963 1201 4033 patritiam.
1236 3965 1380 4033 quod
1431 3974 1842 4017 saeran‘ientum
1902 3966 2042 4019 bene

442 4053 805 4106 conservavit.
852 4053 991 4104 Nam
1027 4053 1324 4105 venerabili
1354 4054 1665 4106 Alexandro
1703 4055 1962 4108 defuncto
1987 4062 2043 4108 et

440 4140 742 4195 venerabili
798 4141 1175 4193 [lildebrando
1234 4159 1330 4209 per
1403 4142 1656 4195 meliores
1729 4144 2039 4196 cardinales

441 4229 930 4299 electoreligiosus
971 4230 1420 4299 archiepiscopus
1462 4230 1704 4284 debitam
1739 4232 2039 4299 subjectio-

2139 1833 2554 1892 conclamasset,
2590 1840 2652 1886 ut
2694 1851 2812 1885 mos
2850 1841 2972 1885 est:
3024 1832 3350 1894 Gregorium.
3395 1834 3487 1884 PP.
3530 1833 3626 1884 Scs.
3654 1833 3697 1882 P.

2137 1927 2262 1987 eleg.
2296 1922 2402 1991 (ita
2428 1921 2570 1986 cod.)
2597 1922 2860 1975 continuo
2890 1939 2922 1973 a
2947 1922 3149 1990 pepulo
3202 1921 3462 1980 trahitur,
3502 1919 3702 1988 rapitur-

2138 2027 2264 2078 que,
2301 2016 2357 2062 et
2385 2009 2450 2062 ad
2487 2011 2704 2063 vincula
2757 2010 2901 2063 beati
2942 2011 2998 2062 P.
3060 2026 3169 2062 non
3219 2010 3289 2062 ad
3338 2009 3697 2061 Brixianorium

2136 2098 2342 2151 invitus
2377 2099 2803 2152 inthronizatur.
2836 2099 2940 2162 Qui
2961 2097 3216 2167 sequenti
3245 2098 3336 2150 die
3354 2104 3698 2150 secummente

2138 2171 2484 2256 pertractans
2505 2189 2571 2239 ad
2597 2195 2867 2257 quantum
2901 2189 3205 2258 periculum
3239 2186 3702 2254 devenisset.coepit

2137 2283 2373 2328 aestuare
2405 2284 2461 2328 et
2483 2284 2714 2329 mmstus
2743 2293 2863 2329 esse
2891 2295 2902 2343 ;
2942 2285 3128 2330 tamen
3146 2276 3394 2329 collectis
3411 2275 3526 2328 ﬁdei
3542 2274 3700 2344 etspei

2137 2365 2363 2422 viribus.
2396 2366 2527 2435 quid
2554 2366 2902 2435 potissimum
2934 2367 3162 2420 faceret.
3182 2383 3296 2418 non
3327 2365 3475 2418 aliud
3505 2364 3695 2422 invenit,

2138 2471 2304 2524 quam
2339 2461 2399 2507 ut
2432 2455 2545 2523 regi
2571 2471 2727 2506 suam
2761 2456 3075 2507 notiﬁcaret
3125 2455 3474 2518 electionem,
3531 2460 3580 2505 et
3618 2469 3696 2522 per

2134 2560 2260 2596 eum
2290 2544 2333 2595 si
2359 2551 2562 2612 posset.
2587 2544 2688 2595 sibi
2714 2543 2910 2612 papale
2933 2545 3263 2613 impositum
3287 2561 3424 2597 onus
3442 2542 3695 2595 devitaret.

2138 2633 2282 2684 Nam
2312 2633 2494 2684 missis
2511 2632 2577 2684 ad
2595 2649 2719 2684 eum
2743 2632 3006 2685 continuo
3029 2633 3232 2684 litteris
3257 2640 3314 2686 et
3337 2639 3557 2684 mortem
3575 2645 3701 2699 papae

2135 2721 2462 2795 notiﬁcavit.
2491 2727 2546 2774 et
2578 2738 2735 2774 suam
2764 2721 2813 2773 ei
2835 2722 3156 2774 electionem
3176 2720 3535 2779 denuntiavit,
3559 2719 3702 2770 inter-

2138 2810 2495 2879 minatusque
2526 2811 2569 2862 si
2603 2813 2724 2878 ejus
2764 2811 3023 2863 electioni
3073 2827 3367 2863 assensum
3419 2808 3702 2879 praebuisset

2136 2915 2424 2967 nunquam
2455 2901 2575 2967 ejus
2607 2899 2924 2968 nequitiam
2949 2899 3227 2968 patienter
3249 2905 3587 2970 portaturum
3614 2895 3701 2949 Sed

2136 2986 2298 3054 longe
2322 2987 2486 3039 aliter
2513 2988 2698 3039 evenit
2720 3001 2886 3056 quam
2911 2994 3251 3056 speraverat.
3293 2989 3432 3040 Nam
3463 3001 3549 3040 rex
3584 2984 3702 3037 illico

2137 3074 2289 3126 misit
2343 3073 2683 3142 Gregorium
2741 3076 3148 3128 Vercellensem
3184 3077 3523 3146 episcopum,
3555 3071 3703 3128 ltalici

2133 3163 2286 3230 regni
2311 3165 2723 3216 cancellarium.
2756 3164 2845 3232 qui
2873 3166 2993 3232 ejus
3024 3165 3358 3217 electionem
3388 3166 3632 3224 ﬁrmaret,
3660 3166 3706 3211 et

2133 3251 2251 3320 ejus
2292 3251 2588 3306 interesset
2627 3253 3052 3306 consecrationi.
3089 3253 3248 3315 Quod
3295 3262 3350 3307 et
3379 3253 3572 3305 factum
3619 3253 3701 3301 est.

2134 3343 2272 3394 Nam
2307 3341 2361 3393 in
2390 3343 2608 3410 jejunio
2663 3343 3015 3394 Pentecostes
3047 3342 3312 3395 sacerdos
3345 3342 3634 3395 ordinatur.
3661 3343 3707 3389 et

2131 3429 2187 3482 in
2212 3431 2398 3482 natale
2422 3432 2802 3500 apostolorum
2834 3431 2903 3484 ad
2931 3431 3109 3483 altaie
3141 3431 3467 3483 eorumdem
3493 3446 3525 3482 a
3551 3425 3705 3480 cardi-

2133 3519 2351 3571 nalibus
2381 3521 2687 3572 secundum
2719 3520 3014 3588 antiquum
3043 3536 3251 3572 morem
3291 3519 3570 3589 episcOpus
3596 3530 3706 3569 con-

2129 3615 2402 3660 secratur.
2439 3608 2616 3677 Cujus
2660 3608 3063 3661 consecrationi
3113 3609 3374 3661 interfuit
3419 3602 3703 3676 imperatrix

2131 3713 2240 3750 una
2278 3714 2400 3750 cum
2434 3699 2900 3750 excellentissima
2933 3699 3180 3750 Beatrice
3210 3699 3355 3751 duce
3389 3705 3515 3749 tunc
3543 3694 3696 3746 vidua.

2130 3787 2270 3839 Nam
2315 3795 2446 3838 ante
2490 3804 2692 3856 paucos
2735 3788 2853 3839 dies
2892 3787 3220 3856 magniﬁcus
3283 3787 3394 3839 dux
3424 3781 3703 3838 Gotelridus

2127 3876 2371 3929 obierat.
2973 3940 2985 3947 ι

2200 3963 2546 4016 Venerabilis
2571 3980 2702 4016 vero
2735 3963 2979 4033 pontifex
3015 3980 3139 4016 mox
3184 3970 3246 4016 ut
3295 3979 3483 4016 curam
3533 3962 3705 4011 sancta:

2125 4053 2388 4105 Romame
2418 4053 2670 4106 Ecclesia:
2700 4053 2964 4122 suscepit,
2999 4053 3077 4104 nil
3127 4054 3330 4107 melius
3363 4069 3482 4105 esse
3530 4046 3707 4101 delibe-

2126 4142 2287 4201 ravit,
2321 4157 2489 4210 quam
2530 4141 2584 4193 in
2619 4142 2925 4210 primordio
2959 4157 3146 4210 regem
3177 4142 3500 4198 admonere.
3533 4143 3588 4190 ut
3612 4133 3706 4201 epi-

2124 4238 2382 4300 scolmtus
2436 4247 2544 4283 non
2596 4231 2880 4292 venderet,
2932 4245 3167 4299 seseque
3221 4230 3535 4298 subjectum
3605 4237 3703 4275 esse

440 4336 567 4373 nem
601 4320 658 4372 in
694 4325 915 4373 tantum
950 4319 998 4372 ei
1029 4319 1285 4375 contulit.
1311 4326 1372 4371 ut
1405 4327 1629 4372 vocatus
1659 4321 1724 4371 ad
1763 4323 2036 4389 synodum
2059 4326 2328 4400 Dsanctae
2351 4320 2614 4372 Romame
2656 4319 2911 4372 Ecclesia:
2945 4327 3390 4388 recognosceret.
3419 4318 3553 4370 Nam
3591 4326 3704 4365 con-

439 4408 673 4465 veniret.
705 4414 760 4460 et
780 4406 835 4459 in
862 4407 1054 4459 eadem
1079 4406 1291 4473 synodo
1313 4421 1411 4476 per
1433 4407 1832 4475 privilegiumae
1853 4427 1915 4461 su
1943 4411 2042 4463 Ec-

441 4495 620 4549 clesiae
639 4497 878 4548 dexterae
908 4496 956 4547 ei
991 4495 1230 4550 sederet.
1258 4501 1313 4547 et
1346 4511 1453 4547 non
1485 4501 1705 4548 evtorta
1737 4498 2042 4551 confessio-

440 4600 511 4636 ne
539 4584 635 4637 sed
665 4585 972 4653 spontanea
992 4599 1119 4635 eum
1147 4584 1324 4636 modis
1347 4584 1605 4637 omnibus
1638 4602 1836 4654 papam
1869 4590 2039 4656 proﬁ-

439 4679 672 4725 teretur.
706 4672 810 4725 Sed
845 4672 963 4739 jam
997 4672 1075 4724 rei
1116 4673 1367 4725 ordinem
1420 4691 1864 4743 prosequamur:
1903 4677 2038 4730 Pas-

440 4761 586 4813 cllali
616 4760 1077 4830 igiturcelebrata
1105 4761 1403 4814 festivitate
1425 4779 1550 4815 cum
1583 4780 1615 4814 a
1638 4763 1799 4817 beato
1824 4782 1965 4835 papa
1987 4774 2040 4820 et

437 4849 738 4903 venerabili
765 4849 1153 4902 archidiacono
1201 4851 1482 4903 licentiam
1519 4854 1802 4905 remeandi
1832 4854 2040 4908 Raven-

436 4951 588 5001 nam,
607 4938 1239 5008 accepisset,antequam
1262 4939 1513 4992 eamdem
1537 4939 1732 4994 urbem
1752 4941 2033 5010 intrasset,

438 5027 490 5082 ei
521 5042 672 5079 mors
704 5042 858 5096 papae
889 5026 1144 5078 nuntiata
1166 5033 1270 5089 est,
1306 5043 1436 5080 nam
1461 5028 1515 5080 in
1551 5028 1724 5081 natali
1764 5030 1819 5082 S.
1856 5031 2037 5084 Geor—

437 5115 518 5186 gii
541 5114 936 5169 B.Alexander
969 5115 1231 5184 spiritum
1259 5117 1392 5168 ccelo
1431 5116 1692 5169 reddidit.

919 5205 1155 5269 [imp/icit
1189 5207 1327 5256 liber
1348 5209 1502 5258 δαείη
1517 5222 1546 5256 ς.

775 5291 1037 5346 INCIPIT
1076 5291 1286 5344 LIBER
1325 5293 1692 5346 SEPTIMUS.

510 5381 715 5436 Eodem
749 5381 942 5452 itaque
977 5381 1064 5434 die
1107 5381 1322 5450 przefati
1367 5381 1648 5450 pontiﬁcis
1697 5397 1926 5452 corpore
1977 5384 2034 5436 in

511 5507 619 5598 (48‘)
645 5525 697 5598 I_s
729 5507 962 5598 celebris
991 5524 1226 5592 illovzevo
1283 5523 1566 5578 Gerardus
1607 5524 1678 5578 ad
1735 5541 2040 5598 purpuram

435 5596 635 5666 gulam
657 5595 921 5663 Baj'orum
952 5600 1364 5650 ornamentum.

2125 4409 2284 4461 tinuo
2309 4409 2474 4476 hujus
2509 4413 2713 4460 sanctae
2752 4407 3050 4477 legationis
3082 4407 3398 4460 ministram
3453 4403 3576 4457 fecit
3603 4415 3703 4453 esse

2125 4497 2426 4564 gloriosam
2485 4497 2899 4566 imperatricem
2951 4496 3206 4564 ejusdem
3267 4497 3414 4565 regis
3466 4500 3698 4546 matrem.

2125 4585 2418 4638 habentem
2447 4601 2633 4636 secum
2678 4585 2730 4637 in
2770 4585 3035 4637 comitatu
3068 4585 3415 4637 venerabiles
3444 4582 3702 4652 episcopos

2125 4675 2424 4727 Girardum
2459 4674 2772 4727 Ostiensem
2803 4671 2912 4730 (i8'
2948 4681 3003 4726 et
3035 4674 3303 4727 Ubertum
3327 4668 3701 4726 Przenestinum

2124 4769 2180 4816 et
2201 4763 2532 4816 Rainaldum
2559 4764 2897 4828 Cumanum,
2922 4780 3042 4832 quae
3069 4763 3235 4831 Alpes
3250 4762 3526 4814 transiens
3548 4757 3702 4809 ﬁlium

2124 4851 2177 4902 in
2211 4851 2461 4920 partibus
2498 4850 2764 4919 Bajoarize
2790 4851 3016 4902 invenit.
3052 4849 3194 4912 Quid
3253 4849 3462 4918 plura?
3509 4840 3704 4911 Legatis

2122 4940 2388 4992 Romanis
2410 4957 2442 4992 a
2463 4956 2593 5008 rege
2614 4939 2919 4991 honoriﬁce
2942 4938 3233 5008 susceptis,
3257 4955 3383 4990 cum
3403 4952 3497 5004 per
3519 4931 3702 4985 multos

2120 5029 2239 5080 dies
2269 5045 2584 5082 sermonem
2613 5028 2972 5080 correctionis
3001 5027 3069 5079 ab
3091 5027 3170 5080 eis
3201 5025 3449 5097 quotidie
3479 5022 3699 5077 audiret.

2119 5119 2186 5170 ad
2220 5119 2479 5170 ultimum
2503 5133 2631 5168 vero
2663 5132 2792 5168 suos
2827 5117 3149 5179 familiares,
3183 5132 3322 5185 quos
3355 5121 3484 5166 ante
3527 5111 3700 5162 beatus

2119 5207 2693 5259 excommunicaverat
2722 5206 3053 5267 Alexander,
3074 5221 3106 5257 a
3132 5221 3235 5257 suo
3258 5201 3538 5273 prohibuit
3557 5197 3701 5251 collo-

2119 5296 2268 5365 quio.
2305 5295 2513 5347 Dehinc
2543 5303 2773 5362 rogatus
2805 5301 2868 5348 ut
2887 5295 3159 5363 synodum
3193 5283 3480 5346 inediaret.
3513 5287 3701 5357 episco-

2119 5402 2217 5455 pos
2247 5384 2384 5437 facie
2406 5390 2570 5437 tenus
2602 5385 2975 5454 congregavit,
3012 5389 3199 5437 mente
3230 5384 3559 5443 detractans,
3591 5372 3700 5428 nul-

2083 5529 2311 5598 tandem
2361 5533 2603 5594 evectus,
2649 5527 2782 5581 civis
2829 5527 3248 5598 Ratisponensis
3275 5525 3420 5579 ﬁlius
3447 5523 3564 5586 iuit,
3594 5518 3698 5572 siu-
