3912 6166
195 281 287 371 ἐξῆ

1251 279 1466 372 ﬁnisti
1505 307 1600 371 AI)
1641 285 1946 372 AttiiéU‘M.
1990 347 2055 355 —
2094 284 2231 372 Lis.
2274 288 2396 375 vin.

3359 289 3463 383 3’38

195 443 300 495 lum
327 429 560 495 omnino
597 426 895 494 concilium
930 441 987 493 in
1011 458 1111 494 suo
1139 457 1311 509 regno
1342 431 2142 510 celebrari.unAtaturum.
2188 440 2286 494 His
2314 448 2370 495 et
2408 443 2609 497 talibus
2657 444 2904 498 subdolis
2956 431 3464 504 machinationibus

195 532 265 584 rei
297 532 650 600 subsequens
683 530 1065 600 coniprobavit
1097 537 1345 582 eventus.
1382 532 1520 582 Nam
1559 548 1654 600 per
1686 532 1790 583 Le-

195 637 407 672 marum
446 621 799 673 Bren'iensem
834 621 1174 690 episcopum,
1198 620 1373 672 virum
1408 619 1792 689 eloquentissi-

193 726 333 761 mum
375 717 426 761 et
461 708 785 761 liberalibus
803 709 1003 761 studiis
1030 697 1279 778 adprime
1320 710 1620 762 eruditum.
1657 726 1787 760 eon—

192 798 368 851 cilium
407 798 780 866 interruptmn
815 805 918 850 est.
948 800 997 849 ls
1031 798 1177 849 enim
1208 797 1429 850 dicebat
1451 816 1513 850 ex
1545 799 1790 866 antiquis

189 887 485 956 privilegiis
518 887 841 954 Magnntino
881 903 1205 938 cmtcessam
1250 904 1368 939 esse
1418 887 1679 955 epissopo
1731 887 1786 938 in

193 975 503 1027 Germaniae
555 975 806 1044 partibus
836 975 1014 1026 vicem
1044 974 1247 1027 habere
1293 975 1529 1027 Romani
1563 977 1786 1044 pontifi-

192 1064 278 1129 cis;
299 1064 538 1132 ideoque
561 1080 671 1115 non
705 1063 867 1115 licere
901 1063 1164 1115 Romanis
1194 1064 1391 1131 legatis
1419 1065 1693 1132 synodum
1726 1065 1784 1116 in

195 1153 301 1221 ejus
332 1153 615 1222 legatione.
641 1152 941 1209 celebrare,
977 1169 1087 1203 non
1123 1152 1259 1204 bene
1292 1152 1623 1221 recogitans,
1646 1153 1783 1206 illud

195 1241 343 1311 primi
383 1241 583 1294 Leonis
614 1241 917 1310 capitulum
936 1241 1328 1294 'l‘hessalonico
1363 1242 1620 1311 episcopo
1653 1242 1788 1294 mis-

193 1348 322 1391 surn,
356 1331 414 1383 in
445 1347 554 1400 quo
585 1330 662 1382 ita
692 1331 900 1398 legitur
933 1349 943 1382 :
988 1330 1066 1382 sic
1107 1332 1255 1382 enim
1291 1331 1592 1383 committit
1642 1349 1786 1401 papa

192 1419 439 1472 omnibus
496 1419 929 1488 arctat-episcopis
979 1419 1125 1471 vices
1163 1436 1311 1476 suas,
1349 1427 1410 1472 ut
1463 1420 1514 1472 in
1571 1428 1785 1490 partem

194 1508 292 1560 sint
325 1508 503 1560 vocati
533 1508 926 1560 sollicitudinis
959 1525 1068 1560 non
1097 1508 1151 1560 in
1184 1509 1592 1577 plenitudinem
1629 1516 1786 1579 pote-

193 1599 358 1650 statis.
400 1597 544 1660 Quid
578 1598 736 1666 plura
756 1597 778 1648 ?
808 1598 985 1664 llujus
1039 1598 1117 1649 rei
1148 1598 1330 1666 gratia
1380 1598 1648 1651 Lemarus
1699 1617 1790 1651 ar-

192 1686 570 1756 chiepiscopus
612 1703 642 1738 a
701 1685 900 1754 legatis
935 1687 1198 1738 Romanis
1240 1687 1568 1739 sacerdotali
1603 1688 1782 1739 ofﬁcio

1874 529 2124 581 animum
2186 549 2338 600 path
2380 521 2516 586 nihil
2551 535 2677 586 mali
2722 535 3096 603 suspicantem
3129 538 3461 608 decipiebat.

1873 617 2108 670 Animus
2143 636 2269 672 vero
2301 621 2418 688 ejus
2461 623 2608 675 velut
2656 624 2780 676 ferae
2826 624 3018 677 bellua:
3071 625 3207 678 iram
3237 644 3461 696 gerens,

1873 707 2012 758 nihil
2043 707 2189 759 aliud
2215 726 2380 776 quam
2399 711 2540 779 quod
2569 720 2691 780 post.
2714 712 2790 764 rei
2814 713 3462 769 demonstraviteventus

1874 795 2172 863 C(lglttllmt.
2238 799 2378 850 Nam
2423 816 2521 868 per
2549 817 2744 852 omnes
2798 802 2911 853 fere
2952 803 3464 871 quadragesimales

1871 884 2009 946 dies,
2055 885 2256 955 quibus
2301 888 2438 940 inibi
2494 897 2745 942 moratus
2785 898 2887 947 est.
2921 891 3153 944 Romam
3192 895 3462 947 orationis

1870 975 2156 1027 occasione
2181 976 2452 1029 circuiens
2483 995 2731 1048 quosque
2768 979 3057 1047 pestiferos
3087 981 3332 1035 invenire
3364 1002 3462 1054 po-

1869 1067 2032 1127 terat,
2061 1067 2138 1116 vel
2173 1082 2369 1134 papam
2401 1067 2918 1136 prepterjustitiam
2945 1069 3196 1123 odientes
3226 1072 3462 1126 faciebat

1868 1153 2353 1222 amicos,dataque
2385 1155 2619 1224 pecunia.
2636 1164 2983 1208 sacramento
3015 1158 3466 1222 vinciebat,inter

1873 1249 2099 1308 quoset
2150 1243 2416 1294 Cencinm
2463 1244 2706 1312 praefecti
2759 1246 3027 1314 Stephani
3068 1246 3264 1310 tilium,
3293 1267 3460 1318 quem

1871 1346 2037 1394 supra
2097 1332 2438 1399 temporibus
2497 1350 2652 1402 papae
2700 1334 2998 1387 Alexandri
3066 1353 3189 1388 cum
3255 1336 3462 1391 Cadolo

1869 1417 2038 1470 fuisse
2075 1420 2526 1472 memoravimus.

1943 1508 1994 1559 1s
2023 1508 2283 1560 defuncto
2307 1520 2462 1578 patre
2485 1510 2829 1579 temporibus
2843 1512 3138 1565 Alexandri
3163 1531 3288 1566 cum
3322 1534 3465 1586 prae-

1875 1596 2143 1648 fecturam
2179 1597 2336 1649 vellet
2371 1598 2621 1666 adipisci,
2663 1598 2730 1650 ab
2763 1601 3020 1653 omnibus
3051 1603 3313 1656 Romanis
3335 1622 3463 1673 pro-

1876 1692 1999 1753 pter
2028 1686 2374 1738 ferocitatem
2399 1686 2569 1738 anin'ii
2595 1689 2919 1757 repudiatus
2947 1696 3048 1751 est,
3067 1692 3463 1762 communique

191 1792 492 1844 suspensus
523 1782 625 1827 est.
661 1775 871 1827 Dehinc
894 1776 1126 1827 concilio
1158 1776 1256 1828 hac
1289 1776 1592 1844 sagacitate
1617 1776 1783 1828 inter-
1808 1753 2095 1824 Bconsilio
2128 1773 2369 1826 traditur
2391 1779 2712 1842 praefectura
2745 1777 2904 1829 alteri
2937 1779 3136 1830 Cencio
3167 1781 3460 1848 cujUsdam

195 1872 362 1932 rupto,
394 1881 519 1915 cum
555 1880 646 1916 rex
676 1863 883 1923 omnia,
919 1880 1040 1932 qua:
1065 1864 1301 1916 Romani
1337 1865 1500 1932 legati
1535 1867 1784 1934 postula-

192 1947 332 2008 runt.
358 1970 420 2003 se
462 1952 701 2004 libenter
731 1951 911 2004 facere
945 1952 1307 2020 pron'iisisset,
1339 1953 1554 2019 magnis
1587 1971 1783 2006 mune-

197 2042 336 2093 ribus
361 2041 557 2094 donati
609 2041 843 2093 Romam
890 2057 1013 2093 cum
1045 2041 1254 2093 honore
1285 2050 1627 2106 remearunt,
1653 2060 1776 2111 por-

195 2136 362 2182 tantes
396 2146 583 2182 secum
611 2129 988 2198 prz‘etatiregis
1011 2129 1454 2199 litteras,quibus
1485 2131 1782 2183 venerabili

192 2234 332 2287 papa
351 2218 626 2286 Gregorio
649 2219 908 2269 omnibus
925 2218 1102 2269 modis
1120 2217 1361 2270 debitam
1382 2237 1441 2271 su
1455 2219 1781 2288 bjectionem

198 2307 513 2377 spondebat.
527 2308 657 2359 Post
675 2323 878 2376 paucos
902 2324 1028 2358 vero
1046 2307 1163 2359 dies
1181 2307 1406 2375 quidam
1429 2309 1782 2361 llCl'll'ltlllllLlS

196 2395 664 2463 Babenbergensis
687 2395 1240 2465 episr.0pus.Romam
1256 2413 1423 2449 causa
1445 2398 1782 2466 suscipiendi

195 2485 333 2553 pallii
357 2485 635 2544 veniebat,
663 2501 826 2552 quem
850 2484 1050 2536 littera:
1068 2485 1214 2553 regis
1239 2485 1631 2554 anticipavere,
1651 2487 1784 2554 qui-

196 2571 288 2625 bus
335 2590 496 2644 papze
549 2572 925 2641 signiﬁcatum
976 2581 1060 2623 est
1103 2589 1183 2637 se,
1220 2574 1590 2641 quorunmlam
1623 2575 1783 2627 inrdi-

196 2661 478 2728 gnantium
513 2661 708 2714 fraude
737 2660 1051 2728 deceptum,
1078 2661 1152 2711 illi
1181 2678 1276 2730 pro
1308 2663 1538 2731 pecunia
1569 2663 1782 2732 episco-

194 2759 370 2819 patum
400 2750 718 2803 tradidisse.
746 2750 902 2812 Quod
931 2749 1296 2818 utquzesitum
1323 2759 1407 2803 est
1427 2760 1481 2804 et
1505 2753 1578 2804 ita
1601 2753 1785 2806 inven-

196 2845 304 2892 tum
337 2840 608 2910 profatus
660 2839 1013 2891 Hermannus
1043 2838 1112 2890 ab
1141 2839 1458 2909 episcopatu
1501 2842 1785 2910 depositus

196 2937 287 2990 est,
322 2937 376 2981 et.
404 2929 551 2981 alius
582 2928 634 2980 in
666 2928 785 2980 loco
814 2929 931 2995 ejus
963 2935 1235 2997 pra-cepto
1273 2929 1483 2981 dm‘nini
1516 2948 1668 3000 papae
1701 2932 1786 2984 in-

195 3009 534 3070 tbronizatus
581 3025 684 3078 est,
738 3016 832 3086 qui
869 3007 1062 3085 postea
1107 3016 1175 3068 ab
1218 3018 1409 3070 eodem
1456 3037 1596 3088 papa
1633 3021 1782 3089 pallii

193 3108 458 3175 dignitate
487 3107 728 3158 donatus
761 3113 862 3167 est,
903 3105 1050 3174 quod
1081 3112 1138 3158 et
1179 3106 1372 3158 itidem
1408 3108 1476 3159 de
1507 3112 1782 3162 Constan-

195 3197 346 3248 tiensi
375 3195 640 3265 episcopo
671 3198 874 3247 factum
906 3201 1007 3247 est.

213 3352 228 3357 _
257 3273 397 3337 Dum
434 3285 550 3337 haec
571 3283 646 3336 ita
673 3289 1004 3352 gererentur
1037 3283 1482 3338 Mediolanenses
1508 3287 1782 3357 capit-anei

196 3371 563 3446 Ecclesiarum
597 3361 930 3428 venditores,
957 3373 1024 3424 de
1054 3373 1253 3441 quibus
1274 3391 1443 3444 supra
1468 3376 1780 3440 retulimus,

193 3449 529 3532 colloquium
560 3478 684 3514 cum
718 3478 846 3530 rege
885 3461 1113 3514 faciunt.
1157 3463 1522 3532 animumque
1563 3467 1683 3533 ejus
1711 3466 1777 3518 ad

194 3545 525 3603 deteriorem
566 3557 783 3620 partem
816 3552 1084 3614 flectunt;
1116 3568 1242 3603 nam
1277 3552 1323 3602 ei
1362 3554 1783 3621 promittunt.et

194 3638 484 3714 Rataream
518 3639 901 3691 destructuros
931 3647 986 3691 et
1015 3639 1438 3693 llerlinlmldui‘n
1481 3644 1777 3696 occisuros.

195 3729 342 3790 Quod
379 3746 473 3780 rex
529 3726 771 3802 libenter
800 3728 1030 3790 audivit,
1064 3735 1120 3780 et
1170 3729 1480 3782 voluntarie
1512 3732 1781 3801 quidquid

193 3815 474 3884 petierunt
506 3815 783 3884 promisit.

255 3905 482 3957 Interea
527 3904 857 3956 venerabilis
887 3905 1188 3972 Gregorius
1220 3905 1358 3958 nihil
1393 3907 1522 3959 mali
1553 3908 1620 3960 de
1654 3927 1781 3978 rege

189 3994 479 4064 suspicans
509 3993 788 4063 synodum
821 3993 1195 4061 congregavit,
1230 3994 1284 4046 iu
1338 4012 1447 4064 qua
1479 3997 1781 4053 Guibertus

186 4084 476 4135 llavennas
500 4083 793 4152 episcopus
808 4083 899 4136 sed
911 4083 968 4142 it,
980 4091 1035 4134 et
1049 4082 1058 4132 i
1071 4099 1139 4134 nn
1151 4100 1179 4134 u
1191 4083 1470 4137 morabilis
1487 4087 1785 4143 multitudo

189 4165 580 4239 episcoporum
624 4187 688 4222 ex
720 4169 1018 4239 provinciis
1061 4169 1296 4223 diversis
1332 4182 1692 4244 congregata,
1729 4176 1784 4229 in

190 4275 299 4326 qua
311 4259 442 4312 dum
463 4257 754 4328 negotium
776 4257 1227 4311 Placentinorum
1254 4267 1308 4310 et
1325 4260 1785 4317 Cremonensium

1866 1861 2096 1912 Joannis
2128 1862 2368 1931 prtefecti
2421 1863 2551 1922 ﬁlio,
2598 1866 2691 1933 qui
2734 1867 2987 1934 quamvis
3019 1867 3245 1920 nomine
3295 1870 3463 1938 {equi-

1869 1949 2002 2006 voci.
2056 1961 2240 2003 tamen
2290 1952 2452 2020 longe
2501 1961 2663 2005 erant
2695 1953 2896 2007 diversi
2940 1955 3216 2016 moribus;
3268 1959 3323 2010 in
3358 1959 3460 2012 hoc

1869 2039 2118 2091 onmium
2150 2041 2426 2092 malorum
2471 2042 2682 2110 species
2714 2042 2766 2094 in
2803 2049 2982 2096 altero
3026 2044 3316 2098 bonorum.
3354 2047 3459 2101 Hic

1868 2137 2208 2197 compatrem
2244 2147 2406 2181 suum
2447 2131 2656 2200 absque
2687 2133 2838 2183 omni
2877 2149 3044 2185 causa
3073 2133 3368 2197 interfecit,
3405 2142 3460 2187 et

1868 2217 2095 2269 domum
2131 2219 2251 2285 ejus
2278 2219 2530 2272 funditus
2560 2220 2866 2284 destruxit;
2901 2221 3056 2274 idem
3089 2230 3142 2274 et
3177 2223 3456 2278 latronum

1868 2306 2146 2376 particeps
2178 2313 2233 2360 et
2264 2309 2585 2377 praedonum
2618 2310 2858 2377 adjutor.
2894 2327 2992 2380 per
3018 2312 3193 2363 multa.
3223 2319 3280 2364 et
3311 2313 3461 2366 varia

1866 2395 2301 2465 adulteria,qu
2331 2399 2690 2466 perpetravit,
2724 2400 2805 2451 vel
2827 2407 3210 2468 perpetrantes
3243 2407 3460 2456 tutatus

1867 2492 1967 2544 est,
2004 2484 2235 2536 Romam
2267 2500 2328 2535 ex
2366 2484 2534 2536 libera
2551 2486 2678 2537 fecit.
2705 2486 2961 2538 ancillam
3014 2489 3158 2540 Nam
3189 2488 3244 2541 in
3271 2491 3459 2544 Sancti

1867 2572 2017 2624 Petri
2061 2579 2228 2640 ponte
2284 2574 2486 2625 turrim
2551 2575 2703 2626 mirae
2748 2575 3153 2644 magnitudinis
3179 2578 3458 2632 zerlificans

1867 2678 2060 2712 on‘ines
2078 2669 2432 2714 transeuntes
2464 2661 2705 2715 reddidit
2727 2663 3068 2716 tributarios.
3099 2666 3258 2718 IIunc
3289 2669 3460 2720 talem

1867 2758 1923 2802 et
1944 2758 2054 2801 tam
2081 2749 2405 2818 pestiferum
2424 2751 2711 2819 conjunxit
2731 2752 2832 2803 sibi
2854 2754 3115 2820 praefatus
3133 2754 3456 2822 Guibertus,

1869 2843 1924 2888 et
1956 2854 2052 2906 per
2078 2855 2203 2889 eum
2229 2856 2286 2890 se
2317 2840 2555 2891 armavit
2583 2847 2776 2892 contra
2809 2847 3083 2892 sanctum.
3123 2843 3296 2895 Erant
3324 2862 3459 2913 pra:-

1869 2933 2023 2978 terea
2048 2927 2239 2979 Romm
2270 2927 2429 2979 multi
2455 2927 3076 2997 pestilentesjustitiam
3099 2931 3368 2990 odientes.
3396 2939 3460 2986 ut

1869 3015 2364 3068 concubinatorum
2391 3017 2742 3081 sacerdotum
2785 3017 2880 3069 filii
2915 3026 2969 3070 et
2997 3019 3291 3089 propinqui
3318 3036 3329 3078 ;
3361 3022 3456 3075 sed

1870 3111 1925 3157 et
1957 3093 2542 3174 venerabilispontifex
2573 3105 2628 3157 in
2652 3103 2924 3175 principio
2945 3107 3314 3162 ordinationis
3345 3128 3458 3164 suae

1868 3193 2128 3246 omnibus
2161 3194 2422 3246 Romanis
2461 3195 2683 3247 clericis
2733 3195 2886 3247 dedit
2933 3196 3235 3265 optionem,
3272 3207 3334 3252 ut.
3362 3207 3460 3253 aut

1867 3283 2130 3342 canonice
2163 3282 2298 3334 nihil
2332 3283 2614 3352 proprium
2651 3283 2996 3353 possidentes
3031 3288 3336 3340 secundum
3378 3307 3460 3342 re-

1866 3373 2053 3439 gulam
2088 3379 2408 3424 sanctorum
2443 3373 2708 3433 viverent,
2742 3381 2839 3426 aut
2871 3374 3082 3427 relictis
3104 3375 3263 3428 bonis
3291 3379 3459 3431 eccle-

1867 3461 1959 3512 size.
2007 3461 2237 3513 seorsim
2286 3461 2437 3513 domi
2484 3470 2810 3523 numerent;
2850 3481 3087 3533 quorum
3121 3466 3282 3518 multi
3330 3476 3459 3520 ante

1866 3550 2083 3617 elegere
2117 3550 2313 3618 privati
2348 3551 2524 3603 vivere
2568 3568 2734 3620 (piam
2777 3568 2945 3605 suave
2987 3553 3187 3622 jugum
3237 3555 3458 3610 Domini

1867 3639 2011 3690 ferre
2041 3658 2050 3702 ;
2087 3639 2178 3707 qui
2210 3638 2540 3691 mirabiliter
2569 3658 2723 3709 papa:
2754 3647 2913 3693 erant
2942 3641 3143 3696 infensi
3167 3649 3343 3697 etnon
3367 3663 3454 3699 so-

1866 3727 1978 3780 lum
2014 3727 2069 3783 ii,
2106 3728 2200 3779 sed
2235 3735 2290 3780 et
2319 3745 2510 3780 eorum
2541 3729 2859 3798 propinqui.

1939 3818 2070 3869 Erat
2099 3825 2371 3885 prMerea
2402 3817 2588 3870 Romae
2619 3820 2848 3886 antiqua
2874 3824 2929 3871 et
2954 3820 3192 3888 pessima
3223 3840 3458 3878 consue-

1865 3905 2020 3960 tudo,
2064 3921 2227 3971 quam
2265 3904 2456 3957 beatus
2491 3923 2630 3975 papa
2662 3923 2761 3958 suo
2811 3913 3063 3976 tempore
3107 3911 3359 3964 funditus
3389 3913 3457 3965 ab

1866 3993 2308 4046 eademEcclesia
2331 3995 2821 4063 exstirpavit.Nain
2845 3995 2898 4047 in
2919 3995 3460 4067 beatiapostolorum

1871 4081 2136 4152 principis
2189 4081 2418 4133 ecclesia
2449 4089 2608 4134 erant
2653 4084 2939 4151 sexaginta
2997 4094 3052 4138 et
3101 4104 3164 4137 eo
3215 4089 3458 4157 amplius

1870 4170 2232 4222 mansitmarii
2265 4169 2387 4222 laici
2420 4170 2702 4238 conjugati
2729 4178 2783 4222 et
2812 4172 3060 4241 plerique
3081 4176 3456 4243 concubinati,

1870 4259 1964 4328 qui
1994 4258 2227 4310 eandem
2261 4258 2546 4310 ecclesiam
2581 4275 2679 4328 per
2706 4258 2848 4312 vices
2877 4277 3009 4313 suas
3050 4261 3139 4314 die
3179 4270 3459 4335 noctuque

191 4353 543 4408 tractaretur,
569 4347 827 4417 praefatus
860 4347 1165 4400 Guibertus
1185 4347 1586 4404 Cremonenses
1619 4352 1783 4406 mira-
1809 4345 2255 4437 “custodiebant
2297 4363 2532 4416 quorum
2541 4353 2833 4435 ’potestate
2870 4349 3076 4408 omnia,
3111 4359 3312 4419 praeter
3339 4371 3460 4407 ma-

189 4433 374 4489 biliter
405 4437 893 4505 intamavntquem
927 4452 1026 4504 per
1059 4435 1341 4487 Dodonem
1372 4440 1781 4508 egregizeindo-

187 4524 248 4577 lis
285 4527 550 4594 juvenem
576 4525 828 4594 ejusdem
854 4526 1140 4578 Cremonae
1155 4521 1325 4576 Civem
1349 4525 1558 4595 liquido
1584 4530 1785 4584 claruit

183 4629 301 4667 esse
325 4615 803 4680 nien‘titumNam
837 4614 884 4665 is
907 4613 963 4665 in
1002 4611 1184 4664 media
1210 4614 1423 4682 synodo
1457 4623 1513 4668 et
1544 4617 1781 4670 Cremo-

181 4719 386 4755 nenses
418 4701 656 4756 absolvit
690 4703 759 4754 ab
808 4702 1060 4762 infamia,
1097 4705 1153 4752 et
1181 4700 1359 4770 ipsum
1395 4705 1608 4758 notavit
1637 4705 1782 4760 infas

179 4789 306 4842 mia.
345 4791 495 4854 Quid
531 4785 737 4861 plura?
766 4791 853 4842 liis
883 4799 940 4843 et
987 4791 1111 4849 aliis
1155 4792 1392 4860 negotiis
1425 4778 1634 4845 sedatis
1677 4795 1784 4846 Ro-

174 4877 370 4932 bertus
387 4898 513 4932 cum
539 4880 945 4933 Northmannis
967 4884 1481 4934 excommunicatur
1502 4881 1558 4933 in
1590 4882 1782 4935 eodem

172 4970 412 5037 synodo.
449 4969 554 5021 Cui
588 4969 802 5038 synodo
835 4968 1093 5042 interfuit
1123 4969 1590 5023 excellentissima
1618 4971 1786 5023 comi-

171 5043 304 5109 tissa
339 5058 416 5110 Μ.
459 5056 793 5126 [Mathildis]
825 5042 876 5108 et
901 5059 1012 5110 Azo
1043 5058 1308 5122 marchio,
1329 5063 1385 5110 et
1413 5057 1660 5111 Uisulfus
1693 5061 1787 5111 Sa-

173 5131 513 5199 lernetanus
545 5147 824 5215 princeps.
860 5147 1105 5200 Concilio
1136 5148 1309 5217 igitur
1362 5147 1466 5199 rite
1508 5147 1784 5200 celebrato

169 5252 293 5288 cum
330 5234 586 5304 episcopi
621 5235 691 5286 ad
718 5234 942 5303 propria
971 5227 1308 5301 rei‘neareut,
1339 5235 1642 5288 Guibertus
1656 5253 1782 5290 cum

171 5325 443 5392 pontifice
481 5323 672 5375 Romae
707 5323 996 5376 reinansit.

244 5413 528 5481 Ilicpapze
554 5411 918 5480 promittebat
935 5430 992 5465 se
1015 5419 1207 5466 contra
1229 5413 1646 5466 Northmannos
1671 5429 1784 5466 ma-

169 5498 343 5570 gnam
371 5501 788 5570 expeditionem
810 5502 1086 5554 facturum
1113 5510 1167 5555 et
1189 5511 1387 5555 contra
1406 5503 1612 5555 Balneo
1636 5502 1782 5571 regis

171 5589 405 5644 comitis
427 5607 486 5642 se
517 5595 644 5659 post
671 5591 874 5660 pascha
894 5597 1023 5644 cum
1053 5581 1246 5645 eodem
1281 5596 1428 5662 papa
1457 5597 1641 5644 castra
1669 5581 1784 5644 me-

1861 4436 1973 4504 jus,
1999 4443 2160 4488 erant
2188 4435 2405 4495 altaria,
2441 4453 2562 4505 quae
2593 4436 2938 4490 orationibus
2967 4438 3215 4508 quotidie
3245 4441 3460 4496 vende-

1871 4525 2022 4579 bant.
2067 4525 2133 4577 l-li
2163 4541 2355 4578 omnes
2422 4523 2592 4576 barba
2632 4525 2802 4577 rasati
2863 4531 2920 4578 et
2973 4526 3168 4581 mitras
3201 4529 3254 4582 in
3278 4533 3458 4602 capite

1867 4620 2176 4684 portantes,
2204 4613 2519 4666 sacerdotes
2539 4626 2594 4666 et
2624 4613 2935 4667 cardinales
2951 4633 3008 4668 se
3033 4633 3152 4690 esse
3177 4617 3455 4688 dicebant,

1867 4702 2052 4770 siCque
2084 4708 2332 4755 oratores
2363 4703 2715 4776 decipiebant
2747 4710 2802 4756 et
2831 4704 3109 4774 praecipue
3143 4707 3461 4778 Longobar—

1869 4792 2065 4844 dorum
2117 4790 2378 4844 rusticam
2417 4791 2851 4853 multitudinem,
2905 4793 3131 4866 quieos
3170 4797 3460 4854 credentes

1870 4880 2204 4943 sacerdotes,
2261 4897 2320 4932 se
2371 4896 2562 4932 eorum
2591 4880 3060 4936 commendabant
3089 4885 3455 4942 orationibus.

1871 4969 1940 5021 Ili
1975 4969 2326 5037 intempesta:
2358 4969 2534 5021 noctis
2581 4969 2810 5022 silentio
2854 4973 3122 5026 custodia}
3170 4961 3460 5031 occasione.

1869 5058 2023 5111 varia
2071 5057 2362 5110 latrocinia
2392 5065 2449 5110 et
2483 5058 2668 5127 turpia
2705 5065 2902 5128 stupra
2931 5061 3278 5116 exercebant.
3313 5065 3462 5127 Quos

1868 5146 2066 5200 beatus
2097 5163 2236 5216 papa
2260 5163 2383 5198 cum
2410 5163 2612 5214 magna
2627 5145 2956 5201 difﬁcultate
2975 5150 3045 5201 ab
3068 5152 3298 5204 ecclesia
3322 5169 3460 5220 apo-

1869 5237 2136 5289 stolorum
2171 5235 2434 5304 principis
2464 5236 2696 5305 eXpullt,
2731 5243 2788 5288 et
2818 5254 2938 5289 eam
2973 5237 3244 5306 religiosis
3282 5231 3461 5294 sacer-

1866 5324 2088 5378 dotibus
2119 5324 2396 5377 commisit
2422 5324 2843 5377 custodiendam
2895 5325 3005 5376 Hos
3029 5325 3177 5402 tales.
3195 5329 3459 5396 praefatus

1867 5413 2169 5467 Guibertus
2201 5413 2304 5465 sibi
2333 5411 2462 5465 fecit
2489 5405 2732 5475 amicos,
2752 5413 3082 5466 venerabilis
3113 5406 3299 5469 autem
3327 5418 3462 5488 Gre-

1863 5519 2055 5571 gorius
2101 5500 2391 5554 ecclesiam
2425 5501 2478 5553 S.
2517 5499 2666 5554 Petri
2710 5499 2878 5568 jussit
2930 5502 3245 5556 oratoribus
3274 5505 3459 5562 claudi

1865 5582 2043 5660 usque
2058 5579 2132 5642 a‘d’
2145 5595 2369 5659 tempus
2386 5587 2880 5659 matu‘tinalemam-
2893 5593 3022 5642 ante
3042 5578 3460 5662 pervigiliarum
