3872 6168
439 252 549 309 839
1444 240 1831 301 BONIZONIS
1865 240 2302 301 PLACENTINI
2340 242 2689 303 EPISCOPI.
3560 257 3649 316 840

356 402 362 409 -
443 374 702 431 excubias
727 374 905 428 multa
931 371 1007 426 ibi
1038 370 1250 427 ﬁebant
1294 370 1598 427 homicidia
1643 375 1700 425 et
1741 370 1847 424 hac
1873 385 2027 423 occa-
2049 370 2376 435 Acentiam,
2411 372 2552 427 mihi
2572 389 2705 429 vero
2734 373 2972 430 suadere
3008 390 3121 431 non
3150 378 3346 449 poteris
3369 382 3541 436 contra
3562 383 3650 440 Ro-

443 466 601 521 sione
629 463 806 519 multa
828 464 981 516 furta
1036 468 1093 517 et
1137 462 1438 516 adulteria.
1485 461 1618 515 Erat
1665 464 1938 531 praeterea
1983 457 2040 510 in
2124 476 2352 514 manum
2386 478 2475 515 me
2498 463 2712 516 armari
2742 465 3083 535 pontilicem.
3116 466 3278 522 Nefas
3305 469 3436 523 enim
3461 476 3535 525 est
3558 490 3650 526 cre-

444 555 637 610 eadem
670 552 901 607 ecclesia
920 551 1029 606 alia
1055 549 1674 623 pessimaconsuetudo,
1699 564 1867 619 quam
1891 546 2040 601 idem
2123 548 2257 603 dere
2286 567 2388 621 per
2417 556 2544 605 tuas
2586 552 2911 607 inimicitias
2941 555 3025 609 vel
3056 555 3284 627 alicujus
3314 575 3458 629 posse
3484 578 3651 630 papam

440 642 773 699 venerabilis
811 659 955 714 papa
984 642 1240 696 funditus
1261 639 1593 711 cxstirpavit
2124 633 2348 705 deponi,
2391 636 2485 707 qui
2514 638 2784 693 electione
2808 640 2941 694 cleri
2967 648 3025 695 et
3048 642 3209 696 laude
3239 645 3411 715 populi
3435 646 3650 713 Romani,

516 732 779 798 Quotidie
796 739 1098 802 antequam
1122 731 1242 785 dies
1261 730 1690 793 illucesceret,et
1710 727 2041 798 plerumque
2125 739 2251 776 cum
2280 726 2547 779 cathedra
2572 728 2907 798 pontiﬁcalis
2939 737 3176 795 vacaret,
3209 731 3575 790 inthronizatus
3595 737 3652 790 ad

442 830 744 894 antequam
769 829 977 876 aurora
995 836 1219 874 cursum
1238 836 1404 873 suum
1435 802 2041 888 irieiperet,cardinales
2126 813 2305 867 altare
2335 814 2389 869 S.
2410 816 2560 869 Petri
2581 816 2650 869 ab
2675 818 2947 890 episcopis
2966 820 3333 875 cardinalibus
3351 832 3654 879 consecratus

445 913 693 967 avaritiae
724 916 940 983 quaestu
977 910 1179 964 missas
1209 925 1380 980 super
1407 908 1583 961 altare
1612 905 1877 977 principis
1904 920 2041 975 apo-
2126 910 2245 965 est;
2304 902 2494 975 sicque
2549 922 2677 959 cum
2725 923 2929 977 magno
2966 908 3235 964 dedecore
3279 912 3572 982 repudiatus
3595 914 3652 968 ad

450 1002 720 1058 stolorum
758 997 1346 1069 celebrabant,quibus
1366 1015 1430 1052 ex
1456 995 1791 1050 auctoritate
1818 992 2038 1048 B.Petri
2124 989 2454 1046 Guibertum
2487 1010 2601 1049 sum
2625 996 2892 1067 nequitia:
2923 997 3198 1052 fautorem
3228 1016 3285 1053 se
3311 1002 3540 1056 contulit.

440 1098 497 1147 et
522 1108 625 1147 sua
646 1088 904 1145 omnibus
920 1088 1225 1153 interdixit,
1242 1092 1306 1141 ut
1327 1103 1437 1141 non
1460 1085 1656 1139 liceret
1678 1083 1757 1137 eis
1778 1083 2039 1154 deinceps
2194 1081 2333 1134 Cum
2367 1082 2481 1137 haec
2500 1083 2578 1137 ita
2600 1092 2935 1155 gererentur
2961 1087 3395 1143 Mediolanenses
3421 1090 3654 1160 capitanei

440 1187 573 1236 ante
602 1181 799 1235 horam
822 1177 933 1231 diei
962 1177 1188 1231 tertiam
1220 1177 1290 1229 ad
1321 1177 1501 1229 altare
1532 1174 1592 1230 Β.
1626 1172 1776 1228 Petri
1807 1172 2036 1226 missam
2122 1173 2178 1221 et
2193 1186 2540 1227 varvassores
2562 1174 2931 1228 Ecclesiarum
2944 1176 3260 1231 venditores
3283 1179 3347 1231 ad
3369 1179 3656 1250 colloquium

441 1269 744 1334 celebrare;
765 1283 887 1338 quae
908 1282 997 1320 res
1021 1281 1283 1334 magnam
1305 1263 1410 1317 sibi
1431 1261 2031 1317 concitavitinvidiam.
2121 1256 2270 1328 regis
2320 1271 2637 1317 remeantes
2674 1263 2987 1317 Mediolano
3019 1281 3251 1336 magnas
3293 1266 3517 1323 excitant
3539 1269 3657 1323 sedi-

444 1357 585 1424 Quid
610 1356 812 1428 plura?
850 1355 1117 1427 praefatus
1142 1353 1444 1408 Guibcrtus
1469 1351 1638 1406 veluti
1669 1350 2037 1405 Catilinaom-
2118 1345 2318 1409 tiones,
2356 1349 2807 1404 machinamenta
2830 1352 3084 1421 qumdam
3116 1352 3401 1422 fingentes,
3425 1369 3537 1406 nam
3556 1353 3660 1407 sim-

441 1464 542 1502 nes
563 1447 865 1501 sceleratos
888 1461 1028 1515 quos
1059 1442 1261 1514 potuit,
1276 1442 1384 1496 sibi
1411 1442 1541 1495 fecit
1569 1440 1799 1494 amicos.
1821 1439 2035 1494 Dehinc
2120 1434 2288 1505 plices
2301 1453 2523 1507 quoque
2534 1438 2823 1493 seditionis
2841 1439 3066 1510 ignaros
3078 1440 3181 1494 hoc
3196 1441 3354 1495 modo
3371 1440 3657 1507 alliciebant,

442 1536 856 1609 propinquante
875 1532 1120 1604 paschali
1150 1531 1470 1591 festivitate,
1487 1530 1767 1583 licentiam
1785 1545 2037 1583 remean-
2117 1523 2368 1579 dicentes
2392 1543 2451 1579 se
2474 1527 2857 1598 integritatem
2884 1528 3031 1583 beati
3051 1529 3329 1584 Ambrosii
3348 1531 3475 1584 velle
3482 1532 3657 1601 jurare.

443 1625 497 1680 di
531 1627 855 1679 Ravennam
886 1640 917 1676 a
949 1619 1250 1675 venerabili
1272 1636 1416 1692 papa
1438 1619 1670 1690 petiitet
1692 1617 2032 1688 impetravit,
2117 1613 2163 1665 A
2196 1613 2309 1667 Deo
2341 1632 2469 1669 vero
2490 1622 2795 1686 protectus,
2819 1617 2887 1671 de
2918 1634 3027 1688 quo
3054 1634 3221 1689 supra
3255 1618 3662 1682 retulimus,Her-

440 1714 777 1786 promittens
808 1729 867 1766 se
900 1716 1028 1782 post
1063 1710 1271 1781 pascha
1311 1724 1483 1779 supra
1531 1707 1731 1761 balneo
1762 1706 1909 1777 regis
1947 1724 2033 1761 co-
2055 1700 2418 1786 nlimbaldus
2461 1704 2652 1760 videns
2702 1706 3156 1761 machinamenta
3202 1707 3402 1762 diaboli
3436 1708 3661 1779 paulatim

440 1764 771 1786 [—v-—--""~~
818 1764 859 1766 η
902 1764 920 1782 ι
1065 1764 1081 1781 ι
1382 1764 1396 1779 ι
1822 1764 1857 1777 υ
3436 1764 3453 1779 ⁸

436 1804 604 1858 mites
625 1801 931 1856 exercitum
963 1800 1282 1854 ducturum.
2055 1764 2100 1823 Β
2118 1807 2385 1857 crescere,
2411 1793 2689 1848 aestuabat
2726 1811 2910 1866 neque
2956 1795 3311 1866 potissimum
3342 1796 3466 1867 quid
3493 1797 3663 1851 faceret

509 1894 730 1948 Interea
750 1889 1082 1945 venerabilis
1097 1886 1403 1958 Gregorius
1414 1886 1822 1958 expeditionem
1843 1892 2038 1940 contra

2133 1879 2270 1934 iliud
2299 1880 2750 1949 inveniebat,nisi
2777 1890 2841 1938 ut
2862 1900 2921 1938 se
2938 1891 2995 1938 et
3015 1882 3120 1938 Dei
3142 1885 3404 1957 populum
3433 1886 3662 1940 volentem

443 1982 866 2037 Northmannos
893 1977 1269 2051 praeparabat,
1293 1976 1632 2047 veniensque
1660 1975 1878 2029 obviam
1908 1975 2037 2030 duci
2117 1986 2217 2040 pro
2245 1970 2467 2040 justitia
2502 1972 2770 2027 dimicare
2804 1974 2955 2027 velut
2981 1974 3322 2029 fortissimus
3344 1975 3503 2029 Judas
3521 1975 3663 2028 armis

441 2069 683 2124 Beatrici
714 2084 894 2138 usque
933 2066 1003 2120 ad
1052 2073 1297 2120 castrum
1344 2065 1401 2119 S.
1450 2063 1683 2118 Fabiani
1713 2081 1836 2118 eam
1865 2064 2037 2118 simul
2117 2058 2525 2125 defensaret(ll
2551 2061 2992 2131 Mach.xm.14).
3018 2062 3163 2126 Quid
3195 2061 3665 2134 plura?Crescebat

444 2176 572 2215 cum
599 2158 715 2213 filia
743 2157 813 2211 ad
845 2155 1254 2228 eXpeditionem
1284 2152 1578 2219 invitabat,
1611 2170 1751 2224 quas
1788 2154 2036 2208 volentes
2118 2148 2367 2217 quotidie
2391 2166 2661 2204 numerus
2688 2150 3017 2217 inﬁdelium,
3052 2157 3110 2206 et
3137 2152 3208 2206 de
3229 2152 3317 2206 die
3344 2151 3399 2206 in
3430 2152 3563 2205 diem
3584 2168 3663 2211 nll-

436 2247 534 2320 pia
581 2252 769 2300 mente
801 2262 956 2317 papae
999 2243 1226 2298 obedire
1268 2247 1544 2314 prazcepto
1582 2241 2037 2320 Longobardicus
2117 2252 2305 2289 merus
2323 2236 3320 2293 minuebaturPaterinorum.Eodem
3338 2245 3666 2310 quoquctem-

441 2351 828 2391 varvassorum
878 2333 1160 2387 tumultus
1206 2331 1514 2402 impedivit.
1574 2330 1717 2385 Nam
1763 2315 2035 2385 seditione
2117 2340 2250 2394 pore
2279 2320 2710 2403 Mediolanensis
2738 2326 2934 2381 civitas
2964 2332 3083 2381 tota
3112 2328 3369 2383 incendio
3392 2345 3666 2382 concrema-

438 2425 626 2481 subita
657 2431 849 2479 exorta
892 2421 1301 2493 expeditionem
1334 2419 1691 2491 dissipavere.
1726 2419 1915 2491 sicque
1943 2420 2033 2474 in-
2114 2418 2227 2478 tura
2264 2414 2323 2468 in
2363 2430 2475 2486 qua
2514 2415 2704 2469 millia:
2735 2414 3021 2470 mirabiles
3054 2416 3300 2471 ecclesia!
3341 2423 3396 2471 et
3429 2417 3664 2489 primipilo

439 2514 585 2569 fecto
616 2512 841 2583 negotio
881 2527 1027 2582 papa
1055 2509 1288 2563 Romam
1316 2508 1587 2562 remeavit
1619 2526 1631 2561 :
1658 2509 1880 2563 Beatrix
1902 2526 2031 2563 vero
2114 2508 2296 2556 mater
2326 2504 2560 2558 ecclesia
2586 2505 2705 2558 solo
2751 2510 2915 2559 tenus
2946 2505 3296 2573 u’lestruitur;
3325 2522 3441 2578 quae
3477 2524 3555 2560 res
3577 2505 3661 2559 ini-

438 2620 567 2659 cum
596 2602 714 2656 fllia
752 2601 822 2655 ad
855 2599 1080 2671 propria
1108 2598 1342 2652 rediere.
1384 2598 1509 2652 Non
1539 2598 1706 2668 longo
1737 2602 1863 2669 post
1886 2603 2029 2652 tem-
2115 2589 2260 2643 mico
2284 2590 2517 2645 humani
2549 2592 2773 2661 generis
2799 2592 2871 2646 ad
2913 2592 3316 2647 decertandum
3356 2592 3572 2647 contulit
3590 2608 3663 2645 ar-

435 2708 571 2762 ροιαθ
615 2707 758 2763 papa
808 2689 1079 2758 languore
1124 2687 1372 2758 corporis
1418 2687 1477 2740 iu
1526 2685 1793 2740 suburbio
1841 2688 2032 2742 Roma)
2115 2694 2208 2731 ma
2241 2697 2252 2732 :
2286 2695 2415 2733 nam
2441 2697 2637 2734 omnes
2664 2680 2778 2735 sive
2816 2681 2980 2735 amici
3011 2680 3126 2753 sive
3159 2682 3374 2737 inimici
3397 2682 3543 2754 quasi
3569 2697 3662 2736 una

433 2778 620 2835 subito
648 2777 966 2849 corripitur.
986 2776 1222 2831 Censius
1241 2775 1464 2842 vero,de
1494 2793 1603 2847 quo
1622 2792 1793 2847 supra
1812 2793 2026 2831 memo-
2108 2784 2238 2821 V008
2266 2768 2586 2823 clamabant
2612 2770 2716 2827 huc
2736 2787 2859 2825 esse
2880 2776 3171 2841 peccatum
3200 2771 3586 2827 Paterinorum.

431 2869 699 2933 ravimus,
723 2866 1094 2922 credenseum
1109 2866 1229 2936 jam
1253 2864 1420 2919 morti
1441 2864 2023 2931 destinatum,odium,
2178 2856 2313 2910 Post
2342 2857 2554 2912 Pascha
2584 2875 2712 2913 vero
2749 2859 3052 2930 derepente
3081 2866 3419 2933 congregato
3451 2859 3665 2914 exemita

434 2957 581 3030 quod
612 2962 799 3011 mente
827 2964 1176 3026 conceperat,
1211 2953 1395 3008 subito
1427 2953 1692 3008 evomuit.
1725 2954 1869 3008 Nam
1901 2955 2030 3010 ﬁdei
2113 2950 2171 2999 et
2198 2947 2561 3002 multitudine
2612 2949 3040 3019 conjunctorum
3089 2950 3526 3004 Herlimbaldum
3552 2947 3668 3003 nihil

431 3047 762 3102 commissor
782 3045 892 3099 illis
920 3043 1119 3099 diebus
1147 3043 1332 3097 fuerat
1353 3042 1640 3113 cujusdam
1674 3043 1862 3098 Cencii
1890 3045 2033 3099 scili-
2113 3035 2248 3089 mali
2273 3036 2653 3107 suspicantem
2704 3038 2997 3108 invadunt,
3027 3055 3274 3111 eumque
3303 3038 3502 3093 bellare
3523 3045 3672 3108 temp-

433 3142 524 3191 cet
566 3134 804 3190 Gerardi
859 3132 1081 3188 comitis
1130 3132 1252 3199 filii,
1285 3132 1381 3203 qui
1428 3131 1606 3185 beatis
1644 3119 2090 3202 apostolorumC
2112 3131 2326 3180 tantem
2358 3126 2418 3182 in
2448 3127 2634 3182 media
2673 3129 2861 3199 platea
2888 3129 3258 3197 interficiunt,
3293 3130 3529 3200 aliosque
3556 3143 3665 3199 per-

429 3207 779 3299 principibus
804 3228 1018 3278 curtem
1035 3238 1206 3277 unum
1232 3225 1570 3275 testamento
1593 3221 1893 3291 legaverat;
1914 3223 2029 3279 Deo
2111 3220 2428 3287 sequuntur
2471 3221 2527 3270 et
2563 3216 2977 3288 depl‘acdantur.
3035 3234 3282 3291 eumque
3337 3216 3667 3290 ignominiose

432 3332 562 3370 vero
591 3313 813 3368 odibilis
851 3312 946 3367 ille
972 3311 1204 3365 credens
1235 3326 1438 3381 papam
1461 3310 1579 3379 jam
1613 3316 1897 3365 mortuum
1943 3313 2029 3367 vel
2110 3304 2385 3359 ﬁndatum
2415 3304 2573 3360 obliti
2592 3306 2815 3376 generis
2840 3308 2961 3378 ejus
2981 3312 3038 3361 et
3058 3307 3353 3379 dignitatis
3380 3302 3449 3363 ad
3468 3304 3673 3378 ignomi-

424 3405 544 3474 jam
571 3402 739 3457 morti
771 3400 1083 3473 proximum
1114 3398 1394 3469 sacrilegii
1421 3398 1590 3453 simul
1610 3404 1667 3452 et
1686 3400 1896 3470 perjuri
1925 3402 2028 3455 eri-
2109 3392 2265 3447 niam
2296 3393 2468 3448 totius
2497 3394 2936 3450 Christianitatis
2981 3413 3083 3467 per
3108 3404 3294 3452 totum
3336 3397 3478 3452 diem
3519 3394 3670 3451 relin-

431 3508 561 3546 men
596 3491 888 3545 incurrens
916 3493 1315 3543 testamentum
1346 3487 1661 3551 falsaverat,
1696 3502 2027 3561 cunemque
2110 3488 2292 3551 quunt
2348 3482 2728 3538 inhumatum.
2777 3486 2953 3539 Nocte
3000 3503 3130 3541 vero
3170 3504 3207 3541 a
3256 3486 3521 3557 religiosis
3554 3484 3665 3538 viris

430 3580 549 3635 suis
592 3577 891 3651 applicavit
919 3577 1133 3644 usibus,
1159 3575 1413 3630 ducentis
1436 3575 1593 3629 libris
1630 3576 1777 3631 datis
1805 3584 2025 3635 tantum
2107 3571 2256 3641 apud
2290 3572 2342 3627 S.
2383 3573 2713 3645 Dionysium
2774 3591 2899 3628 cum
2945 3575 3158 3630 honore
3205 3577 3455 3647 sepultus
3482 3580 3576 3630 cst.
3602 3571 3671 3627 Ad

428 3669 808 3741 apostolorum
825 3664 1415 3738 principibuslnterea
1430 3664 1848 3720 convalescente
1860 3684 2023 3739 papa,
2109 3661 2270 3731 cujus
2296 3663 2614 3734 sepulcrum
2644 3662 2848 3734 magna
2870 3663 3150 3719 mirabilia
3182 3681 3360 3736 usque
3389 3664 3541 3719 hodie
3566 3679 3675 3733 ope-

427 3773 597 3828 super
625 3757 730 3810 hoc
758 3755 927 3826 cmpit
970 3752 1242 3823 exagitari
1276 3752 1583 3823 negotium.
1632 3754 1776 3818 Quid
1823 3756 2027 3827 plura?
2109 3758 2269 3804 ratur
2288 3752 2457 3806 Deus.
2483 3752 2750 3823 Sequenti
2763 3769 2891 3807 vero
2912 3754 3002 3807 die
3029 3754 3336 3824 quemdam
3362 3753 3670 3808 sacerdotem

425 3843 675 3899 Pessime
703 3842 884 3914 egisse
909 3841 1275 3905 convincitur,
1299 3840 1555 3913 datisque
1592 3840 1877 3898 obsidibus
1897 3862 2026 3899 cur-
2109 3841 2334 3894 nomine
2350 3842 2689 3912 Liprandum
2708 3843 2938 3897 auribus
2955 3839 3669 3909 mutiluvcruntctnasotwl;

425 3941 539 3990 tem
562 3933 869 3989 secundum
884 3930 1132 3985 defuncti
1148 3930 1487 3985 voluntatem
1502 3932 1883 4002 apostolorum
1904 3935 2027 3989 red-
2110 3928 2427 4000 quicunque
2459 3946 2588 3984 vero
2625 3930 2998 4001 conjurationi
3026 3948 3138 3985 non
3163 3936 3572 3997 consenserunt,
3588 3934 3671 3982 aut

426 4023 572 4078 didit
596 4021 973 4094 principibus;
1004 4020 1101 4073 sed
1135 4020 1254 4089 ejus
1285 4019 1440 4073 furor
1468 4036 1579 4074 non
1611 4021 1838 4091 quievit.
1877 4024 2021 4079 Nam
2107 4018 2520 4086 occidebantur,
2547 4025 2644 4074 aut
2669 4020 3028 4075 facultatibus
3056 4021 3441 4077 nudabantur.
3462 4034 3669 4091 quorum

423 4113 673 4185 ejusdem
706 4109 956 4183 pestiferi
993 4108 1225 4162 consilio
1269 4109 1432 4178 Hugo
1479 4109 1770 4176 candidus,
1799 4111 1868 4166 de
1911 4130 2021 4184 quo
2105 4107 2268 4162 multi
2315 4110 2648 4164 Cremonam
2703 4108 3007 4174 venientes,
3064 4108 3609 4165 honoriﬁcentissime
3643 4119 3671 4156 a

422 4219 597 4274 supra
627 4200 1079 4263 memoravimus,
1100 4197 1343 4252 secundo
1364 4198 1430 4250 ad
1459 4199 1798 4268 apostasiam
1828 4218 2021 4256 versus
2104 4196 2374 4253 fratribus
2402 4205 2537 4252 sunt
2566 4197 2809 4269 suscepti
2834 4217 2846 4265 ;
2899 4204 2963 4252 ut
2996 4205 3192 4254 autem
3235 4200 3488 4255 auditum
3516 4202 3593 4252 est
3614 4194 3670 4247 de

422 4290 637 4346 est.Hic
656 4288 917 4361 Apuliam
940 4286 1177 4341 tendens
1197 4284 1500 4340 Robertum
1525 4292 1581 4339 et
1602 4287 2021 4344 Northmannos
2105 4292 2283 4341 morte
2316 4286 2679 4342 Hcrlimbaldi
2708 4303 2821 4341 non
2844 4287 3022 4341 solum
3053 4288 3268 4355 Romae,
3297 4288 3395 4343 sed
3425 4302 3587 4357 usque
3611 4282 3671 4336 ad

421 4380 635 4434 dudum
679 4395 713 4432 a
764 4393 909 4448 papa
963 4374 1469 4430 excommunicatos
1514 4382 1711 4430 contra
1764 4382 2013 4432 sanctam
2036 4392 2085 4452 D
2109 4374 2493 4430 Britannicum
2526 4392 2681 4431 mare
2697 4392 2892 4430 omnes
2921 4375 3182 4431 catholici
3213 4383 3348 4432 sunt
3364 4371 3667 4435 contristati,

421 4469 733 4523 Romanam
780 4465 1083 4519 Ecclesiam
1134 4462 1471 4517 mirabiliter
1522 4464 1783 4519 excitavit
1828 4484 1839 4519 :
1892 4482 2022 4521 nam
2106 4466 2417 4537 flentesque
2454 4464 2758 4520 dicebant:
2801 4465 3092 4529 Quomodo
3124 4466 3327 4521 cecidit
3355 4474 3563 4536 potens,
3590 4458 3670 4532 qui

421 4555 643 4611 dicebat
669 4571 765 4608 eos
804 4553 944 4607 falso
992 4551 1502 4606 excommunicatos
1541 4559 1599 4606 et
1645 4570 1871 4625 papam,
1908 4572 2019 4610 non
2103 4554 2393 4625 pugnabat
2419 4552 2625 4608 bellum
2656 4552 2879 4607 Domini
2911 4555 2956 4614 ιΙ
2984 4555 3162 4608 Maeli.
3196 4571 3270 4620 1x,
3304 4553 3413 4619 21).

419 4644 729 4700 secundum
777 4641 1003 4696 decreta
1049 4647 1370 4695 sanctorum
1415 4640 1644 4695 Patrum
1676 4643 2018 4713 pontiﬁcem,
2176 4644 2398 4698 Interea
2435 4642 2738 4714 Gregorius
2765 4659 2913 4714 papa
2939 4643 3415 4714 quadragesimali
3445 4648 3670 4712 tempore

422 4734 520 4788 sed
551 4737 758 4787 sanctae
786 4730 1053 4785 Romana:
1082 4729 1340 4783 Ecclesiae
1377 4728 1717 4793 invasorem,
1750 4733 2020 4802 adjiciens
2102 4733 2379 4804 synodum
2393 4732 2832 4803 congregavit,in
2854 4748 2964 4803 quo
2987 4732 3298 4787 Guibertus
3315 4737 3535 4786 vocatus
3555 4730 3669 4782 dum

420 4839 479 4878 se
506 4838 633 4877 cum
679 4820 796 4875 suis
831 4816 1146 4872 fautoribus
1176 4817 1422 4871 Roberto
1452 4835 1714 4874 coronam
1750 4820 2019 4893 imperia.
2100 4821 2288 4877 venire
2319 4822 2591 4877 noluisset
2635 4820 2705 4875 ob
2755 4820 2990 4892 perjurii
3038 4821 3253 4876 crimen
3284 4820 3356 4876 ab
3398 4813 3671 4892 episcopali

420 4913 533 4967 lem
563 4907 902 4975 daturum,si
927 4923 1056 4961 eum
1090 4906 1317 4961 militari
1349 4924 1519 4962 manu
1552 4908 1620 4962 ab
1641 4910 1873 4965 ecclesia
1903 4912 2017 4984 pel-
2094 4910 2278 4973 officio
2306 4929 2612 4984 suspensus
2641 4915 2743 4966 est.
2780 4911 2849 4965 Et
2878 4911 3043 4980 Hugo
3071 4910 3346 4965 candidus
3390 4906 3669 4964 secundum

418 5002 579 5057 leret.
2094 5000 2346 5072 Apostoli
2377 5006 2714 5072 praeceptum
2740 4999 2978 5053 dicentis
3006 5018 3017 5052 :
3053 5017 3078 5051 α
3123 4998 3459 5054 Haeretieum
3509 4992 3671 5049 homi-

487 5090 649 5156 Quod.
680 5105 807 5144 cum
852 5085 1101 5159 quotidie
1142 5085 1328 5158 palam
1375 5092 1432 5142 et
1476 5087 1728 5144 clanculo
1768 5089 1825 5144 in
1855 5095 2013 5147 curte
2095 5106 2222 5144 nem
2251 5096 2378 5162 post
2399 5090 2637 5162 primam
2658 5094 2716 5144 et
2744 5089 3046 5143 secundam
3069 5088 3481 5159 correptionem
3505 5082 3671 5138 devita

412 5179 631 5254 praefati
653 5177 812 5234 ducis
834 5175 1329 5240 mussitaret,hanc
1352 5193 1387 5229 a
1410 5176 1846 5247 prudentissimo
1873 5179 2012 5235 duce
2091 5179 2229 5250 (Tit.
2259 5193 2344 5247 m,
2369 5178 2517 5247 10),)
2539 5179 2609 5233 ab
2623 5178 2870 5232 Ecclesia
2893 5185 3160 5250 perpetuo
3180 5180 3563 5248 sequestratus
3577 5176 3667 5225 est.

415 5267 633 5341 accepit
651 5266 1094 5338 responsionem,
1125 5264 1258 5335 quia
1272 5263 1370 5318 tibi
1390 5281 1616 5320 necesse
1631 5271 1740 5334 est,
1762 5267 1807 5320 si
1828 5268 2013 5340 placet
2093 5267 2260 5323 Forte
2307 5268 2396 5323 his
2437 5267 2633 5322 diebus
2663 5266 3031 5322 Deo‘odibilis
3061 5265 3156 5320 ille
3183 5264 3444 5329 Oeneius,
3477 5261 3542 5315 de
3571 5273 3668 5329 quo

411 5359 471 5414 in
493 5375 632 5414 auro
667 5356 750 5411 vel
777 5360 1010 5426 argento
1032 5352 1118 5408 vel
1139 5352 1197 5406 in
1231 5353 1422 5424 aliqua
1444 5351 1557 5408 alia
1575 5354 1816 5425 pecunia
1836 5358 1920 5412 vel
1952 5357 2011 5413 in
2093 5373 2263 5428 supra
2294 5356 2613 5422 retulimus,
2666 5374 2700 5411 a
2744 5356 3005 5428 prazfecto
3038 5355 3191 5409 urbis
3247 5353 3439 5408 Romae
3493 5355 3671 5419 captas

414 5445 1046 5519 equorumetmulorum
1062 5441 1434 5512 adjumentoa
1453 5460 1541 5497 me
1555 5444 1775 5515 suscipe
1791 5446 2014 5501 muniti-
2094 5446 2511 5517 tenebatur,qui
2539 5445 2847 5501 secundum
2883 5444 3162 5499 Romanas
3206 5442 3365 5513 leges
3395 5437 3669 5511 capitalem

483 5561 595 5633 μθ)
619 5560 827 5618 Eodem
850 5559 1047 5616 mortis
1071 5574 1281 5631 genere
1309 5574 1419 5630 quo
1448 5559 1864 5621 Herlimbaldus
1884 5562 2102 5624 interiit
2131 5561 2303 5624 etiam
2332 5563 2524 5639 paucis
2552 5563 2717 5622 annis
2742 5567 2866 5637 post
2900 5566 3096 5619 auctor
3116 5562 3328 5616 noster.
