3912 6166
195 260 280 318 841

1294 257 1510 315 LIBER
1546 258 1643 313 AD
1680 255 1994 316 AMICUM.
2040 256 2184 317 LIB.
2233 259 2354 316 VII.

3348 276 3456 339 842

195 388 431 458 suscepit
455 386 793 442 sententiam
815 405 827 452 ;
850 387 948 440 sed
965 385 1223 457 precibus
1233 386 1488 457 gloriosae
1507 386 1780 447 Matildis,
1800 385 1851 444 A
1868 387 2423 458 capiunt,ipsumque
2443 389 2740 447 scelestum
2754 392 3185 470 interfecissent,
3203 403 3309 460 nisi
3325 423 3456 464 eum

195 493 305 547 qua:
329 476 409 529 ibi
429 477 629 530 aderat
647 475 757 530 illis
775 475 970 530 diebus
987 481 1042 529 et
1065 476 1368 530 multorum
1396 477 1781 530 Romanorum

196 565 386 619 civium
435 565 522 618 vix
573 565 830 632 emeruit,
881 570 946 619 ut
997 565 1154 618 vivus
1202 565 1600 631 dimitteretur,
1633 565 1780 618 datis

197 652 474 708 obsidibus
523 654 583 707 in
629 669 802 707 manu
844 670 1003 724 papae
1051 658 1109 707 et
1148 653 1314 716 turri,
1354 671 1454 724 per
1502 669 1668 724 quam
1709 652 1780 706 ad

195 741 380 796 caelum
404 742 710 796 ascendere
730 741 1034 810 nitebatur,
1053 758 1174 813 qua:
1215 742 1467 797 funditus
1495 741 1777 796 destructa

199 836 288 889 est.

254 921 482 975 Interea
531 919 835 975 Guibertus
887 921 1164 976 Ravennae
1228 924 1426 974 contra
1489 919 1780 974 dominum

203 1025 350 1062 suum
377 1024 586 1080 papam
615 1009 853 1062 callidus
891 1008 1237 1073 armabatur,
1267 1024 1401 1062 nam
1431 1024 1547 1062 suis
1578 1006 1780 1060 litteris

203 1097 528 1151 conveniens
585 1097 893 1151 cervicosos
947 1096 1346 1167 Longobardos
1396 1096 1685 1167 episcopos
1729 1099 1788 1149 et

205 1186 468 1257 praecipue
498 1186 794 1240 Tetaldum
810 1187 1284 1242 Mediolanensem
1305 1185 1784 1256 archiepiscopum

201 1274 524 1329 mirabiliter
549 1281 747 1329 contra
791 1292 991 1346 papam
1024 1275 1348 1346 instigabat.
1381 1274 1489 1330 Sed
1521 1273 1786 1345 quoniam

203 1364 350 1418 istius
376 1364 598 1418 Tetaldi
629 1364 838 1418 mentio
867 1364 1016 1418 facta
1057 1369 1162 1433 est,
1200 1364 1444 1436 qualiter
1471 1363 1541 1417 ad
1571 1362 1780 1418 Medio-

206 1453 481 1508 lanensem
511 1453 727 1507 venerit
755 1453 1160 1524 episcopatum,
1202 1453 1464 1520 breviter,
1489 1453 1537 1506 si
1567 1457 1784 1524 potero,

209 1541 490 1597 intimabo.

268 1632 521 1686 Glorioso
538 1630 868 1688 Erlinbaldo
890 1649 990 1704 pro
1008 1632 1235 1687 nomine
1251 1633 1280 1687 J
1285 1649 1383 1687 esu
1401 1631 1782 1702 martyrizato,

1864 473 2222 530 beatissimus
2242 477 2699 546 Gregorius,boni
2725 482 2985 554 Magistri
3001 487 3137 543 disci
3143 493 3434 566 pulus,pre

1863 561 2018 617 cibus
2038 569 2095 618 et
2115 565 2620 636 supplicationibus
2644 586 2677 623 a
2697 578 2876 626 morte
2904 561 3216 634 liberasset.
3245 561 3456 640 Dehinc

1864 668 1992 706 cum
2014 653 2308 707 Lateranis
2329 671 2475 725 papa
2496 667 2820 726 remeasset,
2840 667 3098 733 sequenti
3113 667 3203 722 die
3217 670 3455 728 Romani

1864 745 2147 794 auctorem
2170 743 2314 795 tanti
2344 743 2543 813 ﬂagitii
2576 762 2702 800 cum
2744 750 3003 806 omnibus
3027 755 3144 810 suis
3169 761 3456 830 complici-

1862 827 1966 882 bus
1985 845 2020 882 a
2038 829 2260 885 civitate
2281 833 2584 903 expellunt,
2630 841 2925 910 turresque
2947 858 3142 898 eorum
3171 827 3456 906 solotenus

1862 917 2178 973 destruunt.

1939 1008 2080 1097 Cum
2115 1008 2234 1097 haec
2263 1009 2342 1064 ita
2367 1019 2719 1082 gererentur,
2746 1017 2990 1074 Saxones
3022 1022 3453 1097 rebellaverunt,

1868 1096 2027 1165 cujus
2057 1096 2375 1152 rebellionis
2407 1116 2634 1156 causam
2659 1112 2889 1176 prepter
2915 1111 3293 1178 prolixitatem
3323 1096 3457 1173 seri?

1867 1182 2001 1238 bere
2021 1185 2412 1253 devitavimus,
2435 1206 2608 1245 unum
2632 1193 3041 1268 scientes,quia
3049 1208 3278 1273 propter
3288 1223 3458 1277 grave

1869 1278 1927 1328 et
1942 1273 2230 1329 insolitum
2261 1293 2402 1331 onus
2423 1280 2726 1348 servitutis,
2751 1285 2896 1353 quod
2927 1287 3007 1340 eis
3027 1290 3254 1358 quidam
3283 1273 3461 1367 impo-

1869 1379 2002 1416 nere
2024 1364 2449 1434 satagebant,ad
2471 1373 2584 1422 tam
2604 1387 2803 1440 graves
2823 1372 3096 1432 devenere
3116 1364 3457 1454 inimicitias;

1869 1451 1966 1506 sed
1999 1453 2118 1521 jam
2143 1453 2226 1506 rei
2257 1453 2510 1510 ordinem
2554 1474 2858 1529 sequamur
2890 1482 2901 1516 :
2939 1466 3251 1525 Saxonibus
3277 1451 3461 1528 rebel;

1867 1540 2115 1596 lantibus
2144 1542 2375 1599 intravit
2401 1562 2498 1600 rex
2529 1547 2826 1604 Saxoniam
2870 1553 2928 1606 in
2979 1572 3150 1611 manu
3195 1561 3377 1616 valida
3405 1571 3462 1619 et

1869 1629 2231 1686 multitudine
2270 1633 2445 1700 gravi,
2477 1634 2690 1690 habens
2727 1655 2914 1694 secum
2948 1643 3213 1700 eximium
3259 1648 3459 1706 ducem

210 1737 320 1775 cum
340 1738 494 1775 mors
515 1722 638 1791 ejus
656 1721 775 1791 regi
801 1697 1000 1776 fuisset
1021 1721 1301 1785 nuntiata,
1325 1697 1788 1790 memorpromis-
1804 1697 1851 1758 B
1870 1718 2193 1786 Rodulfum,
2213 1697 2815 1782 et‘ducemGuelfonem
2831 1735 2888 1783 et
2908 1697 3234 1801 przeclanuni

210 1811 366 1864 sionis
387 1827 526 1881 suze,
542 1827 712 1882 quam
735 1814 902 1896 antea
924 1809 1438 1865 Mediolanensibus
1451 1808 1789 1880 promiserat
1871 1807 2220 1862 Gotefridum
2234 1810 2878 1872 nobilissimaeMathildis
2889 1822 3012 1890 conj
3023 1839 3183 1892 ugem
3197 1827 3458 1884 etducem

212 1898 524 1969 capitaneis,
541 1916 668 1953 mox
688 1899 759 1954 ad
779 1899 1030 1954 Italicam
1053 1905 1271 1970 partem
1293 1898 1593 1952 destinavit
1619 1896 1787 1951 comi-
1868 1899 2274 1954 Theodericum
2298 1905 2355 1953 et
2374 1900 2842 1960 innumerabilem
2867 1911 3254 1971 marchionum
3284 1921 3341 1970 et
3367 1934 3463 1972 co-

214 1992 313 2041 tem
327 1988 670 2042 Everardum
696 2005 859 2044 suum
872 1987 1274 2054 consiliarium,
1301 2004 1466 2059 quem
1492 1992 1622 2041 ante
1643 2002 1792 2057 papa

212 2077 514 2132 Alexander
538 2077 1134 2143 excommunicaverat,
1168 2078 1265 2149 qui
1313 2077 1543 2132 veniens
1570 2077 1794 2146 Longo-

214 2163 474 2233 bardiam,
508 2183 638 2221 mox
667 2166 725 2221 in
753 2167 1022 2221 Roncalia
1045 2169 1261 2221 curiam
1290 2164 1666 2237 congregavit,
1693 2163 1796 2218 ibi-

216 2271 310 2325 que
336 2255 850 2310 Mediolanensibus
880 2246 982 2327 pro
1013 2261 1193 2310 morte
1224 2254 1530 2309 Erlinbaldi
1578 2252 1794 2324 gratias

217 2359 393 2414 agens,
428 2361 526 2400 eos
561 2349 721 2399 trans
762 2349 982 2399 montes
1021 2343 1293 2411 invitavit,
1327 2342 1662 2414 promittens
1690 2341 1792 2405 eis,

216 2433 488 2488 dominum
519 2450 707 2500 suum,
741 2432 1486 2505 episcopum,quemvellent
1504 2432 1791 2485 daturum.

215 2521 416 2577 Dehinc
464 2540 661 2578 omnes
708 2522 1003 2577 Paterinos
1048 2522 1300 2593 publicos
1341 2521 1490 2591 regis
1536 2519 1796 2574 clamavit

215 2609 458 2666 inimicos
501 2628 742 2683 moxque
778 2611 1140 2666 Placentinos
1167 2610 1244 2664 ibi
1267 2611 1326 2663 in
1354 2610 1532 2664 vicino
1563 2609 1793 2680 positos,

219 2716 334 2754 cum
364 2705 597 2771 propter
619 2700 1140 2770 pusillanimitatem
1172 2699 1346 2752 animi
1378 2698 1652 2752 inveniret
1689 2697 1798 2751 im-

213 2794 445 2858 paratos,
477 2790 776 2860 plerosque
807 2789 876 2842 ab
906 2790 1045 2844 urbe
1091 2788 1319 2859 fugavit,
1369 2789 1638 2859 quosdam
1670 2803 1800 2841 vero

212 2877 264 2931 in
292 2878 632 2932 deditionem
675 2878 841 2950 cepit,
890 2878 984 2949 qui
1027 2878 1257 2932 consilio
1286 2877 1626 2931 beatissima:
1654 2877 1798 2930 Bea-

213 2967 354 3021 tricis
385 2967 610 3022 liberati
639 2972 791 3022 sunt.

1874 1988 2074 2042 mitum
2100 1988 2542 2054 multitudinem,
2567 1994 2663 2063 qui
2683 1995 2986 2066 derepente
3009 1998 3256 2057 Saxones
3281 2004 3464 2077 impa-

1874 2083 2028 2131 ratos
2056 2077 2346 2144 invadunt,
2391 2085 2448 2133 et
2494 2083 2748 2151 quamvis
2777 2088 3226 2146 cruentissimam
3273 2098 3475 2150 tamen-

1877 2166 2124 2221 habuere
2143 2167 2453 2222 victoriam.
2474 2169 2617 2224 Nam
2636 2170 2693 2225 in
2716 2171 2812 2226 illa
2829 2191 3018 2246 pugna
3047 2195 3112 2232 ex
3139 2187 3298 2250 parte
3319 2186 3468 2256 regis

1876 2272 1943 2308 xv
1972 2255 2150 2308 millia
2187 2256 2442 2311 homines
2484 2259 2751 2315 cecidisse
2794 2265 3132 2335 referuntur,
3165 2271 3468 2344 taliterque

1875 2344 2053 2398 victor
2079 2345 2283 2399 infecto
2313 2347 2536 2416 negotio
2565 2348 2857 2405 Franciam
2886 2357 3195 2426 remeavit;
3229 2377 3469 2434 moxque

1877 2449 2183 2488 convocans
2210 2435 2629 2490 multitudinem
2652 2439 3059 2512 episcoporum.
3088 2463 3196 2501 non
3220 2452 3472 2519 quaesivit

1878 2523 2058 2576 Deum
2091 2528 2374 2578 auctorem
2430 2524 2558 2583 sibi.
2609 2543 2712 2581 nec
2765 2529 2815 2582 ei
2865 2533 3078 2599 gratias
3125 2539 3318 2592 retulit
3368 2557 3470 2611 pro

1879 2611 2081 2664 collata
2108 2611 2356 2677 victoria,
2382 2613 2477 2666 sed
2501 2615 2806 2669 exaltatum
2837 2627 2922 2672 est
2959 2638 3056 2675 cor
3083 2625 3220 2692 ejus,
3255 2633 3311 2681 et
3339 2629 3472 2683 elati

1880 2705 2013 2752 sunt
2043 2699 2186 2752 oculi
2218 2701 2358 2769 ejus,
2384 2717 2706 2772 ponensque
2735 2705 2792 2758 in
2817 2707 3014 2761 cmlum
3045 2726 3106 2764 os
3140 2729 3323 2779 suum,
3349 2717 3470 2769 Ilu-

1880 2789 2152 2860 gonisque
2181 2789 2421 2854 candidi,
2469 2791 2538 2843 de
2573 2809 2682 2862 quo
2718 2796 2976 2865 superius
3016 2800 3329 2868 retulimus,
3377 2821 3472 2859 ac-

1885 2877 2174 2948 quiescens
2213 2878 2463 2943 consilio,
2514 2880 2804 2936 dominum
2851 2901 3073 2955 papam,
3105 2889 3200 2959 qui
3229 2907 3329 2961 per
3356 2898 3471 2949 tres

1883 2983 2058 3020 annos
2080 2967 2452 3021 universalem
2476 2969 2773 3024 Ecclesiam
2805 2972 2861 3025 in
2882 2990 3016 3043 pace
3039 2977 3469 3048 gubernaverat,

275 3057 680 3111 Cremonenses
707 3073 858 3122 vero,
887 3073 1024 3127 quos
1044 3055 1173 3110 fidei
1195 3056 1390 3127 plenos
1413 3059 1470 3108 et
1497 3053 1795 3108 virtutibus
1812 3051 1854 3110 C
1877 3056 2185 3110 secundum
2203 3057 2515 3127 exemplum
2541 3052 2785 3128 pestiferi
2800 3061 3068 3122 Lotharii.
3089 3066 3158 3119 de
3177 3083 3286 3137 quo
3302 3085 3473 3141 supra

211 3146 447 3200 munitos
478 3145 712 3210 audivit,
748 3161 860 3199 non
890 3162 990 3215 pro
1027 3144 1126 3198 Dei
1156 3144 1490 3207 timore,sed
1513 3143 1643 3212 quia
1681 3159 1792 3196 non

207 3234 401 3302 potuit,
416 3235 698 3288 immunes
714 3233 1031 3304 dereliquit.
1047 3233 1191 3297 Quid
1217 3233 1380 3304 plura
1399 3231 1426 3284 ?
1447 3232 1674 3302 Eligunt
1692 3230 1796 3284 sibi

209 3322 649 3377 Mediolanenses
671 3322 946 3393 capitanei
968 3322 1373 3376 Eecclesiarum
1394 3321 1712 3375 venditores
1731 3337 1796 3372 ex

208 3417 476 3483 praecepto
523 3412 677 3482 regis
720 3411 1128 3465 communicato
1167 3409 1406 3481 pessimo
1445 3409 1670 3463 consilio
1698 3409 1799 3463 Te-

209 3501 418 3554 taldum
447 3499 883 3555 Mediolanensis
914 3499 1170 3553 Ecclesiae
1223 3499 1505 3564 clericum,
1540 3498 1635 3568 qui
1667 3501 1798 3551 ante

208 3588 487 3643 Gotefrido
511 3589 840 3643 fidelitatem
856 3588 1348 3659 juraverat,virum
1378 3585 1546 3641 nobili
1571 3587 1794 3657 quidem

208 3694 413 3747 genere
441 3684 627 3732 ortum
658 3683 714 3732 et
739 3678 874 3731 satis
904 3694 1136 3748 corpore
1173 3677 1459 3748 pinguem,
1494 3676 1591 3729 sed
1623 3675 1798 3728 virtu-

208 3767 352 3822 tibus
379 3773 624 3822 tenuem.
655 3769 818 3822 Hunc
846 3768 1016 3821 talem
1035 3784 1224 3821 secum
1254 3767 1323 3820 ad
1355 3782 1542 3836 regem
1563 3764 1794 3829 ducunt,

203 3872 372 3926 quem
407 3874 517 3922 rex,
544 3855 752 3910 oblitus
779 3855 1124 3910 investiturae
1147 3872 1311 3925 quam
1346 3860 1476 3908 ante
1508 3853 1796 3907 Gotefrido

203 3944 454 4010 dederat,
479 3944 1002 4016 parvipendensque
1017 3944 1411 4015 jusjurandum
1444 3943 1593 4012 quod
1614 3942 1796 4012 Rapot

204 4049 266 4086 ex
299 4051 408 4088 sua
437 4039 599 4105 parte
636 4036 926 4104 juraverat
953 4033 1208 4088 Novariae
1255 4033 1464 4086 dudum
1497 4031 1794 4102 epis00pis,

201 4122 303 4176 hoc
335 4140 459 4177 esse
485 4123 654 4194 regiae
669 4123 974 4178 voluntatis
994 4127 1060 4177 ut
1079 4121 1399 4176 Gotefridus
1418 4125 1791 4185 consecretur,

202 4227 316 4265 non
347 4213 528 4267 solum
569 4216 766 4266 contra
808 4213 961 4282 leges
990 4211 1206 4265 divinas
1245 4216 1302 4264 et
1350 4209 1795 4263 Christianorum

200 4315 402 4371 regum
428 4319 666 4366 morem,
699 4301 796 4355 sed
837 4300 1006 4355 etiam
1039 4305 1235 4354 contra
1272 4304 1639 4371 tyrannorum
1671 4313 1798 4351 con-

199 4391 588 4456 suetudinem,
607 4390 823 4444 vivente
853 4390 1030 4443 altero
1061 4388 1357 4442 investivit.

268 4480 377 4534 Hic
428 4481 563 4535 talis
619 4479 1095 4534 Mediolanensem
1151 4477 1407 4532 vastabat
1468 4475 1792 4531 Ecclesiam.

201 4567 349 4622 Huic
381 4569 690 4623 Guibertus
739 4568 1036 4637 Hugonem
1080 4566 1377 4619 candidum
1431 4565 1604 4627 misit,
1637 4565 1796 4633 cujus

195 4657 434 4710 consilio
471 4672 663 4727 regem
690 4654 889 4718 adiret,
933 4660 991 4708 et
1019 4655 1138 4723 ejus
1166 4653 1414 4707 animum
1447 4653 1517 4706 ad
1559 4652 1798 4706 deterio-
1831 4719 1836 4724 _

194 4761 314 4799 rem
345 4751 573 4816 partem
605 4745 935 4798 inﬂecteret.
970 4742 1129 4807 Quod
1158 4747 1214 4796 et
1240 4742 1448 4795 factum
1478 4746 1582 4796 est.

263 4834 336 4888 In
385 4835 483 4888 illo
532 4839 784 4903 tempore
837 4848 1007 4902 grave
1055 4835 1113 4885 et
1152 4830 1467 4883 inauditum
1521 4830 1798 4900 ﬂagitium

197 4923 396 4978 Romae
423 4927 711 4994 patratum
735 4927 837 4977 est.
862 4922 1004 4975 Nam
1021 4920 1137 4974 Deo
1159 4918 1379 4972 odibilis
1401 4917 1652 4981 Cencius,
1673 4935 1800 4972 cnn-

189 5012 490 5078 juratione
518 5011 683 5076 facta,
731 5011 790 5063 in
839 5009 962 5080 ipsa
1009 5012 1170 5062 nocte
1218 5007 1537 5061 Nativitatis
1567 5007 1797 5074 Christi,

193 5115 410 5169 papam
454 5104 808 5153 sacramenta
855 5097 1252 5161 celebrantem,
1291 5096 1360 5150 ab
1401 5097 1578 5149 altare
1608 5096 1664 5150 S.
1697 5095 1798 5149 Dei

191 5187 496 5256 genitricis
526 5186 737 5252 Marim,
776 5187 920 5257 quod
954 5185 1159 5239 dicitur
1191 5184 1260 5238 ad
1292 5201 1556 5255 praesepe,
1591 5183 1799 5254 rapuit,

193 5281 250 5328 et
278 5276 650 5329 vulneratum
671 5275 738 5328 ad
754 5274 956 5328 turrim
980 5291 1148 5345 quam
1170 5274 1360 5328 Romm
1382 5271 1623 5326 habebat
1650 5273 1803 5326 mirae

190 5363 554 5420 fortitudinis
569 5364 702 5437 {50),
721 5363 993 5417 violenter
1003 5379 1183 5433 usque
1213 5361 1487 5432 perduxit.
1512 5361 1656 5425 Quid
1678 5361 1803 5432 plu-

187 5455 296 5508 ra?
320 5452 574 5508 Romani
593 5469 723 5507 mox
745 5453 948 5508 turrim
982 5452 1260 5519 obsident,
1285 5467 1562 5522 maneque
1590 5451 1738 5505 facto
1752 5449 1805 5504 vi

258 5559 379 5631 (50)
417 5560 592 5616 Paulo
623 5565 754 5616 ante
781 5559 1125 5617 destructam
1151 5559 1388 5616 dixerat.

450 5659 712 5722 PATROL.
760 5661 882 5724 CL.

1812 4361 1860 4419 D

1880 3145 2194 3210 retulimus,
2229 3145 2429 3198 litteris
2458 3145 2752 3213 abdicavit,
2773 3167 3013 3222 suosque
3034 3155 3320 3227 episcopos
3346 3157 3474 3213 sub—

1879 3233 2121 3287 scribere
2162 3233 2376 3303 coegit;
2418 3235 2560 3304 proh
2610 3236 2769 3290 dolor
2811 3256 2923 3293 non
2976 3243 3290 3313 recogitans
3331 3246 3472 3302 illud

1879 3321 2197 3376 venerabile
2226 3322 2380 3376 tertii
2409 3323 2613 3377 Leonis
2633 3326 2962 3396 capitulum,
2995 3330 3053 3383 in
3083 3349 3192 3402 quo
3223 3333 3302 3387 sic
3329 3335 3472 3405 legi-

1879 3415 1974 3464 tur
2009 3425 2020 3460 :
2053 3411 2110 3465 Si
2155 3411 2279 3480 quis
2324 3428 2382 3465 se
2422 3428 2451 3464 δ
2494 3413 2757 3468 Romanae
2791 3417 3049 3472 Ecclesia
3093 3424 3474 3492 segregaverit

1880 3499 2166 3565 societate,
2189 3516 2291 3553 nec
2305 3501 2540 3570 januam
2571 3503 2694 3556 coeli
2723 3503 2960 3574 ingredi,
2986 3523 3088 3561 nec
3109 3508 3305 3564 vinclis
3344 3529 3473 3582 pec-

1880 3594 2133 3641 catorum
2184 3588 2388 3658 poterit
2410 3590 2565 3642 solvi.
2591 3590 2814 3646 Interea
2842 3593 3040 3650 litterae
3068 3598 3342 3654 unitatem
3376 3603 3473 3655 Ec-

1881 3677 2064 3730 clesize
2093 3676 2411 3731 scindentes
2443 3695 2543 3748 per
2566 3679 2779 3750 legatos
2795 3682 3029 3737 Romam
3052 3685 3468 3758 deferebantur,

1881 3781 2010 3818 nam
2033 3765 2213 3834 jussio
2244 3766 2390 3835 regis
2412 3767 2665 3836 urgebat,
2694 3770 2786 3839 qui
2819 3771 3104 3827 venientes
3126 3775 3470 3834 Placentiam

1879 3869 2072 3907 omnes
2087 3853 2375 3924 episcopos
2397 3855 2792 3926 Longobardos
2813 3871 3312 3932 congregaverunt.
3339 3867 3472 3932 Qui-

1877 3943 1981 3997 bus
2021 3960 2082 3996 ex
2106 3948 2264 4013 parte
2297 3943 2443 4012 regis
2474 3952 2811 4016 praeceptum
2845 3955 2947 4009 est,
2979 3956 3044 4004 ut
3083 3953 3290 4008 factum
3321 3957 3470 4026 regis

1878 4033 2295 4085 conﬁrmarent.
2351 4033 2458 4086 Sed
2505 4034 2670 4104 longe
2720 4037 2886 4090 aliter
2914 4039 3118 4093 factum
3169 4047 3254 4096 est
3299 4060 3466 4114 quam

1879 4136 2190 4190 speravere.
2235 4120 2380 4173 Nam
2431 4136 2623 4175 omnes
2672 4123 2898 4194 proprio
2929 4142 3024 4179 ore
3069 4144 3170 4182 suo
3203 4129 3468 4202 Dionysio

1878 4208 2204 4262 Placentino
2234 4208 2489 4279 episcopo
2505 4210 2726 4279 praevio,
2752 4211 2969 4280 publice
2979 4215 3314 4283 juraverunt
3329 4235 3469 4274 nun-

1880 4313 2047 4368 quam
2095 4314 2155 4350 se
2202 4297 2444 4367 amplius
2492 4296 2863 4352 obedientiam
2914 4304 3261 4371 prmstituros
3289 4323 3465 4378 papae.

1879 4386 2091 4440 Dehinc
2119 4386 2285 4454 hujus
2314 4385 2613 4455 legationis
2643 4388 2963 4443 ministrum
3004 4409 3069 4445 ex
3107 4393 3332 4449 ofﬁcina
3359 4397 3469 4452 ini-

1878 4474 2106 4544 quitatis
2135 4474 2344 4528 scilicet
2373 4475 2660 4529 Parmensi
2690 4476 2912 4531 civitate
2932 4479 3147 4535 faciunt
3170 4487 3471 4553 quemdam

1878 4563 2191 4616 Rolandum
2221 4561 2505 4626 clericum,
2539 4564 2634 4634 qui
2655 4565 2883 4620 veniens
2915 4568 3152 4624 Romam
3187 4572 3330 4628 forte
3358 4576 3470 4630 illis

1880 4649 2076 4703 diebus
2099 4666 2299 4720 papam
2319 4649 2376 4702 in
2395 4651 2608 4720 synodo
2639 4653 2975 4708 residentem
3005 4657 3234 4714 invenit.
3269 4663 3322 4716 Is
3356 4663 3474 4718 dia-

1881 4739 1992 4793 boli
2020 4739 2474 4809 repletusspiritu
2502 4739 2558 4793 in
2589 4741 2774 4795 media
2799 4745 3012 4813 synodo
3025 4763 3090 4799 ex
3106 4754 3265 4818 parte
3295 4753 3468 4822 regis,

1882 4829 2011 4883 laici
2045 4828 2256 4882 scilicet
2303 4829 2565 4892 hominis,
2605 4830 2920 4900 pontificale
2950 4833 3000 4887 ei
3032 4835 3318 4893 interdixit
3349 4841 3472 4895 offl-

1881 4918 2048 4982 cium,
2074 4917 2234 4987 eique
2256 4917 2536 4987 praecepit,
2562 4923 2625 4971 ut
2651 4919 2719 4971 de
2739 4919 2869 4974 sede
2904 4921 3284 4992 descenderet,
3325 4931 3473 4999 quod

1881 5007 2108 5062 secundi
2130 5006 2341 5059 ordinis
2361 5006 2686 5076 presbytero
2707 5007 2826 5062 sine
2844 5011 3056 5079 judicio
3067 5014 3136 5067 ab
3150 5015 3284 5085 ipsis
3303 5017 3471 5070 etiam

1883 5095 2172 5167 episcopis,
2208 5093 2252 5147 si
2276 5094 2576 5156 diceretur.
2610 5101 2756 5150 esset
2785 5098 3080 5168 culpabile.
3112 5103 3321 5156 Dehinc
3349 5121 3473 5159 car-

1883 5184 2162 5239 dinalibus
2177 5183 2527 5255 praecepitmt
2541 5185 2688 5238 ultra
2708 5193 2926 5240 montes
2939 5189 3252 5252 tenderent,
3272 5196 3326 5245 et
3346 5191 3474 5248 inde

1847 5293 1854 5298 ί
1884 5273 1990 5327 sibi
2015 5272 2333 5344 pontiﬁcem
2375 5279 2748 5327 assumerent.
2779 5273 3126 5328 Venerabilis
3163 5294 3292 5331 vero
3334 5280 3475 5335 Gre-

1883 5361 2075 5432 gorius
2103 5361 2409 5415 secundum
2435 5360 2565 5415 boni
2594 5360 2851 5431 Magistri
2867 5363 3179 5433 exemplum
3208 5368 3478 5425 convitia-

1885 5455 2065 5505 torem
2083 5466 2246 5505 suum
2259 5449 2415 5521 prius
2435 5466 2469 5503 a
2491 5455 2670 5504 morte
2681 5448 3162 5520 liberavit,dehinc
3179 5454 3266 5511 vix
3285 5459 3479 5515 sedato

3170 5659 3248 5725 27
