3912 6166
456 246 563 335 8ᾴ7

1453 241 1840 297 BONIZONIS
1879 240 2316 299 PLACENTINI
2359 194 2688 301 EPISCOPI

3568 257 3654 315 848

447 374 680 431 nuntios
702 386 906 443 papam
931 368 1165 439 rogavit,
1178 371 1243 422 ut
1261 366 1564 439 Rudolt‘um
1595 369 2049 422 excommunica-
2064 374 2107 430 Α
2125 368 2335 441 absque
2352 371 2645 426 vocatione
2669 370 2872 426 vellent
2890 369 3373 436 excommunicare,
3395 378 3524 446 quod
3541 380 3651 435 dum

450 462 713 535 ret,quod
730 475 876 532 papa
892 476 953 513 se
981 459 1257 512 facturum
1278 457 1426 511 illico
1458 457 1732 527 promisit,
1750 457 1797 511 si
1822 464 2049 513 vocatus
2130 457 2208 513 illi
2262 459 2445 514 facere
2497 459 2828 526 noluissent,
2884 458 3333 514 interdicentibus
3379 467 3650 535 canonibus,

449 553 729 608 rationem
766 550 937 620 hujus
961 547 1091 602 facti
1121 546 1354 600 reddere
1374 562 1488 600 non
1516 552 1723 616 posset,
1755 562 1869 600 non
1898 547 2049 600 enim
2128 545 2331 600 infecto
2362 546 2585 616 negotio
2611 548 2847 601 Romam
2872 547 3108 601 rediere.
3132 547 3333 602 Iterum
3349 556 3461 606 actu
3478 571 3658 625 pugna.

449 640 781 697 canonicum
813 636 1125 701 videbatur,
1176 634 1225 688 si
1272 639 1402 688 ante
1452 634 2046 701 excommunicaretur,

2129 638 2248 688 tum
2276 639 2378 701 est,
2406 641 2465 689 et
2493 636 2672 689 multa
2700 636 3181 690 milliahominum
3205 653 3267 690 ex
3293 643 3507 711 utraque
3529 648 3657 713 parte

449 746 619 802 quam
638 728 972 791 vinceretur,
995 725 1095 779 sed
1124 738 1222 778 rex
1245 728 1431 777 mente
1460 723 1764 777 effrenatus
1787 723 2052 778 velociter
2131 723 2399 778 cecidere.

445 823 669 874 montes
681 815 926 882 transiit,
949 820 1006 869 et
1028 813 1271 884 impigre
1300 812 1620 882 Bajoariam
1642 813 2048 884 Franciamque

446 907 682 979 recepit.
733 905 844 960 Sed
875 903 1010 974 quid
1052 902 1252 974 plura?
1297 901 1461 955 Haud
1509 901 1736 971 segnior
1775 902 2047 956 Rodulqu

442 996 738 1053 Franciam
766 992 999 1059 invadit,
1038 990 1362 1061 bellumque
1389 989 1762 1043 committitur
1777 990 2044 1060 gravissi-

444 1102 605 1142 mum
651 1090 709 1139 et
751 1083 934 1137 multa
972 1080 1150 1134 millia
1188 1079 1481 1133 hominum
1516 1095 1580 1133 ex
1618 1082 1858 1149 utraque
1882 1085 2043 1149 parte

445 1175 799 1240 ceciderunt;
853 1174 1002 1233 sunt,
1036 1169 1133 1240 qui
1187 1168 1383 1222 dicunt
1408 1168 1575 1237 hujus
1620 1167 1798 1238 praelii
1836 1168 2040 1222 Henri-

2593 814 2831 882 Explicit
2861 814 3001 868 liber
3024 819 3261 873 octavus.

2506 962 2785 1019 INCIPIT
2824 964 3039 1019 LIBER
3075 963 3332 1019 NONUS.

2194 1078 2421 1134 Interea
2460 1096 2556 1136 rex
2606 1080 2899 1148 Henricus,
2942 1081 3247 1136 deliberate
3277 1079 3504 1149 consilio,
3538 1084 3664 1139 misit

2123 1168 2312 1224 Romae
2336 1170 2550 1240 legatos
2580 1171 2879 1225 Lemarum
2912 1170 3122 1225 scilicet
3152 1171 3488 1225 Bremensem
3512 1173 3661 1227 archi-

443 1280 573 1320 cum
629 1262 802 1317 fuisse
851 1250 1141 1325 victorem,
1183 1257 1545 1329 quamplures
1572 1262 1764 1310 autem
1792 1258 2040 1327 palmam
2121 1258 2461 1330 episcopum,
2507 1260 2576 1313 de
2622 1276 2732 1330 quo
2787 1276 2958 1331 supra
3011 1260 3324 1327 retulimus,
3365 1266 3417 1314 et
3457 1260 3662 1315 Pabeba-

442 1353 614 1424 hujus
657 1349 897 1405 Rodulfo
927 1347 1048 1418 regi
1077 1346 1366 1400 ascribunt
1391 1344 1733 1411 certaminis,
1766 1346 1864 1400 sed
1887 1347 2037 1416 quis-

444 1441 570 1513 quis
595 1438 887 1493 victoriam
914 1435 1365 1490 cruentissimam
1384 1438 1576 1487 tamen
1599 1434 1849 1504 possedit
1881 1434 2044 1489 victo-

441 1530 583 1584 riam
595 1568 607 1581 .

510 1620 734 1674 Interea
754 1616 946 1670 Romae
960 1629 1131 1684 grave
1142 1611 1353 1666 malum
1366 1615 1423 1665 et
1440 1610 1870 1682 irrecuperabile
1887 1612 2042 1666 dam-

2120 1347 2365 1402 riensem
2397 1348 2720 1419 episcopum
2746 1353 2803 1402 et
2839 1349 2978 1402 alios
3005 1349 3358 1420 quamplures
3386 1349 3658 1419 superbiam

2126 1441 2182 1489 et
2204 1435 2516 1490 inauditam
2539 1441 2827 1507 portantes
2854 1437 3195 1507 legationem
3216 1442 3277 1491 ut
3304 1438 3349 1491 si
3380 1438 3527 1492 vellet
3549 1454 3665 1509 papa

2124 1524 2424 1578 Rudolfum
2449 1525 2661 1596 absque
2695 1526 2909 1596 judicio
2939 1527 3430 1592 excommunicare,
3460 1525 3665 1581 debitam

2123 1612 2175 1666 ei
2234 1612 2510 1684 praeberet
2559 1613 2957 1681 obedientiam,
3026 1615 3113 1669 sin
3165 1615 3368 1669 aliter:
3401 1614 3667 1685 acquireret

436 1723 575 1764 num
598 1708 669 1761 de
696 1710 928 1776 repente
950 1707 1203 1757 exortum
1223 1701 1384 1755 est.N
1387 1717 1477 1753 am
1494 1699 1730 1754 Cencius
1743 1701 2035 1771 praefectus
2051 1698 2096 1757 B
2119 1701 2226 1756 sibi
2256 1719 2478 1774 papam,
2513 1703 2608 1773 qui
2637 1702 2846 1757 faceret
2869 1703 3177 1757 secundum
3204 1705 3323 1774 ejus
3350 1704 3664 1757 voluntatem.

434 1796 523 1850 vir
557 1792 1057 1851 christianissimus
1102 1807 1201 1862 per
1245 1789 1510 1844 insidiam
1541 1789 1810 1860 Stephani
1846 1788 2037 1844 fratris
2118 1791 2466 1845 Venerabilis
2519 1808 2650 1846 vero
2696 1792 2963 1863 pontifex,
3020 1791 3115 1862 qui
3164 1809 3265 1862 pro
3315 1792 3527 1845 veritate
3552 1790 3665 1843 mori

435 1884 646 1950 Cencii,
675 1883 791 1938 Deo
819 1880 1064 1946 odibilis,
1110 1879 1180 1933 de
1232 1896 1343 1950 quo
1384 1895 1553 1950 supra
1579 1880 2031 1946 memoravimus,
2117 1885 2348 1951 paratus
2383 1886 2525 1943 erat,
2575 1896 2686 1934 non
2730 1881 2913 1935 solum
2962 1880 3239 1935 rationem
3279 1880 3666 1951 praetendentem

434 1973 648 2029 occisus
677 1971 945 2041 est,cujus
964 1985 1168 2039 corpus
1184 1969 1319 2023 dum
1337 1968 1527 2022 Romae
1548 1968 1698 2039 apud
1721 1968 1779 2024 S.
1802 1968 2035 2023 Petrum
2117 1985 2232 2023 non
2268 1968 2672 2034 condemnavit,
2711 1970 2809 2024 sed
2851 1975 2909 2024 et
2943 1969 3127 2041 ipsum
3153 1986 3343 2040 regem
3369 1968 3581 2040 superbe
3600 1967 3668 2020 lo-

430 2063 684 2118 delatum
710 2058 1082 2117 fuisset.Deus
1107 2073 1209 2128 per
1230 2074 1361 2112 eum
1381 2058 1562 2111 multa
1576 2056 1707 2111 fecit
1734 2056 2031 2112 mirabilia.
2118 2064 2382 2129 quentem
2411 2058 2927 2113 excommunicavit.
2968 2058 3127 2123 Quod
3148 2059 3355 2114 factum
3377 2057 3560 2130 populo
3581 2055 3666 2109 Ro-

428 2149 675 2206 Romani
700 2164 832 2203 vero
856 2146 1267 2201 communicato
1293 2145 1524 2200 consilio
1554 2150 1823 2209 castrum.
1845 2146 1905 2199 in
1920 2161 2030 2217 quo

428 2256 490 2295 se
508 2238 787 2294 nefandus
812 2237 908 2291 ille
930 2234 1299 2307 receperat,vi
1323 2234 1571 2306 capiunt,
1587 2235 1820 2306 ejusque
1849 2235 2030 2307 capite

425 2332 485 2385 et
512 2326 772 2382 manibus
794 2330 1121 2380 truncatum
1148 2323 1385 2377 cadaver
1407 2322 1631 2394 ignibus
1660 2324 1912 2389 tradunt,
1945 2342 2032 2379 ca-

426 2422 531 2490 put
551 2433 683 2472 vero
696 2417 819 2488 ejus
835 2420 894 2470 et
915 2430 1118 2468 manus
1137 2412 1200 2466 in
1225 2412 1442 2466 cortina
1455 2411 1606 2465 beati
1630 2412 1783 2466 Petri
1801 2429 2031 2485 suspen-

423 2507 585 2575 dunt,
615 2506 862 2577 reliquos
890 2520 1020 2558 vero
1047 2502 1194 2557 tanti
1222 2502 1448 2556 sceleris
1476 2502 1724 2556 fautores
1752 2503 2024 2573 quosdam

422 2594 770 2661 interfecere,
796 2593 1068 2666 quosdam
1083 2607 1212 2646 vero
1225 2608 1256 2645 a
1266 2591 1455 2662 patria
1469 2590 1918 2646 eliminaverunt.

490 2685 628 2741 Post
661 2699 870 2756 paucos
897 2697 1027 2736 vero
1063 2680 1205 2747 dies,
1232 2685 1531 2751 postquam
1560 2680 1679 2735 haac
1701 2685 1861 2751 gesta
1894 2684 2027 2735 sunt

418 2774 725 2845 Gregorius
748 2769 1081 2827 venerabilis
1111 2768 1358 2841 pontifex
1387 2770 1626 2824 Romam
1654 2785 1781 2824 cum
1811 2769 2024 2824 honore

415 2863 709 2929 remeavit,
730 2878 976 2933 moxque
1002 2859 1281 2931 synodum
1308 2858 1768 2932 congregavit,in
1780 2875 1891 2930 qua
1909 2875 2026 2912 am-

2112 2163 2279 2201 mano
2308 2163 2576 2218 magnam
2604 2147 2761 2201 dedit
2790 2148 3247 2204 ﬂuctuationem.

2183 2236 2406 2290 Interea
2448 2235 2665 2308 praefati
2713 2236 2864 2306 regis
2892 2236 3064 2307 legati
3087 2236 3348 2291 Tusciam
3368 2234 3620 2290 venientes
3639 2248 3667 2287 a

2111 2324 2454 2395 subjectione
2520 2324 2998 2379 excellentissimos
3063 2326 3371 2380 cometissae
3426 2322 3666 2378 Mathildis

2111 2415 2340 2470 omnino
2361 2414 2715 2486 temptabant
2752 2419 3021 2482 avertere,
3047 2419 3105 2469 et
3143 2416 3277 2486 quia
3305 2414 3453 2486 plebs
3479 2428 3665 2484 semper

2106 2503 2308 2574 cupida
2358 2519 2631 2558 novarum
2684 2519 2875 2558 rerum
2927 2503 3103 2557 infida
3140 2503 3418 2575 prioribus
3442 2501 3663 2566 dominis,

2104 2598 2230 2647 tum
2259 2592 2394 2663 quia
2422 2592 2619 2647 eadem
2648 2592 2826 2663 plebs,
2854 2592 3194 2647 naturaliter
3222 2593 3395 2647 inﬁda
3420 2596 3514 2656 est,
3544 2586 3667 2660 quod

2106 2681 2425 2747 voluerunt,
2458 2681 2721 2735 facillime
2774 2682 2958 2736 facere
3012 2686 3342 2753 potuerunt.
3375 2679 3570 2735 Dehinc
3595 2693 3669 2731 ve-

2106 2769 2325 2825 nientes
2354 2770 2823 2841 Longobardiam,
2856 2771 3051 2825 relicto
3094 2770 3417 2826 marchione
3468 2768 3669 2823 Alberto

2106 2865 2161 2913 et
2189 2858 2390 2913 comite
2419 2860 2637 2913 Bosone
2660 2859 2718 2912 in
2744 2859 2995 2930 partibus
3008 2860 3245 2927 Tusciae,
3278 2875 3468 2915 omnes
3492 2855 3669 2928 princi-

413 2952 616 3008 borum
645 2967 845 3021 regum
875 2950 1061 3005 nuntii
1082 2948 1408 3014 interfuere,
1440 2948 1644 3019 quibus
1669 2952 1726 3002 et
1762 2948 1831 3004 B.
1869 2947 2023 3002 Petri
2050 3018 2076 3021 _
2105 2965 2205 3019 pes
2235 2947 2730 3018 Longobardorum
2767 2950 2837 3002 ad
2867 2949 3210 3020 colloquium
3238 2948 3529 3003 invitantes
3545 2942 3671 3015 apud

412 3018 750 3098 auctoritate
776 3043 1118 3111 praeceptum
1163 3041 1249 3091 est
1291 3041 1356 3091 ut
1401 3018 1511 3090 non
1543 3040 1883 3107 pugnarent,
1916 3036 2016 3090 sed
2037 3018 2079 3077 (ἶ
2098 3018 2515 3091 Brixianorium
2544 3037 2718 3091 diviso
2748 3053 2921 3108 regno
2951 3042 3008 3092 et
3029 3018 3351 3093 sacerdotio
3399 3036 3469 3090 ad
3503 3048 3669 3105 regem

410 3128 596 3184 locum
628 3127 921 3199 eligerent,
954 3127 1013 3180 in
1031 3142 1141 3197 quo
1169 3124 1467 3178 ambarum
1493 3123 1738 3195 partium
1769 3123 2017 3194 episcopi

409 3223 640 3291 possent
682 3233 877 3273 secure
913 3215 1230 3279 convenire,
1278 3212 1555 3268 reddituri
1581 3212 1859 3266 rationem
1884 3217 2015 3266 ante

409 3312 617 3363 sanctae
667 3306 924 3362 Ecclesiae
969 3306 1201 3376 legatos,
1246 3303 1397 3374 quod
1454 3300 1679 3357 salubre
1721 3302 2016 3356 consilium

409 3395 633 3451 diabolo
669 3395 975 3465 instigante
1026 3393 1408 3462 interruptum
1439 3395 1544 3458 est,
1578 3395 1635 3444 et.
1661 3391 1869 3445 iterum
1896 3391 2015 3445 acie

407 3489 722 3556 pugnatum
768 3482 982 3549 est,‘in
1020 3498 1131 3552 qua
1169 3480 1349 3533 multa
1396 3477 1574 3531 millia
1612 3478 1906 3532 hominum
1951 3494 2016 3531 ex

405 3577 648 3643 utraque
664 3574 823 3642 parte
849 3568 1181 3633 cecidere,et
1204 3565 1447 3619 maxime
1464 3563 2015 3627 Boemiorum.Quod

406 3665 474 3716 ut
516 3677 674 3733 papae
717 3658 1040 3713 nuntiatum
1087 3660 1175 3710 est
1216 3655 1274 3708 in
1299 3652 1553 3725 proxima
1581 3653 2013 3723 quadragesima

410 3749 561 3812 (nam
586 3749 644 3803 in
664 3747 967 3803 festivitate
998 3747 1052 3801 S.
1084 3744 1318 3814 Agathae
1340 3741 1445 3796 hoc
1463 3741 1859 3812 gravissimum
1893 3741 2009 3795 bel-

405 3837 526 3892 lum
565 3837 926 3892 commissum
957 3834 1067 3904 est)
1093 3832 1371 3904 synodum
1397 3829 1778 3900 congregavit,
1811 3830 1868 3883 in
1898 3847 2008 3901 qua

403 3926 698 3982 amborum
727 3941 924 3996 regum
954 3921 1136 3977 nuntii
1162 3920 1488 3985 interfuere,
1522 3919 1617 3990 qui
1658 3918 1883 3989 proprio
1910 3935 2006 3973 ore

399 4016 662 4088 juravere
697 4013 994 4069 concilium
1041 4027 1153 4066 non
1190 4010 1356 4080 culpa
1391 4008 1747 4062 dominorum
1772 4024 2006 4063 suorum

404 4105 823 4176 interruptum;
856 4102 955 4157 sed
983 4100 1108 4172 quis
1138 4115 1332 4154 eorum
1372 4097 1542 4152 fuerit
1565 4097 1841 4168 perjurus,
1875 4098 2007 4168 quia

403 4209 519 4248 non
549 4192 686 4247 satis
716 4195 970 4263 apparet,
1013 4189 1199 4243 dicere
1244 4185 1463 4241 omitto.
1499 4184 1606 4239 Sed
1640 4184 1771 4255 quid
1802 4183 2006 4254 plura?

403 4285 736 4342 venerabilis
752 4284 1001 4356 pontifex
1018 4281 1310 4352 religiosos
1323 4279 1610 4350 episcopos
1623 4278 1773 4331 ultra
1786 4282 2003 4356 montes

2099 3130 2447 3180 remearunt.

2171 3214 2395 3268 Interea
2414 3213 2747 3269 venerabilis
2762 3214 3009 3287 pontifex
3030 3221 3161 3287 post
3193 3216 3553 3271 Pentecosten
3566 3224 3671 3265 cum

2100 3301 2345 3357 Roberto
2368 3304 2828 3358 Marmannorum
2859 3304 2998 3359 duce
3026 3304 3171 3358 citra
3194 3306 3477 3376 Aquinum
3503 3298 3672 3355 habuit

2102 3390 2370 3464 [subaudi
2396 3392 2757 3461 colloquium,
2790 3393 2955 3463 etc.],
2989 3409 3235 3464 eumque
3279 3393 3349 3448 ab
3394 3403 3673 3447 excommu-

2097 3479 2378 3534 nicatione
2427 3479 2683 3549 absolvit,
2726 3481 2822 3551 qui
2871 3482 2995 3551 ejus
3034 3482 3300 3552 proprius
3330 3481 3502 3535 factus
3537 3476 3673 3531 miles

2097 3585 2322 3622 omnem
2371 3568 2586 3639 Apuliae
2625 3574 2682 3622 et
2722 3566 2992 3623 Calabria":
3023 3569 3094 3623 ab
3133 3586 3202 3625 eo
3228 3569 3473 3641 suscepit
3497 3560 3671 3637 princi-

2097 3662 2313 3728 patum.

2164 3746 2305 3799 Cum
2334 3745 2452 3799 haec
2464 3751 2818 3816 gererentur,
2836 3746 3345 3818 Langobardorum
3374 3742 3602 3818 episcOpi
3626 3744 3673 3794 et

2093 3832 2373 3904 principes
2398 3834 2549 3904 apud
2581 3834 2995 3890 Brixianorium
3020 3838 3401 3902 conveniuut;
3432 3832 3571 3889 haud
3597 3847 3672 3884 se-

2086 3921 2252 3992 gnius
2300 3921 2379 3975 ibi
2423 3938 2520 3976 rex
2546 3924 2790 3977 occurrit
2813 3941 2942 3979 cum
2966 3926 3080 3980 suis
3110 3926 3391 3997 episcopis
3419 3941 3481 3978 ac
3509 3922 3674 3977 Ultra-

2086 4010 2370 4064 montanis
2394 4010 2857 4082 principibus,ubi
2875 4014 3295 4068 communicato
3316 4012 3554 4086 pessimo
3569 4023 3678 4064 con-

2087 4098 2213 4152 silio
2242 4098 2470 4169 eligitur
2499 4100 2803 4155 Guibertus
2849 4101 2910 4156 in
2947 4101 3271 4158 Romanum
3310 4100 3614 4174 pontiﬁcem
3647 4111 3675 4148 a

2085 4186 2494 4255 consimilibus,
2552 4190 2706 4244 nullo
2754 4189 2833 4243 ibi
2895 4191 3150 4245 Romano
3210 4196 3445 4246 astante
3497 4186 3670 4257 clerico

2086 4277 2169 4330 vel
2204 4276 2364 4343 laico,
2397 4277 2729 4347 praesidente
2776 4279 3041 4335 Romanae
3081 4281 3371 4335 cathedra:
3400 4271 3675 4333 venerabili

403 4376 631 4430 mittere
654 4351 974 4435 destinavit,
999 4372 1096 4444 qui
1122 4351 1347 4441 regibus
1370 4351 1864 4427 interdicerentmt
1890 4382 2002 4421 non
2020 4393 2068 4450 Β
2085 4381 2231 4436 papa
2261 4366 2550 4435 Gregorio,
2579 4367 2675 4437 qui
2707 4368 2828 4437 jam
2859 4384 2960 4439 per
2989 4368 3445 4440 quinquennium
3475 4368 3531 4420 in
3557 4376 3675 4435 pace

404 4468 744 4535 pugnarent,
777 4467 835 4516 et
850 4462 1137 4533 episcopos
1158 4459 1229 4513 ad
1253 4457 1549 4513 concilium
1568 4461 1830 4511 vocarent
1853 4474 1866 4522 ;
1897 4456 2004 4509 Pe-
2087 4453 2462 4508 universalem
2475 4460 2697 4509 rexerat
2713 4455 3034 4510 Ecclesiam.
3068 4458 3236 4522 Quod
3266 4458 3477 4512 factum
3504 4451 3676 4507 diabo—

401 4558 555 4606 trum
584 4551 797 4607 scilicet
813 4551 1137 4621 episcopum
1165 4546 1550 4601 Albanensem
1572 4545 1750 4598 virum
1781 4543 2006 4615 religio-

403 4639 706 4707 sissimum,
737 4638 832 4710 qui
873 4642 1005 4691 ante
1050 4635 1436 4706 episc0patum
1472 4631 1819 4704 temporibus
1849 4648 2005 4703 papae

399 4728 706 4784 Alexandri
743 4744 809 4781 ex
835 4729 1111 4798 praecepto
1131 4722 1351 4777 abbatis
1370 4722 1456 4777 sui
1479 4726 1673 4775 contra
1700 4720 1996 4791 Symonia-

400 4833 523 4871 cam
552 4832 653 4887 per
681 4814 896 4869 medios
926 4814 1084 4883 ignes
1112 4810 1371 4866 transivit
1392 4811 1600 4864 illaesus
1632 4808 1760 4878 (51),
1795 4814 1851 4863 et
1878 4809 1998 4864 Ou-

398 4904 675 4959 dalricum
720 4902 1051 4957 Paduanum
1087 4899 1410 4971 episcopum
1455 4898 1639 4952 virum
1682 4897 1845 4952 valde
1886 4898 1997 4952 elo-

400 4992 833 5065 quentissimum
862 4996 921 5045 et
947 4989 1209 5044 Heinn'co
1245 4988 1373 5059 regi
1411 4987 1548 5042 satis
1584 4986 1992 5053 ﬁdelissimum,

401 5088 460 5138 et
486 5081 904 5153 Aquileiensem
922 5077 1427 5151 patriarcham,qui
1441 5077 1610 5146 Alpes
1636 5081 1995 5130 transeuntes

397 5188 590 5244 regem
613 5171 675 5225 in
702 5168 968 5238 Bajoaria
986 5166 1296 5233 inveniunt,
1324 5166 1422 5220 sed
1442 5181 1624 5236 neque
1639 5164 1995 5235 supplicatio-

394 5261 561 5317 nibus
581 5274 763 5332 neque
782 5256 1042 5330 precibus
1057 5272 1241 5327 neque
1259 5255 1451 5326 aliqua
1473 5253 1668 5325 quavis
1691 5253 1994 5307 calliditate

393 5353 703 5421 potuerunt
726 5347 964 5415 efficere,
1004 5350 1071 5400 ut
1095 5344 1371 5417 synodum
1406 5348 1694 5414 pateretur
1715 5358 1811 5396 rex
1841 5343 1995 5397 Hen-

391 5439 543 5496 ricus
568 5439 628 5495 in
676 5454 779 5494 suo
816 5453 912 5493 eos
958 5448 1134 5507 regno
1187 5432 1489 5499 celebrare,
1547 5431 1609 5486 ni
1653 5431 1992 5487 Ruodulfum

386 5598 403 5638 ι
467 5563 574 5657 ς51)
604 5564 765 5651 Unde
792 5567 850 5651 et
874 5563 1075 5648 Petrus
1092 5562 1299 5644 lgneus
1329 5558 1529 5617 dictus.

2087 4542 2256 4597 licum
2287 4558 2399 4597 non
2416 4549 2500 4598 est
2512 4543 2769 4598 auditum
2798 4561 2833 4598 a
2860 4544 2971 4612 die,
3001 4561 3112 4615 qua
3137 4550 3345 4616 gentes
3374 4559 3493 4599 esse
3513 4554 3675 4611 caspe-

2086 4637 2423 4703 runt,usque
2442 4632 2512 4686 ad
2538 4632 2686 4685 diem
2707 4633 2870 4699 hanc,
2891 4639 2947 4687 et
2970 4633 3104 4704 quia
3126 4639 3428 4705 peccatum
3458 4632 3679 4703 plerum-

2079 4736 2187 4791 que
2208 4725 2293 4774 est
2325 4737 2495 4791 poena
2521 4721 2734 4792 peccati
2773 4738 2839 4776 ex
2867 4722 3055 4776 radice
3077 4722 3386 4794 superbiae,
3423 4738 3487 4776 ex
3509 4718 3677 4790 perju-

2076 4809 2162 4863 rio
2213 4810 2467 4880 pervenit
2507 4809 2579 4863 ad
2619 4808 3080 4878 inobedientiam,
3113 4828 3219 4882 per
3247 4807 3673 4866 inobedientiam

2079 4896 2383 4952 Guibertus
2411 4898 2613 4952 cecidit
2638 4898 2700 4952 in
2735 4899 3403 4964 excommunicationem,
3448 4912 3547 4968 per
3592 4909 3679 4947 ex-

2077 4987 2639 5042 communicationem
2670 4989 2926 5059 pervenit
2950 4988 3022 5042 ad
3046 4988 3462 5043 idololatriam.

2148 5076 2310 5130 Hunc
2336 5077 2507 5131 talem
2537 5082 2601 5131 ut
2624 5077 2883 5148 superius
2922 5076 3244 5138 retulimus,
3296 5076 3454 5130 nullo
3483 5073 3675 5129 Roma-

2074 5178 2278 5217 norum
2330 5164 2662 5219 clericorum
2698 5169 2756 5220 et
2809 5165 3081 5220 laicorum
3137 5164 3218 5219 ibi
3268 5167 3548 5236 praesente
3591 5157 3670 5213 vel

2076 5253 2457 5308 consentiente
2478 5259 2705 5325 excepto
2735 5254 2973 5325 Hugone
3002 5253 3264 5319 candido,
3302 5254 3403 5324 qui
3448 5248 3674 5324 peccatis

2076 5341 2192 5396 suis
2220 5341 2567 5413 exigentibus
2595 5344 2664 5397 ab
2694 5343 2939 5398 Ecclesia
2981 5344 3100 5413 jam
3129 5342 3231 5397 diu
3277 5342 3469 5397 fuerat
3491 5351 3675 5411 seque-

2074 5434 2304 5499 stratus,
2351 5430 2520 5501 elegit
2567 5430 2675 5486 sibi
2725 5447 2821 5487 rex
2880 5432 3174 5487 Heinricus
3224 5431 3288 5486 in
3333 5430 3670 5502 pontiﬁcem,

3674 5652 3702 5671 Δί.
