3912 6166
279 271 404 331 849

1362 282 1575 339 LIBER
1610 281 1707 339 AD
1745 285 2054 345 AMICUM.
2098 319 2161 330 —
2201 288 2338 344 LIB.
2380 260 2474 343 Ix.
2520 242 2528 283 7

3475 289 3583 347 850

281 407 345 455 et
378 401 520 456 huic
550 402 825 458 suadente
851 404 1118 477 Dionysio
1166 406 1494 462 Placentino
1523 410 1780 482 episcopo
1809 416 1970 473 oreA
1989 412 2233 467 ﬁliorum
2271 414 2417 467 male
2445 413 2742 484 cogitabat.
2770 414 3038 485 Sequenti
3072 431 3201 470 vero
3230 416 3436 485 hieme,
3468 418 3579 475 ite-

279 491 526 562 proprio
547 492 780 562 juravit,
822 492 893 547 ab
937 509 1003 547 eo
1039 511 1300 552 coronam
1333 497 1682 568 imperialem
1713 517 1904 556 susce~

276 583 547 650 pturum.
585 581 733 646 Quid
759 582 925 653 plura
948 602 960 639 :
987 583 1069 641 ita
1096 601 1290 639 omnes
1317 590 1507 640 mente
1526 588 1713 641 caecati
1745 593 1896 654 sunt,

275 674 347 722 ut
386 685 507 723 non
554 670 896 741 respicerent
952 671 1150 727 faciem
1180 678 1366 741 terrae,
1401 680 1472 753 et.
1486 675 1618 746 quia
1645 678 1900 748 procula

273 755 547 812 Romana
573 758 717 813 urbe
763 765 949 816 castra
977 761 1174 816 metati
1204 768 1383 831 erant,
1407 765 1548 835 proh
1574 765 1753 832 dolor,
1781 782 1899 820 om-

272 861 407 913 nes,
438 847 539 918 qui
573 847 652 902 ibi
681 849 939 917 aderant,
961 856 1017 905 et
1042 852 1592 925 pseudoprophetam
1624 854 1897 910 adorave-

272 951 341 989 re
369 936 564 1007 proni,
589 942 647 992 et
676 944 954 1009 quotquot
982 940 1355 996 adoraverunt
1395 959 1430 997 a
1471 945 1670 998 matris
1714 944 1896 999 Eccle-

1983 515 2112 553 rum
2129 516 2225 554 rex
2242 502 2433 557 Romae
2461 518 2718 557 reversus
2747 508 2850 567 est,
2878 508 2935 557 et
2949 508 3245 575 postquam
3263 521 3581 562 sacramen-

1980 589 2053 643 tis
2073 589 2218 644 datis
2249 591 2535 647 ﬁrmatum
2561 596 2647 646 est
2673 608 2865 646 omnes
2902 592 3194 663 religiosos
3224 609 3290 647 ex
3323 592 3599 665 quocun;

1980 694 2089 748 que
2137 695 2313 749 regno
2363 679 2614 733 volentes
2651 680 2889 734 Romam
2919 680 3100 735 visere
3131 681 3319 736 venire
3346 699 3573 740 securos

1976 770 2107 835 post
2134 768 2450 839 captionem
2479 767 2754 822 Ostiensis
2789 769 3033 840 episcopi
3072 769 3423 842 aliorumque
3446 773 3575 827 reli-

1975 854 2264 925 giosorum
2291 857 2697 912 monachorum
2727 863 2783 913 et
2835 858 3185 926 clericorum,
3217 859 3412 915 videns
3449 878 3509 915 se
3536 877 3573 916 a

1977 943 2333 998 Cluniacensi
2370 943 2571 999 abbate
2612 950 2670 999 et
2716 944 2788 999 ab
2824 945 3083 1001 omnibus
3120 948 3394 1020 episcopis
3450 954 3569 1005 tam

1975 1032 2190 1086 clericis
2221 1050 2390 1105 quam
2446 1034 2734 1089 monachis
2789 1034 2987 1089 haberi
3023 1038 3571 1096 excommunicatum

1973 1121 2046 1175 ad
2082 1122 2284 1176 callida
2313 1139 2441 1177 mox
2470 1140 2531 1177 se
2562 1123 3208 1195 convertitargumenta;
3238 1142 3371 1181 nam
3390 1132 3455 1182 ut
3474 1144 3569 1199 po-

1971 1211 2225 1281 pularem
2272 1216 2526 1282 captaret
2576 1212 2840 1278 favorem,
2890 1213 3031 1268 dixit
3082 1231 3143 1268 se
3186 1231 3219 1269 a
3259 1215 3568 1273 venerabili

270 1032 374 1087 size
399 1034 536 1088 sinu
563 1035 730 1106 longe
757 1037 1094 1093 ceciderunt.

348 1121 654 1176 Celebrata
696 1124 873 1194 igitur
925 1126 1118 1180 taliter
1162 1129 1545 1198 apostolorum
1573 1128 1891 1200 principum

270 1210 608 1278 festivitate,
638 1228 738 1267 rex
774 1214 920 1268 tanti
951 1215 1230 1286 pontiﬁcis
1277 1223 1476 1272 auctus
1504 1216 1890 1275 benedictione

269 1300 555 1354 remeavit
579 1302 652 1355 ad
675 1302 941 1373 propria;
976 1302 1286 1359 Guibertus
1312 1322 1438 1361 vero
1454 1322 1583 1361 cum
1603 1307 1719 1362 suis
1737 1324 1884 1363 com-
1968 1299 2241 1369 Gregorio
2266 1317 2363 1355 001‘
2365 1317 2532 1355 (“iam
2568 1302 2708 1354 V9116
2736 1302 2989 1372 πείρετε
3009 1302 3380 1373 imperiale“),
3414 1306 3566 1376 quod

267 1388 519 1459 plicibus
546 1390 770 1461 papalia
795 1408 985 1446 secum
1016 1393 1271 1448 deferens
1287 1394 1622 1450 indumenta
1649 1395 1884 1451 intravit
1965 1392 2028 1441 ut
2056 1390 2296 1459 populus
2343 1390 2555 1444 audivit
2579 1389 2887 1461 [Romanus
2916 1407 3031 1445 non
3072 1392 3257 1446 solum
3286 1391 3433 1460 laici,
3465 1394 3566 1449 sed

266 1476 523 1534 Italiam.
573 1480 682 1533 Sed
712 1481 846 1550 quia
899 1481 1132 1537 consilia
1176 1484 1403 1538 Domini
1438 1484 1674 1557 abyssus
1703 1486 1881 1540 multa
1965 1481 2020 1530 et
2050 1478 2318 1548 religiosi,
2354 1479 2451 1550 qui
2475 1478 2829 1549 videbantur,
2857 1484 2973 1533 tam
3000 1480 3245 1552 episcopi
3274 1499 3443 1553 quam
3459 1483 3565 1538 cle-

268 1567 435 1631 (Psal.
464 1583 629 1625 xxxv.
653 1569 707 1635 7)
730 1569 1001 1624 inetfabili
1014 1570 1114 1624 Dei
1137 1572 1489 1643 providentia
1519 1589 1632 1628 non
1661 1575 1845 1645 ﬂagell

1967 1565 2087 1632 rici,
2112 1566 2362 1635 abbates,
2397 1569 2654 1623 monachi
2701 1574 2993 1640 coeperunt
3028 1570 3358 1641 suppliciter
3384 1572 3565 1644 lacry-

266 1653 499 1709 Domini
528 1657 835 1711 secundum
859 1659 1007 1728 quod
1028 1660 1264 1713 meritus
1281 1665 1420 1727 erat,
1446 1663 1692 1733 suscepit
1716 1663 1883 1717 Hein-
1964 1655 2073 1709 mis
2110 1654 2288 1710 fusius
2333 1673 2494 1711 orare
2522 1663 2587 1711 ut
2614 1658 2808 1728 patriae
2854 1658 2969 1712 fere
2998 1659 3229 1730 perditae
3263 1660 3563 1715 miserere-

264 1742 419 1798 ricus
439 1761 785 1810 successum,
819 1746 915 1817 qui
946 1747 1282 1802 mirabiliter
1333 1749 1568 1804 adderet
1611 1752 1877 1822 nequitiae
1891 1773 1939 1831 Β
1960 1748 2074 1798 tur.
2102 1744 2452 1799 Venerabilis
2477 1763 2606 1800 vero
2634 1747 2900 1817 pontifex,
2923 1748 3019 1818 qui
3035 1764 3136 1818 pro
3156 1747 3390 1804 veritate
3415 1750 3560 1804 mori

262 1848 381 1886 sua:
400 1834 749 1904 superbiam.
770 1835 914 1889 Nam
930 1852 1042 1890 non
1062 1836 1229 1907 longo
1242 1842 1369 1909 post
1384 1844 1635 1910 tempore
1648 1840 1880 1895 intravit
1960 1838 2191 1902 Paratus
2221 1839 2363 1900 erat.
2396 1835 2619 1905 negavit
2641 1852 2701 1889 se
2722 1835 2951 1890 οῐηηίηο
2971 1836 3272 1903 facturum,
3308 1838 3367 1891 ni
3399 1839 3560 1909 Prius

262 1920 572 1976 Saxoniam
604 1923 663 1976 in
688 1928 984 1994 potentatu
1014 1942 1221 1995 magno
1242 1932 1300 1981 et
1323 1943 1495 1981 manu
1516 1927 1762 1995 robusta,
1784 1930 1875 1984 cui
1959 1920 2028 1974 de
2090 1923 2660 1978 excommunicatione
2710 1923 2931 1994 publice
2984 1925 3365 1994 satisfaceret;
3408 1928 3560 1998 quod

261 2025 332 2063 ex
388 2010 630 2065 adverso
677 2012 920 2067 occurrit
974 2012 1254 2069 Rudolfus
1312 2021 1369 2069 et
1414 2016 1689 2071 acerrimo
1730 2018 1873 2074 bello
1956 2026 2085 2064 cum
2137 2028 2234 2065 rex
2254 2012 2595 2066 conscientia
2623 2018 2922 2067 accusante
2948 2013 3130 2067 facere
3159 2014 3458 2082 renuisset,
3500 2022 3559 2071 et

259 2100 571 2154 commisso
608 2098 910 2156 Heinricus
948 2103 1193 2174 turpiter
1243 2108 1403 2172 terga
1440 2106 1623 2171 vertit,
1658 2106 1717 2159 in
1761 2124 1872 2178 quo
1954 2116 2057 2170 per
2079 2101 2285 2155 multos
2314 2101 2432 2156 dies
2463 2118 2496 2155 a
2527 2102 2797 2157 Romanis
2840 2102 3173 2156 venerabilis
3196 2103 3444 2174 pontifex
3462 2121 3558 2159 ro-

258 2187 456 2257 praelio
504 2187 680 2243 victor
716 2189 989 2244 Rudolfus
1017 2191 1295 2245 occubuit.
1345 2193 1463 2248 Nec
1489 2194 1636 2249 sicut
1697 2195 1880 2251 solent
1959 2195 2210 2258 garetm‘,
2241 2195 2307 2244 ut
2327 2207 2514 2261 regem
2548 2192 2876 2262 susciperet,
2913 2195 2970 2245 et
2990 2191 3087 2245 ille
3117 2192 3184 2246 ad
3213 2208 3409 2247 omnes
3432 2209 3557 2264 pre-

260 2277 408 2330 mori
439 2277 651 2347 ignavi,
679 2283 935 2333 mortuus
965 2290 1051 2334 est
1075 2280 1370 2353 Rudolfus,
1395 2299 1508 2337 non
1539 2283 1759 2353 fugiens
1791 2286 1876 2340 vel
1958 2292 2049 2331 ces
2084 2278 2675 2347 maneretimmobilis,
2698 2279 2970 2351 paulatim
2992 2280 3161 2351 coepit
3178 2281 3553 2351 praefatusrex

258 2364 501 2420 latibula
535 2383 790 2436 quaerens
804 2369 1037 2435 occisus,
1071 2350 1167 2424 sed
1180 2387 1350 2441 super
1365 2376 1583 2441 strages
1608 2372 1867 2428 inimico-
1957 2365 2105 2435 vulgi
2133 2367 2238 2419 Sibi
2258 2366 2505 2421 favorem
2527 2368 2835 2439 θοίιυίτετθτ
2856 2385 3096 2439 cumque
3112 2369 3351 2439 Pe“:unia
3367 2374 3425 2424 ει
3442 2374 3554 2424 ter-

257 2470 385 2507 rum
416 2459 475 2508 et
500 2472 673 2526 super
703 2457 973 2512 cadavera
1000 2464 1355 2513 mortuorum
1384 2460 1643 2531 plagatus
1691 2479 1726 2515 a
1749 2462 1865 2517 suis

252 2541 524 2597 inventus
544 2548 662 2612 est;
687 2546 845 2615 cujus
891 2562 1044 2600 mors
1089 2547 1350 2602 Heinrico
1383 2554 1511 2619 post
1532 2564 1632 2603 VIlI
1656 2549 1776 2604 dies
1804 2550 1864 2605 in

254 2631 508 2702 quodam
571 2638 754 2688 castro
808 2634 1055 2689 latitanti
1083 2640 1141 2690 et
1161 2635 1229 2690 de
1258 2636 1392 2707 fuga
1429 2638 1699 2709 cogitanti
1722 2655 1864 2694 nun-

253 2720 396 2775 tiata
417 2727 532 2785 est,
564 2721 683 2792 qui,
714 2738 842 2776 mox
870 2724 1142 2778 extollens
1166 2724 1225 2778 in
1254 2726 1433 2780 altum
1475 2743 1649 2782 cornu
1696 2746 1862 2784 suum

1948 2469 2075 2507 rore
2103 2461 2160 2508 et
2187 2455 2239 2508 vi
2265 2470 2460 2510 omnes
2480 2456 2597 2510 fere
2619 2456 2725 2510 sibi
2747 2457 3133 2528 acquisivisset
3150 2458 3453 2525 Romanos,
3480 2458 3551 2513 de

1948 2540 2276 2598 fortitudine
2305 2544 2637 2599 venerabilis
2666 2545 2921 2616 Gregorii
2950 2546 3255 2617 desperans
3274 2547 3347 2601 ad
3375 2547 3549 2601 dede-

1946 2647 2045 2685 cus
2075 2637 2131 2684 et
2148 2631 2439 2687 infamiam
2466 2633 2642 2688 totius
2673 2634 2930 2697 Ecclesiae
2951 2634 3289 2690 Guibertum
3325 2635 3387 2690 in
3413 2636 3550 2691 sede

1947 2720 2004 2774 S.
2035 2721 2188 2775 Petri
2209 2721 2472 2776 ordinare
2499 2722 2807 2788 constituit,
2826 2728 2882 2776 et
2892 2739 3021 2777 cum
3040 2740 3153 2778 non
3172 2724 3406 2778 haberet
3424 2725 3548 2796 epi-

1946 2824 2144 2880 scopos
2170 2809 2482 2865 cardinales
2503 2811 2821 2865 sacerdotes
2840 2816 3046 2866 sanctze
3068 2810 3338 2866 Romanae
3350 2812 3544 2867 Eccle-

253 2814 312 2862 et
342 2809 585 2879 loquens
632 2809 903 2865 adversus
950 2812 1254 2867 Dominum
1305 2814 1635 2885 iniquitates
1693 2819 1859 2875 (Psal.

252 2911 435 2961 LXXIV,
461 2897 680 2966 6),,non
709 2915 1116 2968 recognoscens
1148 2901 1370 2956 Satanae
1390 2904 1725 2958 calliditates
1743 2921 1862 2959 cre-
1943 2897 2040 2950 size
2071 2913 2174 2951 nec
2192 2898 2388 2952 levitas
2434 2916 2537 2953 nec
2562 2900 3055 2971 comprovinciales
3080 2900 3387 2972 episcopos,
3422 2900 3543 2971 qui-

249 2985 392 3040 didit
419 2987 544 3041 Deo
573 3003 739 3041 suum
782 2988 1055 3059 placuisse
1098 2996 1409 3061 peccatum.
1461 2993 1596 3046 Post
1650 3010 1858 3064 paucos
1940 2985 2044 3040 bus
2067 3003 2188 3041 mos
2218 2993 2303 3042 est
2321 3004 2525 3059 Papam
2545 2987 3114 3056 inthl‘onizareinemo
3127 2990 3278 3044 enim
3298 3006 3366 3044 ex
3380 2994 3541 3045 ΐεηῒο

251 3091 385 3129 vero
408 3075 533 3130 dies
566 3082 863 3147 postquam
888 3078 1006 3133 haec
1024 3085 1185 3149 gesta
1213 3085 1364 3148 sunt,
1399 3082 1520 3151 ejus
1550 3082 1698 3136 filius
1729 3100 1856 3137 cum
1875 3129 1916 3151 η
1940 3092 2199 3141 numero,
2233 3075 2345 3129 nisi
2369 3076 2465 3146 qui
2489 3092 2523 3130 a
2550 3077 2658 3131 ﬁde
2686 3078 3008 3133 exulaverat
3034 3093 3163 3133 cum
3214 3094 3280 3133 eo
3331 3078 3533 3147 fuerat,

248 3165 500 3219 exercitu
526 3165 1004 3221 excellentissima;
1055 3166 1348 3223 Mathildis
1399 3170 1669 3240 pugnavit
1699 3176 1755 3225 et
1779 3165 1916 3225 vi-u
1938 3169 2107 3218 antea
2137 3165 2288 3218 enim
2319 3165 2637 3219 maluerant
2664 3167 2906 3238 propriis
2929 3166 3152 3221 sedibus
3180 3183 3393 3235 carere,
3416 3167 3539 3224 etsi

246 3254 488 3307 ctoriam
520 3252 782 3309 obtinuit.
826 3256 926 3309 His
956 3256 1137 3310 elatus
1161 3257 1511 3313 successibus
1548 3259 1855 3330 derepente
1936 3258 2222 3323 oporteret
2249 3253 2508 3308 omnibus
2533 3254 2802 3309 membris
2829 3255 3110 3310 debilitari
3136 3271 3307 3327 quam
3355 3256 3537 3327 parti-

246 3341 473 3396 Italiam
503 3342 753 3409 intravit,
791 3348 847 3397 et
876 3349 1002 3415 post
1030 3346 1238 3415 pascha
1265 3347 1473 3401 ducens
1503 3364 1695 3402 secum
1724 3349 1850 3403 bes.
1935 3341 2086 3412 cipes
2114 3342 2235 3396 fieri
2255 3341 2745 3412 coinquinationis.
2798 3345 2848 3397 A
2898 3344 3165 3398 Mutiensi
3202 3344 3461 3415 episcopo
3477 3351 3535 3400 et

244 3430 383 3485 tiam
432 3432 671 3486 Romam
723 3432 924 3498 tendit,
971 3440 1027 3487 et
1055 3433 1115 3487 in
1142 3434 1332 3505 vigilia
1389 3436 1745 3492 Pentecostes
1793 3438 1853 3491 in
1934 3446 1969 3483 a
1995 3430 2333 3485 Bononiensi
2363 3435 2421 3485 et
2447 3431 2780 3485 Aeveniensi
2814 3432 2928 3501 (sic)
2958 3433 3019 3486 in
3038 3433 3170 3487 sede
3198 3432 3350 3488 beati
3376 3433 3532 3488 Petri

242 3519 415 3574 Prato
446 3520 691 3575 Neronis
720 3526 903 3575 castra
933 3528 1178 3576 metatus
1199 3529 1310 3580 est,
1341 3524 1450 3579 Sed
1479 3542 1510 3579 ο
1536 3526 1705 3592 Deus,
1723 3528 1851 3596 quis
1931 3518 2343 3573 inthronizatus
2398 3524 2502 3585 est,
2564 3519 2712 3590 quod
2753 3520 3091 3590 phantasma
3117 3538 3151 3575 a
3181 3522 3383 3576 saeculo
3415 3538 3532 3577 non

243 3623 354 3663 non
388 3614 685 3663 tantorum
729 3609 1073 3679 prudentum
1123 3610 1369 3666 virorum
1424 3619 1611 3684 potest
1654 3615 1850 3671 mirari

244 3700 588 3753 amentiam!
623 3699 768 3753 Nam
825 3700 931 3753 etsi
986 3700 1191 3754 mentis
1232 3702 1421 3756 oculos
1462 3703 1841 3772 perdiderant,

240 3804 545 3859 corporeos
595 3792 788 3841 tamen
816 3805 929 3842 non
972 3788 1298 3844 amiserant.
1329 3792 1534 3845 Annon
1564 3791 1842 3860 videbant,

240 3877 367 3948 quis
397 3877 471 3931 ab
504 3876 587 3930 eis
611 3876 938 3943 ducebatur,
982 3894 1151 3948 quam
1181 3895 1215 3931 a
1241 3879 1508 3934 Romanis
1540 3881 1844 3936 honoriﬁce

239 3964 676 4036 suscipiebatur,
694 3981 827 4018 nam
838 3982 1065 4020 cernere
1082 3971 1206 4020 erat
1219 3984 1321 4038 pro
1338 3968 1514 4021 cereis
1525 3969 1767 4036 lanceas,
1787 3975 1843 4025 et

236 4071 341 4126 pro
352 4054 689 4109 clericorum
706 4054 891 4108 choris
906 4060 1169 4121 armatos,
1188 4072 1290 4127 pro
1306 4056 1565 4112 laudibus
1577 4059 1835 4127 convitia,

232 4160 334 4216 pro
361 4142 655 4215 plausibus
682 4143 953 4197 ululatus.
994 4143 1141 4207 Quid
1169 4145 1373 4215 plura?
1410 4151 1538 4216 post
1571 4163 1835 4217 agrorum

232 4234 607 4287 vastationem
635 4237 693 4285 et
718 4232 898 4286 multa
918 4237 976 4285 et
989 4232 1142 4286 varia
1156 4232 1474 4300 homicidia,
1500 4241 1629 4305 post
1655 4235 1836 4289 varias

227 4322 411 4378 clades
440 4328 499 4376 et
529 4321 805 4387 miserias,
827 4337 966 4391 quas
986 4321 1225 4375 Romani
1246 4324 1499 4377 nolentes
1520 4324 1839 4395 pseudopa—

1932 3613 2019 3662 est
2079 3609 2356 3662 auditum.
2406 3608 2619 3663 Dehinc
2648 3607 2707 3662 in
2734 3609 2951 3664 Pascha
2984 3626 3019 3663 a
3053 3610 3157 3664 tali
3193 3609 3532 3665 benedictio-

1929 3712 2060 3749 nem
2090 3696 2442 3767 imperialem
2469 3697 2701 3768 accepit,
2747 3699 2938 3768 sicque
2967 3697 3247 3753 civitatem
3296 3699 3530 3754 intravit

1927 3784 2135 3838 ducens
2164 3801 2355 3838 secum
2382 3784 2698 3839 triformem
2727 3786 3051 3855 chimeram,
3086 3792 3144 3841 et
3188 3787 3260 3842 ad
3287 3788 3525 3843 Latera-

1926 3890 2098 3928 nense
2128 3890 2307 3944 usque
2334 3872 2586 3944 pervenit
2610 3875 2906 3944 palatium.

1994 3960 2342 4014 Venerabilis
2382 3976 2510 4014 vero
2557 3961 2864 4032 Gregorius
2908 3972 2974 4017 ut
3025 3965 3286 4034 cognovit
3330 3966 3523 4037 populi

1921 4047 2354 4120 trepidationem
2370 4048 2491 4117 jam
2520 4048 2734 4103 dudum
2763 4051 2823 4104 in
2853 4067 2980 4105 arce
3010 4051 3073 4108 S.
3111 4053 3311 4122 Angeli
3348 4069 3409 4107 se
3434 4054 3522 4107 lo-

1921 4143 2161 4204 caverat,
2187 4136 2258 4190 ad
2278 4138 2438 4207 cujus
2458 4135 2803 4192 obsidionem
2848 4156 2947 4193 rex
2997 4156 3189 4193 omnes
3235 4141 3520 4196 Romanos

1919 4226 2176 4281 armavit.
2200 4224 2330 4297 Ipse
2360 4241 2490 4279 vero
2519 4225 2882 4283 dissimulans
2912 4228 3203 4283 fortissimi
3225 4229 3384 4284 ducis
3403 4229 3518 4283 Ro-

1918 4316 2064 4370 berti
2084 4315 2388 4369 adventum
2418 4314 2654 4381 nescire,
2686 4316 2989 4386 capitolina
3016 4317 3183 4371 domo
3202 4318 3513 4385 destructa,

223 4428 360 4483 pam
386 4411 676 4481 suscipere
707 4409 957 4480 perpessi
981 4416 1140 4476 sunt;
1177 4427 1304 4465 cum
1327 4412 1524 4467 eodem
1554 4428 1652 4466 rex
1682 4402 1896 4467 Lon-D
1914 4405 1986 4460 ad
2015 4405 2305 4460 ecclesiam
2353 4407 2410 4461 S.
2463 4404 2617 4457 Petri
2642 4421 2771 4459 cum
2801 4405 3069 4460 Guiberto
3096 4406 3346 4473 veniens,
3381 4405 3516 4461 civi-

222 4500 557 4571 gobardiam
585 4499 790 4553 infecto
821 4498 1050 4568 negotio
1080 4498 1265 4554 rediit.

295 4585 572 4656 Sequenti
603 4601 732 4638 vero
765 4585 952 4638 hieme
981 4584 1191 4638 ducens
1237 4600 1426 4638 secum
1478 4585 1830 4655 pestiferum,

222 4675 437 4729 iterum
456 4673 790 4728 Romaniam
820 4672 1071 4740 intravit,
1102 4677 1160 4727 et
1187 4673 1535 4743 depopulans
1566 4675 1749 4741 urbes,
1774 4681 1832 4729 et

224 4771 416 4818 castra
445 4767 703 4817 evertens
754 4762 826 4815 ad
851 4762 1115 4816 ultimum
1143 4779 1246 4832 per
1269 4778 1434 4816 omne
1464 4763 1828 4833 quadragesi-

224 4852 375 4907 male
393 4858 619 4922 tempus
640 4851 879 4905 Romam
910 4850 1148 4915 obsedit,
1185 4855 1242 4904 et
1269 4856 1395 4921 post
1427 4852 1634 4922 pascha
1681 4868 1835 4906 exer-

222 4942 343 4996 citu
374 4957 477 5011 per
513 4940 767 4993 civitates
798 4945 852 4992 et
876 4940 1060 4993 vicina
1084 4945 1271 4994 castra
1310 4941 1558 5012 undique
1589 4941 1828 4995 circum-

221 5030 373 5095 fuso,
407 5028 701 5083 dimittens
729 5028 879 5099 apud
897 5028 1145 5084 Tiberim
1171 5029 1523 5096 Guibertum,
1546 5030 1665 5101 ipse
1685 5031 1836 5085 Lon-

218 5118 561 5190 gobardiam
589 5117 880 5171 remeavit.

295 5205 610 5261 Guibertus
650 5221 783 5258 vero
812 5210 875 5259 ut
900 5205 1150 5260 Alcimus
1200 5207 1303 5277 (ita
1332 5206 1666 5273 membran.)
1697 5207 1835 5261 satis

223 5296 438 5367 agebat
464 5312 566 5366 pro
592 5295 904 5349 sacerdotio
932 5312 1054 5362 suo,
1090 5311 1222 5349 nam
1253 5313 1352 5366 per
1380 5312 1546 5350 omne
1575 5296 1836 5350 festivum

223 5393 459 5454 tempus
487 5399 722 5453 magnas
759 5381 1202 5452 depraedationes
1250 5388 1308 5437 et
1346 5385 1524 5438 varias
1554 5384 1834 5438 Romano-

221 5490 363 5529 rum
397 5473 603 5527 civium
626 5472 1011 5526 truncationes
1046 5471 1304 5539 faciebat,
1367 5473 1569 5527 dehinc
1614 5478 1832 5543 segetes

226 5570 287 5619 et
322 5578 492 5634 agros
511 5562 747 5619 ﬂamma
773 5560 1141 5635 depOpulans,
1193 5561 1264 5618 de
1313 5561 1554 5641 penuria
1577 5562 1664 5617 vel
1684 5562 1834 5618 fame

1915 4499 2091 4549 tatem
2131 4497 2187 4551 S.
2218 4498 2393 4564 Petri,
2426 4515 2597 4570 quam
2646 4497 2759 4552 Leo
2807 4496 2882 4550 IV
2924 4511 3070 4567 papa
3119 4495 3509 4561 aediﬁcaverat,

1914 4582 2168 4638 funditus
2192 4585 2489 4653 destruxit,
2522 4586 2713 4657 sicque
2736 4585 2856 4638 vale
2879 4584 3087 4638 faciens
3118 4583 3384 4639 Romanis
3400 4600 3518 4640 una

1913 4687 2041 4725 cum
2096 4673 2366 4730 Guiberto
2404 4675 2668 4742 recessit;
2709 4674 2809 4728 sed
2846 4678 3152 4742 antequam
3196 4673 3269 4727 ad
3308 4673 3517 4728 Senam

1912 4762 2157 4816 venisset
2175 4762 2512 4819 fortissimus
2531 4763 2641 4817 dux
2657 4763 3015 4833 Ruodpertus
3033 4761 3272 4817 Romam
3291 4779 3518 4835 aggres-

1913 4867 2028 4918 sus,
2056 4868 2170 4905 non
2201 4868 2301 4922 per
2327 4852 2636 4908 triennium
2665 4857 2731 4906 ut
2757 4849 3074 4919 Heinricus,
3115 4851 3216 4906 sed
3254 4853 3514 4924 sequenti

1915 4938 2027 5006 die,
2052 4957 2165 5011 qua
2194 4942 2367 5008 venit,
2398 4942 2669 5012 perﬁdam
2695 4940 2979 4995 civitatem
3030 4940 3205 4995 armis
3256 4942 3426 5012 cepit,
3457 4945 3516 4995 et

1916 5043 2120 5098 papam
2142 5028 2211 5082 ab
2231 5029 2519 5085 obsidione
2530 5029 2805 5096 liberavit,
2837 5034 2894 5083 et
2908 5029 3027 5083 fere
3056 5045 3251 5084 omnes
3278 5028 3517 5084 civitatis

1914 5115 2179 5172 Romanae
2194 5118 2449 5190 regiones
2466 5118 2643 5173 victor
2655 5119 2803 5173 ferro
2823 5119 3223 5189 ﬂammamque
3242 5117 3508 5188 possedit.

1917 5204 2130 5261 Dehinc
2159 5209 2306 5278 apud
2332 5209 2712 5262 Lateranense
2755 5207 3032 5278 palatium
3057 5207 3368 5277 permultos
3396 5204 3517 5258 dies

1917 5295 2125 5364 degens
2145 5298 2323 5350 multa
2346 5297 2522 5351 millia
2550 5298 2933 5351 Romanorum
2952 5294 3202 5349 vendidit
3216 5297 3280 5346 ut
3295 5292 3517 5347 Iudaeos

1919 5384 2188 5454 quosdam
2229 5401 2358 5438 vero
2390 5384 2637 5455 captivos
2662 5385 2821 5437 duxit
2849 5398 3026 5452 usque
3072 5379 3411 5447 Calabriam,
3459 5387 3518 5435 et

1915 5472 2015 5525 tali
2044 5488 2210 5542 poena
2235 5472 2566 5543 dignierant
2583 5471 2831 5536 multari,
2879 5470 2972 5540 qui
2995 5469 3066 5523 ad
3088 5467 3515 5524 similitudinem

1913 5559 2240 5620 Judaeorum
2269 5567 2556 5633 pastorem
2572 5574 2738 5617 suum
2750 5557 3124 5617 tradiderunt.
3148 5557 3295 5623 Quid
3312 5558 3513 5631 plura?
