3872 6168
154 200 241 259 857
1312 196 1528 251 LIBER
1564 195 1657 251 DE
1697 194 2227 252 SACRAMENTIS.
3297 195 3404 252 858

151 323 368 403 episcopi
403 322 547 377 liber
570 322 642 403 de
664 321 1131 403 sacramentis'ad
1158 321 1511 403 Gualterium
1536 321 1842 403 Eeonensis
1869 320 2207 403 monasterii
2216 320 2500 403 abbatem,
2522 335 2642 403 quo_
2655 320 2715 403 in
2740 320 2890 403 libr_o_
2915 325 3113 403 auctor
3140 322 3397 403 meminit

152 392 358 450 alterius
388 410 419 448 ο
461 393 639 449 usculi
668 394 756 448 sui
785 398 983 448 contra
1008 393 1262 462 Ugonem
1300 392 1681 447 schismaticur

154 468 371 519 Historia
401 411 600 519 ἔρειδε.
635 466 961 519 Placentina:
987 464 1060 519 ad
1088 480 1308 518 annum
1336 462 1476 519 10M
1502 468 1551 516 et
1581 460 1679 519 108

1873 394 1887 446 l
1922 397 1970 445 et
2017 398 2145 446 ante
2178 392 2569 446 Mabillonium
2603 394 2795 445 Petrus
2831 392 3016 445 Maria
3047 393 3307 461 Campius
3336 397 3401 448 in

1873 479 1935 515 ra
1953 466 2145 518 attulit
2174 464 2237 517 de
2261 465 2527 516 Bonizone
2556 464 2914 519 praelaudato,
2946 468 3111 519 atque
3134 466 3283 517 inter
3308 480 3402 519 cz-

154 468 371 522 Historia
401 463 600 520 Eccles.
635 466 961 519 Placentinis
987 464 1060 521 ad
1088 480 1308 518 annum
1336 463 1476 519 10M
1502 468 1551 516 et
1581 463 1732 523 1087,
1763 466 1935 532 plura
1953 466 2145 518 attulit
2174 464 2237 517 de
2261 465 2527 516 Bonizone
2552 464 2914 529 praelaudato,
2946 468 3111 530 atque
3134 466 3283 517 inter
3308 480 3402 519 cz-

156 545 252 591 tera
277 539 493 589 monuit
526 552 581 589 se
610 537 784 591 Romae
811 537 1007 588 vidisse
1035 537 1196 588 illius
1227 536 1434 588 librum
1481 534 1561 587 De
1608 534 1996 588 ecclesiasticis
2018 533 2401 587 sacramentis.
2429 535 2614 600 Igitur
2636 537 2964 601 opusculum
2994 536 3165 595 istud,
3200 536 3346 602 quod
3375 552 3402 589 e

152 625 236 663 ms.
263 608 432 661 codice
462 608 840 660 Ambrosianus
868 606 1190 659 bibliotheca
1216 607 1351 658 olim
1380 620 1471 671 ego
1501 605 1683 666 hausi,
1714 606 1788 659 ad
1816 605 2167 659 Gualterium
2194 604 2498 659 Leonensis
2529 604 2855 658 monasterii
2885 620 2997 658 non
3027 607 3397 669 abbatem,sed

154 678 390 750 priorem,
422 680 720 746 scriptum,
753 678 842 730 hic
869 677 1126 730 additum
1155 677 1292 730 volo.

374 718 390 739 ι
422 715 494 731 ου’
514 715 720 743 ομνισσυν,
753 715 841 730 ’.συ
869 715 1126 730 "ww-Iw"!
1160 715 1292 730 ννυυο

620 894 1072 1080 INCIPIT
1169 895 1729 1082 ΙᾹΒΕΙιΙιῐΙδ
1827 899 1979 1082 Illi
2101 895 2921 1083 SlCIllIIIiNTIS

964 1168 1053 1275 A
1128 1162 1904 1278 BONIZONE
1978 1164 2544 1283 EDITUS

303 1344 406 1405 AD
449 1340 962 1410 GUALTERIUM
1020 1344 1454 1411 LEONENSIS
1495 1345 1845 1410 COENOBII
1888 1347 2331 1412 MONACHUM
2375 1348 2475 1412 ET
2517 1345 2871 1409 PitIOREII
2912 1346 3222 1407 MISSUS.

215 1530 404 1585 Sancta
458 1535 519 1585 et
556 1531 889 1588 universalis
924 1539 1106 1589 mater
1147 1531 1412 1597 Ecclesia,
1457 1531 1557 1585 uni
1610 1531 1728 1586 viro
1745 1536 1796 1593 A
1815 1532 1982 1586 corde
2006 1533 2129 1603 ipso
2149 1551 2327 1606 usque
2352 1536 2441 1590 die
2471 1537 2541 1591 ad
2565 1535 2677 1591 tria
2705 1532 2883 1588 millia
2911 1533 2968 1587 in
2990 1531 3217 1587 nomine
3233 1528 3413 1585 Patris

162 1619 431 1688 conjuncta
453 1618 840 1693 Christo,quia
868 1639 981 1677 non
1004 1622 1255 1678 ambulat
1284 1621 1343 1676 in
1370 1620 1590 1686 umbra,
1622 1619 1725 1676 sed
1810 1626 1867 1675 et
1894 1621 2023 1676 Filii
2048 1628 2105 1677 et
2152 1624 2396 1696 Spiritus
2424 1626 2603 1680 sancti
2640 1623 2963 1696 baptizavit.
2999 1622 3352 1690 Quapropter
3379 1632 3415 1671 a

163 1706 243 1761 Dei
263 1708 443 1778 gratia
471 1715 625 1764 certa
644 1710 765 1780 jam
793 1711 1004 1767 fruitur
1044 1729 1126 1779 re,
1156 1711 1338 1767 multa
1378 1726 1492 1765 non
1530 1707 1729 1780 recipit
1816 1710 2091 1766 Romanis
2109 1714 2466 1783 pontificibus
2485 1714 2779 1768 deﬁnitum
2794 1717 2881 1766 est
2900 1710 3134 1775 ut,sicut
3150 1704 3411 1770 inﬁrmis,

163 1795 702 1852 sacramenta.Habet
718 1804 910 1855 tamen
925 1800 1242 1871 pauca,duo
1264 1799 1333 1854 ab
1348 1799 1468 1870 ipso
1490 1797 1729 1852 Domino
1812 1804 1868 1853 et
1892 1806 2074 1855 morte
2124 1802 2591 1872 periclitantibus,
2626 1811 2682 1856 et
2719 1800 3006 1855 obsidione
3039 1796 3255 1868 positis,
3280 1792 3416 1848 etin

162 1885 356 1951 tradita,
384 1885 643 1956 quaedam
674 1904 805 1942 vero
836 1888 907 1942 ab
951 1889 1221 1961 apostolis
1259 1888 1537 1944 instituta.
1586 1888 1732 1942 Prie-
1813 1889 2109 1961 naufragio
2166 1896 2226 1945 et
2271 1891 2331 1944 in
2376 1892 2591 1947 caeteris
2632 1889 2912 1961 periculis,
2954 1903 3026 1941 ne
3058 1886 3180 1940 sine
3230 1880 3418 1953 gratia

164 1978 352 2043 ceptum
375 1972 527 2027 enim
548 1972 891 2045 baptizandi,
914 1981 971 2030 et
992 1970 1234 2047 qualiter
1250 1976 1733 2049 baptizandis,quo
1813 1978 2083 2050 baptismi
2111 1985 2365 2050 pereant,
2390 1964 2816 2050 omnitempore
2831 1973 3271 2031 subveniendum
3295 1988 3308 2037 ς
3334 1968 3416 2024 sic

163 2061 211 2115 in
254 2078 447 2116 novum
498 2062 811 2117 renascitur
836 2063 1139 2128 hominem,
1185 2071 1244 2119 et
1286 2065 1407 2119 sine
1431 2082 1560 2135 quo,
1590 2070 1735 2119 teste
1819 2068 1973 2122 sanis
2004 2073 2061 2122 et
2110 2068 2485 2123 incolumibus
2540 2069 2599 2122 in
2651 2071 2844 2122 sancto
2891 2070 3115 2119 tantum
3170 2058 3415 2116 Sabbato

164 2148 402 2219 Veritate,
433 2166 602 2204 nemo
651 2149 886 2205 intrabit
915 2151 975 2205 in
1012 2168 1250 2222 regnum
1296 2152 1584 2218 caelorum,
1613 2152 1734 2206 dari
1818 2157 2063 2222 Pascha,
2099 2162 2157 2211 et
2184 2156 2426 2212 Sabbato
2452 2159 2806 2211 Pentecostes
2832 2150 3271 2209 subveniendum
3305 2152 3412 2203 est.

164 2239 332 2294 debeat
363 2239 694 2311 baptismus,
736 2247 864 2311 post
906 2240 1376 2296 resurrectionem
1406 2240 1674 2311 apostolis
1702 2257 1737 2295 a
1818 2245 2097 2301 Prtcterea
2152 2246 2197 2300 si
2237 2247 2462 2317 quando
2504 2247 2592 2300 vel
2631 2246 3019 2299 haereticorum
3050 2238 3295 2304 vesania,
3327 2235 3416 2290 vel

167 2325 374 2381 Domino
398 2327 743 2382 traditumin
760 2329 1057 2399 Evangelio
1076 2329 1383 2383 secundum
1408 2329 1737 2383 Matthaeum
1819 2335 2123 2389 stultorum
2154 2334 2506 2388 sacerdotum
2535 2333 2872 2404 ignorantia,
2913 2347 3026 2386 una
3055 2346 3122 2384 ex
3147 2326 3327 2383 tribus
3354 2324 3416 2379 in

167 2414 378 2485 legimus
402 2416 461 2471 in
498 2417 648 2471 hunc
675 2418 905 2472 modum
940 2440 953 2473 :
989 2419 1083 2479 Ite,
1117 2419 1292 2472 docete
1320 2433 1505 2472 omnes
1533 2422 1731 2484 gentm,
1820 2423 2099 2494 baptismo
2129 2423 2665 2477 fueritinnominata
2686 2438 2943 2493 persona,
2962 2436 3071 2475 non
3103 2418 3211 2472 erit
3229 2421 3414 2471 ratum

166 2504 475 2572 baptizantes
497 2522 582 2558 eos
607 2509 671 2560 in
703 2509 927 2561 nomine
944 2508 1144 2573 Patris,
1172 2512 1221 2560 et
1240 2507 1392 2573 Filii,
1428 2511 1476 2559 et
1494 2506 1738 2574 Spiritus
1820 2512 2119 2584 baptisma,
2151 2528 2254 2566 nec
2281 2511 2389 2565 dici
2433 2511 2642 2582 poterit,
2684 2511 2971 2574 iteratum,
3018 2507 3167 2579 quod
3196 2507 3417 2560 constat

163 2591 334 2647 Sancti
366 2594 589 2660 (Matth.
644 2608 836 2660 xxvm,
864 2593 946 2663 19)
981 2613 993 2648 :
1042 2599 1107 2649 ut
1154 2594 1409 2650 doctrina
1444 2594 1692 2649 antecedi

1885 2617 1934 2655 in
1964 2606 2114 2655 recte
2132 2600 2361 2654 factum.
2396 2599 2554 2663 Quod
2584 2599 2753 2653 etiam
2785 2600 2844 2652 in
2872 2596 3101 2653 Actibus
3129 2591 3414 2665 apostolo-

166 2680 435 2752 baptisma,
466 2683 681 2738 scilicet
708 2688 773 2738 ut
810 2689 942 2739 ante
971 2684 1237 2739 doceatur
1264 2684 1491 2738 credere
1520 2682 1616 2756 qui
1636 2682 1739 2737 ba-
1821 2706 1949 2744 rum
1978 2672 2174 2743 fecisse
2198 2688 2442 2757 legimus
2468 2688 2706 2743 Paulum
2731 2687 2801 2741 de
2841 2686 2930 2740 his
2958 2685 3055 2756 qui
3082 2681 3419 2754 baptismate

168 2770 438 2841 ptizandus
459 2778 565 2838 est,
589 2789 757 2843 quam
775 2772 1121 2844 baptizetur;
1149 2772 1282 2844 quia
1303 2772 1448 2827 sicut
1462 2773 1601 2827 ﬁdes
1621 2772 1743 2826 sine
1757 2824 1803 2850 ι)
1821 2778 2086 2850 baptizati
2108 2782 2270 2831 erant
2295 2776 2696 2831 Joannis.Nam
2714 2775 2845 2846 quia
2866 2774 3139 2845 Spiritum
3159 2774 3418 2827 sanctum

169 2861 406 2930 operibus
424 2868 651 2916 mortua
675 2867 762 2917 est
775 2864 908 2928 (Jac.
938 2876 1000 2929 ιι,
1024 2861 1137 2933 17),
1165 2864 1248 2916 ita
1272 2866 1328 2916 et
1355 2878 1543 2934 opera,
1566 2860 1698 2915 sino

1887 2867 2096 2931 indum,
2132 2867 2180 2920 si
2210 2872 2375 2931 esset,
2399 2870 2795 2935 cognoverant,
2821 2864 3025 2918 iterum
3043 2859 3416 2931 baptizantur,

169 2953 281 3002 sunt
317 2966 383 3003 ex
422 2950 554 3017 ﬁde,
599 2950 742 3004 nihil
782 2955 1041 3022 Prosunt
1082 2950 1241 3014 Ωιιοά
1270 2950 1329 3004 in
1356 2949 1601 3021 Parvulis
1623 2948 1743 3019 qui-
1826 2957 1941 3011 imo
1965 2971 2096 3009 vero
2116 2971 2309 3008 verum
2340 2953 2653 3024 suscipiunt
2676 2951 3226 3021 baptisma.0portet
3244 2944 3413 3010 enim,

167 3035 277 3091 dem
301 3055 414 3094 non
453 3039 800 3106 observatur,
833 3039 966 3110 quia
994 3056 1095 3112 per
1139 3040 1308 3094 ﬁdem
1338 3044 1658 3110 parentum,
1686 3043 1745 3092 et
1825 3052 1890 3101 ut
1914 3044 2010 3116 qui
2041 3044 2141 3098 filii
2167 3043 2375 3098 debent
2403 3060 2526 3097 esse
2564 3040 2899 3113 adOptionis,
2944 3056 3009 3095 eo
3054 3039 3424 3093 renascantur

170 3141 335 3183 eorum
367 3145 404 3182 a
432 3129 638 3200 quibus
670 3130 1054 3200 suscipiuntur
1092 3128 1148 3183 in
1189 3145 1347 3184 sacro
1385 3127 1740 3200 baptismate,
1827 3132 2061 3204 Spiritu,
2115 3149 2225 3203 quo
2273 3132 2596 3187 Dominicus
2633 3132 2801 3185 homo
2838 3130 2898 3184 in
2951 3126 3208 3198 virginali
3256 3129 3420 3179 utero

170 3214 347 3270 salvari
377 3217 704 3271 creduntur.
736 3217 824 3273 Ita
850 3222 1043 3271 tamen
1071 3222 1136 3271 ut
1164 3233 1292 3271 cum
1317 3216 1388 3270 ad
1415 3215 1747 3286 intelligibi-
1827 3227 2127 3292 conceptus
2153 3228 2255 3276 est.
2275 3221 2472 3275 Gratia
2500 3219 2648 3275 enim
2676 3220 2778 3274 Dei
2800 3216 3165 3273 renascimur.
3194 3214 3265 3269 Et
3292 3211 3426 3283 quia

167 3300 258 3355 lem
309 3310 537 3359 etatem
588 3304 962 3376 pervenerint,
1011 3320 1124 3359 non
1170 3305 1348 3359 solum
1414 3305 1741 3370 doceantur,
1829 3326 1943 3364 una
1974 3314 2060 3363 est
2098 3309 2283 3363 Patris
2330 3316 2388 3363 et
2427 3308 2555 3362 Filii
2614 3314 2669 3362 et
2705 3306 2949 3378 Spiritus
2995 3303 3175 3359 sancti
3220 3300 3418 3365 deitas,

168 3391 280 3460 quii
304 3393 360 3447 in
406 3393 575 3449 corde
617 3393 862 3447 debeant
902 3394 1149 3460 credere,
1185 3393 1283 3448 sed
1329 3394 1499 3448 etiam
1524 3392 1659 3464 quid
1682 3393 1744 3448 in
1827 3414 1941 3453 una
1962 3398 2241 3463 voluntas,
2271 3413 2385 3451 una
2412 3396 2607 3468 procul
2656 3394 2825 3450 dubio
2868 3400 2956 3449 est
3000 3390 3270 3464 operatio.
3295 3389 3426 3443 H830

168 3494 311 3549 opere
325 3480 646 3536 observare.
669 3482 739 3535 Et
756 3482 1029 3536 licetante
1048 3482 1397 3536 Dominieam
1419 3481 1742 3536 Passionem
1828 3487 1899 3541 de
1928 3491 2280 3541 sacramento
2318 3485 2579 3556 baptismi
2611 3500 2761 3538 nunc
2799 3482 3047 3537 breviter
3089 3496 3181 3534 me
3220 3476 3426 3532 dixisse

171 3567 350 3624 Christi
380 3570 638 3640 legamus
685 3568 995 3641 baptizasse
1027 3570 1348 3642 discipulos,
1389 3574 1582 3624 tamen
1611 3569 1745 3640 quia
1829 3574 2096 3630 sufﬁciat.
2128 3576 2293 3629 Nunc
2318 3590 2449 3629 vero
2476 3574 2546 3628 ad
2578 3572 2930 3629 eucharistise
2959 3577 3314 3625 transeamus
3339 3581 3426 3620 sa-

168 3659 392 3713 nandum
417 3664 543 3714 erat
566 3659 892 3713 immolatus
918 3661 1134 3730 Agnus,
1167 3660 1264 3731 qui
1289 3665 1518 3714 venerat
1545 3659 1743 3713 tollere
1825 3669 2199 3719 cramentum.

166 3754 370 3817 peccata
396 3748 615 3815 mundi,
646 3748 973 3818 hujusmodi
1017 3747 1450 3820 suscipientibus
1496 3747 1745 3819 paradisi
2064 3753 2157 3807 DE
2194 3752 2658 3808 SAGRAMENTO
2698 3749 3187 3806 EUCHARISTLE.

165 3850 262 3890 non
287 3837 575 3892 reserabat
595 3836 912 3904 introitum,
946 3842 1002 3891 et
1030 3853 1143 3891 non
1175 3841 1436 3908 poterant
1456 3836 1512 3890 in
1539 3852 1744 3890 novum
1897 3841 2108 3896 Ultimo
2145 3841 2320 3911 phase
2348 3857 2474 3895 cum
2503 3839 2772 3910 apostolis
2800 3855 2833 3892 a
2860 3836 3097 3893 Domino
3125 3833 3425 3896 celebrato,

166 3939 438 3997 resurgere
468 3925 1198 3997 hominemiquiconsepulti
1216 3942 1329 3980 non
1343 3931 1506 3979 erant
1524 3925 1745 3980 Christo
1827 3930 1897 3984 de
1927 3945 2037 4000 quo
2068 3929 2376 3983 secundum
2405 3929 2614 3983 Lucam
2642 3926 2816 3981 habes
2836 3925 3141 3981 Dominum
3162 3923 3368 3978 dixisse
3409 3939 3421 3973 :

165 4027 252 4081 P0P
290 4013 632 4085 baptismum
669 4013 728 4068 in
762 4019 1005 4068 mortem
1031 4014 1205 4082 (Rom-
1246 4030 1319 4080 Vl,
1362 4011 1436 4076 4)-
1469 4013 1747 4067 Οωῐθΐιιῐῐι
1828 4019 2107 4075 Desiderio
2134 4018 2443 4071 desideravi
2492 4018 2590 4071 hoc
2635 4017 2839 4071 Pascha
2876 4014 3215 4068 manducare
3248 4011 3426 4064 uobis-

169 4099 282 4155 licet
299 4101 506 4158 talibus
534 4102 697 4173 regni
721 4102 962 4156 ccelestis
990 4117 1091 4174 per
1120 4102 1441 4172 hujusmodi
1466 4100 1744 4172 baptisma
1763 4136 1807 4196 Ο
1827 4123 1972 4169 cum,
2004 4110 2307 4174 antequam
2323 4108 2535 4174 patiar.
2566 4106 2696 4159 Dico
2721 4106 2871 4157 enim
2902 4103 3046 4156 vobis
3082 4102 3218 4168 quia
3242 4113 3307 4152 ea;
3329 4097 3426 4150 hoc

165 4201 263 4241 non
310 4190 674 4262 aperiebatur
708 4192 910 4261 janua,
960 4206 1074 4244 non
1116 4194 1309 4244 tamen
1357 4189 1587 4244 omnino
1624 4189 1939 4248 erat'non
1999 4194 2343 4247 manducabo
2389 4193 2555 4258 illud,
2595 4193 2761 4245 donec
2814 4191 3118 4259 impleatur
3150 4189 3216 4240 in
3258 4199 3425 4251 regno

165 4289 612 4346 supervacaneus.
660 4278 904 4333 Tantum
936 4277 1085 4331 enim
1115 4277 1382 4348 proderat
1419 4277 1516 4331 ille
1561 4275 1747 4347 bapti-
1826 4285 1944 4338 Dei.
2008 4282 2095 4345 Et,
2165 4288 2377 4350 accepto
2442 4284 2629 4346 calice,
2686 4281 2900 4347 gratias
2957 4279 3063 4344 egit
3107 4280 3156 4329 et
3206 4275 3351 4327 dixit
3407 4290 3423 4326 :

163 4378 323 4432 smus,
343 4373 623 4439 quantum
670 4366 1011 4421 exorcismus
1041 4371 1099 4420 et
1124 4366 1484 4420 catechizatio
1512 4381 1692 4436 prosui

1895 4374 2066 4441 'cipite
2133 4377 2183 4425 et
2239 4371 2469 4424 dividite
2532 4372 2682 4423 inter
2728 4383 2835 4421 cos.
2896 4368 3025 4420 Dico
3073 4366 3223 4419 enim
3278 4362 3424 4417 vobis

164 4449 517 4525 baptizandis.
570 4455 687 4509 Nec
717 4470 1060 4526 quemquam
1100 4460 1323 4509 moveat
1368 4453 1518 4525 quod
1563 4452 1747 4525 bapti-
1829 4460 1971 4530 quod
2047 4475 2159 4513 non
2235 4461 2416 4513 bibam
2490 4457 2555 4511 de
2627 4457 2976 4524 generatione
3046 4455 3197 4518 vilis,
3260 4451 3429 4505 donec

159 4557 301 4598 smus
316 4545 447 4599 talis
467 4543 679 4598 dicitur
698 4543 906 4598 Christi
927 4543 985 4597 in
1007 4543 1326 4613 Evangelio.
1352 4543 1498 4597 Nam
1514 4547 1571 4595 et
1585 4542 1688 4595 (ide

1898 4566 2067 4618 gnum
2103 4550 2203 4603 Dei
2243 4551 2429 4601 veniat
2459 4548 2603 4613 (Luc.
2646 4559 2782 4610 χχιι,
2831 4544 2941 4611 15).
2989 4541 3215 4597 Abolito
3252 4539 3427 4609 igitur

161 4646 260 4700 qua
296 4632 633 4687 imbuuntur
673 4630 1078 4697 catechumeni,
1116 4638 1173 4685 et
1202 4631 1408 4685 dicitur
1433 4630 1660 4692 Christi,
1694 4634 1751 4684 et
1831 4638 2035 4693 veteris
2061 4637 2202 4707 mgis
2227 4641 2579 4691 sacramento
2587 4675 2603 4706 ,
2635 4633 2951 4705 spretisque
2979 4628 3298 4686 carnalibus
3323 4629 3425 4683 Ju-

160 4723 251 4776 est.
305 4720 437 4775 Sine
484 4719 846 4791 perceptione
878 4725 1070 4773 tamen
1118 4717 1380 4790 baptismi
1410 4734 1524 4771 non
1570 4718 1751 4771 salvat
1830 4727 2001 4781 daicae
2029 4726 2207 4796 plebis
2247 4723 2607 4787 caerimoniis,
2634 4739 2757 4793 quae
2789 4728 2945 4775 vetus
2972 4719 3198 4775 nomine
3237 4718 3296 4773 in
3322 4718 3429 4772 hoc

158 4809 597 4865 catechumenos.
621 4808 916 4863 Enimvero
944 4807 1077 4862 licet
1101 4812 1231 4878 post
1256 4806 1745 4871 resurrectionem,
1828 4814 1949 4869 ιοοο
1989 4813 2336 4884 designatur,
2371 4810 2629 4882 protinus
2666 4810 2810 4864 Novi
2847 4806 3194 4864 Testamenti
3240 4822 3429 4861 sacra-

159 4905 209 4954 et
232 4907 572 4974 praeceptum
600 4900 918 4973 baptizandi
947 4906 1008 4955 et
1031 4900 1263 4955 modum
1283 4900 1565 4971 apostolos
1587 4899 1746 4970 lega-
1828 4907 2102 4968 mentum,
2135 4906 2193 4955 et
2251 4900 2425 4954 ritum
2486 4897 2825 4965 celebrandi,
2873 4896 3149 4968 accipiens
3199 4910 3423 4967 panem,

157 5005 272 5045 mus
298 5009 336 5046 a
362 4992 606 5046 Domino
634 4989 965 5060 suscepisse,
1006 5005 1118 5042 non
1146 4994 1338 5042 tamen
1384 4987 1622 5058 legimus
1650 5005 1745 5042 eos
1826 4989 2241 5047 commendavit
2300 4987 2588 5059 apostolis.
2637 4987 2829 5041 dicens
2882 5004 2894 5040 :
2948 4988 3056 5041 Hoc
3112 4991 3187 5038 est
3231 4999 3428 5051 corpus

156 5076 475 5150 baptizasse,
500 5079 612 5133 nisi
651 5084 781 5149 post
816 5078 1116 5131 adventum
1158 5077 1337 5131 sancti
1368 5076 1609 5147 Spiritus
1633 5076 1745 5130 Pa—
1826 5097 2013 5135 meum
2042 5082 2185 5149 quod
2211 5095 2313 5148 pro
2340 5080 2487 5131 vobis
2519 5079 2788 5131 tradetur.
2827 5077 2934 5131 Hoc
2963 5076 3127 5142 facile
3154 5074 3217 5125 in
3249 5087 3425 5125 meam

155 5167 361 5223 racleti.
388 5170 455 5224 In
476 5168 568 5222 die
588 5166 737 5221 enim
763 5172 957 5221 sancto
978 5166 1335 5220 Pentecostes
1363 5181 1491 5219 cum
1508 5166 1747 5234 apostoli
1828 5168 2704 5224 commemorationem.Similiter
2722 5171 2772 5219 et
2785 5166 3318 5230 calicem,postquam
3334 5174 3427 5213 οω-

155 5254 356 5326 linguis
394 5257 765 5327 loquerentur
806 5254 1060 5309 omnium
1091 5254 1366 5324 gentium,
1402 5253 1608 5307 Judaeis
1652 5270 1747 5308 eos
1829 5260 2008 5322 navit,
2042 5258 2227 5310 dicens
2260 5274 2276 5308 :
2307 5256 2408 5309 [lic
2435 5258 2511 5307 est
2543 5256 2909 5307 calixnovum
2947 5253 3332 5302 testamentum
3362 5249 3424 5301 in

154 5352 331 5399 musto
356 5345 552 5416 plenos
581 5361 702 5398 esse
731 5343 1349 5413 concrepantibus(Acl.
1370 5358 1428 5406 ιι,
1461 5342 1747 5410 l),Petrus
1829 5349 2102 5412 sanguine
2137 5346 2379 5412 meo,qui
2400 5359 2505 5411 pro
2546 5343 2691 5394 vobis
2722 5341 2993 5407 funiletur
3023 5336 3240 5400 (Matth.
3274 5348 3420 5399 xxvr,

154 5432 358 5487 Johelis
377 5432 674 5504 prophetia
684 5432 824 5486 falsa
835 5430 1042 5502 profari
1058 5431 1301 5502 perﬁdos
1319 5429 1742 5496 demonstravit,
1827 5433 1915 5502 ι,26)
1929 5434 2156 5487 .Verum
2178 5438 2306 5502 post
2324 5430 2672 5485 Dominicam
2704 5424 3170 5481 resurrectionem
3203 5422 3424 5479 Christo

154 5529 207 5579 et
264 5524 532 5580 Davidico
569 5522 893 5578 testimonio
946 5521 1332 5592 evangelizans
1387 5521 1499 5576 illis
1551 5522 1745 5576 Jesum
1824 5537 1954 5577 cum
1982 5520 2250 5593 apostolis
2279 5518 2481 5598 saepius
2513 5516 2889 5571 manducante
2909 5518 2967 5568 et
2980 5512 3206 5569 bibente
3236 5516 3295 5567 et
3310 5510 3426 5565 col-

156 5612 352 5673 mortis
398 5612 601 5674 solutis
646 5609 932 5672 doloribus
995 5610 1323 5681 surrexisse,
1381 5613 1745 5685 compunctos
1826 5611 2109 5682 loquente,
2141 5623 2256 5665 non
2285 5605 2577 5680 oportebat
2605 5601 2893 5677 apostolis,
2927 5602 3138 5674 gaudio
3168 5614 3423 5663 resurre-
