3872 6168
481 299 589 361 863
1493 310 1879 368 BONIZONIS
1918 310 2359 368 PLACENTINI
2397 311 2723 369 EPISCOPI
3584 308 3640 368 86

483 443 634 495 nem,
655 445 777 500 quae
795 430 1065 499 magistra
1096 434 1182 484 est
1212 429 1499 496 virtutum,
1515 431 1813 501 signiﬁcat,
1832 434 1952 488 sine
1965 450 2076 505 qua
2092 436 2140 494 A
2162 451 2273 489 non
2302 437 2516 489 obviam
2551 436 2966 490 traditionibus.
2990 433 3057 489 In
3077 435 3359 489 Antiochia
3384 451 3500 489 vero
3519 437 3578 489 ad
3589 438 3677 490 evi-

483 520 541 570 et
570 533 691 587 quae
718 517 949 577 videtur.
972 520 1168 586 virtus,
1202 525 1288 574 est
1315 519 1532 574 vitium.
1567 522 1694 575 Sale
1734 523 1881 576 enim
1937 514 2109 578 fetor‘
2164 523 2395 578 tandem
2422 523 2662 577 ironiam
2690 524 3032 590 Judaeorum,
3064 539 3263 577 nomen
3299 523 3681 580 Christianorum

482 604 749 661 morbidos
786 607 969 665 carnis
996 607 1271 672 aboletur,
1294 613 1352 662 et
1372 608 1582 664 viscera
1610 610 1726 664 sale
1756 611 1981 666 condita
2020 612 2080 667 in
2163 612 2424 685 primitus
2440 616 2695 667 exortum
2716 617 2819 666 est.
2843 612 2913 668 Et
2939 612 3045 666 hoc
3077 617 3409 666 sacramento
3429 612 3489 667 ab
3507 622 3684 684 aposto-

484 694 721 748 multam
745 701 1044 751 servantur
1066 701 1307 751 aetatem.
1340 698 1405 752 In
1434 696 1733 771 Evangelio
1759 699 1948 766 habes,
1974 701 2080 754 Do-
2162 699 2249 765 lis,
2277 705 2581 771 antequam
2610 700 3011 766 dividerentur,
3047 700 3298 754 instituto
3336 700 3609 771 baptizatis,
3642 709 3685 757 et

485 781 699 837 minum
752 784 956 839 dixisse
1004 785 1270 856 apostolis
1308 804 1319 840 :
1372 787 1568 843 Habeto
1618 792 1787 842 salem
1820 792 1884 843 in
1932 791 2078 843 vobis
2162 787 2220 841 in
2244 788 2465 842 Christo
2497 788 2708 843 renatis
2738 805 2839 860 per
2860 789 3145 860 apostolos
3176 794 3231 842 et
3251 804 3432 843 eorum
3454 807 3685 845 successo-

485 871 677 940 (Marc.
707 886 787 937 Ix,
820 870 933 945 49).
967 874 1037 928 Et
1061 873 1120 928 in
1150 874 1260 929 alio
1291 874 1410 929 loco
1442 875 1513 929 ad
1542 875 1768 930 eosdem
1796 878 2078 948 apostolos
2162 892 2251 930 res
2280 877 2592 949 episcopos,
2626 883 2681 932 ut
2713 882 2959 933 tutorem
2989 877 3259 931 haberent
3277 878 3592 932 Paracletum
3610 896 3686 950 per

480 958 689 1016 dixisse
723 976 734 1009 :
777 962 866 1015 Vos
895 964 1020 1016 estis
1047 966 1134 1017 sat
1168 969 1329 1017 terra
1353 964 1569 1029 (Matth.
1604 981 1656 1029 v,
1687 963 1799 1036 13).
1820 966 1927 1020 Sed
1958 966 2081 1020 uni-
2163 982 2363 1020 manus
2391 966 2831 1038 impositionem,
2851 971 2909 1021 et
2928 983 3030 1038 per
3049 966 3357 1020 chrismalis
3382 966 3480 1021 olei
3502 966 3686 1037 insigni-

482 1047 736 1103 formiter
765 1049 825 1104 in
873 1050 1131 1105 universa
1160 1052 1453 1106 definitum
1506 1058 1593 1107 est
1634 1054 1897 1111 Ecclesia.
1940 1054 2081 1109 Cum
2163 1055 2376 1109 tionem
2403 1055 2572 1126 coepit
2611 1056 2853 1127 Spiritus
2893 1056 3071 1110 sancti
3116 1056 3324 1109 orando
3369 1056 3545 1110 donari
3583 1057 3685 1110 cha-

485 1136 609 1207 quis
639 1138 712 1192 ad
733 1139 1190 1194 catechizandum
1222 1140 1536 1208 accesserit,
1570 1142 1712 1213 petit
1743 1143 2081 1198 exsufﬂatio—
2161 1144 2362 1201 risma.
2401 1144 2545 1209 Quia
2579 1161 2706 1199 vero
2753 1147 2939 1200 oleum
2987 1145 3338 1199 inﬁrmorum
3375 1144 3439 1198 ab
3473 1145 3686 1216 apostolis

486 1242 616 1282 nem
647 1228 973 1295 sacerdotis,
1009 1246 1120 1300 qua
1154 1229 1384 1302 spiritus
1405 1230 1727 1285 immundus
1748 1232 2075 1303 expellitur;
2164 1233 2486 1289 institutum
2498 1239 2740 1289 testatur
2758 1234 2997 1289 Jacobus
3017 1234 3300 1305 apostolus
3318 1233 3524 1287 dicens:
3555 1236 3686 1301 Inﬁr-

485 1315 567 1369 sal
598 1332 698 1387 per
726 1331 930 1371 manus
970 1318 1208 1390 accipiat
1232 1319 1560 1388 sacerdotis,
1597 1320 1817 1375 dicente
1845 1322 2073 1377 eodem:
2163 1328 2357 1377 matur
2375 1327 2499 1393 quis
2528 1327 2589 1378 in
2602 1325 2747 1378 vobis
2768 1329 2791 1377 ?
2810 1324 3038 1377 inducat
3052 1324 3386 1392 presbyteros
3407 1324 3688 1383 Ecclesium

483 1401 679 1472 Accipe
722 1406 806 1459 sal
849 1408 1150 1475 sapientia,
1204 1408 1347 1474 quod
1367 1408 1623 1475 proﬁciet
1674 1409 1775 1461 tibi
1816 1410 1879 1462 in
1906 1411 2081 1463 vitam
2163 1417 2321 1467 orent
2346 1427 2511 1480 super
2538 1429 2683 1474 eum,
2710 1417 2973 1481 augentes
2992 1429 3119 1466 eum
3149 1414 3259 1466 oleo
3286 1414 3603 1478 sanctiﬁcata.
3641 1412 3689 1465 Et

487 1494 754 1545 sternam
778 1511 793 1545 :
820 1509 934 1547 non
962 1494 1111 1565 quod
1141 1494 1255 1548 vita
1300 1499 1511 1549 aeterna
1557 1495 1798 1551 donetur
1824 1497 2083 1552 catechu-
2163 1505 2343 1555 oratio
2363 1503 2493 1569 ﬁdei
2511 1502 2745 1556 salvabit
2763 1504 3057 1569 inﬁrmum
3074 1518 3089 1564 ;
3114 1506 3163 1554 et
3181 1504 3233 1554 si
3257 1503 3319 1554 in
3332 1502 3687 1570 peecatisfuerit

485 1588 684 1655 menis,
720 1590 819 1644 sed
870 1591 1002 1663 quia
1047 1592 1130 1644 sal
1176 1597 1590 1646 sacramentum
1632 1598 1719 1646 est
1754 1594 1906 1659 ﬁdei,
1957 1611 2081 1665 quae
2164 1594 2524 1644 remittentur
2551 1594 2602 1643 ei
2628 1594 2761 1662 (Jac.
2787 1607 2836 1657 v,
2861 1590 2973 1660 14).
3005 1591 3122 1644 Hoc
3146 1590 3299 1645 omni
3326 1598 3555 1660 tempore
3577 1590 3690 1643 inter

482 1692 586 1748 per
614 1678 971 1734 dilectionem
993 1684 1278 1752 operatur,
1304 1686 1360 1736 et
1384 1680 1695 1752 baptizatos
1723 1683 1979 1753 perducit
2010 1684 2080 1737 ad
2097 1711 2144 1770 B
2165 1678 2464 1734 missarum
2493 1678 3167 1761 solemniaapresbyteris
3196 1680 3254 1735 in
3283 1696 3346 1734 eo
3375 1680 3501 1745 loco,
3530 1678 3609 1733 ubi
3631 1679 3690 1732 sic

480 1766 652 1821 vitam
675 1774 962 1825 aeternam.
985 1772 1047 1826 In
1072 1770 1353 1842 plerisque
1374 1788 1504 1826 vero
1517 1772 1775 1827 Ecclesiis
1790 1773 1873 1827 sal
1906 1766 2137 1828 semel"
2160 1768 2368 1838 legitur
2396 1785 2408 1821 :
2434 1770 2539 1824 Per
2581 1785 2743 1837 quem
2791 1770 2899 1823 hac
2928 1772 3119 1824 omnia
3152 1771 3290 1823 bona
3326 1785 3486 1833 creas,
3522 1768 3690 1822 solebat

483 1853 653 1909 datur
690 1858 1144 1926 catechumenis;
1179 1859 1240 1913 in
1279 1859 1613 1930 quibusdam
1658 1876 1787 1915 vero
1817 1862 2077 1916 omnibus
2158 1857 2494 1913 consecrari.
2530 1859 2692 1912 Nunc
2736 1874 2866 1911 vero
2902 1874 2936 1912 a
2973 1858 3109 1912 solis
3139 1857 3409 1929 episcopis
3451 1857 3505 1911 in
3538 1857 3690 1911 eodem

478 1944 783 2001 scrutiniis.
1922 1952 1931 1957 ’
2158 1946 2278 2001 loco
2329 1946 2513 2001 missa:
2555 1947 2611 2001 in
2657 1947 2829 2002 Coena
2874 1946 3101 2002 Domini
3140 1954 3503 2002 consecratur.
3534 1947 3691 2002 Oleum

765 2037 840 2089 De
863 2039 1076 2105 triplici
1088 2040 1216 2101 oleo,
1255 2043 1302 2092 et
1324 2042 1439 2106 ejus
1469 2039 1792 2092 virtutibus.
2157 2051 2289 2089 vero
2344 2036 2639 2090 rhrismale
2677 2036 2941 2091 odoriferi
2983 2036 3219 2091 balsami
3264 2036 3455 2107 recipit
3482 2034 3693 2090 commix-

555 2123 982 2178 Transeundum
998 2142 1148 2179 nunc
1164 2130 1249 2180 est
1268 2127 1338 2180 ad
1358 2127 1465 2180 olei
1484 2128 2073 2199 sacramentum,quod
2159 2125 2417 2180 stionem.
2454 2125 2653 2180 Oleum
2704 2126 2855 2180 enim
2890 2125 3287 2181 misericordia:
3326 2132 3381 2180 et
3414 2123 3630 2178 veritatis
3652 2130 3693 2177 et

480 2210 697 2265 trifarie
722 2212 1006 2267 dividitur.
1058 2214 1156 2268 Est
1197 2216 1346 2268 enim
1386 2216 1570 2270 oleum
1616 2216 1934 2282 chrismale,
1985 2234 2076 2272 cu-
2153 2213 2386 2268 luminis
2415 2216 2494 2268 sic
2546 2215 2775 2269 odorem
2806 2232 2970 2269 suum
3010 2215 3178 2286 longe
3214 2216 3432 2286 lateque
3456 2212 3605 2267 habet
3633 2211 3693 2265 di-

477 2300 571 2369 jus
623 2300 1043 2370 consignatione
1071 2303 1411 2374 septiformis
1460 2304 1645 2374 gratia
1689 2305 1868 2359 sancti
1908 2305 2076 2359 datur
2155 2317 2436 2371 spergere,
2463 2308 2527 2356 ut
2556 2320 2619 2357 ex
2644 2303 2807 2357 bonis
2837 2303 3098 2375 operibus
3127 2320 3161 2357 a
3182 2301 3488 2357 videntibus
3514 2300 3693 2355 honori-

483 2387 743 2459 Spiritus.
779 2389 877 2444 Est
921 2395 979 2444 et
1007 2393 1192 2445 oleum
1232 2392 1625 2459 exorcizatum,
1658 2410 1768 2465 quo
1788 2399 2081 2463 unguntur
2161 2391 2359 2443 ﬁcetur
2404 2391 2573 2445 Pater
2599 2398 2808 2459 noster,
2837 2392 2932 2463 qui
2959 2393 3018 2446 in
3054 2392 3209 2447 caelis
3251 2396 3354 2457 est,
3401 2397 3454 2444 et
3492 2388 3575 2460 qui
3608 2405 3693 2442 non

482 2478 867 2532 catechumeni
894 2480 965 2533 ad
982 2481 1343 2549 eﬂ'ugandum
1366 2482 1674 2536 inimicum.
1694 2483 1790 2537 Est
1815 2490 1870 2535 et
1887 2483 2073 2537 oleum
2159 2478 2517 2533 consentiunt
2544 2480 2785 2545 veritati,
2817 2497 2930 2534 non
2974 2479 3220 2535 habeant
3256 2479 3401 2534 unde
3445 2477 3695 2532 detrahant

481 2564 838 2621 inﬁrmorum
867 2568 938 2622 ad
981 2569 1281 2623 sanitatem
1309 2570 1555 2641 corporis
1600 2577 1657 2625 et
1687 2571 1890 2625 animae
1938 2588 2076 2643 prae-
2158 2566 2433 2637 religioni.
2454 2569 2660 2623 Beatus
2682 2570 3126 2624 veroAnacletus
3144 2569 3442 2625 Clementis
3461 2580 3697 2621 successor

479 2659 761 2724 paratum.
819 2657 1002 2711 Habet
1046 2658 1216 2712 etiam
1265 2659 1451 2714 oleum
1494 2660 1598 2714 hoc
1648 2660 1959 2731 proprium,
2013 2666 2077 2715 ut
2156 2653 2217 2709 in
2247 2656 2482 2727 epistola
2513 2673 2615 2712 sua
2644 2658 2920 2712 Decretali
2967 2658 3102 2712 dicit
3150 2658 3516 2730 :Episcopum
3547 2654 3697 2707 minus

481 2742 722 2798 mixtum
753 2745 878 2800 aliis
918 2746 1229 2818 liquoribus
1278 2754 1604 2819 supernatet
1658 2749 1847 2804 omnia
1893 2750 2076 2820 liqua-
2157 2760 2323 2814 quam
2341 2760 2375 2798 a
2395 2745 2574 2800 tribus
2603 2762 2715 2800 non
2735 2763 2900 2817 posse
2928 2746 3347 2801 consecrari.Et
3366 2752 3465 2799 hoc
3488 2742 3695 2812 exemplo

479 2830 653 2898 mina,
697 2839 753 2887 et
793 2850 907 2889 non
964 2836 1282 2891 misceatur.
1315 2837 1383 2891 Et
1420 2837 1701 2908 significat
1752 2839 2069 2909 veritatem,
2152 2830 2343 2886 Jacobi
2372 2832 2872 2905 HieI‘OSOIymitani
2910 2835 3241 2906 comprobat
3269 2834 3520 2906 episcopi:
3563 2830 3643 2903 (1οί
3671 2844 3696 2882 ³

480 2936 603 2991 quae
631 2938 854 2977 sursum
883 2925 1083 2991 tendit,
1098 2929 1155 2979 et
1183 2926 1251 2979 de
1279 2943 1502 2980 sursum
1533 2932 1637 2993 est,
1660 2932 1848 2980 etnon
1878 2928 2072 2982 misce-
2151 2920 2318 2974 Petro
2350 2927 2407 2975 et
2447 2922 2660 2976 Joanne
2690 2929 2746 2977 et
2772 2923 2977 2978 Jacobo
3006 2925 3304 2979 ordinatus
3333 2930 3434 2986 est,
3462 2929 3516 2977 et
3544 2922 3631 2974 hoc
3653 2920 3697 2971 in

476 3012 573 3062 tur
603 3010 916 3066 mendacio.
948 3013 1226 3068 Praeterea
1247 3018 1302 3068 et
1326 3015 1398 3068 ad
1422 3015 1854 3069 illuminandum
1884 3015 2125 3099 liquorn
2150 3010 2455 3064 Dominicis
2473 3011 2686 3066 diebus.
2702 3012 2848 3067 Dicit
2875 3013 3044 3067 etiam
3075 3020 3249 3085 caput
3274 3011 3508 3084 episcopi
3532 3008 3697 3064 debere

479 3102 566 3151 est
592 3097 845 3159 idoneus.
874 3102 996 3156 Non
1027 3102 1174 3156 enim
1206 3108 1426 3158 tantum
1466 3120 1732 3158 accensus
1760 3077 2062 3170 illuminat,
2084 3077 2127 3143 0
2150 3099 2453 3153 chrismate
2484 3101 2742 3170 perungi,
2789 3107 2854 3156 ut
2882 3102 3190 3173 Pl‘inCiPﬂle
3218 3107 3488 3169 nostrum,
3518 3098 3602 3169 qui
3633 3103 3698 3150 θεῖ

476 3201 673 3240 verum
703 3189 872 3243 etiam
901 3190 1210 3245 tenebrosze
1230 3193 1410 3246 noctis
1427 3198 1679 3263 tempore
1696 3194 1978 3263 projectus
2008 3194 2067 3248 in
2148 3203 2328 3255 mens,
2359 3189 2571 3260 Spiritu
2607 3195 2800 3244 sancto
2837 3190 3086 3245 delibuta
3116 3191 3423 3246 secundum
3452 3188 3546 3243 Dei
3585 3186 3697 3239 ima-

474 3275 620 3330 mari
643 3292 819 3347 aquas
840 3278 1140 3334 illuminat.
1178 3280 1356 3335 Habet
1389 3281 1574 3336 oleum
1605 3282 1774 3336 etiam
1800 3282 1905 3336 hoc
1934 3299 2068 3354 pro—
2147 3276 2338 3346 ginem
2366 3278 2516 3333 Vivat
2547 3284 2605 3332 et
2630 3280 2816 3350 sapiat
2844 3285 2902 3334 et
2928 3280 3329 3346 conformetur,
3362 3285 3418 3334 et
3450 3283 3510 3333 ut
3536 3290 3699 3330 manus

473 3364 705 3435 prium:
741 3366 1042 3435 illuminat,
1074 3370 1272 3433 nutrit,
1323 3371 1558 3424 vulnera
1604 3378 1783 3434 curat,
1814 3377 2066 3426 tumores
2149 3366 2420 3435 ejusdem,
2474 3384 2738 3438 perquas
2786 3386 2957 3439 opera
3005 3369 3395 3440 designantur,
3439 3368 3698 3421 εῘιῐἸεῖηειίθ

475 3452 759 3523 deprimit,
806 3455 989 3510 febres
1039 3458 1363 3528 exstinguit,
1392 3460 1607 3512 calores
1636 3460 1874 3530 repellit.
1907 3460 2065 3531 Legi-
2147 3460 2553 3525 peruagantur,
2587 3461 2648 3509 ut
2677 3457 2856 3526 possit
2883 3457 3079 3511 audire
3101 3473 3137 3511 ει
3168 3460 3552 3512 οοηεοεΐθηιθε
3582 3454 3699 3520 θυε-

474 3554 602 3594 mus
631 3541 800 3596 etiam
829 3544 900 3597 ad
921 3543 1041 3599 Noe
1071 3546 1302 3600 rediisse
1332 3546 1648 3601 columbam
1670 3549 1739 3601 ad
1753 3565 2058 3619 vesperam,
2145 3559 2358 3611 cunque
2389 3546 2744 3609 benedixeris,
2764 3549 2876 3599 sint
2899 3547 3579 3614 benedicta,etquzcunquc
3603 3556 3701 3594 con-

473 3643 697 3683 ramum
713 3631 871 3686 oliva:
885 3638 1139 3703 portasse
1167 3635 1224 3688 in
1241 3651 1355 3697 ore,
1379 3652 1444 3689 ex
1466 3652 1576 3706 quo
1598 3637 1858 3706 cognovit
1871 3654 2063 3707 pacem
2147 3638 2461 3700 secrareris,
2490 3638 2605 3689 sint
2646 3641 2979 3689 consecrata.
3013 3636 3145 3690 Haec
3185 3641 3321 3690 sunt
3367 3640 3573 3694 manus,
3601 3646 3698 3702 quae

473 3717 751 3772 redditam
783 3736 905 3774 esse
926 3722 984 3775 in
1011 3723 1177 3776 terris
1205 3724 1438 3777 humani
1458 3725 1682 3794 generis
1703 3730 2060 3796 prapagator.
2145 3722 2389 3776 chrisma
2414 3724 2735 3789 conficiunt,
2759 3725 2919 3794 cujus
2941 3723 3207 3778 unctione
3233 3723 3306 3778 ad
3334 3721 3696 3777 invocationem

471 3804 755 3861 Intellexit
780 3808 933 3863 enim
968 3810 1051 3864 vir
1089 3811 1301 3882 Spiritu
1318 3819 1511 3866 sancto
1532 3814 1731 3883 plenus
1750 3830 1785 3867 a
1812 3830 2066 3884 vespera-
2146 3811 2391 3881 episcopi
2416 3812 2758 3882 septiformis
2780 3813 2967 3882 gratia
3012 3829 3185 3883 super
3213 3812 3516 3883 baptizatos
3554 3804 3697 3862 sancti

470 3900 662 3950 sccnte
691 3898 902 3952 mundo
930 3915 1031 3970 per
1057 3916 1235 3965 avem,
1268 3917 1391 3972 qua
1414 3907 1569 3955 caret
1585 3902 1734 3968 felle,
1762 3920 1865 3974 per
1894 3919 2063 3974 quam
2147 3899 2389 3970 Spiritus
2405 3901 2729 3955 effunditur.
2752 3903 2821 3956 Et
2843 3919 2967 3973 qua:
2988 3902 3186 3956 eodem
3215 3902 3511 3956 chrismate
3531 3913 3696 3951 manus

472 3981 718 4054 Spiritus
734 3993 960 4041 sanctus
976 3988 1325 4059 designatur,
1348 4007 1449 4060 per
1463 3990 1619 4045 oliva
1646 3998 2061 4046 sacramentum
2145 3996 2466 4059 perungunt
2491 3991 2818 4055 sacerdotis,
2858 3992 3049 4062 eisque
3102 3996 3443 4062 potestatem
3485 3987 3699 4043 tribuant

467 4089 648 4143 genus
670 4074 982 4131 humanum
999 4078 1272 4148 sanguine
1301 4079 1511 4133 Christi
1546 4080 1658 4134 Deo
1686 4080 1840 4134 Patri
1869 4097 2061 4135 recon-
2141 4076 2425 4148 baptizare
2450 4084 2506 4132 et
2526 4080 2848 4149 praedicare,
2873 4085 2928 4133 et
2944 4080 3144 4133 missas
3160 4087 3281 4134 tam
3302 4097 3403 4151 pro
3422 4077 3547 4132 vivis
3560 4091 3698 4147 quam

467 4161 800 4234 ciliandum;
852 4171 910 4220 et
944 4166 1076 4220 licet
1101 4183 1214 4221 non
1259 4167 1461 4221 visibili
1501 4169 1599 4223 sed
1637 4169 1902 4224 invisibili
1947 4188 2060 4241 prie
2142 4182 2243 4237 pro
2272 4167 2549 4221 defunctis
2581 4168 2899 4222 decantare.
2926 4169 3392 4223 Consecrationcs
3410 4183 3533 4221 vero
3559 4164 3698 4218 eccle-

469 4253 820 4308 consortibus
847 4254 964 4309 suis
994 4257 1118 4310 oleo
1163 4262 1365 4311 unctus
1393 4257 1468 4311 sit
1496 4257 1773 4327 Christus,
1805 4259 2061 4314 Christus
2080 4309 2124 4327 η
2145 4255 2356 4309 siarum
2384 4261 2441 4311 et
2468 4256 2963 4311 altariumabeato
2983 4257 3254 4312 Silvestro
3273 4258 3332 4312 in
3353 4252 3699 4311 ecclesiasticis

468 4344 660 4396 tamen
694 4344 892 4398 Unctus
936 4344 1361 4417 interpretatur.
1408 4348 1457 4400 A
1495 4346 1716 4401 Christo
1757 4344 2393 4404 Christianiuhistoriis
2417 4346 2724 4416 sumpsisse
2752 4348 2991 4417 legimus
3023 4348 3337 4402 exordium.
3383 4347 3523 4401 Nam
3563 4347 3699 4396 antea

469 4445 754 4494 vocamur,
770 4434 1010 4500 populus
1031 4438 1433 4502 acquisitionis,
1470 4452 1601 4503 gens
1629 4442 1821 4491 sancta
1842 4438 1896 4506 (Ι
1912 4440 2057 4493 Petr.
2142 4435 2272 4489 licet
2301 4435 2549 4489 oratoria
2576 4440 2781 4500 essent,
2830 4436 2887 4489 in
2920 4434 3124 4507 quibus
3154 4436 3258 4490 Dei
3290 4435 3523 4506 populus
3540 4443 3702 4485 conve-

470 4530 534 4582 II,
553 4514 632 4586 9),
660 4524 716 4573 et
746 4526 810 4573 ut
834 4521 894 4574 in
921 4522 1169 4592 Epistola
1200 4539 1303 4576 sua
1331 4523 1469 4577 dicit
1501 4525 1737 4595 Cephas,
1761 4529 1943 4592 regale
1970 4543 2060 4580 sa-
2142 4523 2353 4589 niebat,
2386 4540 2497 4578 non
2526 4528 2718 4578 tamen
2738 4524 2940 4578 altaria
2962 4525 3045 4578 vel
3077 4525 3361 4590 ecclesias,
3394 4532 3702 4594 paganorum

471 4607 774 4661 cerdotium
799 4609 1013 4681 (Ibid).
1031 4611 1359 4682 Antiquitus
1387 4612 1536 4667 enim
1570 4630 1733 4683 reges
1762 4620 1984 4668 tantum
2006 4620 2063 4669 et
2143 4612 2403 4666 saeviente
2439 4613 2684 4681 procella
2710 4613 2995 4668 audebant
3021 4613 3245 4684 publice
3292 4612 3497 4667 habere
3538 4621 3705 4662 conse-

471 4694 789 4749 sacerdotes
813 4703 869 4750 et
896 4699 1181 4769 prophetae
1208 4700 1493 4755 chrismali
1532 4702 1896 4773 ungebantur’
1917 4704 2059 4758 oleo.
2144 4706 2348 4768 cratas,
2388 4702 2485 4755 scd
2518 4702 2575 4755 in
2610 4703 2822 4773 cryptis
2851 4708 2909 4756 et
2936 4702 3274 4757 cmmeteriis
3312 4708 3371 4756 et
3398 4701 3455 4754 in
3481 4694 3704 4752 domibus

470 4780 537 4835 In
566 4781 720 4836 Novo
767 4800 897 4838 vero
924 4785 1286 4841 Testamento
1324 4805 1519 4843 omnes
1566 4807 1667 4861 per
1719 4790 2063 4861 baptismum
2146 4791 2359 4844 occulte
2387 4790 3303 4862 missascelebrabant.Postquam
3325 4805 3452 4844 vero
3471 4787 3706 4842 Constan-

467 4870 651 4924 renati
700 4872 823 4926 oleo
864 4874 1286 4930 sanctiﬁcantur
1339 4877 1622 4944 invisibili,
1673 4884 1730 4934 et
1770 4885 2063 4950 unguntur
2142 4878 2639 4934 tinusChristianae
2658 4896 2717 4934 se
2748 4880 2985 4950 subjecit
3003 4880 3285 4950 religioni,
3316 4880 3376 4932 in
3402 4874 3596 4949 palatio
3623 4884 3705 4923 suo

466 4956 672 5013 visibili
706 4978 717 5013 :
746 4960 877 5014 licet
904 4961 961 5015 in
987 4962 1269 5034 primitiva
1307 4966 1568 5033 Ecclesia,
1605 4984 1726 5038 quae
1772 4968 1830 5023 in
1869 4969 2061 5023 Judeaa
2143 4968 2507 5021 Lateranensi
2534 4968 2826 5023 ecclesiam
2852 4968 2910 5022 in
2939 4969 3149 5023 honore
3181 4965 3488 5022 Salvatoris
3505 4960 3707 5019 adiﬁca-

466 5052 594 5119 post
634 5046 991 5105 Dominicam
1050 5054 1449 5110 Ascensionem
1493 5057 1806 5127 pullulavit,
1866 5058 2060 5112 datum
2144 5056 2241 5122 vit,
2277 5061 2333 5110 et
2370 5062 2434 5110 ut
2460 5056 2648 5127 imago
2678 5057 2981 5111 Salvatoris
3008 5056 3226 5127 publice
3256 5045 3707 5126 depingereturin

462 5136 636 5193 fuisse
666 5154 777 5192 non
806 5139 1064 5209 legimus.
1100 5143 1376 5198 Caeterum
1405 5144 1465 5198 in
1487 5145 1769 5216 primitiva
1797 5147 2060 5212 Ecclesia,
2144 5144 2474 5215 parietibus,
2506 5151 2563 5199 et
2592 5145 2777 5215 imago
2795 5145 2946 5199 Jovis
2967 5162 3032 5199 ex
3062 5146 3175 5198 alto
3203 5144 3553 5214 dejiceretur,
3578 5141 3629 5191 et
3655 5137 3708 5186 ut

466 5242 589 5297 quae
644 5227 702 5281 in
745 5228 939 5283 Judaea
977 5231 1163 5301 coepit,
1218 5233 1510 5288 credentes
1556 5251 1668 5289 non
1712 5235 2061 5289 Christianos
2144 5233 2357 5304 templa
2393 5233 2809 5297 clauderentur,
2851 5240 2909 5287 et
2951 5233 3194 5287 ecclesiae
3240 5232 3461 5303 publice
3501 5227 3708 5282 aediﬁca-

464 5316 765 5384 nominari,
800 5319 896 5373 sed
931 5320 1270 5380 Nazarenos.
1309 5321 1366 5376 in
1397 5323 1628 5377 Actibus
1671 5324 2057 5395 apostolorum
2141 5328 2355 5388 rentur,
2376 5322 2637 5376 instituit.
2658 5322 2812 5391 Etiex
2837 5322 2934 5375 illo
2953 5326 3205 5393 tempore
3227 5323 3512 5391 ceperunt
3528 5327 3706 5369 mensa:

464 5404 601 5458 satis
621 5412 814 5476 aperte
842 5409 954 5463 Vas
983 5410 1271 5465 electionis
1298 5412 1367 5465 ad
1395 5412 1633 5468 Felicem
1648 5414 1941 5485 praesidem
1958 5414 2058 5467 de-
2141 5411 2405 5464 altarium
2424 5411 2657 5480 lapideae
2669 5410 2971 5464 chrismate
2985 5409 3291 5481 perungiin
3313 5404 3703 5463 similitudinem

463 5490 658 5559 clarat,
704 5493 892 5549 dicens
926 5513 937 5548 :
980 5500 1049 5552 De
1085 5503 1225 5551 secta
1263 5504 1447 5553 autem
1491 5503 1937 5565 Nazarenorum,
1971 5519 2058 5555 su-
2140 5500 2340 5569 lapidis
2400 5499 2570 5563 illius,
2625 5515 2793 5569 quem
2846 5499 3022 5553 erexit
3062 5497 3231 5553 Jacob
3272 5498 3333 5551 in
3362 5495 3598 5555 titulum,
3626 5486 3707 5558 qui

457 5590 569 5640 Ρνα
592 5595 701 5649 qua
730 5597 974 5650 accusor,
1020 5589 1099 5641 sic
1134 5587 1241 5641 Deo
1269 5604 1385 5643 meo
1422 5590 1681 5659 deservio,
1721 5596 1784 5644 ut
1804 5593 2057 5660 paternis
2141 5590 2427 5646 Christum
2453 5588 2905 5669 designababqui
2922 5593 2997 5645 est
3030 5591 3168 5658 lapis
3194 5588 3490 5656 angularis
3512 5578 3700 5652 (EPW-
