3872 6168
150 184 229 243 865

1062 176 1425 236 HISTORIA?
1459 176 1894 237 PONTIFICIE
1930 178 2453 239 FRAGMENTUM.

3283 187 3390 247 866

151 317 198 377 ιι,
220 305 319 376 20),
341 307 442 375 qui
467 306 593 375 fecit
624 309 860 372 utraque
882 317 1065 357 unum
1094 305 1257 375 (Ibid,
1284 303 1385 364 14).
1415 305 1560 367 Sunt
1585 307 1898 376 prae-A‘tur
1920 310 2239 378 peccatores
2270 307 2438 361 matri
2482 305 2758 374 Ecclesiae,
2791 311 2849 361 et
2878 324 2988 379 qua
3018 310 3294 383 episcopis
3331 320 3388 369 et

151 406 275 452 terea
292 401 348 449 et
375 394 487 449 alia
506 392 1083 465 sacramenta,quibus
1106 410 1254 448 nunc
1267 395 1443 448 utitur
1468 394 1709 448 Ecclesia

151 486 410 544 Dominica
432 485 706 556 exemplo,
731 484 986 556 quamvis
1022 500 1136 539 non
1169 484 1378 538 tradito
1408 489 1704 555 prmcepto,

150 582 200 631 ut
223 582 297 630 est
324 574 637 629 exsufﬂatio
656 573 715 628 in
730 573 1359 639 exorcismis,eﬁ‘ectatio
1372 574 1431 628 in
1447 573 1707 628 catechu-

150 664 312 729 mcnis,
337 669 395 718 et
430 680 634 717 manus
681 662 985 734 impositio,
1025 680 1139 735 qua
1199 662 1494 734 baptizatis
1526 662 1710 717 consi-

149 752 337 825 gnando
367 756 595 808 sanctus
615 751 785 806 datur
809 750 1073 822 Spiritus,
1107 756 1164 805 et
1210 767 1323 822 qua
1346 751 1709 807 reconcilian-

1791 394 2173 449 sacerdotibus
2203 399 2260 448 et
2288 394 2469 448 levitis
2497 395 2674 449 virtus
2701 396 2949 450 traditur
2976 398 3298 455 ministerii.

1861 482 2096 555 Explicit
2148 483 2370 537 libellus
2409 484 2478 537 de
2524 485 2891 539 sacramentis
2916 502 2949 539 a
2979 487 3257 543 Bonizone
3280 491 3390 546 Su-

1788 572 1938 626 trino
1986 571 2244 643 episcopo
2308 571 2512 638 editus,
2565 572 2637 626 ad
2685 573 3041 629 Gualterium
3079 576 3387 632 Leonensis

1792 660 2028 716 coenobii
2056 662 2394 716 monachum
2421 666 2478 715 et
2506 662 2751 732 priorem
2777 663 3001 718 missus.

265 1081 400 1189 IN
472 1076 1416 1192 FRAGMENTUM
1493 1078 2369 1209 SUBSEQUENS
2445 1080 3239 1193 ADMONITIO.

1260 1287 1433 1366 (MAI,
1467 1286 1684 1368 Spicil.
1714 1286 1890 1352 Rom.
1922 1287 2023 1365 VI,
2058 1287 2223 1366 273.)

201 1451 373 1505 Exstat
395 1452 458 1502 in
480 1449 720 1502 miscello
759 1448 1015 1501 Vaticano
1035 1447 1214 1501 codice
1237 1450 1463 1516 epitome
1481 1449 1731 1516 qumdam
1762 1448 2024 1503 historica
2041 1450 2419 1504 Romanorum
2436 1451 2955 1519 pontiﬁcum,quam
2976 1452 3177 1507 Bonizo
3196 1452 3387 1507 Sutri-

146 1537 228 1575 nus
251 1523 518 1588 episcopus
539 1519 881 1573 Collectionis
909 1535 1019 1571 sua:
1046 1522 1320 1573 canonica:
1336 1520 1519 1572 adhuc
1549 1520 1768 1573 inedita:
1810 1521 1951 1573 libro
1998 1525 2196 1587 quarto
2232 1523 2546 1588 prmposuit.
2580 1521 2660 1573 Ea
2688 1538 2819 1574 sane
2854 1523 3173 1576 brevissima
3203 1528 3299 1586 est,
3332 1527 3383 1575 et

147 1593 327 1660 quidem
356 1606 528 1659 usque
552 1591 625 1642 ad
654 1589 928 1643 Siricium
960 1591 1195 1643 lacinias
1224 1592 1392 1643 etiam
1420 1606 1484 1643 ea:
1529 1590 2093 1662 Pseudoflsidorz'anz's
2137 1596 2384 1657 sumptas
2424 1593 2635 1658 passim
2666 1594 2966 1646 interserit.
3000 1594 3146 1648 Satis
3186 1596 3384 1662 igitur,

146 1664 257 1715 mihi
295 1664 369 1714 sit
422 1664 677 1731 epitomes
715 1662 883 1728 hujus
911 1665 1127 1728 partem
1174 1662 1554 1715 tantummodo
1580 1666 1697 1729 post
1728 1661 2000 1716 Siricium
2028 1663 2117 1713 hic
2140 1665 2410 1730 proferre.
2446 1664 2590 1728 Quin
2620 1664 2750 1715 adeo
2771 1679 2895 1715 cum
2920 1669 3143 1717 ventum
3182 1661 3289 1717 erit
3312 1665 3387 1717 ad

144 1735 420 1787 Adrianum
445 1734 722 1801 primum,
754 1733 1047 1785 Bonizonis
1074 1736 1177 1784 text
1188 1748 1281 1784 um
1310 1733 1461 1785 haud
1478 1734 1603 1799 jam
1626 1748 1651 1783 c
1678 1733 1933 1799 praedicto
1962 1732 2138 1784 codice
2167 1734 2453 1796 hauriam,
2488 1734 2579 1786 sed
2606 1734 2676 1785 ab
2706 1735 2930 1785 ineditis
2959 1735 3152 1788 Albini
3179 1736 3385 1787 schola-

143 1807 205 1856 ris
228 1804 585 1867 Collectaneis,
618 1807 715 1870 qui
746 1805 806 1856 in
831 1807 1108 1870 postrema
1137 1805 1313 1871 operis
1334 1808 1491 1870 parte
1511 1804 1766 1855 exscribit
1795 1819 1859 1855 ea;
1888 1804 2180 1855 Bonizonis
2204 1804 2342 1855 libro
2358 1805 2633 1869 incognito
2656 1803 2737 1856 De
2766 1804 2906 1857 VITA
2938 1805 3278 1859 Cumanam.
3304 1820 3383 1857 re-

143 1877 385 1942 liquorum
410 1873 744 1943 pontiﬁcum
772 1875 1033 1926 notitiam
1064 1888 1232 1942 usque
1251 1874 1324 1926 ad
1356 1874 1641 1927 Urbanum
1670 1874 1740 1934 Il,
1767 1875 1830 1926 in
1848 1889 1955 1940 quo
1984 1889 2168 1942 rwpse
2189 1874 2388 1927 Bonizo
2413 1876 2707 1927 desinebat.
2736 1876 2906 1928 Porro
2935 1881 2983 1929 ct
3007 1878 3265 1946 praedicto
3285 1876 3384 1930 AI-

144 1946 243 1998 bino
260 1947 370 1998 alia
400 1947 544 1999 alibi
560 1946 814 1998 editurus
843 1958 990 1997 sum.

656 2158 1237 2255 HISTORUE'
1286 2157 1964 2255 PONTIFICUE
2036 2110 2873 2267 FRAGMENTUM'

1263 2340 1368 2407 EX
1411 2339 1809 2409 BONIZONE
1858 2339 2226 2409 SUTRINO.

196 2651 434 2706 Dicerem
466 2650 696 2721 quidem
728 2650 799 2704 de
839 2646 1160 2714 Anastasio,
1190 2651 1248 2702 et
1275 2647 1345 2701 de
1378 2644 1856 2706 InnocentioBut
1909 2645 2245 2701 schismatici
2290 2646 2532 2719 episcopi
2579 2663 2681 2718 per
2733 2647 3027 2703 saeculares
3080 2652 3388 2719 potestates

144 2741 219 2810 qui
245 2738 483 2794 Sabbato
503 2738 770 2810 praecepit
815 2736 1209 2808 jejunandum.
1242 2740 1299 2788 et
1331 2751 1527 2807 pacem
1559 2734 1710 2787 intra

141 2829 412 2884 missarum
444 2828 719 2883 solemnia
755 2826 897 2879 dari.
957 2826 1030 2880 Et
1079 2824 1149 2879 de
1205 2824 1424 2878 Zosimo
1482 2822 1710 2878 natione

142 2918 323 2986 Graeco,
356 2919 453 2989 qui
485 2933 710 2972 cereum
738 2916 795 2970 in
826 2914 1069 2971 Sabbato
1118 2919 1311 2968 sancto
1357 2912 1622 2983 praecepit
1649 2912 1708 2965 in

141 3008 373 3063 omnibus
396 3008 577 3062 titulis
606 3005 878 3060 benedici.
894 3005 963 3059 Et
982 3004 1052 3058 de
1068 3002 1370 3067 Bonifacio,
1396 3002 1492 3073 qui
1518 3017 1709 3056 mona-

142 3097 325 3152 chabus
353 3102 415 3152 et
439 3094 771 3150 diaconissis
801 3092 1092 3147 interdixit
1141 3107 1213 3145 ne
1242 3095 1435 3144 sancta
1461 3106 1596 3145 vasa
1622 3090 1709 3144 vel

140 3186 292 3255 pallas
319 3186 519 3241 altaris
545 3186 863 3254 tangerent.
890 3182 961 3235 Et
978 3181 1048 3235 de
1063 3178 1363 3235 Caelestino
1385 3178 1479 3249 qui
1508 3178 1709 3232 consti-

139 3275 231 3329 tuit
255 3282 314 3329 ut
339 3273 545 3345 psalmi
574 3271 753 3327 David
782 3285 833 3324 c1
869 3286 1105 3324 numero
1133 3267 1543 3338 antiphonatim
1573 3283 1707 3321 can-

140 3368 373 3420 tarentur
422 3368 556 3417 ante
606 3376 897 3423 canonem,
956 3374 1085 3411 nam
1154 3361 1320 3409 antea
1358 3355 1706 3425 evangelium

138 3459 334 3508 tantum
358 3458 420 3507 et
447 3451 698 3523 epistolae
736 3447 1087 3520 legebantur.
1147 3446 1218 3500 Et
1270 3445 1339 3499 de
1390 3446 1567 3517 Xysto
1615 3445 1712 3516 qui

141 3544 406 3599 ecclesiam
433 3559 558 3613 quae
585 3538 791 3593 dicitur
810 3537 881 3590 ad
910 3536 1185 3606 Praesepe,
1214 3538 1271 3588 et
1289 3534 1455 3587 hodie
1482 3539 1713 3588 vocatur

142 3628 295 3701 Major
317 3631 590 3694 Ecclesia,
621 3629 680 3682 in
703 3632 893 3682 monte
917 3625 1071 3680 Livio
1094 3620 1201 3691 ((30)
1218 3622 1529 3677 aediﬁcavit.
1554 3623 1622 3677 Et
1640 3623 1709 3677 de

139 3736 317 3792 magno
370 3722 576 3783 Leone,
603 3722 660 3771 et
684 3717 751 3770 dc
778 3715 973 3769 Hilaro
1000 3712 1227 3767 natione
1283 3711 1479 3778 Sardo,
1530 3716 1588 3765 et
1639 3711 1707 3765 de

136 3811 402 3882 Simplicio
429 3808 745 3871 Tiburtino,
804 3811 862 3859 et
915 3804 985 3857 de
1026 3802 1208 3875 Felice
1237 3800 1514 3872 episcopo.
1542 3801 1611 3855 Et
1637 3802 1707 3856 de

1790 2736 2312 2806 comprimerentur.
2342 2738 2408 2791 Et
2438 2738 2507 2790 de
2526 2736 2786 2792 Johanne
2814 2739 2934 2807 ejus
2971 2753 3306 2801 successore,
3330 2742 3390 2792 et

1791 2823 1861 2877 de
1890 2823 2212 2889 Benedicto,
2248 2830 2305 2878 et
2333 2825 2401 2878 de
2431 2825 2659 2895 Pelagio
2688 2826 3093 2895 praedecessore
3133 2824 3389 2895 Gregorii

1792 2913 1887 2985 qui
1907 2929 2103 2967 novem
2128 2912 2478 2984 praefationes
2515 2913 2747 2967 tradidit
2777 2914 3032 2969 Ecclesia:
3069 2919 3199 2967 ante
3223 2930 3389 2968 cano-

1789 3020 1920 3058 nem
1949 3002 2356 3069 decantandas;
2385 3002 2431 3057 si
2460 3006 2569 3057 mei
2607 3008 2755 3057 esset
2801 3003 3101 3075 praepositi,
3133 3002 3385 3057 seriatim

1789 3094 2071 3149 Romanos
2091 3092 2380 3161 pontiﬁces
2417 3091 2722 3147 insinuare.

1858 3182 1941 3236 De
1966 3180 2130 3234 beato
2162 3179 2433 3250 Gregorio
2458 3180 2736 3234 silendum
2762 3197 2875 3235 non
2903 3179 3164 3244 arbitror,
3208 3197 3241 3235 a
3270 3198 3382 3252 quo

1788 3267 1931 3322 liber
1976 3267 2466 3321 Sacramentorum
2502 3268 2685 3322 editus
2722 3273 2826 3327 est.
2860 3275 2917 3322 et
2943 3269 3383 3339 Antiphonarius

1787 3361 1904 3411 tam
1934 3356 2170 3409 diurnus
2215 3371 2385 3426 quam
2414 3360 2740 3419 nocturnus,
2774 3362 2831 3410 et
2856 3362 3132 3411 tractatus
3170 3357 3227 3411 in
3257 3359 3386 3414 Eze—

1792 3444 2051 3506 chielem,
2076 3448 2134 3497 et
2163 3442 2420 3497 Homilias
2448 3457 2503 3496 χι
2523 3444 2581 3496 in
2608 3443 2928 3513 Evangelia,
2964 3444 3098 3497 etin
3126 3443 3237 3498 Job
3269 3462 3387 3499 mo-

1791 3531 1985 3586 raliter
2015 3537 2072 3585 et
2100 3530 2399 3599 allegorice
2432 3535 2489 3583 et
2519 3530 2589 3584 ad
2619 3529 2914 3584 historiam
2940 3532 3270 3602 compendio
3296 3533 3384 3587 di—

1788 3625 2036 3690 gestans,
2084 3624 2141 3674 et
2190 3618 2552 3689 Dialogorum
2601 3618 2758 3681 liber,
2792 3623 2851 3672 et
2885 3620 3182 3689 pastoralis
3212 3619 3381 3689 Cura,

1788 3708 2038 3764 Johanni
2060 3707 2367 3762 Ravennati
2397 3707 2628 3771 directa,
2674 3712 2731 3760 et
2748 3706 3070 3776 Registrum
3091 3708 3163 3761 ad
3190 3725 3387 3779 regen-

1788 3799 1919 3853 dam
1951 3798 2253 3853 Ecclesiam
2285 3796 2422 3851 satis
2450 3796 2608 3851 utile.
2644 3795 2747 3849 Hic
2774 3795 3063 3850 constituit
3118 3801 3184 3851 ut
3228 3799 3387 3852 Anti-

135 3899 334 3955 Gelasio
362 3897 699 3954 scholastica
746 3894 971 3948 doctore
997 3891 1255 3956 miriﬁco,
1318 3890 1415 3960 qui
1457 3890 1706 3945 Gelasia-
1729 3918 1774 3980 ο
1795 3888 1983 3959 phona
2002 3891 2327 3941 cantaretur
2344 3902 2467 3955 quae
2488 3889 2717 3938 vocatur
2737 3887 3008 3939 Introitus
3038 3885 3109 3938 ad
3140 3887 3386 3941 mulcen-

130 4007 249 4045 num
298 3990 550 4045 codicem
581 3984 911 4055 composuit,
970 3988 1027 4036 et
1080 3982 1321 4053 hymnos
1350 3986 1408 4035 et
1438 3986 1708 4035 tractatus

133 4079 262 4147 fecit,
291 4087 356 4135 ut
386 4079 586 4133 beatus
607 4074 955 4139 Ambrosius,
1006 4077 1063 4126 et
1084 4070 1385 4126 declaravit
1412 4076 1547 4141 quot
1585 4070 1710 4124 libri

135 4170 283 4241 recipi
310 4168 559 4224 debeant
602 4165 661 4219 in
701 4161 965 4224 Ecclesia,
998 4160 1157 4231 quive
1183 4158 1485 4226 contemni,
1514 4165 1571 4213 et
1599 4176 1709 4230 quo

137 4262 367 4329 tempore
423 4254 807 4311 ordinationes
854 4249 1208 4304 sacerdotum
1262 4253 1709 4318 caaterorumque

131 4347 375 4401 ordinum
403 4344 528 4399 ﬁeri
551 4342 808 4397 debeant.
832 4339 901 4394 Et
921 4339 989 4392 de
1018 4336 1313 4392 Anastasio
1341 4337 1390 4407 ej
1400 4353 1464 4391 us
1491 4352 1712 4390 succes-

130 4452 258 4501 sore,
296 4443 357 4491 et
382 4436 455 4489 de
479 4430 816 4503 Symmacho
847 4428 1024 4484 Sardo
1079 4427 1171 4498 qui
1213 4425 1503 4482 constituit
1529 4424 1710 4479 omni-

129 4523 217 4578 bus
272 4523 576 4580 Dominicis
630 4519 825 4575 diebus
886 4523 945 4572 et
998 4515 1265 4571 natalitiis
1327 4504 1708 4586 apostolorum

125 4613 390 4683 hymnum
454 4611 771 4683 angelicum
814 4606 1121 4662 decantari.
1179 4603 1256 4658 Et
1310 4602 1381 4658 de
1418 4602 1711 4657 Pormisda

121 4718 326 4774 magna“:
345 4704 474 4757 vitae
503 4707 562 4756 et
579 4698 784 4763 meriti,
812 4701 871 4751 et
897 4696 967 4750 de
994 4695 1230 4762 Joanne,
1261 4694 1385 4765 ejus
1422 4707 1709 4746 successo-

120 4809 187 4857 re,
215 4802 273 4848 et
299 4795 375 4848 de
405 4791 609 4853 Felice,
659 4793 718 4843 et
752 4787 824 4841 de
866 4784 1144 4840 Bonifacio
1194 4782 1292 4854 qui
1339 4780 1706 4836 constitutum

117 4882 229 4937 fecit
255 4890 327 4938 ut
371 4897 486 4935 non
539 4880 702 4932 ﬁeret
747 4875 943 4931 electio
983 4872 1223 4928 Romani
1250 4869 1549 4942 pontiﬁcis.
1602 4868 1710 4922 nisi

118 4977 226 5038 post
249 4971 492 5027 tertium
515 4964 877 5039 depositionis
904 4964 1027 5035 ejus
1055 4963 1223 5016 diem.
1257 4961 1328 5015 Et
1356 4960 1426 5013 de
1472 4958 1705 5019 Joanne,

117 5061 224 5129 eius
257 5075 607 5119 successore,
649 5063 707 5111 et
750 5056 820 5109 de
856 5052 1120 5125 Agapito,
1164 5055 1221 5105 et
1249 5050 1317 5104 de
1361 5046 1592 5103 Silverio
1617 5044 1712 5117 qui

116 5151 320 5218 primus
348 5146 656 5223 postbeati
689 5143 939 5201 Silvestri
960 5147 1238 5212 tempora,
1269 5138 1392 5192 sine
1432 5135 1708 5207 imperiali

117 5255 365 5301 assensu,
399 5238 716 5293 Gothorum
761 5248 932 5287 manu
962 5236 1048 5285 est
1077 5228 1368 5285 ordinatus
1395 5225 1705 5297 episcopus.

119 5330 177 5384 Et
200 5331 271 5384 de
294 5327 523 5399 Vigilio,
558 5331 617 5380 et
642 5325 713 5379 de
751 5320 978 5391 Pelagio
1008 5318 1263 5391 episcopo
1316 5315 1412 5387 qui
1450 5313 1713 5387 praecepit

1795 3978 1932 4032 dum
1963 3975 2310 4031 audientium
2338 3972 2792 4039 animos,deinde
2822 3976 2989 4043 Κυληό
3016 3978 3264 4029 etcisona
3282 3976 3390 4030 cle-

1790 4083 1852 4120 ro
1881 4064 2071 4118 novies
2099 4060 2405 4126 decantari,
2463 4066 2521 4115 et
2547 4066 2674 4131 post
2716 4061 2967 4131 amplum
3021 4062 3299 4116 Graduale
3325 4067 3385 4116 et

1789 4154 2053 4217 Alleluia,
2088 4155 2316 4221 excepto
2344 4149 2404 4203 in
2437 4148 2794 4219 septuaginta
2834 4148 3030 4202 diebus
3075 4148 3135 4202 in
3181 4149 3385 4220 quibus

1789 4247 2005 4297 tractus
2030 4239 2274 4295 instituit
2302 4237 2678 4302 decantandos
2702 4255 2715 4299 ;
2757 4241 2885 4307 post
2909 4236 3257 4306 evangelium
3289 4254 3385 4291 ve-

1791 4347 1875 4395 ro,
1907 4330 2041 4383 dum
2063 4326 2371 4382 oblationes
2410 4326 2740 4391 offeruntur,
2796 4323 3156 4379 Oﬁ‘ertorium
3185 4324 3387 4380 decan-

1792 4418 1919 4479 tari,
1949 4423 2007 4471 et
2034 4421 2161 4488 post
2188 4415 2482 4469 factionem
2515 4412 2864 4468 eucharistia:
2892 4418 3191 4483 postquam
3229 4429 3386 4468 com-

1793 4506 2204 4561 municaverint
2225 4502 2696 4558 communionem.
2739 4502 2840 4556 Hic
2866 4501 3014 4555 idem
3063 4501 3280 4555 addidit
3326 4502 3385 4559 in

1791 4597 2017 4651 Canone
2054 4597 2276 4663 Diesque
2307 4599 2514 4647 nostros
2544 4596 2608 4646 in
2640 4597 2737 4645 tua
2762 4607 2894 4661 pace
2931 4592 3210 4658 disponas.
3228 4592 3297 4647 Et
3322 4600 3386 4650 ut

1791 4685 1968 4740 oratio
1996 4683 2285 4738 Dominica
2311 4699 2344 4736 a
2364 4681 2653 4737 sacerdote
2675 4696 2846 4751 super
2871 4678 3276 4733 Eucharistiam
3305 4679 3385 4732 al-

1789 4778 1847 4828 ta
1875 4789 2008 4826 voce
2035 4772 2450 4826 decantaretur.
2484 4768 2588 4823 Hic
2634 4768 2787 4823 idem
2829 4766 3074 4821 instituit
3102 4772 3167 4822 ut
3194 4783 3229 4820 a
3256 4783 3385 4838 sep-

1790 4861 2105 4933 tuagesima
2132 4876 2311 4930 usque
2335 4858 2393 4913 in
2422 4857 2635 4913 Pascha
2663 4873 2777 4910 non
2814 4861 3073 4910 cantetur
3115 4857 3380 4921 Alleluia,

1793 4957 1851 5005 et
1876 4957 1942 5005 ut
1969 4951 2028 5003 in
2056 4947 2377 5003 matutinali
2404 4947 2599 5017 synaxi
2628 4945 2828 5000 festiva
2848 4952 2971 5000 octo
3003 4950 3224 4999 tantum
3250 4960 3385 4998 can-

1792 5048 2052 5098 tarentur
2090 5038 2465 5111 responsoria,
2494 5043 2555 5092 et
2591 5042 2924 5108 sequeretur
2948 5035 3384 5090 Ambrosianum

1789 5136 1848 5186 et
1873 5131 1933 5184 in
1958 5128 2289 5201 quotidiana
2316 5127 2427 5181 duo
2456 5130 2698 5179 tantum.
2732 5125 2802 5178 Et
2825 5141 2856 5178 a
2886 5123 3212 5195 presbytero
3240 5121 3386 5175 dice-

1792 5225 1950 5275 retur
1980 5220 2207 5287 Deus,in
2227 5219 2576 5284 adiutorium
2599 5230 2802 5277 meum,
2827 5212 3029 5281 quiest
3046 5208 3385 5264 centesimus

1793 5314 2023 5365 octavus
2046 5306 2299 5362 decimus
2323 5305 2592 5377 psalmus.
2633 5301 2813 5365 Quam
2842 5314 2973 5352 vero
3002 5298 3076 5352 sit
3103 5296 3383 5353 honestis-

179 5483 286 5557 (6οι
320 5484 552 5542 Scilicet
580 5479 732 5553 apud
760 5476 928 5534 Liviae
956 5471 1255 5531 macellum
1282 5471 1343 5526 in
1371 5467 1685 5541 Exquilino,
1717 5468 1785 5520 ut
1813 5465 2053 5519 constat.
