3872 6168
138 207 217 264 869

1525 206 1965 263 DECRETALE.

3277 216 3386 275 870

137 318 449 402 depo'Sitiihi,
483 325 552 386 ab
583 323 695 386 alia
725 319 938 404 synodo
965 317 1360 394 reconciliavit,
1394 316 1452 386 et
1480 334 1574 403 qui
1597 350 1708 386 uno
1728 332 1975 402 Aipsum
2008 334 2393 388 Crescentium
2435 335 2530 389 diu
2570 334 2858 390 obsessum
2906 338 3053 409 cepit
3095 345 3152 394 et
3197 345 3380 414 capite

137 423 420 493 eodemque
443 429 698 492 tempore
715 423 854 476 duos
876 423 1242 492 imperatores
1265 422 1706 475 excommunica-

137 512 558 564 vit:Orientalem
585 512 832 582 quidem,
858 512 1082 564 nomine
1105 511 1452 571 Michaelem,
1478 517 1708 580 propter

139 599 313 669 Ignatii
339 601 673 670 patriarchae
700 601 966 669 injustam
990 600 1417 669 depositionem;
1441 589 1705 653 Occiden-

136 690 275 742 talcm
299 697 516 751 autem,
537 690 764 742 nomine
787 689 1132 750 Lotharium,
1145 694 1370 758 propter
1389 689 1706 742 Waldrada:

139 777 320 847 pellicis
347 793 463 830 suae
491 777 830 830 societatem.

193 866 250 918 Et
294 866 368 919 de
411 865 657 918 secundo
705 865 952 918 Adriano
998 863 1092 934 qui
1135 855 1472 917 Ld'do'vicdin
1529 855 1706 917 tilium

140 954 296 1008 Caroli
312 956 611 1008 constituit
625 939 1119 1026 imperatorbiiLEt
1137 945 1204 1006 de
1219 938 1419 1028 ‘oct‘alfo
1433 944 1704 1028 Johahne,

141 1042 214 1111 qui
231 1043 534 1095 altercatus
550 1049 636 1095 est
657 1059 782 1094 cum
805 1042 1158 1111 Angelberga
1179 1041 1374 1110 regina
1394 1042 1462 1093 de
1486 1041 1709 1094 civitate

140 1131 397 1196 Ravenna,
425 1132 520 1202 qui
553 1139 608 1185 et
637 1132 897 1185 Carolum
929 1131 1107 1184 [ilium
1141 1132 1261 1200 ejus
1292 1131 1572 1183 ordinavit
1600 1131 1706 1182 im-

138 1227 448 1290 peratorem.
497 1222 567 1274 Et
611 1221 679 1274 de
723 1220 982 1283 Martino,
1020 1221 1138 1288 ejus
1182 1236 1517 1282 successore,
1552 1220 1708 1286 cujus

139 1310 461 1379 temporibus
482 1310 592 1362 duo
612 1307 839 1384 gloriosi
864 1305 1105 1378 epiSCOpi
1125 1305 1278 1360 there
1305 1307 1361 1359 i'n
1383 1305 1706 1377 Longdbar-

140 1395 228 1454 dia,
257 1413 406 1449 unus
427 1397 804 1461 Placentinus;
830 1387 1054 1450 noinine
1081 1397 1307 1462 Paulus,
1330 1403 1506 1465 nepos
1529 1398 1708 1466 impe-

139 1485 349 1550 ratricis,
391 1486 487 1555 qui
510 1485 892 1539 Placentinam
925 1485 1238 1549 ecclesiam,
1272 1501 1371 1553 per
1411 1483 1709 1554 Sophronii

139 1573 391 1640 ignaviam
443 1574 695 1628 funditus
734 1575 1095 1636 destructam,
1130 1591 1163 1625 a
1192 1573 1572 1626 fundamentis
1621 1590 1712 1624 re-

1787 421 2102 487 truncavit;
2135 423 2315 492 ipsum
2351 440 2478 476 vero
2520 425 2837 493 pontificem
2883 428 3057 480 oculis
3097 429 3376 499 orbatum,

1788 510 2114 578 czeterisque
2170 511 2434 564 membris
2490 512 2863 577 debilitatum,
2915 515 2983 567 ad
3037 517 3276 571 dedecus
3325 526 3382 573 et

1788 599 2150 667 ignominiam
2165 601 2522 652 sacerdotalis
2540 602 2749 654 ordinis
2771 619 2868 672 per
2888 604 3099 674 plateas
3119 607 3381 662 Leoninee

1789 688 2026 740 civitatis
2047 689 2386 742 circumduci
2410 689 2598 756 jussit.
2633 691 2739 743 Sed
2771 696 2900 743 ante
2928 709 3094 762 quam
3127 710 3234 748 xxx
3263 697 3381 750 dies

1789 777 2180 846 implerentur,
2233 777 2420 828 anima
2454 786 2508 830 et
2539 794 2768 847 corpore
2801 780 2919 850 ipse
2961 799 3055 834 rex
3087 783 3382 840 defunctus

1791 870 1892 916 est.
2223 852 2228 863 ³
2381 933 2384 936 _

1821 1009 1824 1020 ι
1861 939 2026 1023 Εξάρ
2055 941 2352 1006 Benedicto
2381 924 2701 1006 Tusculano
2727 955 2823 1024 qui
2853 956 3178 1023 Henricum,
3207 963 3381 1031 majo-

1792 1041 1866 1093 ris
1889 1041 2123 1093 Othonis
2140 1047 2422 1110 nepotem,
2443 1059 2629 1111 regem
2644 1044 3074 1098 Teutonicorum
3106 1049 3384 1104 ordinavit

1791 1130 2210 1198 imperatorem.
2268 1130 2334 1181 Et
2374 1129 2442 1181 de
2485 1131 2608 1199 ejus
2651 1130 2825 1183 fratre
2868 1133 3100 1198 Joanne,
3144 1139 3237 1205 qui
3271 1155 3382 1192 uno

1793 1219 2098 1287 eodemque
2121 1218 2211 1270 die
2233 1218 2482 1292 etlaicus
2516 1219 2621 1271 fuit
2658 1224 2714 1272 et
2745 1221 3009 1289 pontifex.
3029 1223 3108 1276 De
3131 1225 3215 1278 his
3248 1227 3383 1280 mihi

1792 1305 2070 1378 silendum
2092 1307 2212 1357 esSe
2234 1321 2343 1358 non
2365 1305 2572 1358 credidi
2590 1351 2600 1360 .
2615 1299 2890 1360 Caeterum
2914 1309 2959 1360 si
2977 1307 3105 1378 quis
3124 1312 3192 1364 de
3211 1312 3388 1366 Theo-

1792 1375 2052 1465 phylacto
2081 1385 2416 1455 Tusculano,
2439 1379 2678 1462 qualiter
2715 1390 2916 1448 Joaniii
2940 1375 3214 1452 sacerdoti
3253 1416 3387 1453 ven--

1793 1484 2001 1536 diderit
2031 1489 2319 1552 papatum,
2365 1489 2421 1534 et
2451 1484 2730 1551 quomodo
2763 1501 2872 1536 uno
2913 1486 3220 1556 eodemque
3249 1495 3388 1542 tem-

1794 1569 1926 1643 pere
1958 1573 2108 1624 Theo
2115 1571 2406 1641 pl’iylactus
2429 1578 2483 1623 et
2505 1572 2808 1639 Gregorius
2829 1578 2884 1625 et
2907 1574 3169 1627 Silvester
3181 1577 3386 1630 Roma-

139 1662 436 1727 zedilicavit;
458 1664 605 1716 alter
625 1680 752 1716 vero
769 1663 1107 1726 Parmensis,
1133 1662 1357 1714 nomine
1373 1661 1703 1722 Gundolfus,
1730 1682 1774 1739 Β
1795 1678 1928 1714 num
1963 1677 2073 1713 non
2105 1660 2391 1728 regebant,
2426 1660 2521 1712 sed
2558 1660 2850 1714 vastabant
2879 1663 3265 1730 pontificatum
3292 1685 3303 1730 ;
3329 1672 3387 1719 et

141 1751 215 1819 qui
238 1752 561 1804 canonicam
586 1753 945 1804 Parmensem
971 1751 1279 1811 constituit,
1316 1755 1371 1803 et
1392 1750 1508 1819 ipse
1535 1765 1708 1819 nepos

139 1839 225 1890 fuit
247 1839 623 1909 imperatoris.
662 1841 730 1893 Et
760 1841 827 1893 de
860 1841 1107 1892 Adriano
1149 1840 1244 1908 qui
1277 1840 1326 1891 ei
1358 1839 1623 1891 successit
1651 1838 1705 1890 in

140 1927 460 1995 pontificatu.
486 1929 554 1981 Et
575 1929 642 1980 de
661 1929 963 1998 Stephano,
989 1928 1131 1980 etde
1153 1928 1436 1990 Formoso,
1469 1943 1704 1996 quorum

139 2017 461 2084 temporibus
489 2017 875 2085 Longobardis
917 2016 1316 2069 rebellantibus
1355 2015 1551 2068 Franci
1580 2031 1707 2084 per-

140 2102 376 2157 diderunt
407 2104 728 2174 imperium.
761 2106 830 2158 Et
849 2105 917 2157 de
938 2105 1177 2178 quodam
1201 2105 1514 2177 Stephano,
1550 2104 1635 2172 ου]
1649 2120 1709 2156 us

141 2193 461 2262 temporibus
493 2193 784 2246 Sarraceni
814 2200 1226 2263 occupaverunt
1255 2191 1520 2245 Siciliam.
1555 2193 1621 2244 Et
1641 2193 1709 2244 de

142 2280 327 2334 Joanne
355 2282 694 2346 Tusculano,
727 2283 887 2351 cujus
915 2281 1260 2350 temporibus
1298 2280 1533 2333 Romani
1555 2281 1708 2350 capi-

141 2370 255 2422 tauii
282 2371 611 2439 patriciatus
645 2370 749 2423 sibi
778 2371 1134 2439 tyrannidem
1168 2369 1604 2425 vindicaverunt.
1645 2370 1711 2421 Et

139 2457 194 2510 de
222 2459 458 2528 quodam
494 2459 780 2518 Silvestro,
811 2459 928 2512 viro
958 2459 1208 2512 omnium
1234 2459 1441 2510 artium
1487 2458 1711 2527 peritis-

143 2546 282 2611 simo,
316 2547 415 2616 qui
445 2546 710 2622 primitus
741 2546 912 2600 abbas
953 2546 1270 2613 Bobiensis,
1298 2551 1494 2614 postea
1529 2545 1712 2597 archi-

139 2634 410 2704 episcopus
444 2635 755 2694 Rav‘ennas,
779 2641 906 2705 post
935 2651 1064 2687 vero
1101 2635 1384 2687 Romanus
1407 2650 1551 2703 papa
1581 2633 1713 2686 effe-

140 2730 242 2775 ctus
271 2731 374 2776 est.
402 2724 471 2777 Et
501 2719 568 2776 de
609 2715 656 2776 Χ
686 2725 901 2776 Joanne
921 2714 1255 2787 Tusculano,
1285 2722 1455 2776 fratre
1488 2723 1715 2792 majoris

138 2809 382 2877 Alberici,
417 2812 514 2882 qui
545 2807 812 2883 pugnavit
848 2805 975 2866 cum
1009 2806 1350 2875 Sarracenis,
1370 2817 1428 2864 et
1456 2811 1524 2863 ab
1554 2799 1718 2864 Italia

1792 1753 2032 1824 qualiter
2081 1750 2358 1822 Henricus
2400 1769 2512 1813 rex,
2565 1752 2808 1804 Conradi
2852 1753 3018 1816 ﬁlius,
3070 1755 3385 1810 Romanam

1792 1842 2094 1894 Ecclesiani
2125 1855 2157 1891 a.
2187 1833 2394 1892 talibus
2431 1841 2680 1909 pestibus
2714 1841 2985 1905 liberavit,
3021 1859 3232 1911 gnarus
3263 1862 3386 1899 esse

1791 1929 2044 1990 voluerit,
2086 1928 2236 1996 legat
2275 1929 2480 1980 librum
2511 1946 2675 1998 quem
2698 1929 2922 1990 dictavi,
2947 1931 3040 1998 qui
3062 1931 3389 1986 inscribitur

1789 2020 1872 2071 An
1901 2032 2138 2080 AMICUM,
2182 2023 2239 2070 et
2279 2016 2356 2068 ibi
2385 2017 2630 2069 inveniet
2672 2017 2786 2069 haec
2833 2018 3222 2073 ordinabiliter
3266 2038 3388 2074 esse

1791 2107 2009 2174 digesta
2045 2103 2173 2176 (63).
2209 2105 2459 2158 Inveniet
2491 2111 2682 2176 autem
2737 2106 2810 2158 ibi
2860 2112 2915 2159 et
2955 2109 3194 2177 qualiter
3241 2126 3391 2181 papa

1792 2197 2050 2248 Clemens
2081 2195 2286 2247 electus
2308 2195 2400 2257 sit,
2429 2195 2734 2264 qualiterve
2769 2196 3040 2250 Henricus
3080 2214 3177 2250 rex
3217 2198 3392 2268 impe-

1792 2289 1946 2336 rator
1984 2282 2293 2336 ordinatus.
2317 2283 2384 2334 Et
2411 2282 2478 2335 de
2501 2283 2742 2335 Damaso
2765 2285 2886 2352 ejus
2908 2301 3222 2339 successore
3253 2293 3392 2356 quot

1793 2372 1851 2424 in
1873 2379 2081 2440 papatu
2112 2371 2339 2423 duxerit
2362 2371 2499 2423 dies.
2529 2371 2596 2423 Et
2630 2371 2698 2423 de
2721 2373 2990 2440 praeclaro
3015 2375 3220 2442 Leone,
3255 2375 3391 2446 quid

1797 2457 1852 2510 in
1884 2469 2086 2528 papatu
2136 2459 2330 2526 egerit,
2363 2459 2670 2527 qualiterve
2713 2461 2883 2512 vitam
2933 2461 3191 2515 ﬁniverit.
3225 2464 3291 2516 Et
3321 2464 3392 2518 de

1796 2547 2016 2600 Victore
2045 2548 2167 2615 ejus
2195 2563 2513 2599 successore
2548 2547 2681 2616 quid
2725 2549 2919 2617 egerit;
2954 2556 3054 2603 aut
3086 2533 3220 2619 quid
3269 2549 3390 2621 ejus

1795 2633 2141 2704 tempo‘ribUs
2169 2650 2380 2687 novum
2418 2635 2682 2688 evenerit.
2827 2622 2895 2689 de
2947 2635 3249 2708 Stephano,
3277 2640 3392 2693 Go-

1797 2721 2024 2776 thifr‘edi
2052 2723 2210 2776 ducis
2237 2740 2527 2791 germano.
2555 2730 2613 2791 et
2635 2724 2876 2793 qualiter
2901 2727 3019 2794 ejus
3038 2711 3391 2796 temporibus

1799 2805 2037 2865 Patarea
2060 2811 2168 2878 {64)
2201 2812 2349 2880 apud
2371 2813 2747 2865 Mediolanum
2770 2820 2963 2866 exorta
2983 2820 3084 2866 est.
3108 2815 3177 2867 Et
3197 2816 3265 2867 de
3288 2816 3390 2868 Ni-

140 2901 306 2968 pulsos
333 2901 394 2953 in
426 2901 674 2954 Siciliam
710 2901 938 2970 fugavit.
975 2902 1077 2954 Hic
1107 2901 1402 2954 aediﬁcavit
1430 2899 1960 2970 basilicacholao
1994 2915 2152 2969 papa,
2180 2905 2234 2951 et
2269 2900 2336 2951 de
2358 2899 2455 2951 lite
2489 2905 2657 2969 quam
2709 2899 2905 2953 habuit
2933 2903 3058 2954 cum
3090 2899 3390 2957 Benedicto

138 2985 185 3038 in
211 2986 418 3058 palatio
451 2984 838 3043 Lateran'ensi.
873 2991 941 3042 Et
975 2991 1043 3043 de
1093 2989 1358 3043 Silvestro
1398 2988 1713 3042 Tusculano

140 3077 345 3142 genere.
368 3077 522 3130 Etde
554 3079 795 3148 quodam
831 3077 1133 3131 Benedicto
1155 3075 1302 3147 papa
1323 3078 1594 3137 Romano,
1622 3075 1716 3146 qui

144 3167 239 3217 uno
268 3159 581 3242 eodemque
609 3167 699 3219 die
730 3172 786 3219 et
811 3162 986 3220 laicus
1030 3167 1135 3219 fuit
1164 3172 1220 3219 et
1262 3165 1525 3235 pontifex.
1557 3165 1625 3217 Et
1649 3165 1717 3216 de

137 3252 332 3307 Joanne
348 3255 668 3308 Tusculano
687 3256 1016 3325 genere,qui
1041 3255 1320 3309 Othonem
1344 3269 1532 3322 regem
1554 3255 1720 3306 Saxo-

139 3356 256 3395 num
282 3345 576 3396 coronavit
595 3344 1015 3413 imperatorem.
1036 3344 1106 3396 Et
1125 3343 1193 3396 de
1213 3342 1454 3412 quodam
1487 3341 1718 3395 Silverio

136 3428 436 3498 Tiburtino,
463 3432 561 3502 Qui
581 3435 807 3485 'rnortuo
842 3431 1095 3485 Alberico
1130 3429 1464 3494 Tusculano,
1497 3430 1590 3500 qui
1620 3447 1719 3499 pa-

138 3518 378 3573 triciatus
400 3515 509 3574 sibi
529 3517 732 3574 nomen
754 3521 1150 3580 vindicaverat,
1188 3538 1220 3572 a
1261 3520 1582 3572 Crescentio
1614 3519 1723 3571 No-

136 3616 408 3674 mentano,
443 3610 542 3679 qui
585 3609 853 3679 patricius
889 3609 1198 3668 dicebatur,
1241 3623 1386 3677 papa
1431 3607 1720 3660 ordinatus

135 3703 227 3761 est,
277 3699 490 3768 quique
542 3698 711 3750 etiam
756 3697 1064 3750 secundum
1115 3697 1393 3750 Othonem
1445 3695 1719 3748 ordinavit

133 3781 558 3854 imperatorem;
585 3793 778 3855 postea
809 3795 936 3838 vero
966 3802 1091 3838 cum
1128 3790 1329 3854 magno
1353 3781 1630 3837 dedecore
1651 3781 1720 3835 ab

134 3870 318 3926 eodem
333 3862 664 3940 'Crescentio
687 3892 720 3926 a
744 3868 953 3943 papatu
975 3874 1236 3942 expulsus
1255 3878 1372 3939 est;
1397 3878 1454 3925 et
1491 3872 1719 3940 quidam

130 3960 366 4016 Joannes
391 3963 753 4016 Placentinus
789 3963 1096 4032 episcopus,
1133 3963 1360 4014 Graecus
1393 3977 1617 4029 genere,
1646 3960 1720 4012 le-

131 4051 349 4116 gatione
379 4051 608 4105 functus
633 4051 868 4105 Othonis
899 4051 1160 4118 junioris,
1183 4064 1215 4102 a
1237 4048 1722 4119 Constantinopoli

134 4138 367 4205 rediens,
407 4141 547 4214 dum
601 4139 1055 4218 Romam‘causa
1101 4138 1371 4192 orationis
1421 4138 1652 4214 veniret,
1690 4153 1721 4189 a

1797 2989 2068 3053 invasore,
2084 2993 2140 3040 et
2161 2981 2292 3058 quid
2316 2988 2493 3056 egerit
2513 2987 2567 3040 in
2592 2995 2817 3058 papatu.
2835 2990 2902 3042 Et
2922 2992 2989 3042 de
3005 2970 3392 3064 Alexandro

1799 3094 1961 3147 papa,
1995 3083 2052 3130 et
2081 3076 2149 3130 de
2169 3071 2267 3129 lite
2289 3093 2456 3147 quam
2479 3077 2678 3130 habuit
2698 3095 2824 3131 cum
2848 3079 3055 3132 Cadolo
3078 3081 3390 3145 Parmensi,

1801 3174 1858 3218 et
1885 3167 1953 3218 de
1970 3167 2089 3234 ejus
2114 3166 2374 3229 victoriis,
2401 3172 2456 3218 et
2491 3166 2623 3235 quid
2656 3167 2838 3235 egerit
2879 3167 2937 3219 in
2975 3174 3204 3237 papatu,
3237 3167 3294 3223 et
3323 3171 3392 3224 de

1802 3256 1923 3323 ejus
1971 3257 2101 3308 ﬁne.
2157 3256 2223 3307 Et
2287 3256 2355 3308 de
2404 3256 2641 3325 septimo
2693 3256 2983 3325 Gregorio,
3037 3264 3094 3310 et
3147 3256 3215 3310 de
3274 3260 3394 3327 eju's

1803 3342 2070 3396 électione
2111 3349 2167 3395 et
2210 3343 2320 3396 vita
2348 3350 2403 3396 et
2432 3343 2704 3410 molibus,
2734 3351 2792 3398 et
2821 3340 3064 3414 qualiter
3091 3345 3151 3399 in
3182 3347 3396 3400 Nativi-

1804 3437 1920 3485 tate
1960 3427 2185 3485 Domini
2213 3433 2282 3484 ad
2314 3433 2493 3485 altare
2524 3439 2728 3487 sauctze
2760 3433 2948 3486 Marim
2975 3452 3006 3487 a
3027 3434 3253 3488 Cinthio
3275 3431 3394 3489 viro

1804 3521 2015 3574 crudeli
2046 3526 2241 3590 captus
2267 3520 2357 3585 sit,
2383 3526 2438 3574 et
2465 3538 2530 3574 eo
2556 3521 2645 3574 die
2675 3522 2774 3575 Dei
2795 3523 2978 3590 gratia
3008 3523 3279 3577 liberatus
3298 3523 3393 3577 sit.

1804 3610 1986 3662 Etiam
2015 3610 2083 3662 de
2108 3614 2313 3677 guerra
2344 3627 2512 3679 quam
2561 3611 2829 3664 sustinuit
2858 3627 2983 3664 cum
3015 3613 3256 3666 Henrico
3289 3613 3397 3666 im:

1804 3704 2062 3766 peratore
2119 3703 2177 3749 et
2228 3698 2308 3772 ide
2364 3699 2742 3752 controversia
2800 3717 2968 3768 quam
3013 3699 3212 3754 habuit
3269 3690 3398 3772 cum

1805 3785 2096 3844 Guiberto,
2131 3789 2187 3838 et
2216 3773 2284 3838 de
2314 3787 2578 3839 aerumnis
2601 3805 2739 3856 quas
2767 3779 3055 3854 sustinuit,
3082 3779 3136 3842 et
3158 3791 3225 3842 de
3248 3789 3399 3842 obsi-

1803 3874 1966 3926 dione
1987 3874 2226 3926 civitatis
2249 3880 2305 3927 et
2324 3891 2443 3940 sua,
2463 3875 2705 3943 qualiter
2730 3891 2764 3926 a
2793 3859 3034 3929 Roberto
3061 3879 3400 3930 Northmanl-

1801 3978 2003 4015 norum
2033 3961 2172 4013 duce
2222 3962 2296 4014 sit
2331 3961 2622 4024 liberatus,
2671 3967 2732 4015 et
2781 3964 3025 4032 qualiter
3072 3964 3236 4018 beato
3281 3966 3400 4018 ‘ﬁne

1804 4049 2094 4120 quieverit,
2119 4049 2470 4119 apertissime
2498 4050 2834 4103 declaratur.
2869 4051 3080 4105 Urbani
3107 4069 3233 4105 vero
3256 4047 3400 4122 pon-

1803 4138 1969 4191 tiﬁcis
2025 4144 2168 4203 acta,
2220 4124 2275 4191 et
2337 4139 2404 4190 de
2470 4139 2590 4207 ejus
2658 4139 2904 4203 victoria,
2965 4141 3012 4193 si
3070 4142 3194 4210 quis
3256 4141 3402 4194 scire

132 4227 355 4293 pnefato
383 4219 711 4282 Crescentio
731 4233 787 4280 et
806 4244 840 4279 a
859 4227 1128 4280 Romanis
1149 4227 1387 4296 capitur.
1405 4232 1650 4288 tenetur,
1667 4231 1786 4321 etD
1806 4227 2066 4286 voluerit,
2098 4227 2250 4295 legat
2290 4226 2494 4279 librum
2545 4228 2709 4295 quem
2763 4227 2959 4296 scripsi
3005 4229 3089 4281 AD
3122 4231 3402 4300 HueouEtl

133 4314 254 4368 licet
268 4317 502 4378 invitus,
527 4333 670 4386 papa
688 4315 1082 4369 tameninfelix
1101 4316 1392 4368 ordinatur
1413 4315 1720 4368 Romanus.

127 4403 280 4465 Quod
312 4406 554 4459 audiens
579 4421 676 4458 rex
709 4409 896 4457 mente
933 4400 1194 4469 etfrenus,
1228 4403 1466 4456 Romam
1496 4401 1723 4455 Veniens

192 4543 304 4608 (65;
335 4545 624 4600 Hactenus
674 4545 758 4599 est
785 4544 951 4616 apud
997 4545 1264 4598 Albinum
1313 4543 1625 4616 scholarem
1656 4536 1724 4597 ei:

124 4614 451 4682 Bouizone;
504 4617 722 4687 reliqua
779 4614 914 4669 item
973 4622 1106 4669 sunt
1150 4614 1478 4687 Boni‘zonis,
1515 4614 1612 4687 sed
1660 4629 1725 4667 ex

123 4688 313 4770 codice
365 4685 724 4742 Coll‘ec'tio‘nis
780 4687 1058 4741 canonica:
1112 4693 1210 4740 seu
1266 4686 1485 4740 Decrcti
1531 4685 1605 4739 ab
1653 4701 1723 4738 ‘eo

122 4773 221 4811 εςΠ

351 4817 433 4883 De
480 4827 737 4894 Patarea,
789 4825 847 4882 id
897 4825 987 4883 est
1042 4828 1241 4882 htereSi
1291 4817 1723 4893 Pauli-enormi,

122 5384 284 5449 (Vide
312 5377 763 5438 Ballerinio'rum
789 5381 1247 5452 disquisitionem
1273 5381 1342 5434 de
1370 5379 1612 5452 antiquis
1641 5378 2141 5452 colliecti'ouibuse't
2168 5374 2555 5452 collec'torib‘us
2575 5383 2891 5452 canonum,
2912 5386 3045 5452 pars
3072 5369 3148 5446 1v,
3183 5381 3248 5435 c‘a

609 5461 752 5510 tom.
777 5441 918 5520 ινις
947 5443 1053 5507 col.
1077 5449 1211 5510 ’δεδι
1242 5458 1315 5495 é-‘-
1345 5453 1427 5509 Cf.
1451 5441 1581 5524 quae
1607 5452 1669 5506 in
1693 5441 2113 5521 Prolegomenis
2137 5447 2213 5504 ad
2242 5447 2602 5516 Bbi‘ii‘zonem,
2630 5451 2817 5518 “supra,
2848 5441 3121 5517 pas-eram
3137 5441 3229 5508 cst

224 5454 582 5525 Patr-elogia

223 5527 397 5596 lius.)

1807 4326 2224 4377 scnrsmrmun,
2253 4319 2310 4366 et
2338 4313 2415 4367 ibi
2443 4314 2690 4366 inveniet
2719 4313 2788 4366 ad
2826 4314 3058 4384 plenum
3091 4309 3404 4370 'diIuCidatb.

1806 4417 1928 4472 qua:
1943 4401 2196 4454 voluerit.

1806 4541 2197 4618 Mediolanieo
2229 4539 2484 4618 tempore
2509 4537 2996 4618 ’exortaLlegat'ur
3015 4531 3223 4618 Pagius
3253 4537 3402 4618 apud

1807 4615 2011 4690 βαφὴ.
2062 4615 2132 4690 ad
2183 4611 2476 4690 an._l;‘l_0_58,
2528 4632 2586 4690 n_.
2619 4615 2690 4690 Δ3.
2725 4611 3134 4690 ῌμῦξυεᾷἱᾶθιῖ]
3181 4611 3405 4690 legatur

1806 4686 2013 4758 Pagius
2041 4685 2111 4758 ad
2143 4699 2233 4758 an.
2262 4682 2422 4748 1014,
2458 4702 2513 4758 np.
2551 4684 2678 4758 7-9,
2699 4685 2799 4758 ubi
2835 4687 3173 4742 Bohizoaem
3209 4682 3296 4742 tEr
3334 4682 3404 4742 de

1847 4755 2160 4832 ontiﬁcibus
2203 4757 2361 4809 Rom.
2384 4755 2693 4832 scripsisse
2736 4757 2988 4832 adnotat,
3015 4759 3310 4832 refertque
3339 4777 3406 4815 ex

1853 4826 2106 4880 ambecio
2135 4834 2354 4896 partem
2383 4826 2527 4880 hanc
2555 4833 2898 4898 postremam
2933 4826 3254 4886 Benizonis.

3205 4964 3226 4977 ιδ
3249 4964 3368 4976 ι-διι-ιλ
