  <div class='ocr_page' id='page_1' title='image "/cluster/home/n/w/nwhite01/storage/ocr_20150623/150/hvd.32044054760087/445.png"; bbox 0 0 3912 6166; ppageno 0'>
   <div class='ocr_carea' id='block_1_1' title="bbox 423 270 532 332">
    <p class='ocr_par' dir='ltr' id='par_1_1' title="bbox 423 270 532 332">
     <span class='ocr_line' id='line_1_1' title="bbox 423 270 532 332; baseline -0.037 -1"><span class='ocrx_word' id='word_1_1' title='bbox 423 270 532 332; x_wconf 82' lang='lat'>879</span> 
     </span>
    </p>
   </div>
   <div class='ocr_carea' id='block_1_2' title="bbox 1456 262 2668 328">
    <p class='ocr_par' dir='ltr' id='par_1_2' title="bbox 1456 262 2668 328">
     <span class='ocr_line' id='line_1_2' title="bbox 1456 262 2668 328; baseline 0.007 -10"><span class='ocrx_word' id='word_1_2' title='bbox 1456 262 1850 319; x_wconf 86' lang='lat' dir='ltr'>GUILLELMI</span> <span class='ocrx_word' id='word_1_3' title='bbox 1885 263 2192 323; x_wconf 81' lang='lat' dir='ltr'>ABBATIS</span> <span class='ocrx_word' id='word_1_4' title='bbox 2231 269 2289 324; x_wconf 92' lang='lat' dir='ltr'>S.</span> <span class='ocrx_word' id='word_1_5' title='bbox 2328 269 2668 328; x_wconf 82' lang='lat' dir='ltr'>ARNULFI.</span> 
     </span>
    </p>
   </div>
   <div class='ocr_carea' id='block_1_3' title="bbox 3554 283 3642 339">
    <p class='ocr_par' dir='ltr' id='par_1_3' title="bbox 3554 283 3642 339">
     <span class='ocr_line' id='line_1_3' title="bbox 3554 283 3642 339; baseline 0 -2"><span class='ocrx_word' id='word_1_6' title='bbox 3554 283 3642 339; x_wconf 71' lang='grc' dir='ltr'>εθο</span> 
     </span>
    </p>
   </div>
   <div class='ocr_carea' id='block_1_4' title="bbox 423 381 3644 475">
    <p class='ocr_par' dir='ltr' id='par_1_4' title="bbox 423 381 3644 475">
     <span class='ocr_line' id='line_1_4' title="bbox 423 381 3644 475; baseline 0.007 -39"><span class='ocrx_word' id='word_1_7' title='bbox 423 395 663 452; x_wconf 68' lang='lat' dir='ltr'>ulterius</span> <span class='ocrx_word' id='word_1_8' title='bbox 690 390 1196 448; x_wconf 88' lang='lat' dir='ltr'>commacularetur</span> <span class='ocrx_word' id='word_1_9' title='bbox 1231 392 1505 460; x_wconf 87' lang='lat' dir='ltr'>aspectus.</span> <span class='ocrx_word' id='word_1_10' title='bbox 1537 389 1663 443; x_wconf 91' lang='lat' dir='ltr'>Non</span> <span class='ocrx_word' id='word_1_11' title='bbox 1713 381 1799 442; x_wconf 80' lang='lat' dir='ltr'>est</span> <span class='ocrx_word' id='word_1_12' title='bbox 1827 388 2018 460; x_wconf 85' lang='lat' dir='ltr'>itaque</span> <span class='ocrx_word' id='word_1_13' title='bbox 2044 392 2094 452; x_wconf 83' lang='grc' dir='ltr'>Α</span> <span class='ocrx_word' id='word_1_14' title='bbox 2113 392 2428 462; x_wconf 88' lang='lat' dir='ltr'>prosiliens,</span> <span class='ocrx_word' id='word_1_15' title='bbox 2460 413 2562 451; x_wconf 92' lang='lat' dir='ltr'>nec</span> <span class='ocrx_word' id='word_1_16' title='bbox 2593 413 2683 452; x_wconf 90' lang='lat' dir='ltr'>me</span> <span class='ocrx_word' id='word_1_17' title='bbox 2709 401 2922 452; x_wconf 86' lang='lat' dir='ltr'>terrere</span> <span class='ocrx_word' id='word_1_18' title='bbox 2964 397 3148 458; x_wconf 85' lang='lat' dir='ltr'>minis.</span> <span class='ocrx_word' id='word_1_19' title='bbox 3181 415 3282 454; x_wconf 88' lang='lat' dir='ltr'>nec</span> <span class='ocrx_word' id='word_1_20' title='bbox 3326 401 3644 475; x_wconf 81' lang='lat' dir='ltr'>subplantare</span> 
     </span>
    </p>
   </div>
   <div class='ocr_carea' id='block_1_5' title="bbox 425 479 3645 561">
    <p class='ocr_par' dir='ltr' id='par_1_5' title="bbox 425 479 3645 561">
     <span class='ocr_line' id='line_1_5' title="bbox 425 479 3645 561; baseline 0.002 -18"><span class='ocrx_word' id='word_1_21' title='bbox 425 487 638 543; x_wconf 82' lang='lat' dir='ltr'>levitati</span> <span class='ocrx_word' id='word_1_22' title='bbox 665 479 1121 539; x_wconf 72' lang='lat' dir='ltr'>etinconstantiee</span> <span class='ocrx_word' id='word_1_23' title='bbox 1145 479 1554 550; x_wconf 87' lang='lat' dir='ltr'>deputandum,</span> <span class='ocrx_word' id='word_1_24' title='bbox 1577 479 1724 550; x_wconf 90' lang='lat' dir='ltr'>quod</span> <span class='ocrx_word' id='word_1_25' title='bbox 1741 479 2025 533; x_wconf 85' lang='lat' dir='ltr'>abbatiam</span> <span class='ocrx_word' id='word_1_26' title='bbox 2109 481 2350 548; x_wconf 89' lang='lat' dir='ltr'>insidiis,</span> <span class='ocrx_word' id='word_1_27' title='bbox 2383 486 2636 540; x_wconf 88' lang='lat' dir='ltr'>nesciens</span> <span class='ocrx_word' id='word_1_28' title='bbox 2663 486 2836 541; x_wconf 83' lang='lat' dir='ltr'>miser</span> <span class='ocrx_word' id='word_1_29' title='bbox 2856 486 2959 542; x_wconf 90' lang='lat' dir='ltr'>sub</span> <span class='ocrx_word' id='word_1_30' title='bbox 2986 488 3134 542; x_wconf 90' lang='lat' dir='ltr'>illius</span> <span class='ocrx_word' id='word_1_31' title='bbox 3163 507 3250 544; x_wconf 87' lang='lat' dir='ltr'>me</span> <span class='ocrx_word' id='word_1_32' title='bbox 3271 493 3456 561; x_wconf 81' lang='lat' dir='ltr'>capitis</span> <span class='ocrx_word' id='word_1_33' title='bbox 3475 495 3645 550; x_wconf 86' lang='lat' dir='ltr'>umbra</span> 
     </span>
    </p>
   </div>
   <div class='ocr_carea' id='block_1_6' title="bbox 424 568 2026 641">
    <p class='ocr_par' dir='ltr' id='par_1_6' title="bbox 424 568 2026 641">
     <span class='ocr_line' id='line_1_6' title="bbox 424 568 2026 641; baseline -0.006 -9"><span class='ocrx_word' id='word_1_34' title='bbox 424 584 579 632; x_wconf 88' lang='lat' dir='ltr'>tuam</span> <span class='ocrx_word' id='word_1_35' title='bbox 611 572 1066 641; x_wconf 86' lang='lat' dir='ltr'>consortiumque</span> <span class='ocrx_word' id='word_1_36' title='bbox 1107 575 1269 624; x_wconf 90' lang='lat' dir='ltr'>tuum</span> <span class='ocrx_word' id='word_1_37' title='bbox 1309 568 1664 639; x_wconf 84' lang='lat' dir='ltr'>aufugerim;</span> <span class='ocrx_word' id='word_1_38' title='bbox 1697 569 1866 640; x_wconf 90' lang='lat' dir='ltr'>idque</span> <span class='ocrx_word' id='word_1_39' title='bbox 1887 569 2026 622; x_wconf 88' lang='lat' dir='ltr'>mihi</span> 
     </span>
    </p>
   </div>
   <div class='ocr_carea' id='block_1_7' title="bbox 424 657 1661 735">
    <p class='ocr_par' dir='ltr' id='par_1_7' title="bbox 424 657 1661 735">
     <span class='ocr_line' id='line_1_7' title="bbox 424 657 1661 735; baseline -0.006 -16"><span class='ocrx_word' id='word_1_40' title='bbox 424 663 708 735; x_wconf 82' lang='lat' dir='ltr'>perfacile,</span> <span class='ocrx_word' id='word_1_41' title='bbox 737 661 992 733; x_wconf 87' lang='lat' dir='ltr'>quisquis</span> <span class='ocrx_word' id='word_1_42' title='bbox 1012 666 1067 713; x_wconf 91' lang='lat' dir='ltr'>te</span> <span class='ocrx_word' id='word_1_43' title='bbox 1097 658 1369 728; x_wconf 79' lang='lat' dir='ltr'>agnoscit,</span> <span class='ocrx_word' id='word_1_44' title='bbox 1403 657 1661 728; x_wconf 81' lang='lat' dir='ltr'>ignoscit.</span> 
     </span>
    </p>
   </div>
   <div class='ocr_carea' id='block_1_8' title="bbox 958 745 1440 802">
    <p class='ocr_par' dir='ltr' id='par_1_8' title="bbox 958 745 1440 802">
     <span class='ocr_line' id='line_1_8' title="bbox 958 745 1440 802; baseline 0 0"><span class='ocrx_word' id='word_1_45' title='bbox 958 745 1315 802; x_wconf 82' lang='lat' dir='ltr'>EPISTOLA</span> <span class='ocrx_word' id='word_1_46' title='bbox 1347 747 1440 802; x_wconf 77' lang='grc' dir='ltr'>ιν.</span> 
     </span>
    </p>
   </div>
   <div class='ocr_carea' id='block_1_9' title="bbox 886 851 1554 898">
    <p class='ocr_par' dir='ltr' id='par_1_9' title="bbox 886 851 1554 898">
     <span class='ocr_line' id='line_1_9' title="bbox 886 851 1554 898; baseline -0.004 -5"><span class='ocrx_word' id='word_1_47' title='bbox 886 854 957 893; x_wconf 77' lang='lat' dir='ltr'>AD</span> <span class='ocrx_word' id='word_1_48' title='bbox 991 851 1257 898; x_wconf 69' lang='lat' dir='ltr'>QUEMDAM</span> <span class='ocrx_word' id='word_1_49' title='bbox 1288 853 1554 890; x_wconf 73' lang='lat' dir='ltr'>ABBATEM.</span> 
     </span>
    </p>
   </div>
   <div class='ocr_carea' id='block_1_10' title="bbox 629 928 1823 1000">
    <p class='ocr_par' dir='ltr' id='par_1_10' title="bbox 629 928 1823 1000">
     <span class='ocr_line' id='line_1_10' title="bbox 629 928 1823 1000; baseline -0.007 -16"><span class='ocrx_word' id='word_1_50' title='bbox 629 932 886 1000; x_wconf 68' lang='lat' dir='ltr'>Ejusdem</span> <span class='ocrx_word' id='word_1_51' title='bbox 915 930 1240 995; x_wconf 73' lang='lat' dir='ltr'>argumenti</span> <span class='ocrx_word' id='word_1_52' title='bbox 1265 943 1330 980; x_wconf 89' lang='lat' dir='ltr'>ac</span> <span class='ocrx_word' id='word_1_53' title='bbox 1352 928 1472 980; x_wconf 68' lang='lat' dir='ltr'>duae</span> <span class='ocrx_word' id='word_1_54' title='bbox 1500 928 1823 994; x_wconf 77' lang='lat' dir='ltr'>superiores.</span> 
     </span>
    </p>
   </div>
   <div class='ocr_carea' id='block_1_11' title="bbox 496 1015 2020 1077">
    <p class='ocr_par' dir='ltr' id='par_1_11' title="bbox 496 1015 2020 1077">
     <span class='ocr_line' id='line_1_11' title="bbox 496 1015 2020 1077; baseline -0.006 1"><span class='ocrx_word' id='word_1_55' title='bbox 496 1019 956 1077; x_wconf 89' lang='lat' dir='ltr'>Desiderabiliter</span> <span class='ocrx_word' id='word_1_56' title='bbox 971 1015 1273 1071; x_wconf 84' lang='lat' dir='ltr'>venerabili</span> <span class='ocrx_word' id='word_1_57' title='bbox 1304 1020 1362 1070; x_wconf 87' lang='lat' dir='ltr'>et</span> <span class='ocrx_word' id='word_1_58' title='bbox 1389 1015 1782 1069; x_wconf 83' lang='lat' dir='ltr'>venerabiliter</span> <span class='ocrx_word' id='word_1_59' title='bbox 1801 1015 2020 1070; x_wconf 83' lang='lat' dir='ltr'>deside-</span> 
     </span>
    </p>
   </div>
   <div class='ocr_carea' id='block_1_12' title="bbox 424 1104 2018 1179">
    <p class='ocr_par' dir='ltr' id='par_1_12' title="bbox 424 1104 2018 1179">
     <span class='ocr_line' id='line_1_12' title="bbox 424 1104 2018 1179; baseline -0.006 -12"><span class='ocrx_word' id='word_1_60' title='bbox 424 1111 590 1168; x_wconf 92' lang='lat' dir='ltr'>rabili</span> <span class='ocrx_word' id='word_1_61' title='bbox 619 1112 825 1166; x_wconf 90' lang='lat' dir='ltr'>domno</span> <span class='ocrx_word' id='word_1_62' title='bbox 855 1106 1098 1179; x_wconf 72' lang='lat' dir='ltr'>etiPatri</span> <span class='ocrx_word' id='word_1_63' title='bbox 1129 1106 1222 1170; x_wconf 71' lang='grc' dir='ltr'>Η..</span> <span class='ocrx_word' id='word_1_64' title='bbox 1255 1105 1346 1158; x_wconf 91' lang='lat' dir='ltr'>W.</span> <span class='ocrx_word' id='word_1_65' title='bbox 1384 1109 1664 1176; x_wconf 82' lang='lat' dir='ltr'>peccator,</span> <span class='ocrx_word' id='word_1_66' title='bbox 1688 1104 2018 1171; x_wconf 90' lang='lat' dir='ltr'>orationem,</span> 
     </span>
    </p>
   </div>
   <div class='ocr_carea' id='block_1_13' title="bbox 426 1203 734 1259">
    <p class='ocr_par' dir='ltr' id='par_1_13' title="bbox 426 1203 734 1259">
     <span class='ocr_line' id='line_1_13' title="bbox 426 1203 734 1259; baseline -0.013 0"><span class='ocrx_word' id='word_1_67' title='bbox 426 1203 712 1259; x_wconf 88' lang='lat' dir='ltr'>servitium</span> <span class='ocrx_word' id='word_1_68' title='bbox 724 1243 734 1254; x_wconf 92' lang='lat'>.</span> 
     </span>
    </p>
   </div>
   <div class='ocr_carea' id='block_1_14' title="bbox 497 1281 2019 1362">
    <p class='ocr_par' dir='ltr' id='par_1_14' title="bbox 497 1281 2019 1362">
     <span class='ocr_line' id='line_1_14' title="bbox 497 1281 2019 1362; baseline -0.007 -15"><span class='ocrx_word' id='word_1_69' title='bbox 497 1291 702 1362; x_wconf 83' lang='lat' dir='ltr'>Accepi</span> <span class='ocrx_word' id='word_1_70' title='bbox 728 1290 944 1344; x_wconf 84' lang='lat' dir='ltr'>litteras</span> <span class='ocrx_word' id='word_1_71' title='bbox 965 1291 1112 1350; x_wconf 90' lang='lat' dir='ltr'>tuas,</span> <span class='ocrx_word' id='word_1_72' title='bbox 1143 1285 1364 1338; x_wconf 86' lang='lat' dir='ltr'>litteras</span> <span class='ocrx_word' id='word_1_73' title='bbox 1413 1301 1566 1355; x_wconf 66' lang='lat' dir='ltr'>purae</span> <span class='ocrx_word' id='word_1_74' title='bbox 1601 1281 2019 1349; x_wconf 78' lang='lat' dir='ltr'>benevolentiae,</span> 
     </span>
    </p>
   </div>
   <div class='ocr_carea' id='block_1_15' title="bbox 426 1372 2020 1443">
    <p class='ocr_par' dir='ltr' id='par_1_15' title="bbox 426 1372 2020 1443">
     <span class='ocr_line' id='line_1_15' title="bbox 426 1372 2020 1443; baseline -0.008 -7"><span class='ocrx_word' id='word_1_75' title='bbox 426 1382 644 1436; x_wconf 83' lang='lat' dir='ltr'>litteras</span> <span class='ocrx_word' id='word_1_76' title='bbox 665 1376 1026 1433; x_wconf 85' lang='lat' dir='ltr'>sincerissimi</span> <span class='ocrx_word' id='word_1_77' title='bbox 1051 1375 1258 1429; x_wconf 90' lang='lat' dir='ltr'>amoris</span> <span class='ocrx_word' id='word_1_78' title='bbox 1289 1375 1417 1443; x_wconf 85' lang='lat' dir='ltr'>igne</span> <span class='ocrx_word' id='word_1_79' title='bbox 1448 1374 1750 1439; x_wconf 74' lang='lat' dir='ltr'>ferventes,</span> <span class='ocrx_word' id='word_1_80' title='bbox 1781 1379 1837 1426; x_wconf 93' lang='lat' dir='ltr'>et</span> <span class='ocrx_word' id='word_1_81' title='bbox 1882 1372 2020 1426; x_wconf 86' lang='lat' dir='ltr'>inti-</span> 
     </span>
    </p>
   </div>
   <div class='ocr_carea' id='block_1_16' title="bbox 426 1461 2020 1532">
    <p class='ocr_par' dir='ltr' id='par_1_16' title="bbox 426 1461 2020 1532">
     <span class='ocr_line' id='line_1_16' title="bbox 426 1461 2020 1532; baseline -0.008 -6"><span class='ocrx_word' id='word_1_82' title='bbox 426 1490 533 1526; x_wconf 73' lang='lat' dir='ltr'>ma:</span> <span class='ocrx_word' id='word_1_83' title='bbox 554 1468 866 1524; x_wconf 88' lang='lat' dir='ltr'>dilectionis</span> <span class='ocrx_word' id='word_1_84' title='bbox 896 1464 1158 1520; x_wconf 74' lang='lat' dir='ltr'>ineffabili</span> <span class='ocrx_word' id='word_1_85' title='bbox 1195 1463 1488 1532; x_wconf 85' lang='lat' dir='ltr'>splendore</span> <span class='ocrx_word' id='word_1_86' title='bbox 1541 1462 1806 1516; x_wconf 89' lang='lat' dir='ltr'>lucentes.</span> <span class='ocrx_word' id='word_1_87' title='bbox 1841 1463 1904 1515; x_wconf 91' lang='lat' dir='ltr'>In</span> <span class='ocrx_word' id='word_1_88' title='bbox 1935 1461 2020 1514; x_wconf 90' lang='lat' dir='ltr'>his</span> 
     </span>
    </p>
   </div>
   <div class='ocr_carea' id='block_1_17' title="bbox 425 1551 2022 1614">
    <p class='ocr_par' dir='ltr' id='par_1_17' title="bbox 425 1551 2022 1614">
     <span class='ocr_line' id='line_1_17' title="bbox 425 1551 2022 1614; baseline -0.007 0"><span class='ocrx_word' id='word_1_89' title='bbox 425 1565 617 1614; x_wconf 90' lang='lat' dir='ltr'>autem</span> <span class='ocrx_word' id='word_1_90' title='bbox 647 1557 850 1612; x_wconf 86' lang='lat' dir='ltr'>litteris</span> <span class='ocrx_word' id='word_1_91' title='bbox 877 1556 989 1609; x_wconf 87' lang='lat' dir='ltr'>tuis</span> <span class='ocrx_word' id='word_1_92' title='bbox 1018 1552 1307 1607; x_wconf 87' lang='lat' dir='ltr'>asserebas</span> <span class='ocrx_word' id='word_1_93' title='bbox 1336 1558 1394 1606; x_wconf 91' lang='lat' dir='ltr'>te</span> <span class='ocrx_word' id='word_1_94' title='bbox 1422 1568 1532 1605; x_wconf 90' lang='lat' dir='ltr'>non</span> <span class='ocrx_word' id='word_1_95' title='bbox 1559 1551 2022 1605; x_wconf 89' lang='lat' dir='ltr'>mediocriterad-</span> 
     </span>
    </p>
   </div>
   <div class='ocr_carea' id='block_1_18' title="bbox 427 1636 2020 1708">
    <p class='ocr_par' dir='ltr' id='par_1_18' title="bbox 427 1636 2020 1708">
     <span class='ocr_line' id='line_1_18' title="bbox 427 1636 2020 1708; baseline -0.007 -9"><span class='ocrx_word' id='word_1_96' title='bbox 427 1644 640 1708; x_wconf 89' lang='lat' dir='ltr'>mirari,</span> <span class='ocrx_word' id='word_1_97' title='bbox 674 1659 763 1696; x_wconf 91' lang='lat' dir='ltr'>me</span> <span class='ocrx_word' id='word_1_98' title='bbox 792 1641 871 1695; x_wconf 90' lang='lat' dir='ltr'>sic</span> <span class='ocrx_word' id='word_1_99' title='bbox 900 1639 1034 1700; x_wconf 87' lang='lat' dir='ltr'>falli,</span> <span class='ocrx_word' id='word_1_100' title='bbox 1071 1639 1148 1692; x_wconf 93' lang='lat' dir='ltr'>sic</span> <span class='ocrx_word' id='word_1_101' title='bbox 1170 1637 1350 1708; x_wconf 89' lang='lat' dir='ltr'>decipi</span> <span class='ocrx_word' id='word_1_102' title='bbox 1397 1637 1666 1708; x_wconf 84' lang='lat' dir='ltr'>potuisse,</span> <span class='ocrx_word' id='word_1_103' title='bbox 1698 1644 1758 1690; x_wconf 89' lang='lat' dir='ltr'>ut</span> <span class='ocrx_word' id='word_1_104' title='bbox 1785 1636 1844 1690; x_wconf 89' lang='lat' dir='ltr'>in</span> <span class='ocrx_word' id='word_1_105' title='bbox 1867 1642 2020 1690; x_wconf 89' lang='lat' dir='ltr'>terra</span> 
     </span>
    </p>
   </div>
   <div class='ocr_carea' id='block_1_19' title="bbox 2106 571 3646 648">
    <p class='ocr_par' dir='ltr' id='par_1_19' title="bbox 2106 571 3646 648">
     <span class='ocr_line' id='line_1_19' title="bbox 2106 571 3646 648; baseline 0.01 -24"><span class='ocrx_word' id='word_1_106' title='bbox 2106 571 2532 642; x_wconf 90' lang='lat' dir='ltr'>infatigabiliter</span> <span class='ocrx_word' id='word_1_107' title='bbox 2558 576 2863 636; x_wconf 88' lang='lat' dir='ltr'>decertare,</span> <span class='ocrx_word' id='word_1_108' title='bbox 2897 594 2931 630; x_wconf 90' lang='lat' dir='ltr'>a</span> <span class='ocrx_word' id='word_1_109' title='bbox 2976 595 3085 648; x_wconf 92' lang='lat' dir='ltr'>quo</span> <span class='ocrx_word' id='word_1_110' title='bbox 3131 581 3430 635; x_wconf 86' lang='lat' dir='ltr'>conculcari</span> <span class='ocrx_word' id='word_1_111' title='bbox 3459 583 3646 641; x_wconf 88' lang='lat' dir='ltr'>leonem</span> 
     </span>
    </p>
   </div>
   <div class='ocr_carea' id='block_1_20' title="bbox 2106 660 3648 742">
    <p class='ocr_par' dir='ltr' id='par_1_20' title="bbox 2106 660 3648 742">
     <span class='ocr_line' id='line_1_20' title="bbox 2106 660 3648 742; baseline 0.011 -31"><span class='ocrx_word' id='word_1_112' title='bbox 2106 665 2164 712; x_wconf 91' lang='lat' dir='ltr'>et</span> <span class='ocrx_word' id='word_1_113' title='bbox 2185 660 2482 717; x_wconf 87' lang='lat' dir='ltr'>draconem</span> <span class='ocrx_word' id='word_1_114' title='bbox 2506 664 2638 718; x_wconf 89' lang='lat' dir='ltr'>tuba</span> <span class='ocrx_word' id='word_1_115' title='bbox 2665 666 2987 736; x_wconf 88' lang='lat' dir='ltr'>prophetica</span> <span class='ocrx_word' id='word_1_116' title='bbox 3019 675 3377 738; x_wconf 72' lang='lat' dir='ltr'>praeconatur.</span> <span class='ocrx_word' id='word_1_117' title='bbox 3414 671 3483 725; x_wconf 88' lang='lat' dir='ltr'>Ut</span> <span class='ocrx_word' id='word_1_118' title='bbox 3502 673 3648 742; x_wconf 85' lang='lat' dir='ltr'>igitur</span> 
     </span>
    </p>
   </div>
   <div class='ocr_carea' id='block_1_21' title="bbox 2105 751 3646 834">
    <p class='ocr_par' dir='ltr' id='par_1_21' title="bbox 2105 751 3646 834">
     <span class='ocr_line' id='line_1_21' title="bbox 2105 751 3646 834; baseline 0.009 -31"><span class='ocrx_word' id='word_1_119' title='bbox 2105 765 2216 804; x_wconf 89' lang='lat' dir='ltr'>non</span> <span class='ocrx_word' id='word_1_120' title='bbox 2240 751 2320 805; x_wconf 91' lang='lat' dir='ltr'>illi</span> <span class='ocrx_word' id='word_1_121' title='bbox 2345 753 2878 820; x_wconf 65' lang='lat' dir='ltr'>virulentaeinsidiaa,</span> <span class='ocrx_word' id='word_1_122' title='bbox 2900 756 2980 810; x_wconf 90' lang='lat' dir='ltr'>sic</span> <span class='ocrx_word' id='word_1_123' title='bbox 2998 773 3098 810; x_wconf 92' lang='lat' dir='ltr'>nec</span> <span class='ocrx_word' id='word_1_124' title='bbox 3121 758 3255 811; x_wconf 90' lang='lat' dir='ltr'>mihi</span> <span class='ocrx_word' id='word_1_125' title='bbox 3284 760 3392 814; x_wconf 87' lang='lat' dir='ltr'>Deo</span> <span class='ocrx_word' id='word_1_126' title='bbox 3420 763 3646 834; x_wconf 82' lang='lat' dir='ltr'>prepitio,</span> 
     </span>
    </p>
   </div>
   <div class='ocr_carea' id='block_1_22' title="bbox 2103 839 3652 913">
    <p class='ocr_par' dir='ltr' id='par_1_22' title="bbox 2103 839 3652 913">
     <span class='ocr_line' id='line_1_22' title="bbox 2103 839 3652 913; baseline 0.01 -22"><span class='ocrx_word' id='word_1_127' title='bbox 2103 839 2306 909; x_wconf 91' lang='lat' dir='ltr'>quibus</span> <span class='ocrx_word' id='word_1_128' title='bbox 2323 857 2417 895; x_wconf 89' lang='lat' dir='ltr'>eas</span> <span class='ocrx_word' id='word_1_129' title='bbox 2429 843 2782 913; x_wconf 90' lang='lat' dir='ltr'>repellerem,</span> <span class='ocrx_word' id='word_1_130' title='bbox 2802 844 2915 898; x_wconf 90' lang='lat' dir='ltr'>doli</span> <span class='ocrx_word' id='word_1_131' title='bbox 2938 851 2994 899; x_wconf 90' lang='lat' dir='ltr'>et</span> <span class='ocrx_word' id='word_1_132' title='bbox 3020 847 3240 901; x_wconf 67' lang='lat' dir='ltr'>astutiae</span> <span class='ocrx_word' id='word_1_133' title='bbox 3262 848 3493 904; x_wconf 89' lang='lat' dir='ltr'>defuere.</span> <span class='ocrx_word' id='word_1_134' title='bbox 3521 853 3652 906; x_wconf 84' lang='lat' dir='ltr'>Licet</span> 
     </span>
    </p>
   </div>
   <div class='ocr_carea' id='block_1_23' title="bbox 2103 929 3653 1006">
    <p class='ocr_par' dir='ltr' id='par_1_23' title="bbox 2103 929 3653 1006">
     <span class='ocr_line' id='line_1_23' title="bbox 2103 929 3653 1006; baseline 0.01 -26"><span class='ocrx_word' id='word_1_135' title='bbox 2103 944 2236 999; x_wconf 86' lang='lat' dir='ltr'>ergo</span> <span class='ocrx_word' id='word_1_136' title='bbox 2257 929 2408 985; x_wconf 92' lang='lat' dir='ltr'>illius</span> <span class='ocrx_word' id='word_1_137' title='bbox 2427 948 2515 985; x_wconf 88' lang='lat' dir='ltr'>me</span> <span class='ocrx_word' id='word_1_138' title='bbox 2526 933 2663 1003; x_wconf 90' lang='lat' dir='ltr'>jugo</span> <span class='ocrx_word' id='word_1_139' title='bbox 2686 933 3021 1004; x_wconf 89' lang='lat' dir='ltr'>subjecerim</span> <span class='ocrx_word' id='word_1_140' title='bbox 3039 935 3491 1006; x_wconf 87' lang='lat' dir='ltr'>imprudenterad</span> <span class='ocrx_word' id='word_1_141' title='bbox 3507 940 3653 995; x_wconf 89' lang='lat' dir='ltr'>modi-</span> 
     </span>
    </p>
   </div>
   <div class='ocr_carea' id='block_1_24' title="bbox 2105 1021 3551 1098">
    <p class='ocr_par' dir='ltr' id='par_1_24' title="bbox 2105 1021 3551 1098">
     <span class='ocr_line' id='line_1_24' title="bbox 2105 1021 3551 1098; baseline 0.01 -28"><span class='ocrx_word' id='word_1_142' title='bbox 2105 1033 2252 1083; x_wconf 92' lang='lat' dir='ltr'>cum,</span> <span class='ocrx_word' id='word_1_143' title='bbox 2283 1024 2473 1074; x_wconf 92' lang='lat' dir='ltr'>tamen</span> <span class='ocrx_word' id='word_1_144' title='bbox 2503 1021 2734 1076; x_wconf 87' lang='lat' dir='ltr'>toleravi</span> <span class='ocrx_word' id='word_1_145' title='bbox 2765 1023 3064 1094; x_wconf 85' lang='lat' dir='ltr'>patienter,</span> <span class='ocrx_word' id='word_1_146' title='bbox 3098 1027 3252 1080; x_wconf 92' lang='lat' dir='ltr'>evasi</span> <span class='ocrx_word' id='word_1_147' title='bbox 3272 1028 3551 1098; x_wconf 81' lang='lat' dir='ltr'>sapienter.</span> 
     </span>
    </p>
   </div>
   <div class='ocr_carea' id='block_1_25' title="bbox 2177 1106 3650 1191">
    <p class='ocr_par' dir='ltr' id='par_1_25' title="bbox 2177 1106 3650 1191">
     <span class='ocr_line' id='line_1_25' title="bbox 2177 1106 3650 1191; baseline 0.01 -32"><span class='ocrx_word' id='word_1_148' title='bbox 2177 1106 2388 1162; x_wconf 86' lang='lat' dir='ltr'>Verum</span> <span class='ocrx_word' id='word_1_149' title='bbox 2418 1126 2532 1163; x_wconf 91' lang='lat' dir='ltr'>non</span> <span class='ocrx_word' id='word_1_150' title='bbox 2563 1110 2794 1165; x_wconf 92' lang='lat' dir='ltr'>minimo</span> <span class='ocrx_word' id='word_1_151' title='bbox 2826 1114 3038 1184; x_wconf 91' lang='lat' dir='ltr'>pudore</span> <span class='ocrx_word' id='word_1_152' title='bbox 3065 1116 3388 1183; x_wconf 89' lang='lat' dir='ltr'>confundor,</span> <span class='ocrx_word' id='word_1_153' title='bbox 3426 1135 3507 1173; x_wconf 90' lang='lat' dir='ltr'>me</span> <span class='ocrx_word' id='word_1_154' title='bbox 3549 1119 3650 1191; x_wconf 90' lang='lat' dir='ltr'>plus</span> 
     </span>
    </p>
   </div>
   <div class='ocr_carea' id='block_1_26' title="bbox 2104 1195 3652 1274">
    <p class='ocr_par' dir='ltr' id='par_1_26' title="bbox 2104 1195 3652 1274">
     <span class='ocr_line' id='line_1_26' title="bbox 2104 1195 3652 1274; baseline 0.01 -26"><span class='ocrx_word' id='word_1_155' title='bbox 2104 1195 2407 1251; x_wconf 89' lang='lat' dir='ltr'>credidisse</span> <span class='ocrx_word' id='word_1_156' title='bbox 2436 1198 2621 1254; x_wconf 86' lang='lat' dir='ltr'>verbis</span> <span class='ocrx_word' id='word_1_157' title='bbox 2639 1201 2856 1266; x_wconf 85' lang='lat' dir='ltr'>alienis,</span> <span class='ocrx_word' id='word_1_158' title='bbox 2889 1221 3057 1274; x_wconf 91' lang='lat' dir='ltr'>quam</span> <span class='ocrx_word' id='word_1_159' title='bbox 3085 1207 3262 1260; x_wconf 92' lang='lat' dir='ltr'>oculis</span> <span class='ocrx_word' id='word_1_160' title='bbox 3291 1208 3450 1262; x_wconf 89' lang='lat' dir='ltr'>meis:</span> <span class='ocrx_word' id='word_1_161' title='bbox 3475 1214 3524 1263; x_wconf 91' lang='lat' dir='ltr'>et</span> <span class='ocrx_word' id='word_1_162' title='bbox 3547 1227 3652 1264; x_wconf 91' lang='lat' dir='ltr'>cum</span> 
     </span>
    </p>
   </div>
   <div class='ocr_carea' id='block_1_27' title="bbox 2105 1283 3648 1368">
    <p class='ocr_par' dir='ltr' id='par_1_27' title="bbox 2105 1283 3648 1368">
     <span class='ocr_line' id='line_1_27' title="bbox 2105 1283 3648 1368; baseline 0.01 -31"><span class='ocrx_word' id='word_1_163' title='bbox 2105 1283 2164 1338; x_wconf 93' lang='lat' dir='ltr'>in</span> <span class='ocrx_word' id='word_1_164' title='bbox 2196 1285 2292 1340; x_wconf 94' lang='lat' dir='ltr'>illo</span> <span class='ocrx_word' id='word_1_165' title='bbox 2317 1287 2453 1341; x_wconf 89' lang='lat' dir='ltr'>mihi</span> <span class='ocrx_word' id='word_1_166' title='bbox 2480 1289 2654 1344; x_wconf 92' lang='lat' dir='ltr'>totius</span> <span class='ocrx_word' id='word_1_167' title='bbox 2708 1291 3074 1362; x_wconf 82' lang='lat' dir='ltr'>malignitatis</span> <span class='ocrx_word' id='word_1_168' title='bbox 3102 1294 3310 1350; x_wconf 90' lang='lat' dir='ltr'>indicia</span> <span class='ocrx_word' id='word_1_169' title='bbox 3335 1305 3648 1368; x_wconf 87' lang='lat' dir='ltr'>apparerent,</span> 
     </span>
    </p>
   </div>
   <div class='ocr_carea' id='block_1_28' title="bbox 2105 1375 3654 1459">
    <p class='ocr_par' dir='ltr' id='par_1_28' title="bbox 2105 1375 3654 1459">
     <span class='ocr_line' id='line_1_28' title="bbox 2105 1375 3654 1459; baseline 0.01 -33"><span class='ocrx_word' id='word_1_170' title='bbox 2105 1389 2193 1426; x_wconf 91' lang='lat' dir='ltr'>me</span> <span class='ocrx_word' id='word_1_171' title='bbox 2207 1391 2330 1428; x_wconf 93' lang='lat' dir='ltr'>cum</span> <span class='ocrx_word' id='word_1_172' title='bbox 2356 1375 2450 1430; x_wconf 91' lang='lat' dir='ltr'>illo</span> <span class='ocrx_word' id='word_1_173' title='bbox 2471 1379 2556 1431; x_wconf 92' lang='lat' dir='ltr'>vel</span> <span class='ocrx_word' id='word_1_174' title='bbox 2573 1378 2675 1432; x_wconf 92' lang='lat' dir='ltr'>sub</span> <span class='ocrx_word' id='word_1_175' title='bbox 2705 1379 2800 1433; x_wconf 92' lang='lat' dir='ltr'>illo</span> <span class='ocrx_word' id='word_1_176' title='bbox 2826 1383 3176 1438; x_wconf 85' lang='lat' dir='ltr'>consensisse</span> <span class='ocrx_word' id='word_1_177' title='bbox 3197 1391 3399 1455; x_wconf 89' lang='lat' dir='ltr'>puncto</span> <span class='ocrx_word' id='word_1_178' title='bbox 3425 1388 3654 1459; x_wconf 88' lang='lat' dir='ltr'>temporis</span> 
     </span>
    </p>
   </div>
   <div class='ocr_carea' id='block_1_29' title="bbox 2104 1462 3652 1532">
    <p class='ocr_par' dir='ltr' id='par_1_29' title="bbox 2104 1462 3652 1532">
     <span class='ocr_line' id='line_1_29' title="bbox 2104 1462 3652 1532; baseline 0.01 -16"><span class='ocrx_word' id='word_1_179' title='bbox 2104 1462 2395 1519; x_wconf 84' lang='lat' dir='ltr'>immorari</span> <span class='ocrx_word' id='word_1_180' title='bbox 2428 1469 2827 1524; x_wconf 87' lang='lat' dir='ltr'>miserabiliter</span> <span class='ocrx_word' id='word_1_181' title='bbox 2841 1471 3127 1526; x_wconf 89' lang='lat' dir='ltr'>erubesco.</span> <span class='ocrx_word' id='word_1_182' title='bbox 3162 1473 3326 1528; x_wconf 87' lang='lat' dir='ltr'>Certe</span> <span class='ocrx_word' id='word_1_183' title='bbox 3353 1475 3581 1530; x_wconf 86' lang='lat' dir='ltr'>videbam</span> <span class='ocrx_word' id='word_1_184' title='bbox 3605 1477 3652 1532; x_wconf 92' lang='lat' dir='ltr'>in</span> 
     </span>
    </p>
   </div>
   <div class='ocr_carea' id='block_1_30' title="bbox 2106 1551 3651 1635">
    <p class='ocr_par' dir='ltr' id='par_1_30' title="bbox 2106 1551 3651 1635">
     <span class='ocr_line' id='line_1_30' title="bbox 2106 1551 3651 1635; baseline 0.01 -31"><span class='ocrx_word' id='word_1_185' title='bbox 2106 1551 2201 1606; x_wconf 94' lang='lat' dir='ltr'>illo</span> <span class='ocrx_word' id='word_1_186' title='bbox 2222 1555 2488 1609; x_wconf 90' lang='lat' dir='ltr'>cervicem</span> <span class='ocrx_word' id='word_1_187' title='bbox 2522 1557 2883 1613; x_wconf 82' lang='lat' dir='ltr'>inﬂexibilem</span> <span class='ocrx_word' id='word_1_188' title='bbox 2911 1567 2968 1615; x_wconf 87' lang='lat' dir='ltr'>et</span> <span class='ocrx_word' id='word_1_189' title='bbox 2991 1568 3260 1629; x_wconf 87' lang='lat' dir='ltr'>erectam,</span> <span class='ocrx_word' id='word_1_190' title='bbox 3283 1564 3462 1618; x_wconf 88' lang='lat' dir='ltr'>oculos</span> <span class='ocrx_word' id='word_1_191' title='bbox 3489 1566 3651 1635; x_wconf 89' lang='lat' dir='ltr'>plenos</span> 
     </span>
    </p>
   </div>
   <div class='ocr_carea' id='block_1_31' title="bbox 2103 1641 3650 1727">
    <p class='ocr_par' dir='ltr' id='par_1_31' title="bbox 2103 1641 3650 1727">
     <span class='ocr_line' id='line_1_31' title="bbox 2103 1641 3650 1727; baseline 0.009 -33"><span class='ocrx_word' id='word_1_192' title='bbox 2103 1641 2265 1696; x_wconf 84' lang='lat' dir='ltr'>furiis</span> <span class='ocrx_word' id='word_1_193' title='bbox 2303 1644 2411 1698; x_wconf 90' lang='lat' dir='ltr'>huc</span> <span class='ocrx_word' id='word_1_194' title='bbox 2439 1645 2681 1717; x_wconf 90' lang='lat' dir='ltr'>illucque</span> <span class='ocrx_word' id='word_1_195' title='bbox 2703 1655 3014 1718; x_wconf 88' lang='lat' dir='ltr'>currentes,</span> <span class='ocrx_word' id='word_1_196' title='bbox 3051 1668 3217 1706; x_wconf 86' lang='lat' dir='ltr'>nares</span> <span class='ocrx_word' id='word_1_197' title='bbox 3245 1653 3511 1727; x_wconf 73' lang='lat' dir='ltr'>spirantes</span> <span class='ocrx_word' id='word_1_198' title='bbox 3543 1671 3650 1708; x_wconf 89' lang='lat' dir='ltr'>con-</span> 
     </span>
    </p>
   </div>
   <div class='ocr_carea' id='block_1_32' title="bbox 424 1726 3650 1812">
    <p class='ocr_par' dir='ltr' id='par_1_32' title="bbox 424 1726 3650 1812">
     <span class='ocr_line' id='line_1_32' title="bbox 424 1726 3650 1812; baseline 0.002 -23"><span class='ocrx_word' id='word_1_199' title='bbox 424 1737 786 1795; x_wconf 89' lang='lat' dir='ltr'>Francorum,</span> <span class='ocrx_word' id='word_1_200' title='bbox 821 1729 979 1801; x_wconf 89' lang='lat' dir='ltr'>quasi</span> <span class='ocrx_word' id='word_1_201' title='bbox 1010 1730 1068 1782; x_wconf 91' lang='lat' dir='ltr'>in</span> <span class='ocrx_word' id='word_1_202' title='bbox 1114 1729 1237 1782; x_wconf 89' lang='lat' dir='ltr'>lacu</span> <span class='ocrx_word' id='word_1_203' title='bbox 1287 1727 1530 1780; x_wconf 88' lang='lat' dir='ltr'>leonum.</span> <span class='ocrx_word' id='word_1_204' title='bbox 1566 1743 1655 1778; x_wconf 89' lang='lat' dir='ltr'>me</span> <span class='ocrx_word' id='word_1_205' title='bbox 1685 1742 1884 1796; x_wconf 87' lang='lat' dir='ltr'>passus</span> <span class='ocrx_word' id='word_1_206' title='bbox 1913 1726 2016 1780; x_wconf 87' lang='lat' dir='ltr'>sim</span> <span class='ocrx_word' id='word_1_207' title='bbox 2038 1737 2401 1807; x_wconf 81' lang='lat' dir='ltr'>Btemptum,</span> <span class='ocrx_word' id='word_1_208' title='bbox 2453 1752 2770 1791; x_wconf 89' lang='lat' dir='ltr'>sermonem</span> <span class='ocrx_word' id='word_1_209' title='bbox 2801 1739 3017 1793; x_wconf 88' lang='lat' dir='ltr'>varium</span> <span class='ocrx_word' id='word_1_210' title='bbox 3074 1726 3294 1812; x_wconf 83' lang='lat' dir='ltr'>sibique</span> <span class='ocrx_word' id='word_1_211' title='bbox 3341 1742 3650 1808; x_wconf 87' lang='lat' dir='ltr'>dissimilem,</span> 
     </span>
    </p>
   </div>
   <div class='ocr_carea' id='block_1_33' title="bbox 423 1816 2019 1890">
    <p class='ocr_par' dir='ltr' id='par_1_33' title="bbox 423 1816 2019 1890">
     <span class='ocr_line' id='line_1_33' title="bbox 423 1816 2019 1890; baseline -0.005 -12"><span class='ocrx_word' id='word_1_212' title='bbox 423 1829 541 1878; x_wconf 91' lang='lat' dir='ltr'>tam</span> <span class='ocrx_word' id='word_1_213' title='bbox 573 1829 787 1876; x_wconf 89' lang='lat' dir='ltr'>temere</span> <span class='ocrx_word' id='word_1_214' title='bbox 815 1821 1084 1890; x_wconf 85' lang='lat' dir='ltr'>facileque</span> <span class='ocrx_word' id='word_1_215' title='bbox 1113 1817 1400 1872; x_wconf 89' lang='lat' dir='ltr'>contrudi:</span> <span class='ocrx_word' id='word_1_216' title='bbox 1437 1816 1745 1887; x_wconf 76' lang='lat' dir='ltr'>praesertim</span> <span class='ocrx_word' id='word_1_217' title='bbox 1773 1832 1899 1870; x_wconf 90' lang='lat' dir='ltr'>cum</span> <span class='ocrx_word' id='word_1_218' title='bbox 1930 1832 2019 1870; x_wconf 93' lang='lat' dir='ltr'>me</span> 
     </span>
    </p>
   </div>
   <div class='ocr_carea' id='block_1_34' title="bbox 423 1904 2021 1967">
    <p class='ocr_par' dir='ltr' id='par_1_34' title="bbox 423 1904 2021 1967">
     <span class='ocr_line' id='line_1_34' title="bbox 423 1904 2021 1967; baseline -0.007 1"><span class='ocrx_word' id='word_1_219' title='bbox 423 1913 493 1967; x_wconf 92' lang='lat' dir='ltr'>ab</span> <span class='ocrx_word' id='word_1_220' title='bbox 508 1914 612 1967; x_wconf 90' lang='lat' dir='ltr'>hoc</span> <span class='ocrx_word' id='word_1_221' title='bbox 634 1910 1043 1966; x_wconf 87' lang='lat' dir='ltr'>letalifacinore</span> <span class='ocrx_word' id='word_1_222' title='bbox 1074 1908 1222 1961; x_wconf 91' lang='lat' dir='ltr'>illius</span> <span class='ocrx_word' id='word_1_223' title='bbox 1252 1905 1658 1961; x_wconf 85' lang='lat' dir='ltr'>cruentissimae</span> <span class='ocrx_word' id='word_1_224' title='bbox 1690 1904 1880 1958; x_wconf 69' lang='lat' dir='ltr'>bestiae</span> <span class='ocrx_word' id='word_1_225' title='bbox 1910 1904 2021 1958; x_wconf 91' lang='lat' dir='ltr'>im-</span> 
     </span>
    </p>
   </div>
   <div class='ocr_carea' id='block_1_35' title="bbox 422 1994 2019 2058">
    <p class='ocr_par' dir='ltr' id='par_1_35' title="bbox 422 1994 2019 2058">
     <span class='ocr_line' id='line_1_35' title="bbox 422 1994 2019 2058; baseline -0.006 -1"><span class='ocrx_word' id='word_1_226' title='bbox 422 2003 667 2057; x_wconf 87' lang='lat' dir='ltr'>manitas</span> <span class='ocrx_word' id='word_1_227' title='bbox 723 2017 983 2055; x_wconf 88' lang='lat' dir='ltr'>revocare</span> <span class='ocrx_word' id='word_1_228' title='bbox 1032 1996 1308 2058; x_wconf 89' lang='lat' dir='ltr'>debuerit,</span> <span class='ocrx_word' id='word_1_229' title='bbox 1363 1994 1585 2048; x_wconf 89' lang='lat' dir='ltr'>etiamsi</span> <span class='ocrx_word' id='word_1_230' title='bbox 1633 1999 1834 2047; x_wconf 83' lang='lat' dir='ltr'>caetera</span> <span class='ocrx_word' id='word_1_231' title='bbox 1881 1994 2019 2048; x_wconf 89' lang='lat' dir='ltr'>satis</span> 
     </span>
    </p>
   </div>
   <div class='ocr_carea' id='block_1_36' title="bbox 425 2081 2024 2163">
    <p class='ocr_par' dir='ltr' id='par_1_36' title="bbox 425 2081 2024 2163">
     <span class='ocr_line' id='line_1_36' title="bbox 425 2081 2024 2163; baseline -0.008 -16"><span class='ocrx_word' id='word_1_232' title='bbox 425 2093 864 2163; x_wconf 87' lang='lat' dir='ltr'>quietatutaque</span> <span class='ocrx_word' id='word_1_233' title='bbox 899 2089 1096 2144; x_wconf 80' lang='lat' dir='ltr'>forent.</span> <span class='ocrx_word' id='word_1_234' title='bbox 1117 2087 1319 2140; x_wconf 87' lang='lat' dir='ltr'>Fateor</span> <span class='ocrx_word' id='word_1_235' title='bbox 1347 2085 1428 2137; x_wconf 89' lang='lat' dir='ltr'>ita</span> <span class='ocrx_word' id='word_1_236' title='bbox 1455 2099 1596 2147; x_wconf 90' lang='lat' dir='ltr'>esse,</span> <span class='ocrx_word' id='word_1_237' title='bbox 1630 2081 1846 2153; x_wconf 91' lang='lat' dir='ltr'>tibique</span> <span class='ocrx_word' id='word_1_238' title='bbox 1870 2099 2024 2136; x_wconf 88' lang='lat' dir='ltr'>vera-</span> 
     </span>
    </p>
   </div>
   <div class='ocr_carea' id='block_1_37' title="bbox 421 2171 2023 2243">
    <p class='ocr_par' dir='ltr' id='par_1_37' title="bbox 421 2171 2023 2243">
     <span class='ocr_line' id='line_1_37' title="bbox 421 2171 2023 2243; baseline -0.009 -5"><span class='ocrx_word' id='word_1_239' title='bbox 421 2183 562 2238; x_wconf 88' lang='lat' dir='ltr'>citer</span> <span class='ocrx_word' id='word_1_240' title='bbox 591 2198 775 2236; x_wconf 88' lang='lat' dir='ltr'>meam</span> <span class='ocrx_word' id='word_1_241' title='bbox 802 2178 1180 2234; x_wconf 88' lang='lat' dir='ltr'>temeritatem</span> <span class='ocrx_word' id='word_1_242' title='bbox 1201 2189 1496 2243; x_wconf 90' lang='lat' dir='ltr'>meamque</span> <span class='ocrx_word' id='word_1_243' title='bbox 1514 2172 1812 2226; x_wconf 87' lang='lat' dir='ltr'>stultitiam</span> <span class='ocrx_word' id='word_1_244' title='bbox 1838 2171 2023 2242; x_wconf 88' lang='lat' dir='ltr'>objur-</span> 
     </span>
    </p>
   </div>
   <div class='ocr_carea' id='block_1_38' title="bbox 419 2265 2012 2348">
    <p class='ocr_par' dir='ltr' id='par_1_38' title="bbox 419 2265 2012 2348">
     <span class='ocr_line' id='line_1_38' title="bbox 419 2265 2012 2348; baseline -0.008 -17"><span class='ocrx_word' id='word_1_245' title='bbox 419 2275 598 2348; x_wconf 89' lang='lat' dir='ltr'>ganti,</span> <span class='ocrx_word' id='word_1_246' title='bbox 619 2274 751 2346; x_wconf 91' lang='lat' dir='ltr'>quid</span> <span class='ocrx_word' id='word_1_247' title='bbox 765 2270 1159 2333; x_wconf 88' lang='lat' dir='ltr'>excusationis,</span> <span class='ocrx_word' id='word_1_248' title='bbox 1186 2268 1317 2340; x_wconf 90' lang='lat' dir='ltr'>quid</span> <span class='ocrx_word' id='word_1_249' title='bbox 1341 2266 1680 2320; x_wconf 90' lang='lat' dir='ltr'>defensionis</span> <span class='ocrx_word' id='word_1_250' title='bbox 1691 2265 2012 2328; x_wconf 89' lang='lat' dir='ltr'>obtendam,</span> 
     </span>
    </p>
   </div>
   <div class='ocr_carea' id='block_1_39' title="bbox 421 2354 2015 2420">
    <p class='ocr_par' dir='ltr' id='par_1_39' title="bbox 421 2354 2015 2420">
     <span class='ocr_line' id='line_1_39' title="bbox 421 2354 2015 2420; baseline -0.009 1"><span class='ocrx_word' id='word_1_251' title='bbox 421 2383 512 2420; x_wconf 92' lang='lat' dir='ltr'>me</span> <span class='ocrx_word' id='word_1_252' title='bbox 538 2382 650 2420; x_wconf 90' lang='lat' dir='ltr'>non</span> <span class='ocrx_word' id='word_1_253' title='bbox 674 2362 880 2418; x_wconf 89' lang='lat' dir='ltr'>habere</span> <span class='ocrx_word' id='word_1_254' title='bbox 924 2361 1213 2414; x_wconf 86' lang='lat' dir='ltr'>confiteor.</span> <span class='ocrx_word' id='word_1_255' title='bbox 1243 2357 1453 2410; x_wconf 83' lang='lat' dir='ltr'>Verum</span> <span class='ocrx_word' id='word_1_256' title='bbox 1493 2354 1663 2408; x_wconf 92' lang='lat' dir='ltr'>debes</span> <span class='ocrx_word' id='word_1_257' title='bbox 1692 2354 2015 2408; x_wconf 91' lang='lat' dir='ltr'>meminisse</span> 
     </span>
    </p>
   </div>
   <div class='ocr_carea' id='block_1_40' title="bbox 419 2443 2016 2516">
    <p class='ocr_par' dir='ltr' id='par_1_40' title="bbox 419 2443 2016 2516">
     <span class='ocr_line' id='line_1_40' title="bbox 419 2443 2016 2516; baseline -0.008 -6"><span class='ocrx_word' id='word_1_258' title='bbox 419 2453 767 2510; x_wconf 77' lang='lat' dir='ltr'>infirmitatis</span> <span class='ocrx_word' id='word_1_259' title='bbox 796 2453 1078 2512; x_wconf 78' lang='lat' dir='ltr'>humanae,</span> <span class='ocrx_word' id='word_1_260' title='bbox 1100 2447 1516 2516; x_wconf 89' lang='lat' dir='ltr'>neminemque,</span> <span class='ocrx_word' id='word_1_261' title='bbox 1533 2445 1666 2498; x_wconf 91' lang='lat' dir='ltr'>dum</span> <span class='ocrx_word' id='word_1_262' title='bbox 1695 2443 1750 2498; x_wconf 91' lang='lat' dir='ltr'>in</span> <span class='ocrx_word' id='word_1_263' title='bbox 1773 2445 1878 2498; x_wconf 89' lang='lat' dir='ltr'>hoc</span> <span class='ocrx_word' id='word_1_264' title='bbox 1897 2461 2016 2498; x_wconf 91' lang='lat' dir='ltr'>cor-</span> 
     </span>
    </p>
   </div>
   <div class='ocr_carea' id='block_1_41' title="bbox 2104 1819 3657 1894">
    <p class='ocr_par' dir='ltr' id='par_1_41' title="bbox 2104 1819 3657 1894">
     <span class='ocr_line' id='line_1_41' title="bbox 2104 1819 3657 1894; baseline 0.006 -23"><span class='ocrx_word' id='word_1_265' title='bbox 2104 1819 2260 1872; x_wconf 89' lang='lat' dir='ltr'>nulla</span> <span class='ocrx_word' id='word_1_266' title='bbox 2280 1821 2679 1891; x_wconf 90' lang='lat' dir='ltr'>consequentia</span> <span class='ocrx_word' id='word_1_267' title='bbox 2697 1823 2962 1894; x_wconf 81' lang='lat' dir='ltr'>nullaque</span> <span class='ocrx_word' id='word_1_268' title='bbox 2983 1825 3202 1880; x_wconf 88' lang='lat' dir='ltr'>ratione</span> <span class='ocrx_word' id='word_1_269' title='bbox 3223 1829 3657 1892; x_wconf 89' lang='lat' dir='ltr'>constantem,hu-</span> 
     </span>
    </p>
   </div>
   <div class='ocr_carea' id='block_1_42' title="bbox 2101 1908 3657 1987">
    <p class='ocr_par' dir='ltr' id='par_1_42' title="bbox 2101 1908 3657 1987">
     <span class='ocr_line' id='line_1_42' title="bbox 2101 1908 3657 1987; baseline 0.007 -27"><span class='ocrx_word' id='word_1_270' title='bbox 2101 1923 2286 1962; x_wconf 89' lang='lat' dir='ltr'>meros</span> <span class='ocrx_word' id='word_1_271' title='bbox 2291 1908 2604 1978; x_wconf 90' lang='lat' dir='ltr'>jactabiles,</span> <span class='ocrx_word' id='word_1_272' title='bbox 2629 1911 3118 1980; x_wconf 89' lang='lat' dir='ltr'>pedesinstabiles,</span> <span class='ocrx_word' id='word_1_273' title='bbox 3153 1915 3428 1969; x_wconf 90' lang='lat' dir='ltr'>incessum</span> <span class='ocrx_word' id='word_1_274' title='bbox 3448 1915 3657 1987; x_wconf 68' lang='lat' dir='ltr'>inaequa-</span> 
     </span>
    </p>
   </div>
   <div class='ocr_carea' id='block_1_43' title="bbox 2103 1996 3656 2075">
    <p class='ocr_par' dir='ltr' id='par_1_43' title="bbox 2103 1996 3656 2075">
     <span class='ocr_line' id='line_1_43' title="bbox 2103 1996 3656 2075; baseline 0.005 -25"><span class='ocrx_word' id='word_1_275' title='bbox 2103 1996 2236 2063; x_wconf 91' lang='lat' dir='ltr'>lem,</span> <span class='ocrx_word' id='word_1_276' title='bbox 2274 1997 2726 2070; x_wconf 88' lang='lat' dir='ltr'>incompositum,</span> <span class='ocrx_word' id='word_1_277' title='bbox 2743 2001 3090 2068; x_wconf 85' lang='lat' dir='ltr'>indecorum,</span> <span class='ocrx_word' id='word_1_278' title='bbox 3110 2020 3312 2058; x_wconf 89' lang='lat' dir='ltr'>manus</span> <span class='ocrx_word' id='word_1_279' title='bbox 3329 2004 3656 2075; x_wconf 82' lang='lat' dir='ltr'>rapaces,vio-</span> 
     </span>
    </p>
   </div>
   <div class='ocr_carea' id='block_1_44' title="bbox 2103 2089 3656 2164">
    <p class='ocr_par' dir='ltr' id='par_1_44' title="bbox 2103 2089 3656 2164">
     <span class='ocr_line' id='line_1_44' title="bbox 2103 2089 3656 2164; baseline 0.003 -22"><span class='ocrx_word' id='word_1_280' title='bbox 2103 2089 2304 2153; x_wconf 89' lang='lat' dir='ltr'>lentas,</span> <span class='ocrx_word' id='word_1_281' title='bbox 2338 2095 2628 2160; x_wconf 88' lang='lat' dir='ltr'>promptas</span> <span class='ocrx_word' id='word_1_282' title='bbox 2655 2089 2724 2143; x_wconf 91' lang='lat' dir='ltr'>ad</span> <span class='ocrx_word' id='word_1_283' title='bbox 2763 2091 2968 2146; x_wconf 80' lang='lat' dir='ltr'>caedem</span> <span class='ocrx_word' id='word_1_284' title='bbox 3009 2099 3067 2147; x_wconf 92' lang='lat' dir='ltr'>et</span> <span class='ocrx_word' id='word_1_285' title='bbox 3104 2094 3176 2147; x_wconf 93' lang='lat' dir='ltr'>ad</span> <span class='ocrx_word' id='word_1_286' title='bbox 3218 2093 3473 2164; x_wconf 88' lang='lat' dir='ltr'>injuriam</span> <span class='ocrx_word' id='word_1_287' title='bbox 3497 2093 3656 2164; x_wconf 78' lang='lat' dir='ltr'>proxi-</span> 
     </span>
    </p>
   </div>
   <div class='ocr_carea' id='block_1_45' title="bbox 2102 2177 3656 2247">
    <p class='ocr_par' dir='ltr' id='par_1_45' title="bbox 2102 2177 3656 2247">
     <span class='ocr_line' id='line_1_45' title="bbox 2102 2177 3656 2247; baseline 0.001 -17"><span class='ocrx_word' id='word_1_288' title='bbox 2102 2193 2342 2230; x_wconf 87' lang='lat' dir='ltr'>morum.</span> <span class='ocrx_word' id='word_1_289' title='bbox 2366 2177 2507 2230; x_wconf 92' lang='lat' dir='ltr'>Cum</span> <span class='ocrx_word' id='word_1_290' title='bbox 2560 2177 2733 2247; x_wconf 80' lang='lat' dir='ltr'>igitur</span> <span class='ocrx_word' id='word_1_291' title='bbox 2783 2180 2897 2234; x_wconf 60' lang='lat' dir='ltr'>haec</span> <span class='ocrx_word' id='word_1_292' title='bbox 2953 2181 3011 2234; x_wconf 92' lang='lat' dir='ltr'>in</span> <span class='ocrx_word' id='word_1_293' title='bbox 3041 2181 3137 2236; x_wconf 92' lang='lat' dir='ltr'>illo</span> <span class='ocrx_word' id='word_1_294' title='bbox 3166 2188 3448 2236; x_wconf 65' lang='lat' dir='ltr'>venenatae</span> <span class='ocrx_word' id='word_1_295' title='bbox 3482 2181 3656 2234; x_wconf 89' lang='lat' dir='ltr'>mentis</span> 
     </span>
    </p>
   </div>
   <div class='ocr_carea' id='block_1_46' title="bbox 2101 2265 3657 2337">
    <p class='ocr_par' dir='ltr' id='par_1_46' title="bbox 2101 2265 3657 2337">
     <span class='ocr_line' id='line_1_46' title="bbox 2101 2265 3657 2337; baseline 0.003 -19"><span class='ocrx_word' id='word_1_296' title='bbox 2101 2265 2264 2336; x_wconf 89' lang='lat' dir='ltr'>signa</span> <span class='ocrx_word' id='word_1_297' title='bbox 2291 2267 2690 2337; x_wconf 88' lang='lat' dir='ltr'>perspexerim,</span> <span class='ocrx_word' id='word_1_298' title='bbox 2708 2269 2918 2324; x_wconf 70' lang='lat' dir='ltr'>ultimae</span> <span class='ocrx_word' id='word_1_299' title='bbox 2953 2271 3187 2324; x_wconf 91' lang='lat' dir='ltr'>omnino</span> <span class='ocrx_word' id='word_1_300' title='bbox 3207 2271 3441 2325; x_wconf 67' lang='lat' dir='ltr'>miseria:</span> <span class='ocrx_word' id='word_1_301' title='bbox 3467 2271 3564 2325; x_wconf 89' lang='lat' dir='ltr'>fuit</span> <span class='ocrx_word' id='word_1_302' title='bbox 3593 2271 3657 2324; x_wconf 86' lang='lat' dir='ltr'>sic</span> 
     </span>
    </p>
   </div>
   <div class='ocr_carea' id='block_1_47' title="bbox 2099 2354 3657 2428">
    <p class='ocr_par' dir='ltr' id='par_1_47' title="bbox 2099 2354 3657 2428">
     <span class='ocr_line' id='line_1_47' title="bbox 2099 2354 3657 2428; baseline 0.002 -21"><span class='ocrx_word' id='word_1_303' title='bbox 2099 2371 2188 2408; x_wconf 92' lang='lat' dir='ltr'>me</span> <span class='ocrx_word' id='word_1_304' title='bbox 2219 2354 2468 2425; x_wconf 89' lang='lat' dir='ltr'>potuisse</span> <span class='ocrx_word' id='word_1_305' title='bbox 2493 2355 2858 2427; x_wconf 87' lang='lat' dir='ltr'>mihimetipsi</span> <span class='ocrx_word' id='word_1_306' title='bbox 2887 2357 3194 2422; x_wconf 89' lang='lat' dir='ltr'>absentari,</span> <span class='ocrx_word' id='word_1_307' title='bbox 3232 2364 3296 2413; x_wconf 92' lang='lat' dir='ltr'>ut</span> <span class='ocrx_word' id='word_1_308' title='bbox 3323 2374 3555 2428; x_wconf 88' lang='lat' dir='ltr'>unquam</span> <span class='ocrx_word' id='word_1_309' title='bbox 3584 2373 3657 2410; x_wconf 90' lang='lat' dir='ltr'>me</span> 
     </span>
    </p>
   </div>
   <div class='ocr_carea' id='block_1_48' title="bbox 2097 2443 3652 2518">
    <p class='ocr_par' dir='ltr' id='par_1_48' title="bbox 2097 2443 3652 2518">
     <span class='ocr_line' id='line_1_48' title="bbox 2097 2443 3652 2518; baseline -0.001 -20"><span class='ocrx_word' id='word_1_310' title='bbox 2097 2460 2296 2514; x_wconf 91' lang='lat' dir='ltr'>passus</span> <span class='ocrx_word' id='word_1_311' title='bbox 2323 2443 2429 2497; x_wconf 90' lang='lat' dir='ltr'>sim</span> <span class='ocrx_word' id='word_1_312' title='bbox 2459 2444 2581 2513; x_wconf 92' lang='lat' dir='ltr'>ejus</span> <span class='ocrx_word' id='word_1_313' title='bbox 2608 2445 2693 2498; x_wconf 91' lang='lat' dir='ltr'>vel</span> <span class='ocrx_word' id='word_1_314' title='bbox 2719 2445 2974 2500; x_wconf 84' lang='lat' dir='ltr'>convictu</span> <span class='ocrx_word' id='word_1_315' title='bbox 3005 2447 3086 2501; x_wconf 91' lang='lat' dir='ltr'>vel</span> <span class='ocrx_word' id='word_1_316' title='bbox 3104 2447 3383 2518; x_wconf 91' lang='lat' dir='ltr'>colloquio</span> <span class='ocrx_word' id='word_1_317' title='bbox 3398 2444 3652 2500; x_wconf 86' lang='lat' dir='ltr'>maculari.</span> 
     </span>
    </p>
   </div>
   <div class='ocr_carea' id='block_1_49' title="bbox 2097 2534 3658 2608">
    <p class='ocr_par' dir='ltr' id='par_1_49' title="bbox 2097 2534 3658 2608">
     <span class='ocr_line' id='line_1_49' title="bbox 2097 2534 3658 2608; baseline 0.001 -21"><span class='ocrx_word' id='word_1_318' title='bbox 2097 2534 2270 2604; x_wconf 88' lang='lat' dir='ltr'>Spero</span> <span class='ocrx_word' id='word_1_319' title='bbox 2301 2539 2488 2587; x_wconf 83' lang='lat' dir='ltr'>autem</span> <span class='ocrx_word' id='word_1_320' title='bbox 2513 2535 2634 2603; x_wconf 89' lang='lat' dir='ltr'>jam</span> <span class='ocrx_word' id='word_1_321' title='bbox 2655 2550 2744 2588; x_wconf 90' lang='lat' dir='ltr'>me</span> <span class='ocrx_word' id='word_1_322' title='bbox 2783 2534 2854 2588; x_wconf 90' lang='lat' dir='ltr'>de</span> <span class='ocrx_word' id='word_1_323' title='bbox 2872 2541 3072 2589; x_wconf 66' lang='lat' dir='ltr'>cmtero</span> <span class='ocrx_word' id='word_1_324' title='bbox 3097 2536 3658 2608; x_wconf 84' lang='lat' dir='ltr'>prospectiorem,pur-</span> 
     </span>
    </p>
   </div>
   <div class='ocr_carea' id='block_1_50' title="bbox 2094 2623 3655 2695">
    <p class='ocr_par' dir='ltr' id='par_1_50' title="bbox 2094 2623 3655 2695">
     <span class='ocr_line' id='line_1_50' title="bbox 2094 2623 3655 2695; baseline 0.001 -20"><span class='ocrx_word' id='word_1_325' title='bbox 2094 2623 2390 2693; x_wconf 84' lang='lat' dir='ltr'>gatiorem,</span> <span class='ocrx_word' id='word_1_326' title='bbox 2419 2623 2843 2695; x_wconf 87' lang='lat' dir='ltr'>cautioremque</span> <span class='ocrx_word' id='word_1_327' title='bbox 2871 2625 3209 2693; x_wconf 89' lang='lat' dir='ltr'>futurum;si</span> <span class='ocrx_word' id='word_1_328' title='bbox 3241 2632 3429 2680; x_wconf 86' lang='lat' dir='ltr'>tamen</span> <span class='ocrx_word' id='word_1_329' title='bbox 3456 2631 3513 2678; x_wconf 89' lang='lat' dir='ltr'>tu</span> <span class='ocrx_word' id='word_1_330' title='bbox 3541 2624 3655 2678; x_wconf 89' lang='lat' dir='ltr'>mihi</span> 
     </span>
    </p>
   </div>
   <div class='ocr_carea' id='block_1_51' title="bbox 2096 2712 3655 2787">
    <p class='ocr_par' dir='ltr' id='par_1_51' title="bbox 2096 2712 3655 2787">
     <span class='ocr_line' id='line_1_51' title="bbox 2096 2712 3655 2787; baseline -0.001 -20"><span class='ocrx_word' id='word_1_331' title='bbox 2096 2712 2359 2784; x_wconf 88' lang='lat' dir='ltr'>opitulari</span> <span class='ocrx_word' id='word_1_332' title='bbox 2401 2729 2512 2766; x_wconf 90' lang='lat' dir='ltr'>non</span> <span class='ocrx_word' id='word_1_333' title='bbox 2579 2714 2815 2780; x_wconf 89' lang='lat' dir='ltr'>abnuas,</span> <span class='ocrx_word' id='word_1_334' title='bbox 2874 2714 3246 2786; x_wconf 90' lang='lat' dir='ltr'>precibusque</span> <span class='ocrx_word' id='word_1_335' title='bbox 3289 2714 3655 2787; x_wconf 86' lang='lat' dir='ltr'>potentissimis</span> 
     </span>
    </p>
   </div>
   <div class='ocr_carea' id='block_1_52' title="bbox 2095 2803 3655 2875">
    <p class='ocr_par' dir='ltr' id='par_1_52' title="bbox 2095 2803 3655 2875">
     <span class='ocr_line' id='line_1_52' title="bbox 2095 2803 3655 2875; baseline -0.001 -19"><span class='ocrx_word' id='word_1_336' title='bbox 2095 2819 2282 2874; x_wconf 89' lang='lat' dir='ltr'>agere,</span> <span class='ocrx_word' id='word_1_337' title='bbox 2315 2810 2376 2857; x_wconf 92' lang='lat' dir='ltr'>ut</span> <span class='ocrx_word' id='word_1_338' title='bbox 2395 2803 2511 2857; x_wconf 73' lang='lat' dir='ltr'>haec</span> <span class='ocrx_word' id='word_1_339' title='bbox 2542 2804 2698 2868; x_wconf 91' lang='lat' dir='ltr'>mihi,</span> <span class='ocrx_word' id='word_1_340' title='bbox 2717 2821 2841 2875; x_wconf 64' lang='lat' dir='ltr'>qua;</span> <span class='ocrx_word' id='word_1_341' title='bbox 2861 2820 2928 2859; x_wconf 82' lang='lat' dir='ltr'>ex</span> <span class='ocrx_word' id='word_1_342' title='bbox 2957 2805 3202 2875; x_wconf 90' lang='lat' dir='ltr'>quadam</span> <span class='ocrx_word' id='word_1_343' title='bbox 3221 2804 3420 2858; x_wconf 86' lang='lat' dir='ltr'>mentis</span> <span class='ocrx_word' id='word_1_344' title='bbox 3439 2803 3655 2858; x_wconf 83' lang='lat' dir='ltr'>ovilitate</span> 
     </span>
    </p>
   </div>
   <div class='ocr_carea' id='block_1_53' title="bbox 2093 2893 3364 2965">
    <p class='ocr_par' dir='ltr' id='par_1_53' title="bbox 2093 2893 3364 2965">
     <span class='ocr_line' id='line_1_53' title="bbox 2093 2893 3364 2965; baseline 0.002 -19"><span class='ocrx_word' id='word_1_345' title='bbox 2093 2897 2382 2947; x_wconf 88' lang='lat' dir='ltr'>contracta</span> <span class='ocrx_word' id='word_1_346' title='bbox 2408 2899 2513 2960; x_wconf 90' lang='lat' dir='ltr'>est,</span> <span class='ocrx_word' id='word_1_347' title='bbox 2536 2893 2818 2965; x_wconf 89' lang='lat' dir='ltr'>prolapsio</span> <span class='ocrx_word' id='word_1_348' title='bbox 2845 2895 3189 2949; x_wconf 86' lang='lat' dir='ltr'>remittatur.</span> <span class='ocrx_word' id='word_1_349' title='bbox 3215 2894 3364 2950; x_wconf 74' lang='lat' dir='ltr'>Vale.</span> 
     </span>
    </p>
   </div>
   <div class='ocr_carea' id='block_1_54' title="bbox 2653 2982 3115 3042">
    <p class='ocr_par' dir='ltr' id='par_1_54' title="bbox 2653 2982 3115 3042">
     <span class='ocr_line' id='line_1_54' title="bbox 2653 2982 3115 3042; baseline 0.011 -6"><span class='ocrx_word' id='word_1_350' title='bbox 2653 2982 3007 3038; x_wconf 86' lang='lat' dir='ltr'>EPISTOLA</span> <span class='ocrx_word' id='word_1_351' title='bbox 3034 2983 3086 3038; x_wconf 83' lang='lat' dir='ltr'>V</span> <span class='ocrx_word' id='word_1_352' title='bbox 3102 3028 3115 3042; x_wconf 97' lang='lat'>.</span> 
     </span>
    </p>
   </div>
   <div class='ocr_carea' id='block_1_55' title="bbox 2522 3087 3251 3132">
    <p class='ocr_par' dir='ltr' id='par_1_55' title="bbox 2522 3087 3251 3132">
     <span class='ocr_line' id='line_1_55' title="bbox 2522 3087 3251 3132; baseline 0.004 -7"><span class='ocrx_word' id='word_1_353' title='bbox 2522 3089 2594 3126; x_wconf 78' lang='lat' dir='ltr'>AD</span> <span class='ocrx_word' id='word_1_354' title='bbox 2625 3087 2929 3126; x_wconf 74' lang='lat' dir='ltr'>MONACHUM</span> <span class='ocrx_word' id='word_1_355' title='bbox 2958 3089 3251 3132; x_wconf 73' lang='lat' dir='ltr'>QUEMDAM.</span> 
     </span>
    </p>
   </div>
   <div class='ocr_carea' id='block_1_56' title="bbox 2202 3161 3568 3229">
    <p class='ocr_par' dir='ltr' id='par_1_56' title="bbox 2202 3161 3568 3229">
     <span class='ocr_line' id='line_1_56' title="bbox 2202 3161 3568 3229; baseline -0.001 -15"><span class='ocrx_word' id='word_1_356' title='bbox 2202 3161 2374 3214; x_wconf 82' lang='lat' dir='ltr'>Illum</span> <span class='ocrx_word' id='word_1_357' title='bbox 2401 3161 2474 3214; x_wconf 90' lang='lat' dir='ltr'>ad</span> <span class='ocrx_word' id='word_1_358' title='bbox 2503 3177 2682 3215; x_wconf 82' lang='lat' dir='ltr'>unum</span> <span class='ocrx_word' id='word_1_359' title='bbox 2710 3162 2882 3215; x_wconf 84' lang='lat' dir='ltr'>Deum</span> <span class='ocrx_word' id='word_1_360' title='bbox 2913 3163 3275 3229; x_wconf 73' lang='lat' dir='ltr'>quaerendum</span> <span class='ocrx_word' id='word_1_361' title='bbox 3305 3163 3568 3215; x_wconf 81' lang='lat' dir='ltr'>hortatur.</span> 
     </span>
    </p>
   </div>
   <div class='ocr_carea' id='block_1_57' title="bbox 2169 3247 3661 3322">
    <p class='ocr_par' dir='ltr' id='par_1_57' title="bbox 2169 3247 3661 3322">
     <span class='ocr_line' id='line_1_57' title="bbox 2169 3247 3661 3322; baseline -0.002 -18"><span class='ocrx_word' id='word_1_362' title='bbox 2169 3249 2542 3304; x_wconf 69' lang='lat' dir='ltr'>Dilectissimo</span> <span class='ocrx_word' id='word_1_363' title='bbox 2569 3249 2730 3304; x_wconf 89' lang='lat' dir='ltr'>fratri</span> <span class='ocrx_word' id='word_1_364' title='bbox 2752 3251 2840 3317; x_wconf 86' lang='lat' dir='ltr'>A.,</span> <span class='ocrx_word' id='word_1_365' title='bbox 2872 3250 2969 3307; x_wconf 89' lang='lat' dir='ltr'>W.</span> <span class='ocrx_word' id='word_1_366' title='bbox 3009 3256 3291 3322; x_wconf 89' lang='lat' dir='ltr'>peccator,</span> <span class='ocrx_word' id='word_1_367' title='bbox 3317 3250 3519 3305; x_wconf 80' lang='lat' dir='ltr'>intimae</span> <span class='ocrx_word' id='word_1_368' title='bbox 3539 3247 3661 3302; x_wconf 78' lang='lat' dir='ltr'>dile—</span> 
     </span>
    </p>
   </div>
   <div class='ocr_carea' id='block_1_58' title="bbox 2100 3335 2612 3394">
    <p class='ocr_par' dir='ltr' id='par_1_58' title="bbox 2100 3335 2612 3394">
     <span class='ocr_line' id='line_1_58' title="bbox 2100 3335 2612 3394; baseline 0.008 -5"><span class='ocrx_word' id='word_1_369' title='bbox 2100 3335 2301 3391; x_wconf 90' lang='lat' dir='ltr'>ctionis</span> <span class='ocrx_word' id='word_1_370' title='bbox 2330 3338 2612 3394; x_wconf 66' lang='lat' dir='ltr'>allectum.</span> 
     </span>
    </p>
   </div>
   <div class='ocr_carea' id='block_1_59' title="bbox 2173 3423 3664 3500">
    <p class='ocr_par' dir='ltr' id='par_1_59' title="bbox 2173 3423 3664 3500">
     <span class='ocr_line' id='line_1_59' title="bbox 2173 3423 3664 3500; baseline -0.003 -18"><span class='ocrx_word' id='word_1_371' title='bbox 2173 3427 2382 3482; x_wconf 91' lang='lat' dir='ltr'>Omnes</span> <span class='ocrx_word' id='word_1_372' title='bbox 2408 3429 2634 3499; x_wconf 84' lang='lat' dir='ltr'>quidem</span> <span class='ocrx_word' id='word_1_373' title='bbox 2663 3428 2921 3484; x_wconf 85' lang='lat' dir='ltr'>homines</span> <span class='ocrx_word' id='word_1_374' title='bbox 2960 3429 3056 3500; x_wconf 88' lang='lat' dir='ltr'>qui</span> <span class='ocrx_word' id='word_1_375' title='bbox 3080 3445 3254 3484; x_wconf 69' lang='lat' dir='ltr'>sacra:</span> <span class='ocrx_word' id='word_1_376' title='bbox 3294 3428 3421 3483; x_wconf 85' lang='lat' dir='ltr'>ﬁdei</span> <span class='ocrx_word' id='word_1_377' title='bbox 3449 3433 3503 3482; x_wconf 90' lang='lat' dir='ltr'>et</span> <span class='ocrx_word' id='word_1_378' title='bbox 3531 3423 3664 3496; x_wconf 84' lang='lat' dir='ltr'>agni-</span> 
     </span>
    </p>
   </div>
   <div class='ocr_carea' id='block_1_60' title="bbox 2099 3517 3665 3588">
    <p class='ocr_par' dir='ltr' id='par_1_60' title="bbox 2099 3517 3665 3588">
     <span class='ocr_line' id='line_1_60' title="bbox 2099 3517 3665 3588; baseline -0.004 -17"><span class='ocrx_word' id='word_1_379' title='bbox 2099 3517 2270 3572; x_wconf 90' lang='lat' dir='ltr'>tionis</span> <span class='ocrx_word' id='word_1_380' title='bbox 2308 3518 2507 3572; x_wconf 67' lang='lat' dir='ltr'>divinm</span> <span class='ocrx_word' id='word_1_381' title='bbox 2551 3535 2784 3572; x_wconf 86' lang='lat' dir='ltr'>munere</span> <span class='ocrx_word' id='word_1_382' title='bbox 2813 3518 3151 3588; x_wconf 83' lang='lat' dir='ltr'>gloriantur,</span> <span class='ocrx_word' id='word_1_383' title='bbox 3192 3519 3352 3573; x_wconf 89' lang='lat' dir='ltr'>decet</span> <span class='ocrx_word' id='word_1_384' title='bbox 3409 3521 3587 3571; x_wconf 82' lang='lat' dir='ltr'>sancte</span> <span class='ocrx_word' id='word_1_385' title='bbox 3619 3519 3665 3565; x_wconf 89' lang='lat' dir='ltr'>et</span> 
     </span>
    </p>
   </div>
   <div class='ocr_carea' id='block_1_61' title="bbox 2101 3603 3665 3678">
    <p class='ocr_par' dir='ltr' id='par_1_61' title="bbox 2101 3603 3665 3678">
     <span class='ocr_line' id='line_1_61' title="bbox 2101 3603 3665 3678; baseline -0.005 -17"><span class='ocrx_word' id='word_1_386' title='bbox 2101 3607 2456 3661; x_wconf 89' lang='lat' dir='ltr'>laudabiliter</span> <span class='ocrx_word' id='word_1_387' title='bbox 2483 3607 2800 3662; x_wconf 87' lang='lat' dir='ltr'>conversari</span> <span class='ocrx_word' id='word_1_388' title='bbox 2863 3609 3044 3678; x_wconf 84' lang='lat' dir='ltr'>Hujus</span> <span class='ocrx_word' id='word_1_389' title='bbox 3065 3613 3259 3662; x_wconf 91' lang='lat' dir='ltr'>tamen</span> <span class='ocrx_word' id='word_1_390' title='bbox 3292 3606 3494 3678; x_wconf 90' lang='lat' dir='ltr'>negotii</span> <span class='ocrx_word' id='word_1_391' title='bbox 3508 3603 3665 3672; x_wconf 87' lang='lat' dir='ltr'>majus</span> 
     </span>
    </p>
   </div>
   <div class='ocr_carea' id='block_1_62' title="bbox 2101 3692 3663 3768">
    <p class='ocr_par' dir='ltr' id='par_1_62' title="bbox 2101 3692 3663 3768">
     <span class='ocr_line' id='line_1_62' title="bbox 2101 3692 3663 3768; baseline -0.005 -17"><span class='ocrx_word' id='word_1_392' title='bbox 2101 3697 2189 3751; x_wconf 87' lang='lat' dir='ltr'>his</span> <span class='ocrx_word' id='word_1_393' title='bbox 2218 3697 2434 3768; x_wconf 91' lang='lat' dir='ltr'>pondus</span> <span class='ocrx_word' id='word_1_394' title='bbox 2482 3696 2775 3764; x_wconf 89' lang='lat' dir='ltr'>incumbit,</span> <span class='ocrx_word' id='word_1_395' title='bbox 2831 3697 2926 3767; x_wconf 92' lang='lat' dir='ltr'>qui</span> <span class='ocrx_word' id='word_1_396' title='bbox 2987 3697 3368 3751; x_wconf 81' lang='lat' dir='ltr'>excellentiori</span> <span class='ocrx_word' id='word_1_397' title='bbox 3410 3692 3663 3766; x_wconf 90' lang='lat' dir='ltr'>proposito</span> 
     </span>
    </p>
   </div>
   <div class='ocr_carea' id='block_1_63' title="bbox 2102 3781 3664 3855">
    <p class='ocr_par' dir='ltr' id='par_1_63' title="bbox 2102 3781 3664 3855">
     <span class='ocr_line' id='line_1_63' title="bbox 2102 3781 3664 3855; baseline -0.004 -16"><span class='ocrx_word' id='word_1_398' title='bbox 2102 3803 2234 3840; x_wconf 91' lang='lat' dir='ltr'>suas</span> <span class='ocrx_word' id='word_1_399' title='bbox 2263 3785 2480 3840; x_wconf 90' lang='lat' dir='ltr'>animas</span> <span class='ocrx_word' id='word_1_400' title='bbox 2511 3785 2823 3840; x_wconf 82' lang='lat' dir='ltr'>voluntarie</span> <span class='ocrx_word' id='word_1_401' title='bbox 2853 3785 3242 3855; x_wconf 83' lang='lat' dir='ltr'>subjugantes,</span> <span class='ocrx_word' id='word_1_402' title='bbox 3269 3785 3544 3854; x_wconf 89' lang='lat' dir='ltr'>animique</span> <span class='ocrx_word' id='word_1_403' title='bbox 3567 3781 3664 3833; x_wconf 87' lang='lat' dir='ltr'>fer-</span> 
     </span>
    </p>
   </div>
   <div class='ocr_carea' id='block_1_64' title="bbox 2100 3871 3666 3946">
    <p class='ocr_par' dir='ltr' id='par_1_64' title="bbox 2100 3871 3666 3946">
     <span class='ocr_line' id='line_1_64' title="bbox 2100 3871 3666 3946; baseline -0.006 -17"><span class='ocrx_word' id='word_1_404' title='bbox 2100 3891 2232 3929; x_wconf 89' lang='lat' dir='ltr'>vore</span> <span class='ocrx_word' id='word_1_405' title='bbox 2274 3874 2518 3929; x_wconf 87' lang='lat' dir='ltr'>mirabili</span> <span class='ocrx_word' id='word_1_406' title='bbox 2548 3875 2802 3929; x_wconf 91' lang='lat' dir='ltr'>omnium</span> <span class='ocrx_word' id='word_1_407' title='bbox 2851 3881 3258 3946; x_wconf 80' lang='lat' dir='ltr'>praeceptorum</span> <span class='ocrx_word' id='word_1_408' title='bbox 3296 3871 3575 3928; x_wconf 87' lang='lat' dir='ltr'>cacumina</span> <span class='ocrx_word' id='word_1_409' title='bbox 3592 3881 3666 3920; x_wconf 87' lang='lat' dir='ltr'>su-</span> 
     </span>
    </p>
   </div>
   <div class='ocr_carea' id='block_1_65' title="bbox 2101 3955 3667 4037">
    <p class='ocr_par' dir='ltr' id='par_1_65' title="bbox 2101 3955 3667 4037">
     <span class='ocr_line' id='line_1_65' title="bbox 2101 3955 3667 4037; baseline -0.006 -18"><span class='ocrx_word' id='word_1_410' title='bbox 2101 3966 2397 4036; x_wconf 88' lang='lat' dir='ltr'>pergressi,</span> <span class='ocrx_word' id='word_1_411' title='bbox 2423 3965 2482 4018; x_wconf 91' lang='lat' dir='ltr'>in</span> <span class='ocrx_word' id='word_1_412' title='bbox 2512 3964 2721 4018; x_wconf 82' lang='lat' dir='ltr'>Christi</span> <span class='ocrx_word' id='word_1_413' title='bbox 2743 3980 2976 4036; x_wconf 90' lang='lat' dir='ltr'>corpore</span> <span class='ocrx_word' id='word_1_414' title='bbox 2996 3965 3158 4036; x_wconf 89' lang='lat' dir='ltr'>quasi</span> <span class='ocrx_word' id='word_1_415' title='bbox 3179 3964 3434 4037; x_wconf 68' lang='lat' dir='ltr'>quaedam</span> <span class='ocrx_word' id='word_1_416' title='bbox 3457 3955 3667 4014; x_wconf 72' lang='lat' dir='ltr'>clarissi-</span> 
     </span>
    </p>
   </div>
   <div class='ocr_carea' id='block_1_66' title="bbox 2103 4045 3665 4124">
    <p class='ocr_par' dir='ltr' id='par_1_66' title="bbox 2103 4045 3665 4124">
     <span class='ocr_line' id='line_1_66' title="bbox 2103 4045 3665 4124; baseline -0.006 -16"><span class='ocrx_word' id='word_1_417' title='bbox 2103 4070 2194 4107; x_wconf 89' lang='lat' dir='ltr'>ma</span> <span class='ocrx_word' id='word_1_418' title='bbox 2220 4054 2434 4108; x_wconf 92' lang='lat' dir='ltr'>lumina</span> <span class='ocrx_word' id='word_1_419' title='bbox 2461 4054 2724 4108; x_wconf 85' lang='lat' dir='ltr'>emicant.</span> <span class='ocrx_word' id='word_1_420' title='bbox 2757 4054 2898 4108; x_wconf 88' lang='lat' dir='ltr'>Cum</span> <span class='ocrx_word' id='word_1_421' title='bbox 2927 4055 3080 4108; x_wconf 92' lang='lat' dir='ltr'>enim</span> <span class='ocrx_word' id='word_1_422' title='bbox 3106 4052 3374 4124; x_wconf 88' lang='lat' dir='ltr'>conjugia</span> <span class='ocrx_word' id='word_1_423' title='bbox 3394 4045 3665 4122; x_wconf 86' lang='lat' dir='ltr'>apostolico</span> 
     </span>
    </p>
   </div>
   <div class='ocr_carea' id='block_1_67' title="bbox 2102 4141 3666 4214">
    <p class='ocr_par' dir='ltr' id='par_1_67' title="bbox 2102 4141 3666 4214">
     <span class='ocr_line' id='line_1_67' title="bbox 2102 4141 3666 4214; baseline -0.001 -18"><span class='ocrx_word' id='word_1_424' title='bbox 2102 4159 2198 4196; x_wconf 90' lang='lat' dir='ltr'>ore</span> <span class='ocrx_word' id='word_1_425' title='bbox 2225 4143 2543 4204; x_wconf 90' lang='lat' dir='ltr'>laudentur,</span> <span class='ocrx_word' id='word_1_426' title='bbox 2563 4149 2620 4197; x_wconf 94' lang='lat' dir='ltr'>et</span> <span class='ocrx_word' id='word_1_427' title='bbox 2639 4159 2704 4196; x_wconf 84' lang='lat' dir='ltr'>ex</span> <span class='ocrx_word' id='word_1_428' title='bbox 2733 4141 3092 4197; x_wconf 87' lang='lat' dir='ltr'>facultatibus</span> <span class='ocrx_word' id='word_1_429' title='bbox 3113 4143 3231 4198; x_wconf 88' lang='lat' dir='ltr'>suis</span> <span class='ocrx_word' id='word_1_430' title='bbox 3253 4147 3468 4214; x_wconf 90' lang='lat' dir='ltr'>partem</span> <span class='ocrx_word' id='word_1_431' title='bbox 3488 4149 3666 4209; x_wconf 76' lang='lat' dir='ltr'>paupe-</span> 
     </span>
    </p>
   </div>
   <div class='ocr_carea' id='block_1_68' title="bbox 413 2535 2012 2616">
    <p class='ocr_par' dir='ltr' id='par_1_68' title="bbox 413 2535 2012 2616">
     <span class='ocr_line' id='line_1_68' title="bbox 413 2535 2012 2616; baseline -0.008 -17"><span class='ocrx_word' id='word_1_432' title='bbox 413 2561 548 2616; x_wconf 91' lang='lat' dir='ltr'>pore</span> <span class='ocrx_word' id='word_1_433' title='bbox 578 2542 775 2597; x_wconf 90' lang='lat' dir='ltr'>mortis</span> <span class='ocrx_word' id='word_1_434' title='bbox 802 2538 1114 2600; x_wconf 87' lang='lat' dir='ltr'>vivitur,ita</span> <span class='ocrx_word' id='word_1_435' title='bbox 1136 2537 1254 2590; x_wconf 87' lang='lat' dir='ltr'>fore</span> <span class='ocrx_word' id='word_1_436' title='bbox 1284 2535 1612 2607; x_wconf 89' lang='lat' dir='ltr'>perfectum,</span> <span class='ocrx_word' id='word_1_437' title='bbox 1644 2542 1708 2588; x_wconf 95' lang='lat' dir='ltr'>ut</span> <span class='ocrx_word' id='word_1_438' title='bbox 1736 2551 1845 2588; x_wconf 91' lang='lat' dir='ltr'>non</span> <span class='ocrx_word' id='word_1_439' title='bbox 1878 2535 2012 2588; x_wconf 91' lang='lat' dir='ltr'>sub-</span> 
     </span>
    </p>
   </div>
   <div class='ocr_carea' id='block_1_69' title="bbox 412 2623 2014 2706">
    <p class='ocr_par' dir='ltr' id='par_1_69' title="bbox 412 2623 2014 2706">
     <span class='ocr_line' id='line_1_69' title="bbox 412 2623 2014 2706; baseline -0.008 -16"><span class='ocrx_word' id='word_1_440' title='bbox 412 2637 602 2706; x_wconf 89' lang='lat' dir='ltr'>jaceat</span> <span class='ocrx_word' id='word_1_441' title='bbox 627 2629 1021 2688; x_wconf 88' lang='lat' dir='ltr'>mutabilitatis</span> <span class='ocrx_word' id='word_1_442' title='bbox 1050 2629 1282 2681; x_wconf 91' lang='lat' dir='ltr'>incerto.</span> <span class='ocrx_word' id='word_1_443' title='bbox 1319 2625 1464 2689; x_wconf 88' lang='lat' dir='ltr'>Quid</span> <span class='ocrx_word' id='word_1_444' title='bbox 1493 2623 1643 2678; x_wconf 88' lang='lat' dir='ltr'>enim</span> <span class='ocrx_word' id='word_1_445' title='bbox 1689 2623 1896 2678; x_wconf 89' lang='lat' dir='ltr'>mirum</span> <span class='ocrx_word' id='word_1_446' title='bbox 1925 2641 2014 2677; x_wconf 93' lang='lat' dir='ltr'>me</span> 
     </span>
    </p>
   </div>
   <div class='ocr_carea' id='block_1_70' title="bbox 417 2712 2016 2784">
    <p class='ocr_par' dir='ltr' id='par_1_70' title="bbox 417 2712 2016 2784">
     <span class='ocr_line' id='line_1_70' title="bbox 417 2712 2016 2784; baseline -0.009 -5"><span class='ocrx_word' id='word_1_447' title='bbox 417 2724 615 2779; x_wconf 90' lang='lat' dir='ltr'>alienis</span> <span class='ocrx_word' id='word_1_448' title='bbox 633 2722 864 2777; x_wconf 89' lang='lat' dir='ltr'>cessisse</span> <span class='ocrx_word' id='word_1_449' title='bbox 883 2717 1149 2782; x_wconf 91' lang='lat' dir='ltr'>consiliis,</span> <span class='ocrx_word' id='word_1_450' title='bbox 1174 2721 1232 2770; x_wconf 92' lang='lat' dir='ltr'>et</span> <span class='ocrx_word' id='word_1_451' title='bbox 1259 2731 1294 2769; x_wconf 92' lang='lat' dir='ltr'>a</span> <span class='ocrx_word' id='word_1_452' title='bbox 1321 2713 1645 2769; x_wconf 87' lang='lat' dir='ltr'>stabilitatis</span> <span class='ocrx_word' id='word_1_453' title='bbox 1669 2712 1908 2784; x_wconf 85' lang='lat' dir='ltr'>propriae</span> <span class='ocrx_word' id='word_1_454' title='bbox 1925 2713 2016 2766; x_wconf 85' lang='lat' dir='ltr'>tir-</span> 
     </span>
    </p>
   </div>
   <div class='ocr_carea' id='block_1_71' title="bbox 416 2802 2012 2884">
    <p class='ocr_par' dir='ltr' id='par_1_71' title="bbox 416 2802 2012 2884">
     <span class='ocr_line' id='line_1_71' title="bbox 416 2802 2012 2884; baseline -0.009 -15"><span class='ocrx_word' id='word_1_455' title='bbox 416 2814 613 2868; x_wconf 87' lang='lat' dir='ltr'>mitate</span> <span class='ocrx_word' id='word_1_456' title='bbox 637 2811 925 2884; x_wconf 90' lang='lat' dir='ltr'>paululum</span> <span class='ocrx_word' id='word_1_457' title='bbox 951 2807 1381 2870; x_wconf 88' lang='lat' dir='ltr'>titubasse,cum</span> <span class='ocrx_word' id='word_1_458' title='bbox 1408 2809 1466 2858; x_wconf 91' lang='lat' dir='ltr'>et</span> <span class='ocrx_word' id='word_1_459' title='bbox 1489 2802 2012 2873; x_wconf 87' lang='lat' dir='ltr'>David,prudentis-</span> 
     </span>
    </p>
   </div>
   <div class='ocr_carea' id='block_1_72' title="bbox 417 2891 2013 2973">
    <p class='ocr_par' dir='ltr' id='par_1_72' title="bbox 417 2891 2013 2973">
     <span class='ocr_line' id='line_1_72' title="bbox 417 2891 2013 2973; baseline -0.009 -15"><span class='ocrx_word' id='word_1_460' title='bbox 417 2904 595 2958; x_wconf 89' lang='lat' dir='ltr'>simus</span> <span class='ocrx_word' id='word_1_461' title='bbox 626 2901 1049 2973; x_wconf 88' lang='lat' dir='ltr'>prophetarum.</span> <span class='ocrx_word' id='word_1_462' title='bbox 1069 2895 1214 2950; x_wconf 88' lang='lat' dir='ltr'>servi</span> <span class='ocrx_word' id='word_1_463' title='bbox 1234 2895 1292 2948; x_wconf 91' lang='lat' dir='ltr'>in</span> <span class='ocrx_word' id='word_1_464' title='bbox 1314 2893 1606 2948; x_wconf 90' lang='lat' dir='ltr'>dominum</span> <span class='ocrx_word' id='word_1_465' title='bbox 1633 2891 2013 2962; x_wconf 82' lang='lat' dir='ltr'>Miphiboseth</span> 
     </span>
    </p>
   </div>
   <div class='ocr_carea' id='block_1_73' title="bbox 418 2981 2012 3051">
    <p class='ocr_par' dir='ltr' id='par_1_73' title="bbox 418 2981 2012 3051">
     <span class='ocr_line' id='line_1_73' title="bbox 418 2981 2012 3051; baseline -0.008 -5"><span class='ocrx_word' id='word_1_466' title='bbox 418 2989 758 3046; x_wconf 89' lang='lat' dir='ltr'>accusationi</span> <span class='ocrx_word' id='word_1_467' title='bbox 784 2988 937 3042; x_wconf 69' lang='lat' dir='ltr'>falsae</span> <span class='ocrx_word' id='word_1_468' title='bbox 968 2983 1307 3051; x_wconf 89' lang='lat' dir='ltr'>crediderit;</span> <span class='ocrx_word' id='word_1_469' title='bbox 1354 2988 1412 3037; x_wconf 89' lang='lat' dir='ltr'>et</span> <span class='ocrx_word' id='word_1_470' title='bbox 1438 2982 1618 3036; x_wconf 88' lang='lat' dir='ltr'>Josias</span> <span class='ocrx_word' id='word_1_471' title='bbox 1647 2997 1742 3035; x_wconf 87' lang='lat' dir='ltr'>rex</span> <span class='ocrx_word' id='word_1_472' title='bbox 1767 2981 1862 3035; x_wconf 91' lang='lat' dir='ltr'>ille</span> <span class='ocrx_word' id='word_1_473' title='bbox 1888 2998 2012 3035; x_wconf 85' lang='lat' dir='ltr'>san-</span> 
     </span>
    </p>
   </div>
   <div class='ocr_carea' id='block_1_74' title="bbox 418 3062 2072 3147">
    <p class='ocr_par' dir='ltr' id='par_1_74' title="bbox 418 3062 2072 3147">
     <span class='ocr_line' id='line_1_74' title="bbox 418 3062 2072 3147; baseline -0.008 -11"><span class='ocrx_word' id='word_1_474' title='bbox 418 3081 720 3146; x_wconf 87' lang='lat' dir='ltr'>ctissimus,</span> <span class='ocrx_word' id='word_1_475' title='bbox 753 3077 1037 3147; x_wconf 73' lang='lat' dir='ltr'>uniczeque</span> <span class='ocrx_word' id='word_1_476' title='bbox 1073 3074 1302 3146; x_wconf 88' lang='lat' dir='ltr'>pietatis</span> <span class='ocrx_word' id='word_1_477' title='bbox 1332 3073 1391 3127; x_wconf 89' lang='lat' dir='ltr'>in</span> <span class='ocrx_word' id='word_1_478' title='bbox 1420 3072 1858 3142; x_wconf 88' lang='lat' dir='ltr'>Dominum,pro</span> <span class='ocrx_word' id='word_1_479' title='bbox 1881 3062 2072 3141; x_wconf 86' lang='lat' dir='ltr'>regeC</span> 
     </span>
    </p>
   </div>
   <div class='ocr_carea' id='block_1_75' title="bbox 415 3161 2014 3242">
    <p class='ocr_par' dir='ltr' id='par_1_75' title="bbox 415 3161 2014 3242">
     <span class='ocr_line' id='line_1_75' title="bbox 415 3161 2014 3242; baseline -0.008 -17"><span class='ocrx_word' id='word_1_480' title='bbox 415 3169 776 3242; x_wconf 84' lang='lat' dir='ltr'>Assyriorum</span> <span class='ocrx_word' id='word_1_481' title='bbox 828 3167 887 3220; x_wconf 90' lang='lat' dir='ltr'>in</span> <span class='ocrx_word' id='word_1_482' title='bbox 942 3165 1168 3220; x_wconf 90' lang='lat' dir='ltr'>Nechao</span> <span class='ocrx_word' id='word_1_483' title='bbox 1197 3178 1389 3234; x_wconf 83' lang='lat' dir='ltr'>regem</span> <span class='ocrx_word' id='word_1_484' title='bbox 1417 3161 1641 3232; x_wconf 65' lang='lat' dir='ltr'>Egypti</span> <span class='ocrx_word' id='word_1_485' title='bbox 1669 3177 2014 3230; x_wconf 86' lang='lat' dir='ltr'>consurgens</span> 
     </span>
    </p>
   </div>
   <div class='ocr_carea' id='block_1_76' title="bbox 418 3249 2013 3330">
    <p class='ocr_par' dir='ltr' id='par_1_76' title="bbox 418 3249 2013 3330">
     <span class='ocr_line' id='line_1_76' title="bbox 418 3249 2013 3330; baseline -0.008 -15"><span class='ocrx_word' id='word_1_486' title='bbox 418 3259 644 3314; x_wconf 90' lang='lat' dir='ltr'>Domini</span> <span class='ocrx_word' id='word_1_487' title='bbox 665 3255 1224 3330; x_wconf 85' lang='lat' dir='ltr'>provocaveritiram;</span> <span class='ocrx_word' id='word_1_488' title='bbox 1248 3269 1370 3323; x_wconf 68' lang='lat' dir='ltr'>qua:</span> <span class='ocrx_word' id='word_1_489' title='bbox 1390 3256 1600 3316; x_wconf 85' lang='lat' dir='ltr'>tamen,</span> <span class='ocrx_word' id='word_1_490' title='bbox 1649 3267 1719 3304; x_wconf 91' lang='lat' dir='ltr'>ne</span> <span class='ocrx_word' id='word_1_491' title='bbox 1747 3249 1890 3304; x_wconf 90' lang='lat' dir='ltr'>tanti</span> <span class='ocrx_word' id='word_1_492' title='bbox 1913 3250 2013 3304; x_wconf 89' lang='lat' dir='ltr'>viri</span> 
     </span>
    </p>
   </div>
   <div class='ocr_carea' id='block_1_77' title="bbox 422 3341 2017 3418">
    <p class='ocr_par' dir='ltr' id='par_1_77' title="bbox 422 3341 2017 3418">
     <span class='ocr_line' id='line_1_77' title="bbox 422 3341 2017 3418; baseline -0.006 -15"><span class='ocrx_word' id='word_1_493' title='bbox 422 3349 688 3404; x_wconf 90' lang='lat' dir='ltr'>meritum</span> <span class='ocrx_word' id='word_1_494' title='bbox 709 3346 1006 3418; x_wconf 88' lang='lat' dir='ltr'>deperiret,</span> <span class='ocrx_word' id='word_1_495' title='bbox 1043 3341 1370 3398; x_wconf 88' lang='lat' dir='ltr'>transitoria</span> <span class='ocrx_word' id='word_1_496' title='bbox 1407 3356 1573 3411; x_wconf 77' lang='lat' dir='ltr'>poena</span> <span class='ocrx_word' id='word_1_497' title='bbox 1603 3345 1894 3411; x_wconf 91' lang='lat' dir='ltr'>morteque</span> <span class='ocrx_word' id='word_1_498' title='bbox 1928 3357 2017 3394; x_wconf 86' lang='lat' dir='ltr'>se-</span> 
     </span>
    </p>
   </div>
   <div class='ocr_carea' id='block_1_78' title="bbox 419 3428 2019 3504">
    <p class='ocr_par' dir='ltr' id='par_1_78' title="bbox 419 3428 2019 3504">
     <span class='ocr_line' id='line_1_78' title="bbox 419 3428 2019 3504; baseline -0.006 -13"><span class='ocrx_word' id='word_1_499' title='bbox 419 3437 553 3490; x_wconf 89' lang='lat' dir='ltr'>data</span> <span class='ocrx_word' id='word_1_500' title='bbox 582 3441 667 3490; x_wconf 92' lang='lat' dir='ltr'>est</span> <span class='ocrx_word' id='word_1_501' title='bbox 692 3433 1010 3504; x_wconf 87' lang='lat' dir='ltr'>temporali.</span> <span class='ocrx_word' id='word_1_502' title='bbox 1045 3432 1171 3485; x_wconf 89' lang='lat' dir='ltr'>Non</span> <span class='ocrx_word' id='word_1_503' title='bbox 1194 3435 1281 3483; x_wconf 90' lang='lat' dir='ltr'>est</span> <span class='ocrx_word' id='word_1_504' title='bbox 1306 3428 1480 3499; x_wconf 82' lang='lat' dir='ltr'>igitur</span> <span class='ocrx_word' id='word_1_505' title='bbox 1518 3428 1930 3492; x_wconf 90' lang='lat' dir='ltr'>admirandum,</span> <span class='ocrx_word' id='word_1_506' title='bbox 1961 3429 2019 3483; x_wconf 86' lang='lat' dir='ltr'>si</span> 
     </span>
    </p>
   </div>
   <div class='ocr_carea' id='block_1_79' title="bbox 421 3516 2019 3594">
    <p class='ocr_par' dir='ltr' id='par_1_79' title="bbox 421 3516 2019 3594">
     <span class='ocr_line' id='line_1_79' title="bbox 421 3516 2019 3594; baseline -0.004 -17"><span class='ocrx_word' id='word_1_507' title='bbox 421 3531 479 3579; x_wconf 93' lang='lat' dir='ltr'>et</span> <span class='ocrx_word' id='word_1_508' title='bbox 499 3542 601 3579; x_wconf 88' lang='lat' dir='ltr'>nos</span> <span class='ocrx_word' id='word_1_509' title='bbox 629 3524 726 3594; x_wconf 90' lang='lat' dir='ltr'>qui</span> <span class='ocrx_word' id='word_1_510' title='bbox 756 3521 1092 3576; x_wconf 88' lang='lat' dir='ltr'>involvimur</span> <span class='ocrx_word' id='word_1_511' title='bbox 1119 3516 1367 3572; x_wconf 87' lang='lat' dir='ltr'>tenebris</span> <span class='ocrx_word' id='word_1_512' title='bbox 1405 3523 1780 3587; x_wconf 86' lang='lat' dir='ltr'>peccatorum,</span> <span class='ocrx_word' id='word_1_513' title='bbox 1831 3518 1887 3571; x_wconf 90' lang='lat' dir='ltr'>in</span> <span class='ocrx_word' id='word_1_514' title='bbox 1937 3518 2019 3571; x_wconf 85' lang='lat' dir='ltr'>lu-</span> 
     </span>
    </p>
   </div>
   <div class='ocr_carea' id='block_1_80' title="bbox 419 3606 2018 3678">
    <p class='ocr_par' dir='ltr' id='par_1_80' title="bbox 419 3606 2018 3678">
     <span class='ocr_line' id='line_1_80' title="bbox 419 3606 2018 3678; baseline -0.005 -9"><span class='ocrx_word' id='word_1_515' title='bbox 419 3613 573 3668; x_wconf 90' lang='lat' dir='ltr'>brico</span> <span class='ocrx_word' id='word_1_516' title='bbox 606 3613 808 3666; x_wconf 90' lang='lat' dir='ltr'>itinere</span> <span class='ocrx_word' id='word_1_517' title='bbox 837 3609 1100 3674; x_wconf 88' lang='lat' dir='ltr'>labimur,</span> <span class='ocrx_word' id='word_1_518' title='bbox 1127 3613 1184 3662; x_wconf 91' lang='lat' dir='ltr'>et</span> <span class='ocrx_word' id='word_1_519' title='bbox 1212 3607 1269 3661; x_wconf 90' lang='lat' dir='ltr'>in</span> <span class='ocrx_word' id='word_1_520' title='bbox 1297 3606 1506 3662; x_wconf 90' lang='lat' dir='ltr'>nostris</span> <span class='ocrx_word' id='word_1_521' title='bbox 1537 3606 1788 3660; x_wconf 88' lang='lat' dir='ltr'>consiliis</span> <span class='ocrx_word' id='word_1_522' title='bbox 1817 3607 2018 3678; x_wconf 85' lang='lat' dir='ltr'>caliga-</span> 
     </span>
    </p>
   </div>
   <div class='ocr_carea' id='block_1_81' title="bbox 422 3696 2019 3767">
    <p class='ocr_par' dir='ltr' id='par_1_81' title="bbox 422 3696 2019 3767">
     <span class='ocr_line' id='line_1_81' title="bbox 422 3696 2019 3767; baseline -0.003 -10"><span class='ocrx_word' id='word_1_523' title='bbox 422 3719 549 3756; x_wconf 90' lang='lat' dir='ltr'>mus</span> <span class='ocrx_word' id='word_1_524' title='bbox 578 3721 590 3755; x_wconf 90' lang='lat'>:</span> <span class='ocrx_word' id='word_1_525' title='bbox 617 3717 745 3756; x_wconf 89' lang='lat' dir='ltr'>cum</span> <span class='ocrx_word' id='word_1_526' title='bbox 775 3699 916 3754; x_wconf 92' lang='lat' dir='ltr'>tales</span> <span class='ocrx_word' id='word_1_527' title='bbox 933 3697 1188 3767; x_wconf 90' lang='lat' dir='ltr'>tantique</span> <span class='ocrx_word' id='word_1_528' title='bbox 1218 3697 1319 3749; x_wconf 86' lang='lat' dir='ltr'>viri</span> <span class='ocrx_word' id='word_1_529' title='bbox 1368 3696 1702 3765; x_wconf 73' lang='lat' dir='ltr'>ignorantiae</span> <span class='ocrx_word' id='word_1_530' title='bbox 1732 3697 2019 3766; x_wconf 89' lang='lat' dir='ltr'>potuerint</span> 
     </span>
    </p>
   </div>
   <div class='ocr_carea' id='block_1_82' title="bbox 421 3783 2017 3856">
    <p class='ocr_par' dir='ltr' id='par_1_82' title="bbox 421 3783 2017 3856">
     <span class='ocr_line' id='line_1_82' title="bbox 421 3783 2017 3856; baseline -0.004 -11"><span class='ocrx_word' id='word_1_531' title='bbox 421 3790 614 3844; x_wconf 91' lang='lat' dir='ltr'>nubilo</span> <span class='ocrx_word' id='word_1_532' title='bbox 634 3787 942 3851; x_wconf 88' lang='lat' dir='ltr'>obscurari,</span> <span class='ocrx_word' id='word_1_533' title='bbox 973 3785 1033 3839; x_wconf 91' lang='lat' dir='ltr'>in</span> <span class='ocrx_word' id='word_1_534' title='bbox 1063 3801 1302 3856; x_wconf 86' lang='lat' dir='ltr'>quorum</span> <span class='ocrx_word' id='word_1_535' title='bbox 1332 3783 1445 3837; x_wconf 88' lang='lat' dir='ltr'>vita</span> <span class='ocrx_word' id='word_1_536' title='bbox 1483 3788 1540 3838; x_wconf 91' lang='lat' dir='ltr'>et</span> <span class='ocrx_word' id='word_1_537' title='bbox 1567 3783 2017 3839; x_wconf 89' lang='lat' dir='ltr'>moribuslumen</span> 
     </span>
    </p>
   </div>
   <div class='ocr_carea' id='block_1_83' title="bbox 417 3871 1694 3949">
    <p class='ocr_par' dir='ltr' id='par_1_83' title="bbox 417 3871 1694 3949">
     <span class='ocr_line' id='line_1_83' title="bbox 417 3871 1694 3949; baseline -0.005 -16"><span class='ocrx_word' id='word_1_538' title='bbox 417 3877 652 3949; x_wconf 75' lang='lat' dir='ltr'>justitiae</span> <span class='ocrx_word' id='word_1_539' title='bbox 681 3881 737 3931; x_wconf 92' lang='lat' dir='ltr'>et</span> <span class='ocrx_word' id='word_1_540' title='bbox 756 3875 888 3930; x_wconf 91' lang='lat' dir='ltr'>solis</span> <span class='ocrx_word' id='word_1_541' title='bbox 909 3874 1079 3928; x_wconf 90' lang='lat' dir='ltr'>etiam</span> <span class='ocrx_word' id='word_1_542' title='bbox 1101 3871 1326 3926; x_wconf 86' lang='lat' dir='ltr'>claritas</span> <span class='ocrx_word' id='word_1_543' title='bbox 1364 3871 1694 3941; x_wconf 85' lang='lat' dir='ltr'>refulgebat.</span> 
     </span>
    </p>
   </div>
   <div class='ocr_carea' id='block_1_84' title="bbox 494 3961 2020 4036">
    <p class='ocr_par' dir='ltr' id='par_1_84' title="bbox 494 3961 2020 4036">
     <span class='ocr_line' id='line_1_84' title="bbox 494 3961 2020 4036; baseline -0.003 -14"><span class='ocrx_word' id='word_1_544' title='bbox 494 3968 565 4022; x_wconf 92' lang='lat' dir='ltr'>Et</span> <span class='ocrx_word' id='word_1_545' title='bbox 593 3983 696 4036; x_wconf 88' lang='lat' dir='ltr'>ego</span> <span class='ocrx_word' id='word_1_546' title='bbox 725 3965 952 4036; x_wconf 89' lang='lat' dir='ltr'>quidem</span> <span class='ocrx_word' id='word_1_547' title='bbox 983 3963 1227 4035; x_wconf 88' lang='lat' dir='ltr'>quadam</span> <span class='ocrx_word' id='word_1_548' title='bbox 1252 3962 1476 4016; x_wconf 89' lang='lat' dir='ltr'>virtutis</span> <span class='ocrx_word' id='word_1_549' title='bbox 1500 3961 1745 4032; x_wconf 90' lang='lat' dir='ltr'>imagine</span> <span class='ocrx_word' id='word_1_550' title='bbox 1769 3980 1891 4018; x_wconf 91' lang='lat' dir='ltr'>sum</span> <span class='ocrx_word' id='word_1_551' title='bbox 1927 3963 2020 4017; x_wconf 89' lang='lat' dir='ltr'>de-</span> 
     </span>
    </p>
   </div>
   <div class='ocr_carea' id='block_1_85' title="bbox 422 4052 2021 4128">
    <p class='ocr_par' dir='ltr' id='par_1_85' title="bbox 422 4052 2021 4128">
     <span class='ocr_line' id='line_1_85' title="bbox 422 4052 2021 4128; baseline -0.003 -16"><span class='ocrx_word' id='word_1_552' title='bbox 422 4061 637 4128; x_wconf 91' lang='lat' dir='ltr'>ceptus,</span> <span class='ocrx_word' id='word_1_553' title='bbox 671 4061 728 4110; x_wconf 93' lang='lat' dir='ltr'>et</span> <span class='ocrx_word' id='word_1_554' title='bbox 755 4060 820 4110; x_wconf 90' lang='lat' dir='ltr'>ut</span> <span class='ocrx_word' id='word_1_555' title='bbox 841 4054 994 4108; x_wconf 90' lang='lat' dir='ltr'>illius</span> <span class='ocrx_word' id='word_1_556' title='bbox 1021 4053 1153 4107; x_wconf 70' lang='lat' dir='ltr'>ferae</span> <span class='ocrx_word' id='word_1_557' title='bbox 1170 4052 1424 4124; x_wconf 84' lang='lat' dir='ltr'>pessimae</span> <span class='ocrx_word' id='word_1_558' title='bbox 1453 4053 1800 4123; x_wconf 86' lang='lat' dir='ltr'>monstrique</span> <span class='ocrx_word' id='word_1_559' title='bbox 1841 4053 2021 4108; x_wconf 89' lang='lat' dir='ltr'>horri-</span> 
     </span>
    </p>
   </div>
   <div class='ocr_carea' id='block_1_86' title="bbox 422 4144 2014 4214">
    <p class='ocr_par' dir='ltr' id='par_1_86' title="bbox 422 4144 2014 4214">
     <span class='ocr_line' id='line_1_86' title="bbox 422 4144 2014 4214; baseline -0.002 -15"><span class='ocrx_word' id='word_1_560' title='bbox 422 4145 551 4200; x_wconf 91' lang='lat' dir='ltr'>bilis</span> <span class='ocrx_word' id='word_1_561' title='bbox 570 4144 781 4200; x_wconf 70' lang='lat' dir='ltr'>saavitia</span> <span class='ocrx_word' id='word_1_562' title='bbox 808 4144 994 4198; x_wconf 90' lang='lat' dir='ltr'>minus</span> <span class='ocrx_word' id='word_1_563' title='bbox 1015 4146 1486 4214; x_wconf 82' lang='lat' dir='ltr'>prospectaretur,</span> <span class='ocrx_word' id='word_1_564' title='bbox 1500 4148 1906 4214; x_wconf 90' lang='lat' dir='ltr'>prospectaque</span> <span class='ocrx_word' id='word_1_565' title='bbox 1921 4160 2014 4196; x_wconf 82' lang='lat' dir='ltr'>ca-</span> 
     </span>
    </p>
   </div>
   <div class='ocr_carea' id='block_1_87' title="bbox 423 4223 3665 4302">
    <p class='ocr_par' dir='ltr' id='par_1_87' title="bbox 423 4223 3665 4302">
     <span class='ocr_line' id='line_1_87' title="bbox 423 4223 3665 4302; baseline -0.002 -15"><span class='ocrx_word' id='word_1_566' title='bbox 423 4239 666 4300; x_wconf 90' lang='lat' dir='ltr'>veretur,</span> <span class='ocrx_word' id='word_1_567' title='bbox 699 4233 918 4287; x_wconf 90' lang='lat' dir='ltr'>miseris</span> <span class='ocrx_word' id='word_1_568' title='bbox 942 4231 1233 4288; x_wconf 90' lang='lat' dir='ltr'>monachis</span> <span class='ocrx_word' id='word_1_569' title='bbox 1264 4237 1322 4286; x_wconf 91' lang='lat' dir='ltr'>et</span> <span class='ocrx_word' id='word_1_570' title='bbox 1337 4229 1544 4284; x_wconf 78' lang='lat' dir='ltr'>afflicto</span> <span class='ocrx_word' id='word_1_571' title='bbox 1573 4231 1694 4285; x_wconf 92' lang='lat' dir='ltr'>loco</span> <span class='ocrx_word' id='word_1_572' title='bbox 1715 4248 1886 4286; x_wconf 84' lang='lat' dir='ltr'>causa</span> <span class='ocrx_word' id='word_1_573' title='bbox 1913 4231 2020 4287; x_wconf 90' lang='lat' dir='ltr'>fuit</span> <span class='ocrx_word' id='word_1_574' title='bbox 2101 4230 2256 4285; x_wconf 87' lang='lat' dir='ltr'>ribus</span> <span class='ocrx_word' id='word_1_575' title='bbox 2268 4237 2582 4302; x_wconf 89' lang='lat' dir='ltr'>erogantes,</span> <span class='ocrx_word' id='word_1_576' title='bbox 2597 4231 2758 4285; x_wconf 91' lang='lat' dir='ltr'>sedes</span> <span class='ocrx_word' id='word_1_577' title='bbox 2771 4229 3086 4296; x_wconf 87' lang='lat' dir='ltr'>beatorum,</span> <span class='ocrx_word' id='word_1_578' title='bbox 3112 4245 3455 4302; x_wconf 88' lang='lat' dir='ltr'>camposque</span> <span class='ocrx_word' id='word_1_579' title='bbox 3477 4223 3665 4296; x_wconf 83' lang='lat' dir='ltr'>Elysios</span> 
     </span>
    </p>
   </div>
   <div class='ocr_carea' id='block_1_88' title="bbox 423 4317 3665 4392">
    <p class='ocr_par' dir='ltr' id='par_1_88' title="bbox 423 4317 3665 4392">
     <span class='ocr_line' id='line_1_88' title="bbox 423 4317 3665 4392; baseline -0.004 -15"><span class='ocrx_word' id='word_1_580' title='bbox 423 4323 662 4378; x_wconf 89' lang='lat' dir='ltr'>intentio</span> <span class='ocrx_word' id='word_1_581' title='bbox 691 4322 1038 4378; x_wconf 90' lang='lat' dir='ltr'>consulendi.</span> <span class='ocrx_word' id='word_1_582' title='bbox 1074 4319 1451 4375; x_wconf 87' lang='lat' dir='ltr'>Pollicebatur</span> <span class='ocrx_word' id='word_1_583' title='bbox 1479 4320 1628 4374; x_wconf 90' lang='lat' dir='ltr'>enim</span> <span class='ocrx_word' id='word_1_584' title='bbox 1655 4320 1748 4374; x_wconf 92' lang='lat' dir='ltr'>ille</span> <span class='ocrx_word' id='word_1_585' title='bbox 1788 4337 1925 4391; x_wconf 89' lang='lat' dir='ltr'>aper</span> <span class='ocrx_word' id='word_1_586' title='bbox 1948 4322 2081 4392; x_wconf 54' lang='lat' dir='ltr'>de“</span> <span class='ocrx_word' id='word_1_587' title='bbox 2101 4327 2536 4391; x_wconf 89' lang='lat' dir='ltr'>consequantur,</span> <span class='ocrx_word' id='word_1_588' title='bbox 2569 4320 2663 4374; x_wconf 90' lang='lat' dir='ltr'>isti</span> <span class='ocrx_word' id='word_1_589' title='bbox 2710 4325 2901 4374; x_wconf 87' lang='lat' dir='ltr'>tamen</span> <span class='ocrx_word' id='word_1_590' title='bbox 2943 4320 3069 4375; x_wconf 75' lang='lat' dir='ltr'>vitae</span> <span class='ocrx_word' id='word_1_591' title='bbox 3117 4317 3467 4392; x_wconf 84' lang='lat' dir='ltr'>perfectioris</span> <span class='ocrx_word' id='word_1_592' title='bbox 3499 4325 3665 4368; x_wconf 88' lang='lat' dir='ltr'>amore</span> 
     </span>
    </p>
   </div>
   <div class='ocr_carea' id='block_1_89' title="bbox 423 4408 3665 4481">
    <p class='ocr_par' dir='ltr' id='par_1_89' title="bbox 423 4408 3665 4481">
     <span class='ocr_line' id='line_1_89' title="bbox 423 4408 3665 4481; baseline -0.003 -17"><span class='ocrx_word' id='word_1_593' title='bbox 423 4411 561 4465; x_wconf 87' lang='lat' dir='ltr'>silva</span> <span class='ocrx_word' id='word_1_594' title='bbox 579 4409 806 4472; x_wconf 89' lang='lat' dir='ltr'>crebris,</span> <span class='ocrx_word' id='word_1_595' title='bbox 831 4411 1184 4481; x_wconf 91' lang='lat' dir='ltr'>multumque</span> <span class='ocrx_word' id='word_1_596' title='bbox 1219 4409 1565 4463; x_wconf 88' lang='lat' dir='ltr'>terribilibus</span> <span class='ocrx_word' id='word_1_597' title='bbox 1589 4410 2015 4479; x_wconf 90' lang='lat' dir='ltr'>juramentis,se</span> <span class='ocrx_word' id='word_1_598' title='bbox 2033 4408 2083 4434; x_wconf 78' lang='grc' dir='ltr'><strong>ν</strong></span> <span class='ocrx_word' id='word_1_599' title='bbox 2100 4409 2288 4463; x_wconf 88' lang='lat' dir='ltr'>omnia</span> <span class='ocrx_word' id='word_1_600' title='bbox 2316 4409 2556 4463; x_wconf 91' lang='lat' dir='ltr'>visibilia</span> <span class='ocrx_word' id='word_1_601' title='bbox 2584 4415 3025 4474; x_wconf 88' lang='lat' dir='ltr'>contemnentes,</span> <span class='ocrx_word' id='word_1_602' title='bbox 3056 4409 3239 4480; x_wconf 88' lang='lat' dir='ltr'>ipsam</span> <span class='ocrx_word' id='word_1_603' title='bbox 3283 4408 3465 4463; x_wconf 89' lang='lat' dir='ltr'>subito</span> <span class='ocrx_word' id='word_1_604' title='bbox 3493 4416 3665 4457; x_wconf 87' lang='lat' dir='ltr'>mona-</span> 
     </span>
    </p>
   </div>
   <div class='ocr_carea' id='block_1_90' title="bbox 421 4490 3666 4570">
    <p class='ocr_par' dir='ltr' id='par_1_90' title="bbox 421 4490 3666 4570">
     <span class='ocr_line' id='line_1_90' title="bbox 421 4490 3666 4570; baseline -0.004 -18"><span class='ocrx_word' id='word_1_605' title='bbox 421 4499 639 4553; x_wconf 91' lang='lat' dir='ltr'>vineam</span> <span class='ocrx_word' id='word_1_606' title='bbox 667 4499 891 4553; x_wconf 90' lang='lat' dir='ltr'>Domini</span> <span class='ocrx_word' id='word_1_607' title='bbox 911 4515 1198 4569; x_wconf 91' lang='lat' dir='ltr'>nunquam</span> <span class='ocrx_word' id='word_1_608' title='bbox 1229 4498 1465 4552; x_wconf 85' lang='lat' dir='ltr'>ulterius</span> <span class='ocrx_word' id='word_1_609' title='bbox 1493 4498 1880 4569; x_wconf 75' lang='lat' dir='ltr'>depasturum,</span> <span class='ocrx_word' id='word_1_610' title='bbox 1912 4515 2015 4552; x_wconf 89' lang='lat' dir='ltr'>nec</span> <span class='ocrx_word' id='word_1_611' title='bbox 2097 4496 2224 4550; x_wconf 91' lang='lat' dir='ltr'>dem</span> <span class='ocrx_word' id='word_1_612' title='bbox 2237 4498 2487 4568; x_wconf 89' lang='lat' dir='ltr'>arripere</span> <span class='ocrx_word' id='word_1_613' title='bbox 2515 4499 3044 4570; x_wconf 80' lang='lat' dir='ltr'>maluerunt,quain</span> <span class='ocrx_word' id='word_1_614' title='bbox 3072 4515 3137 4553; x_wconf 83' lang='lat' dir='ltr'>ex</span> <span class='ocrx_word' id='word_1_615' title='bbox 3172 4498 3261 4552; x_wconf 91' lang='lat' dir='ltr'>his</span> <span class='ocrx_word' id='word_1_616' title='bbox 3291 4490 3666 4566; x_wconf 88' lang='lat' dir='ltr'>temporalibus</span> 
     </span>
    </p>
   </div>
   <div class='ocr_carea' id='block_1_91' title="bbox 426 4581 3663 4658">
    <p class='ocr_par' dir='ltr' id='par_1_91' title="bbox 426 4581 3663 4658">
     <span class='ocr_line' id='line_1_91' title="bbox 426 4581 3663 4658; baseline -0.004 -16"><span class='ocrx_word' id='word_1_617' title='bbox 426 4588 495 4642; x_wconf 89' lang='lat' dir='ltr'>de</span> <span class='ocrx_word' id='word_1_618' title='bbox 509 4605 574 4642; x_wconf 87' lang='lat' dir='ltr'>ea</span> <span class='ocrx_word' id='word_1_619' title='bbox 603 4588 908 4658; x_wconf 91' lang='lat' dir='ltr'>quidquam</span> <span class='ocrx_word' id='word_1_620' title='bbox 927 4587 1268 4650; x_wconf 89' lang='lat' dir='ltr'>ablaturum,</span> <span class='ocrx_word' id='word_1_621' title='bbox 1303 4587 1411 4641; x_wconf 90' lang='lat' dir='ltr'>nisi</span> <span class='ocrx_word' id='word_1_622' title='bbox 1429 4587 1574 4658; x_wconf 92' lang='lat' dir='ltr'>quod</span> <span class='ocrx_word' id='word_1_623' title='bbox 1592 4587 1642 4641; x_wconf 89' lang='lat' dir='ltr'>ei</span> <span class='ocrx_word' id='word_1_624' title='bbox 1658 4604 1856 4642; x_wconf 90' lang='lat' dir='ltr'>manus</span> <span class='ocrx_word' id='word_1_625' title='bbox 1878 4605 2013 4642; x_wconf 77' lang='lat' dir='ltr'>meae</span> <span class='ocrx_word' id='word_1_626' title='bbox 2093 4589 2304 4656; x_wconf 89' lang='lat' dir='ltr'>gradus</span> <span class='ocrx_word' id='word_1_627' title='bbox 2334 4588 2572 4646; x_wconf 80' lang='lat' dir='ltr'>efficere,</span> <span class='ocrx_word' id='word_1_628' title='bbox 2593 4587 2796 4658; x_wconf 89' lang='lat' dir='ltr'>quibus</span> <span class='ocrx_word' id='word_1_629' title='bbox 2827 4587 2898 4640; x_wconf 92' lang='lat' dir='ltr'>ad</span> <span class='ocrx_word' id='word_1_630' title='bbox 2917 4587 3070 4641; x_wconf 91' lang='lat' dir='ltr'>illam</span> <span class='ocrx_word' id='word_1_631' title='bbox 3094 4585 3504 4641; x_wconf 87' lang='lat' dir='ltr'>conscenditur.</span> <span class='ocrx_word' id='word_1_632' title='bbox 3536 4581 3663 4634; x_wconf 87' lang='lat' dir='ltr'>Sane</span> 
     </span>
    </p>
   </div>
   <div class='ocr_carea' id='block_1_92' title="bbox 2097 4674 3667 4746">
    <p class='ocr_par' dir='ltr' id='par_1_92' title="bbox 2097 4674 3667 4746">
     <span class='ocr_line' id='line_1_92' title="bbox 2097 4674 3667 4746; baseline -0.004 -16"><span class='ocrx_word' id='word_1_633' title='bbox 2097 4677 2242 4745; x_wconf 92' lang='lat' dir='ltr'>quod</span> <span class='ocrx_word' id='word_1_634' title='bbox 2275 4677 2466 4731; x_wconf 89' lang='lat' dir='ltr'>omnia</span> <span class='ocrx_word' id='word_1_635' title='bbox 2493 4677 2810 4732; x_wconf 88' lang='lat' dir='ltr'>referantur</span> <span class='ocrx_word' id='word_1_636' title='bbox 2837 4677 2907 4731; x_wconf 93' lang='lat' dir='ltr'>ad</span> <span class='ocrx_word' id='word_1_637' title='bbox 2938 4676 3258 4739; x_wconf 90' lang='lat' dir='ltr'>monadem,</span> <span class='ocrx_word' id='word_1_638' title='bbox 3285 4681 3341 4730; x_wconf 88' lang='lat' dir='ltr'>et</span> <span class='ocrx_word' id='word_1_639' title='bbox 3367 4674 3494 4746; x_wconf 89' lang='lat' dir='ltr'>quia</span> <span class='ocrx_word' id='word_1_640' title='bbox 3519 4680 3667 4738; x_wconf 77' lang='lat' dir='ltr'>super</span> 
     </span>
    </p>
   </div>
   <div class='ocr_carea' id='block_1_93' title="bbox 2095 4757 3665 4838">
    <p class='ocr_par' dir='ltr' id='par_1_93' title="bbox 2095 4757 3665 4838">
     <span class='ocr_line' id='line_1_93' title="bbox 2095 4757 3665 4838; baseline -0.007 -19"><span class='ocrx_word' id='word_1_641' title='bbox 2095 4767 2374 4832; x_wconf 86' lang='lat' dir='ltr'>universa,</span> <span class='ocrx_word' id='word_1_642' title='bbox 2395 4783 2518 4837; x_wconf 70' lang='lat' dir='ltr'>quae</span> <span class='ocrx_word' id='word_1_643' title='bbox 2534 4783 2633 4838; x_wconf 90' lang='lat' dir='ltr'>per</span> <span class='ocrx_word' id='word_1_644' title='bbox 2648 4766 2826 4838; x_wconf 88' lang='lat' dir='ltr'>ipsam</span> <span class='ocrx_word' id='word_1_645' title='bbox 2849 4765 2993 4820; x_wconf 82' lang='lat' dir='ltr'>facta</span> <span class='ocrx_word' id='word_1_646' title='bbox 3007 4772 3156 4831; x_wconf 89' lang='lat' dir='ltr'>sunt,</span> <span class='ocrx_word' id='word_1_647' title='bbox 3180 4771 3374 4820; x_wconf 88' lang='lat' dir='ltr'>teneat</span> <span class='ocrx_word' id='word_1_648' title='bbox 3413 4757 3665 4832; x_wconf 83' lang='lat' dir='ltr'>principa-</span> 
     </span>
    </p>
   </div>
   <div class='ocr_carea' id='block_1_94' title="bbox 2095 4843 3664 4927">
    <p class='ocr_par' dir='ltr' id='par_1_94' title="bbox 2095 4843 3664 4927">
     <span class='ocr_line' id='line_1_94' title="bbox 2095 4843 3664 4927; baseline -0.006 -18"><span class='ocrx_word' id='word_1_649' title='bbox 2095 4861 2238 4922; x_wconf 89' lang='lat' dir='ltr'>tum,</span> <span class='ocrx_word' id='word_1_650' title='bbox 2273 4856 2563 4927; x_wconf 89' lang='lat' dir='ltr'>Scriptura</span> <span class='ocrx_word' id='word_1_651' title='bbox 2591 4856 2685 4909; x_wconf 89' lang='lat' dir='ltr'>illa</span> <span class='ocrx_word' id='word_1_652' title='bbox 2703 4855 2844 4910; x_wconf 89' lang='lat' dir='ltr'>satis</span> <span class='ocrx_word' id='word_1_653' title='bbox 2874 4855 3162 4910; x_wconf 78' lang='lat' dir='ltr'>evidenter</span> <span class='ocrx_word' id='word_1_654' title='bbox 3178 4853 3446 4916; x_wconf 90' lang='lat' dir='ltr'>ostendit,</span> <span class='ocrx_word' id='word_1_655' title='bbox 3467 4864 3581 4920; x_wconf 73' lang='lat' dir='ltr'>quae</span> <span class='ocrx_word' id='word_1_656' title='bbox 3603 4843 3664 4898; x_wconf 88' lang='lat' dir='ltr'>de</span> 
     </span>
    </p>
   </div>
   <div class='ocr_carea' id='block_1_95' title="bbox 2096 4941 3666 5017">
    <p class='ocr_par' dir='ltr' id='par_1_95' title="bbox 2096 4941 3666 5017">
     <span class='ocr_line' id='line_1_95' title="bbox 2096 4941 3666 5017; baseline -0.008 -18"><span class='ocrx_word' id='word_1_657' title='bbox 2096 4945 2374 5015; x_wconf 88' lang='lat' dir='ltr'>sapientia</span> <span class='ocrx_word' id='word_1_658' title='bbox 2393 4946 2646 5016; x_wconf 92' lang='lat' dir='ltr'>loquens,</span> <span class='ocrx_word' id='word_1_659' title='bbox 2669 4946 2807 5001; x_wconf 79' lang='lat' dir='ltr'>Cum</span> <span class='ocrx_word' id='word_1_660' title='bbox 2836 4962 2976 5012; x_wconf 86' lang='lat' dir='ltr'>una,</span> <span class='ocrx_word' id='word_1_661' title='bbox 3007 4945 3210 5017; x_wconf 89' lang='lat' dir='ltr'>inquit,</span> <span class='ocrx_word' id='word_1_662' title='bbox 3245 4947 3338 5010; x_wconf 79' lang='lat' dir='ltr'>sit,</span> <span class='ocrx_word' id='word_1_663' title='bbox 3385 4941 3564 4997; x_wconf 86' lang='lat' dir='ltr'>omnia</span> <span class='ocrx_word' id='word_1_664' title='bbox 3586 4950 3666 5004; x_wconf 81' lang='lat' dir='ltr'>po-</span> 
     </span>
    </p>
   </div>
   <div class='ocr_carea' id='block_1_96' title="bbox 2099 5033 3661 5106">
    <p class='ocr_par' dir='ltr' id='par_1_96' title="bbox 2099 5033 3661 5106">
     <span class='ocr_line' id='line_1_96' title="bbox 2099 5033 3661 5106; baseline -0.006 -18"><span class='ocrx_word' id='word_1_665' title='bbox 2099 5040 2209 5088; x_wconf 88' lang='lat' dir='ltr'>test.</span> <span class='ocrx_word' id='word_1_666' title='bbox 2221 5035 2289 5088; x_wconf 91' lang='lat' dir='ltr'>Et</span> <span class='ocrx_word' id='word_1_667' title='bbox 2303 5050 2474 5088; x_wconf 91' lang='lat' dir='ltr'>unam</span> <span class='ocrx_word' id='word_1_668' title='bbox 2492 5051 2550 5089; x_wconf 91' lang='lat' dir='ltr'>se</span> <span class='ocrx_word' id='word_1_669' title='bbox 2564 5035 2847 5089; x_wconf 92' lang='lat' dir='ltr'>aDomino</span> <span class='ocrx_word' id='word_1_670' title='bbox 2859 5039 3052 5106; x_wconf 87' lang='lat' dir='ltr'>petere</span> <span class='ocrx_word' id='word_1_671' title='bbox 3071 5033 3371 5088; x_wconf 87' lang='lat' dir='ltr'>Psalmista</span> <span class='ocrx_word' id='word_1_672' title='bbox 3397 5033 3622 5084; x_wconf 88' lang='lat' dir='ltr'>testatur</span> <span class='ocrx_word' id='word_1_673' title='bbox 3650 5039 3661 5073; x_wconf 88' lang='lat'><strong>:</strong></span> 
     </span>
    </p>
   </div>
   <div class='ocr_carea' id='block_1_97' title="bbox 2095 5121 3666 5194">
    <p class='ocr_par' dir='ltr' id='par_1_97' title="bbox 2095 5121 3666 5194">
     <span class='ocr_line' id='line_1_97' title="bbox 2095 5121 3666 5194; baseline -0.004 -16"><span class='ocrx_word' id='word_1_674' title='bbox 2095 5128 2153 5178; x_wconf 93' lang='lat' dir='ltr'>et</span> <span class='ocrx_word' id='word_1_675' title='bbox 2179 5139 2310 5178; x_wconf 89' lang='lat' dir='ltr'>arca</span> <span class='ocrx_word' id='word_1_676' title='bbox 2339 5140 2462 5194; x_wconf 77' lang='lat' dir='ltr'>quae</span> <span class='ocrx_word' id='word_1_677' title='bbox 2484 5139 2519 5177; x_wconf 90' lang='lat' dir='ltr'>a</span> <span class='ocrx_word' id='word_1_678' title='bbox 2545 5125 2664 5178; x_wconf 90' lang='lat' dir='ltr'>Noe</span> <span class='ocrx_word' id='word_1_679' title='bbox 2691 5129 3014 5178; x_wconf 88' lang='lat' dir='ltr'>constructa</span> <span class='ocrx_word' id='word_1_680' title='bbox 3033 5127 3137 5189; x_wconf 89' lang='lat' dir='ltr'>est,</span> <span class='ocrx_word' id='word_1_681' title='bbox 3159 5121 3255 5177; x_wconf 90' lang='lat' dir='ltr'>ubi</span> <span class='ocrx_word' id='word_1_682' title='bbox 3291 5132 3558 5175; x_wconf 67' lang='lat' dir='ltr'>mensura:</span> <span class='ocrx_word' id='word_1_683' title='bbox 3579 5128 3666 5166; x_wconf 66' lang='lat' dir='ltr'>ca?-</span> 
     </span>
    </p>
   </div>
   <div class='ocr_carea' id='block_1_98' title="bbox 2094 5207 3663 5278">
    <p class='ocr_par' dir='ltr' id='par_1_98' title="bbox 2094 5207 3663 5278">
     <span class='ocr_line' id='line_1_98' title="bbox 2094 5207 3663 5278; baseline -0.006 -11"><span class='ocrx_word' id='word_1_684' title='bbox 2094 5213 2230 5268; x_wconf 91' lang='lat' dir='ltr'>litus</span> <span class='ocrx_word' id='word_1_685' title='bbox 2254 5213 2482 5278; x_wconf 90' lang='lat' dir='ltr'>dantur,</span> <span class='ocrx_word' id='word_1_686' title='bbox 2501 5212 2561 5267; x_wconf 91' lang='lat' dir='ltr'>in</span> <span class='ocrx_word' id='word_1_687' title='bbox 2583 5212 2941 5268; x_wconf 82' lang='lat' dir='ltr'>interioribus</span> <span class='ocrx_word' id='word_1_688' title='bbox 2966 5217 3350 5268; x_wconf 87' lang='lat' dir='ltr'>trecentorum</span> <span class='ocrx_word' id='word_1_689' title='bbox 3373 5207 3663 5264; x_wconf 88' lang='lat' dir='ltr'>cubitorum</span> 
     </span>
    </p>
   </div>
   <div class='ocr_carea' id='block_1_99' title="bbox 2095 5293 3663 5374">
    <p class='ocr_par' dir='ltr' id='par_1_99' title="bbox 2095 5293 3663 5374">
     <span class='ocr_line' id='line_1_99' title="bbox 2095 5293 3663 5374; baseline -0.009 -18"><span class='ocrx_word' id='word_1_690' title='bbox 2095 5302 2525 5374; x_wconf 85' lang='lat' dir='ltr'>longitudinem,</span> <span class='ocrx_word' id='word_1_691' title='bbox 2539 5308 2597 5356; x_wconf 91' lang='lat' dir='ltr'>et</span> <span class='ocrx_word' id='word_1_692' title='bbox 2621 5302 3033 5374; x_wconf 85' lang='lat' dir='ltr'>quinquaginta</span> <span class='ocrx_word' id='word_1_693' title='bbox 3047 5300 3403 5356; x_wconf 87' lang='lat' dir='ltr'>latitudinem</span> <span class='ocrx_word' id='word_1_694' title='bbox 3424 5293 3663 5351; x_wconf 83' lang='lat' dir='ltr'>habuisse</span> 
     </span>
    </p>
   </div>
   <div class='ocr_carea' id='block_1_100' title="bbox 2095 5379 3664 5463">
    <p class='ocr_par' dir='ltr' id='par_1_100' title="bbox 2095 5379 3664 5463">
     <span class='ocr_line' id='line_1_100' title="bbox 2095 5379 3664 5463; baseline -0.006 -15"><span class='ocrx_word' id='word_1_695' title='bbox 2095 5392 2432 5448; x_wconf 88' lang='lat' dir='ltr'>describitur</span> <span class='ocrx_word' id='word_1_696' title='bbox 2454 5411 2466 5447; x_wconf 93' lang='lat'>:</span> <span class='ocrx_word' id='word_1_697' title='bbox 2500 5409 2623 5463; x_wconf 82' lang='lat' dir='ltr'>quae</span> <span class='ocrx_word' id='word_1_698' title='bbox 2643 5398 2834 5448; x_wconf 87' lang='lat' dir='ltr'>tamen</span> <span class='ocrx_word' id='word_1_699' title='bbox 2854 5391 2925 5447; x_wconf 90' lang='lat' dir='ltr'>ad</span> <span class='ocrx_word' id='word_1_700' title='bbox 2949 5390 3154 5446; x_wconf 86' lang='lat' dir='ltr'>altiora</span> <span class='ocrx_word' id='word_1_701' title='bbox 3169 5402 3507 5459; x_wconf 87' lang='lat' dir='ltr'>consurgens</span> <span class='ocrx_word' id='word_1_702' title='bbox 3528 5379 3664 5452; x_wconf 80' lang='lat' dir='ltr'>cogi-</span> 
     </span>
    </p>
   </div>
   <div class='ocr_carea' id='block_1_101' title="bbox 2093 5474 3664 5554">
    <p class='ocr_par' dir='ltr' id='par_1_101' title="bbox 2093 5474 3664 5554">
     <span class='ocr_line' id='line_1_101' title="bbox 2093 5474 3664 5554; baseline -0.005 -18"><span class='ocrx_word' id='word_1_703' title='bbox 2093 5488 2188 5536; x_wconf 87' lang='lat' dir='ltr'>tur</span> <span class='ocrx_word' id='word_1_704' title='bbox 2213 5482 2271 5542; x_wconf 84' lang='lat' dir='ltr'>in</span> <span class='ocrx_word' id='word_1_705' title='bbox 2301 5488 2624 5554; x_wconf 89' lang='lat' dir='ltr'>angustum,</span> <span class='ocrx_word' id='word_1_706' title='bbox 2653 5482 2736 5536; x_wconf 87' lang='lat' dir='ltr'>ita</span> <span class='ocrx_word' id='word_1_707' title='bbox 2754 5488 2820 5537; x_wconf 93' lang='lat' dir='ltr'>ut</span> <span class='ocrx_word' id='word_1_708' title='bbox 2847 5479 3144 5538; x_wconf 84' lang='lat' dir='ltr'>summitas</span> <span class='ocrx_word' id='word_1_709' title='bbox 3171 5479 3291 5550; x_wconf 88' lang='lat' dir='ltr'>ejus</span> <span class='ocrx_word' id='word_1_710' title='bbox 3319 5477 3382 5534; x_wconf 85' lang='lat' dir='ltr'>in</span> <span class='ocrx_word' id='word_1_711' title='bbox 3402 5474 3562 5532; x_wconf 78' lang='lat' dir='ltr'>unius</span> <span class='ocrx_word' id='word_1_712' title='bbox 3584 5483 3664 5524; x_wconf 76' lang='lat' dir='ltr'>cu-</span> 
     </span>
    </p>
   </div>
   <div class='ocr_carea' id='block_1_102' title="bbox 2093 5571 2863 5644">
    <p class='ocr_par' dir='ltr' id='par_1_102' title="bbox 2093 5571 2863 5644">
     <span class='ocr_line' id='line_1_102' title="bbox 2093 5571 2863 5644; baseline 0.005 -17"><span class='ocrx_word' id='word_1_713' title='bbox 2093 5571 2194 5627; x_wconf 88' lang='lat' dir='ltr'>biti</span> <span class='ocrx_word' id='word_1_714' title='bbox 2227 5571 2473 5644; x_wconf 80' lang='lat' dir='ltr'>spatium</span> <span class='ocrx_word' id='word_1_715' title='bbox 2499 5571 2863 5632; x_wconf 85' lang='lat' dir='ltr'>terminetur.</span> 
     </span>
    </p>
   </div>
   <div class='ocr_carea' id='block_1_103' title="bbox 423 4676 2014 4748">
    <p class='ocr_par' dir='ltr' id='par_1_103' title="bbox 423 4676 2014 4748">
     <span class='ocr_line' id='line_1_103' title="bbox 423 4676 2014 4748; baseline 0.001 -18"><span class='ocrx_word' id='word_1_716' title='bbox 423 4682 734 4748; x_wconf 79' lang='lat' dir='ltr'>spontanea</span> <span class='ocrx_word' id='word_1_717' title='bbox 764 4677 984 4746; x_wconf 89' lang='lat' dir='ltr'>largitio</span> <span class='ocrx_word' id='word_1_718' title='bbox 1014 4677 1359 4730; x_wconf 87' lang='lat' dir='ltr'>contulisset.</span> <span class='ocrx_word' id='word_1_719' title='bbox 1381 4677 1626 4741; x_wconf 89' lang='lat' dir='ltr'>Credidi,</span> <span class='ocrx_word' id='word_1_720' title='bbox 1647 4676 1842 4743; x_wconf 87' lang='lat' dir='ltr'>fateor,</span> <span class='ocrx_word' id='word_1_721' title='bbox 1891 4694 2014 4748; x_wconf 89' lang='lat' dir='ltr'>pro-</span> 
     </span>
    </p>
   </div>
   <div class='ocr_carea' id='block_1_104' title="bbox 422 4765 2013 4834">
    <p class='ocr_par' dir='ltr' id='par_1_104' title="bbox 422 4765 2013 4834">
     <span class='ocr_line' id='line_1_104' title="bbox 422 4765 2013 4834; baseline 0.001 -15"><span class='ocrx_word' id='word_1_722' title='bbox 422 4765 782 4819; x_wconf 88' lang='lat' dir='ltr'>missionibus</span> <span class='ocrx_word' id='word_1_723' title='bbox 803 4766 943 4834; x_wconf 86' lang='lat' dir='ltr'>ejus,</span> <span class='ocrx_word' id='word_1_724' title='bbox 963 4782 1073 4819; x_wconf 91' lang='lat' dir='ltr'>non</span> <span class='ocrx_word' id='word_1_725' title='bbox 1105 4765 1241 4819; x_wconf 89' lang='lat' dir='ltr'>levis</span> <span class='ocrx_word' id='word_1_726' title='bbox 1271 4765 1456 4819; x_wconf 88' lang='lat' dir='ltr'>meriti</span> <span class='ocrx_word' id='word_1_727' title='bbox 1488 4765 1797 4820; x_wconf 69' lang='lat' dir='ltr'>minimzeve</span> <span class='ocrx_word' id='word_1_728' title='bbox 1821 4783 2013 4820; x_wconf 91' lang='lat' dir='ltr'>remu-</span> 
     </span>
    </p>
   </div>
   <div class='ocr_carea' id='block_1_105' title="bbox 421 4853 2016 4926">
    <p class='ocr_par' dir='ltr' id='par_1_105' title="bbox 421 4853 2016 4926">
     <span class='ocr_line' id='line_1_105' title="bbox 421 4853 2016 4926; baseline 0.001 -18"><span class='ocrx_word' id='word_1_729' title='bbox 421 4855 732 4908; x_wconf 88' lang='lat' dir='ltr'>nerationis</span> <span class='ocrx_word' id='word_1_730' title='bbox 747 4853 1028 4908; x_wconf 88' lang='lat' dir='ltr'>arbitrans</span> <span class='ocrx_word' id='word_1_731' title='bbox 1046 4854 1182 4916; x_wconf 85' lang='lat' dir='ltr'>fore,</span> <span class='ocrx_word' id='word_1_732' title='bbox 1203 4854 1250 4908; x_wconf 89' lang='lat' dir='ltr'>si</span> <span class='ocrx_word' id='word_1_733' title='bbox 1281 4871 1382 4926; x_wconf 91' lang='lat' dir='ltr'>per</span> <span class='ocrx_word' id='word_1_734' title='bbox 1407 4872 1496 4909; x_wconf 90' lang='lat' dir='ltr'>me</span> <span class='ocrx_word' id='word_1_735' title='bbox 1513 4861 1703 4926; x_wconf 88' lang='lat' dir='ltr'>posset</span> <span class='ocrx_word' id='word_1_736' title='bbox 1718 4855 1866 4909; x_wconf 91' lang='lat' dir='ltr'>illius</span> <span class='ocrx_word' id='word_1_737' title='bbox 1896 4863 2016 4909; x_wconf 86' lang='lat' dir='ltr'>tru-</span> 
     </span>
    </p>
   </div>
   <div class='ocr_carea' id='block_1_106' title="bbox 421 4942 2014 5016">
    <p class='ocr_par' dir='ltr' id='par_1_106' title="bbox 421 4942 2014 5016">
     <span class='ocr_line' id='line_1_106' title="bbox 421 4942 2014 5016; baseline 0.002 -20"><span class='ocrx_word' id='word_1_738' title='bbox 421 4942 667 4997; x_wconf 89' lang='lat' dir='ltr'>culentia</span> <span class='ocrx_word' id='word_1_739' title='bbox 682 4943 1004 5014; x_wconf 88' lang='lat' dir='ltr'>temperari.</span> <span class='ocrx_word' id='word_1_740' title='bbox 1023 4944 1098 4996; x_wconf 82' lang='lat' dir='ltr'>At</span> <span class='ocrx_word' id='word_1_741' title='bbox 1109 4943 1202 4997; x_wconf 88' lang='lat' dir='ltr'>ille</span> <span class='ocrx_word' id='word_1_742' title='bbox 1223 4944 1620 5014; x_wconf 89' lang='lat' dir='ltr'>rapacissimus</span> <span class='ocrx_word' id='word_1_743' title='bbox 1635 4945 1800 5016; x_wconf 88' lang='lat' dir='ltr'>lupus</span> <span class='ocrx_word' id='word_1_744' title='bbox 1811 4945 2014 4999; x_wconf 87' lang='lat' dir='ltr'>callide</span> 
     </span>
    </p>
   </div>
   <div class='ocr_carea' id='block_1_107' title="bbox 419 5031 2014 5102">
    <p class='ocr_par' dir='ltr' id='par_1_107' title="bbox 419 5031 2014 5102">
     <span class='ocr_line' id='line_1_107' title="bbox 419 5031 2014 5102; baseline 0.001 -17"><span class='ocrx_word' id='word_1_745' title='bbox 419 5031 758 5086; x_wconf 89' lang='lat' dir='ltr'>blandiendo</span> <span class='ocrx_word' id='word_1_746' title='bbox 787 5037 846 5086; x_wconf 92' lang='lat' dir='ltr'>et</span> <span class='ocrx_word' id='word_1_747' title='bbox 873 5032 1010 5085; x_wconf 82' lang='lat' dir='ltr'>falsa</span> <span class='ocrx_word' id='word_1_748' title='bbox 1048 5031 1379 5102; x_wconf 88' lang='lat' dir='ltr'>pollicendo,</span> <span class='ocrx_word' id='word_1_749' title='bbox 1415 5033 1643 5088; x_wconf 89' lang='lat' dir='ltr'>omnino</span> <span class='ocrx_word' id='word_1_750' title='bbox 1675 5033 2014 5089; x_wconf 90' lang='lat' dir='ltr'>moliebatur</span> 
     </span>
    </p>
   </div>
   <div class='ocr_carea' id='block_1_108' title="bbox 419 5119 2013 5192">
    <p class='ocr_par' dir='ltr' id='par_1_108' title="bbox 419 5119 2013 5192">
     <span class='ocr_line' id='line_1_108' title="bbox 419 5119 2013 5192; baseline 0.001 -18"><span class='ocrx_word' id='word_1_751' title='bbox 419 5119 716 5175; x_wconf 81' lang='lat' dir='ltr'>abbatiolae</span> <span class='ocrx_word' id='word_1_752' title='bbox 740 5125 967 5187; x_wconf 67' lang='lat' dir='ltr'>nostrae,</span> <span class='ocrx_word' id='word_1_753' title='bbox 998 5137 1121 5192; x_wconf 85' lang='lat' dir='ltr'>quae</span> <span class='ocrx_word' id='word_1_754' title='bbox 1150 5138 1252 5192; x_wconf 90' lang='lat' dir='ltr'>pro</span> <span class='ocrx_word' id='word_1_755' title='bbox 1282 5121 1510 5176; x_wconf 90' lang='lat' dir='ltr'>modulo</span> <span class='ocrx_word' id='word_1_756' title='bbox 1554 5139 1656 5177; x_wconf 89' lang='lat' dir='ltr'>suo</span> <span class='ocrx_word' id='word_1_757' title='bbox 1696 5123 1834 5178; x_wconf 91' lang='lat' dir='ltr'>satis</span> <span class='ocrx_word' id='word_1_758' title='bbox 1861 5122 2013 5177; x_wconf 90' lang='lat' dir='ltr'>ordi-</span> 
     </span>
    </p>
   </div>
   <div class='ocr_carea' id='block_1_109' title="bbox 418 5210 2009 5284">
    <p class='ocr_par' dir='ltr' id='par_1_109' title="bbox 418 5210 2009 5284">
     <span class='ocr_line' id='line_1_109' title="bbox 418 5210 2009 5284; baseline 0.002 -20"><span class='ocrx_word' id='word_1_759' title='bbox 418 5216 554 5265; x_wconf 87' lang='lat' dir='ltr'>nata</span> <span class='ocrx_word' id='word_1_760' title='bbox 577 5210 827 5282; x_wconf 91' lang='lat' dir='ltr'>satisque</span> <span class='ocrx_word' id='word_1_761' title='bbox 846 5210 1154 5282; x_wconf 89' lang='lat' dir='ltr'>composita</span> <span class='ocrx_word' id='word_1_762' title='bbox 1174 5210 1490 5282; x_wconf 84' lang='lat' dir='ltr'>videbatur,</span> <span class='ocrx_word' id='word_1_763' title='bbox 1505 5211 1733 5266; x_wconf 90' lang='lat' dir='ltr'>dentem</span> <span class='ocrx_word' id='word_1_764' title='bbox 1753 5211 2009 5284; x_wconf 83' lang='lat' dir='ltr'>inﬁgere;</span> 
     </span>
    </p>
   </div>
   <div class='ocr_carea' id='block_1_110' title="bbox 418 5300 2014 5372">
    <p class='ocr_par' dir='ltr' id='par_1_110' title="bbox 418 5300 2014 5372">
     <span class='ocr_line' id='line_1_110' title="bbox 418 5300 2014 5372; baseline 0.002 -18"><span class='ocrx_word' id='word_1_765' title='bbox 418 5304 477 5354; x_wconf 91' lang='lat' dir='ltr'>et</span> <span class='ocrx_word' id='word_1_766' title='bbox 503 5317 624 5371; x_wconf 73' lang='lat' dir='ltr'>quae</span> <span class='ocrx_word' id='word_1_767' title='bbox 654 5300 977 5371; x_wconf 87' lang='lat' dir='ltr'>pestilentia</span> <span class='ocrx_word' id='word_1_768' title='bbox 1000 5316 1104 5354; x_wconf 90' lang='lat' dir='ltr'>sua</span> <span class='ocrx_word' id='word_1_769' title='bbox 1131 5301 1484 5372; x_wconf 89' lang='lat' dir='ltr'>protriverat,</span> <span class='ocrx_word' id='word_1_770' title='bbox 1535 5301 1594 5356; x_wconf 93' lang='lat' dir='ltr'>in</span> <span class='ocrx_word' id='word_1_771' title='bbox 1633 5301 1861 5356; x_wconf 76' lang='lat' dir='ltr'>malitiae</span> <span class='ocrx_word' id='word_1_772' title='bbox 1899 5319 2014 5357; x_wconf 81' lang='lat' dir='ltr'>suae</span> 
     </span>
    </p>
   </div>
   <div class='ocr_carea' id='block_1_111' title="bbox 417 5389 2013 5462">
    <p class='ocr_par' dir='ltr' id='par_1_111' title="bbox 417 5389 2013 5462">
     <span class='ocr_line' id='line_1_111' title="bbox 417 5389 2013 5462; baseline 0.004 -22"><span class='ocrx_word' id='word_1_773' title='bbox 417 5394 670 5444; x_wconf 83' lang='lat' dir='ltr'>ventrem</span> <span class='ocrx_word' id='word_1_774' title='bbox 701 5406 925 5460; x_wconf 91' lang='lat' dir='ltr'>quoquo</span> <span class='ocrx_word' id='word_1_775' title='bbox 962 5389 1128 5444; x_wconf 90' lang='lat' dir='ltr'>modo</span> <span class='ocrx_word' id='word_1_776' title='bbox 1157 5389 1342 5444; x_wconf 90' lang='lat' dir='ltr'>aliena</span> <span class='ocrx_word' id='word_1_777' title='bbox 1360 5390 1838 5454; x_wconf 87' lang='lat' dir='ltr'>consciscere.Qui</span> <span class='ocrx_word' id='word_1_778' title='bbox 1864 5397 2013 5462; x_wconf 84' lang='lat' dir='ltr'>post-</span> 
     </span>
    </p>
   </div>
   <div class='ocr_carea' id='block_1_112' title="bbox 415 5477 2008 5552">
    <p class='ocr_par' dir='ltr' id='par_1_112' title="bbox 415 5477 2008 5552">
     <span class='ocr_line' id='line_1_112' title="bbox 415 5477 2008 5552; baseline 0.002 -21"><span class='ocrx_word' id='word_1_779' title='bbox 415 5493 586 5547; x_wconf 90' lang='lat' dir='ltr'>quam</span> <span class='ocrx_word' id='word_1_780' title='bbox 610 5495 668 5532; x_wconf 87' lang='lat' dir='ltr'>se</span> <span class='ocrx_word' id='word_1_781' title='bbox 698 5477 837 5532; x_wconf 91' lang='lat' dir='ltr'>vidit</span> <span class='ocrx_word' id='word_1_782' title='bbox 856 5478 1071 5532; x_wconf 80' lang='lat' dir='ltr'>frustra</span> <span class='ocrx_word' id='word_1_783' title='bbox 1087 5477 1192 5531; x_wconf 90' lang='lat' dir='ltr'>niti</span> <span class='ocrx_word' id='word_1_784' title='bbox 1213 5484 1479 5550; x_wconf 89' lang='lat' dir='ltr'>artesque</span> <span class='ocrx_word' id='word_1_785' title='bbox 1508 5479 1782 5552; x_wconf 59' lang='lat' dir='ltr'>suasfﬁsibi</span> <span class='ocrx_word' id='word_1_786' title='bbox 1810 5495 2008 5552; x_wconf 84' lang='lat' dir='ltr'>parum</span> 
     </span>
    </p>
   </div>
   <div class='ocr_carea' id='block_1_113' title="bbox 411 5565 2010 5642">
    <p class='ocr_par' dir='ltr' id='par_1_113' title="bbox 411 5565 2010 5642">
     <span class='ocr_line' id='line_1_113' title="bbox 411 5565 2010 5642; baseline 0.004 -23"><span class='ocrx_word' id='word_1_787' title='bbox 411 5566 732 5636; x_wconf 81' lang='lat' dir='ltr'>procedere,</span> <span class='ocrx_word' id='word_1_788' title='bbox 753 5567 812 5622; x_wconf 91' lang='lat' dir='ltr'>in</span> <span class='ocrx_word' id='word_1_789' title='bbox 841 5574 1094 5640; x_wconf 86' lang='lat' dir='ltr'>apertam</span> <span class='ocrx_word' id='word_1_790' title='bbox 1109 5565 1388 5624; x_wconf 88' lang='lat' dir='ltr'>insaniam</span> <span class='ocrx_word' id='word_1_791' title='bbox 1416 5568 2010 5642; x_wconf 87' lang='lat' dir='ltr'>solitumquefurorem</span> 
     </span>
    </p>
   </div>
  </div>
