3872 6168
231 234 325 297 881

1657 257 2045 320 EPISTOLE.

3381 264 3490 326 882

296 373 462 432 Vides
485 393 621 450 ergo
648 382 930 452 quomodo
956 384 1218 442 universa
1239 388 1571 460 redigantur
1593 391 1663 446 ad
1696 408 1810 448 mo.
1825 386 1972 446 Asic
1998 387 2364 459 impatientia
2392 391 2542 446 virus
2564 392 3010 464 longanimitatis
3043 395 3295 450 antidoto
3336 398 3484 448 tem-

227 464 419 521 nadem
443 487 456 521 :
479 485 644 540 quam
664 471 760 542 qui
785 471 842 528 in
866 477 1126 544 prasenti
1154 481 1399 547 potuerit
1418 480 1810 552 obtinere,jam

227 555 458 623 profecto
509 557 645 614 illud
695 561 755 616 in
807 562 911 617 hac
950 566 1292 621 mortalitate
1321 571 1703 640 consequitur,
1738 571 1808 625 ad

229 645 363 714 quod
395 647 452 700 in
480 646 580 703 illa
603 653 1015 709 resurrectione
1040 657 1325 711 communi
1345 659 1527 714 omnis
1549 665 1808 715 creatura

223 734 505 792 rationalis
515 743 711 794 sancta
733 745 791 795 et
805 744 1018 798 munda
1032 744 1290 800 devenire
1319 747 1804 815 contendit.Tunc,

225 830 278 879 ut
306 825 501 882 divina
550 828 754 886 littera
779 832 1132 903 pollicentur,
1176 835 1286 890 erit
1333 837 1486 892 Deus
1523 839 1714 892 omnia
1749 838 1808 893 in

225 914 488 981 omnibus,
521 933 652 972 cum
674 920 975 976 tradiderit
1001 923 1175 978 Filius
1209 941 1449 995 regnum
1480 925 1591 980 Deo
1621 933 1678 982 et
1707 928 1810 982 Pa-

223 1003 306 1070 tri,
335 1004 392 1058 id
438 1011 525 1060 est
567 1023 695 1063 cum
727 1009 942 1076 fideles,
988 1012 1048 1066 in
1088 1013 1290 1084 quibus
1321 1031 1471 1069 nunc
1493 1023 1694 1086 regnat
1713 1016 1808 1072 ille

223 1108 313 1163 per
330 1092 519 1162 ﬁdem,
563 1096 636 1151 ad
673 1100 1204 1171 contemplationem
1239 1103 1337 1157 Dei
1366 1109 1423 1157 et
1447 1104 1631 1158 Patris
1656 1111 1810 1177 opta-

222 1179 394 1237 biliter
419 1183 768 1257 feliciterque
791 1188 1135 1259 perduxerit.
1166 1191 1311 1245 Huic
1335 1193 1806 1250 excellentissima

222 1270 403 1326 visioni
442 1273 668 1344 Moyses
696 1275 790 1330 ille
815 1277 1124 1348 legislator,
1153 1287 1209 1334 et
1224 1281 1649 1338 ardentissimus
1673 1284 1808 1338 divi-

223 1361 400 1416 nitatis
430 1369 673 1431 amator,
706 1365 948 1422 liberum
977 1368 1238 1439 cupiebat
1265 1360 1531 1426 adhibere
1569 1389 1805 1444 conspe-

222 1455 380 1515 ctum,
410 1453 639 1523 quando
687 1471 816 1510 cum
862 1457 1101 1512 Domino
1147 1458 1402 1530 loquens.
1436 1466 1510 1515 ut
1528 1466 1585 1516 et
1607 1469 1809 1517 semet-

222 1539 386 1610 ipsum
418 1542 753 1612 dignaretur
799 1547 1115 1613 ostendere,
1160 1548 1513 1604 devotissime
1540 1551 1807 1622 precaba-

221 1634 321 1683 tur.
351 1630 600 1687 Noverat
627 1634 777 1688 enim
808 1635 893 1689 vir
912 1636 1007 1689 ille
1045 1636 1316 1692 mirabilis
1337 1656 1615 1694 summam
1637 1640 1809 1695 beati-

1891 493 2109 547 perare,
2144 485 2208 533 ut
2229 487 2285 533 et
2313 481 2878 551 patientermalorum
2901 485 3321 557 improbitatem
3338 483 3488 537 fera-

1891 581 2036 626 mus,
2072 583 2175 620 nec
2217 583 2467 639 unquam
2500 571 2672 627 bonos
2701 581 2932 646 pr0pter
2959 575 3230 646 pessimos
3250 573 3488 628 desera-

1890 670 2034 709 mus.

1961 744 2067 798 Hic
2093 749 2158 799 tu
2178 762 2267 800 me
2296 747 2529 802 forsitan
2562 765 2891 820 argues,cur
2917 753 3036 824 ipse
3066 752 3218 806 Beati
3247 748 3489 820 Remigii

1892 831 2174 888 abbatiam
2203 840 2318 888 tam
2343 837 2452 890 cito
2484 837 2756 911 facileque
2778 841 3134 912 reliquerim;
3157 857 3282 894 cum
3305 839 3363 893 in
3386 838 3485 892 illo

1889 922 2122 992 collegio
2174 923 2419 979 dubitari
2460 943 2574 982 non
2622 930 2802 1000 possit
2831 930 3101 1001 quosdam
3130 929 3277 984 viros
3309 929 3487 982 hone-

1890 1011 2168 1066 stissimos
2187 1013 2445 1082 inveniri,
2469 1032 2535 1070 ex
2555 1033 2792 1087 quorum
2815 1017 3338 1073 benevolentissima
3360 1017 3490 1071 cha-

1891 1100 2058 1155 ritate
2086 1102 2260 1156 ceteri
2288 1103 2606 1161 debuerunt
2636 1107 2954 1162 tolerabiles
2976 1107 3237 1179 judicari.
3260 1108 3484 1172 Fateor,

1890 1190 2096 1260 partim
2141 1193 2298 1261 justa
2325 1194 2441 1249 haec
2462 1199 2559 1249 tua
2584 1195 2901 1266 objurgatio
2928 1197 3230 1261 videretur,
3256 1196 3363 1250 nisi
3391 1196 3486 1249 ille

1890 1279 2158 1349 pestilens
2189 1287 2421 1338 truncus
2464 1285 2723 1349 ﬁculnus,
2758 1287 2959 1340 inutile
3003 1287 3238 1357 lignum,
3272 1291 3485 1338 terram

1887 1367 2042 1422 illam
2058 1369 2454 1427 miserabiliter
2465 1375 2919 1445 occupasset,sub
2936 1376 3095 1445 cujus
3114 1373 3316 1428 umbra
3333 1373 3490 1426 nulla

1891 1458 2119 1528 quidem
2149 1459 2296 1515 bona
2325 1469 2560 1532 possunt
2597 1451 2815 1518 semina
2842 1466 3065 1531 exoriri,
3094 1464 3192 1519 sed
3221 1470 3279 1517 et
3302 1462 3349 1517 si
3379 1479 3492 1534 qua

1891 1553 2084 1601 exorta
2111 1549 2354 1616 fuerant,
2399 1558 2720 1608 enecantur.
2767 1555 2853 1608 Ita
2891 1554 3042 1608 enim
3089 1554 3188 1607 illa
3218 1557 3492 1606 venenata

1891 1642 1948 1690 et
1976 1639 2332 1694 amarissima
2373 1641 2541 1695 arbor
2566 1642 2866 1696 tenebrosa
2894 1649 2978 1696 est
3005 1647 3063 1696 et
3090 1643 3392 1707 condensa,
3426 1646 3492 1695 ut

220 1719 456 1774 tudinem
497 1722 616 1776 fore
658 1739 849 1778 rerum
887 1725 1138 1780 omnium
1169 1728 1503 1800 principium
1533 1731 1804 1798 contueri,
1831 1708 2222 1798 Bquocunque
2262 1728 2492 1784 brachia
2532 1736 2787 1786 tortuosa
2833 1731 3262 1801 mortiferosque
3299 1745 3489 1784 ramos

220 1812 268 1859 et
312 1808 461 1862 illam
515 1812 811 1866 monadem
859 1814 1064 1868 mentis
1108 1817 1421 1886 complecti,
1460 1835 1494 1871 a
1532 1835 1642 1889 qua
1679 1821 1807 1874 uni-

217 1912 359 1954 versa
408 1906 650 1955 sumunt
709 1901 1006 1973 originem,
1041 1909 1097 1958 et
1127 1904 1186 1959 in
1217 1922 1330 1976 qua
1358 1906 1569 1962 habent
1615 1910 1807 1964 omnia

218 1987 388 2046 ﬁnem.

277 2079 458 2135 Claret
487 2080 664 2152 igitur
682 2089 905 2154 quanta
929 2083 1155 2140 virtutis
1183 2091 1516 2158 quantaque
1536 2094 1802 2159 prastan-

219 2168 297 2222 tia
322 2169 409 2236 sit,
446 2171 606 2225 omni
633 2173 886 2228 saculari
914 2191 1012 2244 spe
1040 2175 1350 2246 mundique
1369 2176 1637 2232 felicitate
1665 2179 1802 2248 reje-

218 2263 314 2324 cta,
343 2257 484 2313 illud
525 2260 755 2316 unicum
801 2261 1013 2318 bonum
1059 2271 1345 2335 appetere,
1385 2265 1457 2319 ad
1482 2267 1630 2336 quod
1658 2268 1804 2322 tanti

216 2345 307 2400 viri
329 2349 654 2419 suspirabat
684 2351 943 2406 intentio.
991 2353 1151 2408 Unde
1191 2359 1247 2408 et
1276 2354 1336 2408 in
1379 2357 1803 2425 regeneratione

216 2452 328 2491 cum
357 2439 574 2493 sederit
603 2438 781 2496 Filius
811 2441 1058 2497 hominis
1087 2443 1146 2496 in
1175 2442 1308 2497 sede
1328 2444 1639 2513 majestatis
1665 2462 1802 2514 sua,

209 2524 325 2593 jure
348 2543 382 2579 a
403 2527 646 2582 Domino
667 2528 1028 2600 judiciariam
1045 2531 1327 2602 accipient
1342 2534 1803 2605 potestatem,qui

215 2619 320 2682 eius
355 2619 676 2676 dilectionis
719 2623 931 2678 intuitu
970 2625 1161 2678 omnia
1190 2624 1558 2695 reliquerint:
1584 2627 1719 2697 quia
1747 2632 1805 2680 et

213 2707 262 2760 id
281 2724 592 2780 congruere
611 2712 880 2783 aequitati,
915 2713 1234 2785 quicunque
1280 2731 1480 2768 sanum
1511 2717 1678 2785 sapit,
1712 2717 1801 2771 in-

211 2795 414 2868 telligit,
450 2805 522 2853 ut
549 2801 645 2871 qui
685 2801 743 2856 in
781 2803 1232 2874 peregrinatione
1261 2796 1532 2859 veraciter
1559 2805 1801 2860 humiles

211 2886 536 2954 exstiterint,
556 2890 672 2945 sint
700 2890 758 2944 in
791 2892 972 2963 patria
998 2892 1248 2963 gloriosi.

268 2974 416 3030 Inter
436 2978 831 3048 hujuscemodi
859 2997 994 3050 ergo
1025 2981 1226 3035 heroas
1254 2982 1442 3036 sedem
1469 2987 1525 3037 te
1551 2984 1801 3038 eminen-

1889 1816 2223 1880 extenderit,
2257 1819 2475 1872 nullum
2500 1819 2614 1874 illic
2635 1821 2716 1875 sol
2740 1820 2976 1891 justitia
3007 1821 3312 1890 lumenque
3339 1819 3487 1872 veri-

1887 1905 2022 1960 tatis
2046 1905 2254 1960 habere
2285 1909 2462 1977 possit
2490 1925 2795 1964 accessum.
2825 1910 2959 1964 Tale
2979 1909 3155 1980 igitur
3171 1912 3488 1962 monstrum

1887 2001 1945 2048 et
1971 1995 2362 2065 hujuscemodi
2391 1997 2677 2069 aufugisse
2701 2003 3166 2070 portentum,non
3193 1997 3493 2068 impatien-

1880 2083 1975 2138 tia
2012 2090 2070 2138 et
2110 2085 2499 2142 inconstantia
2527 2087 2680 2155 vitio,
2713 2088 2812 2142 sed
2841 2104 3075 2142 summa
3103 2087 3297 2142 virtuti
3326 2102 3483 2140 sum-

1882 2189 2101 2244 maque
2131 2179 2216 2228 est
2240 2175 2551 2246 prudentia
2580 2177 2986 2248 deputandum.

2447 2266 2796 2322 EPISTULA
2823 2266 2927 2325 VI.

2508 2373 2579 2409 AD
2612 2372 2860 2411 EUMDEM.

1991 2443 2031 2496 A
2055 2446 2336 2512 proposito
2371 2446 2583 2512 fervore
2609 2443 2890 2514 deﬁcienti
2915 2447 3134 2514 exponit
3167 2459 3380 2499 arcana

2505 2535 2726 2602 judicia
2750 2535 2865 2588 Dei.

1956 2621 2139 2675 Fratri
2177 2623 2267 2691 A.,
2303 2622 2396 2675 W.
2432 2627 2709 2693 peccator,
2751 2622 2867 2675 sole
2915 2622 3129 2688 vestiri,
3181 2626 3239 2675 et
3292 2623 3486 2677 lunam

1886 2709 2094 2764 habere
2120 2710 2223 2764 sub
2252 2710 2506 2782 pedibus.

1955 2797 2234 2861 Quoniam
2266 2799 2522 2870 quisquis
2549 2815 2692 2853 vera
2711 2798 3028 2853 dilectionis
3051 2798 3379 2853 stimulatur
3407 2799 3488 2853 af-

1881 2888 2050 2954 fectu,
2100 2904 2213 2942 non
2243 2889 2430 2943 minus
2465 2889 2848 2959 proximorum
2879 2904 3046 2958 quam
3072 2887 3189 2942 suis
3218 2888 3490 2958 provecti-

1880 2977 1985 3032 bus
2023 2977 2352 3042 collatatur,
2384 2978 2889 3048 congratulatorias
2917 2975 3021 3030 tibi
3058 2977 3274 3031 litteras
3305 2993 3487 3048 nuper

208 3063 471 3120 tissimam
503 3067 843 3139 adepturum
878 3075 1032 3124 certa
1059 3086 1153 3124 me
1182 3070 1331 3140 cogit
1357 3072 1501 3126 ratio
1529 3072 1748 3143 opinari
1783 3066 2252 3128 :Ctransmisisse
2281 3083 2372 3120 me
2401 3065 2652 3133 memini,
2691 3082 2923 3136 sperans
2954 3069 3068 3120 tua:
3097 3065 3481 3120 conversionis

191 3153 330 3221 quia
357 3162 421 3209 ut
446 3156 523 3210 ad
549 3162 771 3212 tantam
797 3159 1176 3213 humilitatem
1200 3160 1700 3224 descenderes,non
1717 3167 1793 3226 te,

207 3249 261 3295 ut
287 3246 588 3315 quosdam,
619 3249 930 3303 recordatio
956 3237 1333 3321 peccatorum,
1365 3251 1464 3304 sed
1505 3251 1797 3305 laudabili-

206 3335 282 3384 ter
304 3340 428 3388 acta
448 3336 570 3389 vita
591 3337 848 3407 superior
867 3338 1174 3410 patriaque
1187 3339 1432 3393 ccelestis
1453 3339 1792 3395 desiderium

203 3416 459 3476 invitavit.
510 3423 746 3494 Semper
781 3425 957 3496 igitur
983 3426 1060 3480 sis
1088 3427 1544 3498 circumspectus,
1573 3445 1797 3500 semper

202 3507 267 3560 sis
293 3511 857 3584 providus,omnique
878 3515 1062 3569 studio
1077 3521 1308 3586 totaque
1336 3517 1648 3572 intentione
1677 3534 1797 3572 cor-

200 3596 274 3651 dis
291 3601 536 3670 enitere,
559 3607 625 3655 ut
650 3602 720 3656 de
748 3601 908 3658 bonis
930 3621 1154 3676 semper
1169 3606 1241 3659 ad
1263 3606 1474 3677 optima
1501 3613 1794 3661 transeun-

201 3685 281 3753 do,
313 3689 490 3744 tinem
517 3689 691 3745 facias
715 3694 1052 3748 concordare
1081 3695 1383 3766 principio;
1417 3712 1519 3750 nec
1550 3697 1664 3750 ulla
1689 3697 1793 3751 ho-

197 3773 285 3828 ais
305 3778 533 3848 antiqui
557 3778 936 3834 fraudulentia
962 3783 1215 3849 violetur,
1250 3783 1399 3854 quod
1446 3783 1516 3837 ab
1564 3784 1793 3855 integri-

199 3866 302 3916 tate
329 3866 583 3936 sumpsit
608 3867 916 3924 exordium.
941 3870 1068 3923 Non
1087 3871 1348 3935 aliorum,
1376 3888 1581 3942 quaso,
1597 3877 1793 3942 torpor

200 3954 347 4007 tuum
376 3953 557 4009 faciat
584 3961 776 4027 tepere
801 3957 1096 4025 fervorem,
1117 3976 1222 4013 nec
1239 3976 1432 4014 eorum
1463 3961 1715 4031 exempla
1733 3967 1792 4015 te

196 4042 660 4113 negligentiorem
701 4047 964 4111 efﬁciant,
1013 4049 1108 4119 qui
1172 4050 1531 4120 pratendunt
1594 4049 1790 4105 habitu

196 4132 327 4198 quod
375 4135 638 4189 moribus
683 4135 1084 4208 insequuntur.
1141 4138 1302 4192 Multi
1360 4144 1567 4193 etenim
1624 4141 1784 4204 tales,

198 4221 330 4287 quod
365 4228 424 4276 te
470 4223 651 4277 latere
694 4241 806 4278 non
857 4226 1121 4286 arbitror,
1168 4227 1272 4280 sub
1312 4227 1563 4297 angelico
1593 4227 1790 4281 habitu

192 4302 544 4378 delitescunt,
579 4329 820 4383 quorum
852 4314 931 4368 sic
958 4316 1166 4369 misera
1189 4321 1274 4370 est
1296 4316 1643 4370 conversatio
1666 4323 1793 4370 tan-

1880 3155 2154 3227 principio
2200 3156 2374 3210 totius
2422 3155 2547 3210 vita
2594 3161 2848 3210 tenorem
2896 3155 3179 3225 ﬁnemque
3210 3155 3482 3226 propositi

1880 3261 2302 3314 responsurum.
2339 3246 2431 3310 At,
2463 3249 2529 3298 ut
2557 3245 2694 3298 mihi
2727 3245 2968 3298 relatum
2999 3248 3105 3303 est.
3131 3243 3296 3313 longe
3317 3243 3483 3298 aliter

1877 3350 1937 3387 se
1964 3350 2054 3387 res
2082 3332 2267 3387 habet.
2302 3338 2471 3404 teque
2491 3334 2771 3387 malorum
2793 3332 3155 3403 improbitate
3175 3332 3475 3400 devictum,

1877 3422 2163 3494 patientia
2187 3424 2448 3494 clypeum
2477 3422 2774 3492 projecisse
2801 3441 2812 3476 :
2837 3437 2948 3492 quo
2979 3421 3027 3474 si
3055 3421 3220 3476 vellet
3238 3425 3340 3475 tua
3370 3421 3481 3476 fra-

1877 3511 2113 3566 ternitas
2157 3511 2512 3575 communiri,
2545 3528 2673 3566 cum
2719 3528 2785 3565 ex
2814 3510 3187 3581 quorumdam
3215 3510 3481 3565 meliora-

1876 3600 2050 3665 tione,
2084 3606 2202 3654 tum
2239 3617 2303 3654 ex
2323 3600 2625 3654 tolerantia
2641 3599 3011 3670 pessimorum
3042 3615 3156 3652 non
3177 3599 3477 3654 minimum

1875 3688 1977 3742 tibi
2005 3690 2220 3743 lucrum
2243 3690 2465 3743 virtutis
2491 3693 2854 3744 accresceret.

1945 3778 2149 3848 Agitur
2185 3779 2336 3832 enim
2378 3779 2543 3832 modo
2585 3777 3184 3846 ineil‘abiliordineque
3209 3771 3471 3838 mirabili,

1874 3872 1938 3920 ut
1981 3883 2206 3938 semper
2257 3869 2563 3921 electorum
2597 3866 2828 3921 utilitati
2874 3865 3240 3936 reproborum
3270 3861 3478 3917 serviat

1874 3955 2056 4010 omnis
2093 3956 2423 4028 improbitas
2449 3975 2461 4022 ;
2497 3973 2675 4025 eoque
2705 3954 2899 4027 purius
2925 3956 3042 4008 veri
3076 3952 3339 4010 Israelita
3367 3967 3474 4005 ca-

1877 4044 2000 4098 lesti
2030 4043 2327 4115 divinaque
2353 4044 2566 4098 lumine
2593 4044 2974 4114 perfruantur,
3001 4059 3111 4113 quo
3142 4039 3474 4112 profundius

1873 4135 1990 4187 suis
2018 4132 2265 4187 tenebris
2279 4149 2507 4204 suaque
2523 4131 2749 4201 caligini
2765 4131 3012 4201 Egyptii
3037 4131 3470 4199 immerguntur.

1872 4223 2113 4276 Mentior
2140 4223 2186 4276 si
2214 4238 2326 4276 non
2353 4222 2432 4276 ita
2461 4237 2620 4274 sacra
2640 4225 2989 4274 contestatur
3007 4217 3258 4280 historia,
3269 4234 3390 4288 qua
3414 4216 3472 4271 in

1874 4311 1972 4365 illa
1997 4311 2355 4382 percussione
2375 4309 2726 4380 Memphitica
2741 4309 2888 4379 apud
2907 4307 3197 4379 Egyptios
3217 4304 3472 4378 palpabi-

190 4401 346 4468 taque
402 4402 538 4455 vita
578 4403 931 4472 perversitas,
985 4411 1048 4459 ut
1095 4404 1254 4459 bonis
1301 4406 1470 4460 etiam
1505 4405 1788 4462 mentibus
1807 4389 1854 4446 D
1872 4401 1954 4454 les
1973 4400 2253 4465 tenebras,
2273 4400 2419 4470 apud
2444 4399 2660 4470 plebem
2684 4415 2811 4452 vero
2831 4397 3079 4451 fidelium
3101 4395 3472 4451 clarissimam

189 4487 521 4562 plerumque
565 4492 710 4546 sacri
737 4494 1007 4564 propositi
1048 4494 1454 4565 panitudinem
1502 4494 1782 4565 ingerant,

186 4577 414 4650 vitaque
435 4581 738 4636 deterioris
755 4589 1016 4637 contactu
1037 4589 1244 4639 sancta
1271 4584 1621 4654 calestisque
1644 4583 1788 4637 mili-

185 4666 266 4720 tia
311 4685 430 4722 non
490 4668 754 4724 desinant
798 4670 1094 4726 obscurare
1144 4672 1384 4726 nitorem
1417 4686 1425 4726 :
1457 4672 1554 4742 qui
1594 4688 1696 4742 per
1726 4687 1787 4725 se

182 4756 402 4824 quidem
429 4774 661 4830 semper
687 4759 1006 4831 praclarus,
1038 4777 1260 4832 semper
1294 4761 1532 4828 lucidus,
1563 4777 1789 4832 semper

184 4847 444 4916 egregius
471 4854 578 4902 est.

242 4938 316 4991 At
346 4937 498 4992 bene
526 4937 826 4993 fundatum
848 4939 1100 4994 animum
1112 4956 1202 4994 res
1216 4956 1329 4994 non
1347 4940 1455 4994 ista
1470 4939 1782 5010 perturbat,

180 5040 274 5079 nec
301 5042 439 5080 eum
464 5043 499 5080 a
520 5043 745 5082 summo
774 5043 966 5082 amore
991 5028 1314 5099 disjungere
1343 5027 1645 5098 cujuslibet
1662 5045 1784 5082 ma-

179 5113 304 5169 litia
347 5117 509 5170 valet
531 5115 882 5187 improbitas.
920 5116 1037 5171 Scit
1064 5117 1214 5170 enim
1244 5116 1304 5170 in
1330 5115 1623 5170 Dominica
1653 5133 1790 5170 area

176 5222 347 5275 grana
377 5208 536 5260 inter
559 5205 749 5277 paleas
767 5223 1012 5276 gemere,
1039 5221 1140 5260 nec
1161 5222 1282 5260 eam
1307 5211 1566 5276 oportere
1587 5205 1787 5259 divina

179 5293 546 5350 discussionis
563 5294 892 5355 ventilabro.
922 5294 1029 5348 nisi
1059 5295 1117 5348 in
1140 5296 1251 5350 ﬁne
1281 5295 1488 5361 saculi,
1523 5311 1788 5365 permun-

175 5385 286 5438 dari
309 5405 323 5438 :
343 5386 462 5439 scit
483 5384 543 5438 in
582 5384 845 5455 praesenti
876 5384 1159 5455 piscatura
1186 5383 1339 5438 verbi
1367 5400 1578 5455 sagena
1611 5382 1786 5438 bonos

176 5475 476 5548 malosque
496 5475 676 5546 pisces
692 5475 964 5536 concludi,
982 5490 1084 5528 nec
1113 5491 1208 5528 eos
1234 5491 1396 5545 posse
1421 5474 1529 5528 nisi
1555 5473 1614 5526 in
1639 5471 1790 5526 litto-

173 5579 229 5620 re
256 5565 544 5642 separari.
577 5565 671 5625 Sic
700 5581 834 5636 ergo
865 5564 1135 5637 debemus
1180 5564 1437 5635 animum
1479 5562 1784 5628 moderari,

1870 4491 2050 4544 lucem
2081 4489 2254 4544 fuisse
2281 4493 2706 4543 commemorat.
2732 4487 2823 4542 Sic
2852 4486 3116 4540 nimirum
3145 4486 3204 4539 hi
3234 4486 3345 4539 duo
3376 4502 3471 4557 po-

1869 4579 1988 4650 puli
2007 4579 2422 4640 discernuntur,
2446 4584 2512 4632 ut
2541 4578 2671 4631 licet
2697 4576 2756 4630 in
2783 4593 2898 4630 una
2927 4575 3209 4648 provincia
3237 4575 3369 4640 sint,
3403 4575 3472 4629 li-
3513 4580 3515 4582 ’

1871 4674 1960 4722 cet
1983 4668 2175 4722 eadem
2197 4672 2614 4721 commorentur
2643 4667 2702 4720 in
2722 4666 2908 4727 domo,
2936 4666 3080 4719 alter
3100 4671 3291 4719 tamen
3321 4681 3472 4719 sem-

1870 4773 1972 4828 per
2007 4757 2065 4810 in
2096 4757 2327 4818 lumine.
2375 4756 2518 4810 alter
2571 4755 2629 4809 in
2679 4754 2926 4809 tenebris
2975 4754 3318 4809 obversetur.
3356 4755 3473 4810 Nec

1872 4845 2079 4900 mirum
2101 4845 2158 4899 id
2190 4845 2434 4916 quidem.
2468 4845 2650 4899 Tanta
2681 4851 2767 4898 est
2805 4844 2954 4898 enim
3000 4844 3156 4898 illius
3197 4843 3472 4899 oblecticii

1870 4934 2124 4999 luminis,
2157 4935 2443 5005 divinique
2471 4933 2705 5004 fulgoris
2731 4934 3004 5004 potentia,
3033 4939 3098 4988 ut
3119 4933 3288 4988 corda
3317 4950 3470 5004 qua-

1871 5039 2091 5093 cunque
2110 5023 2380 5093 tetigerit,
2397 5023 2592 5077 statim
2613 5023 2899 5077 illuminet
2919 5028 2976 5076 et
3002 5023 3269 5076 accendat
3301 5041 3313 5075 :
3347 5037 3470 5090 qua

1873 5128 2004 5166 vero
2017 5128 2118 5166 suo
2133 5112 2470 5182 judicaverit
2484 5112 2716 5182 indigna
2734 5117 3013 5177 contactu,
3031 5112 3089 5165 in
3109 5127 3213 5164 sua
3229 5109 3468 5178 caligine

1870 5201 2173 5255 tenebrosa
2207 5205 2264 5255 et
2300 5201 2507 5272 frigida
2535 5205 2910 5272 perseverent.
2940 5199 3056 5253 Cur
3081 5214 3212 5251 vero
3251 5213 3317 5250 ex
3353 5212 3470 5251 una

1871 5291 2203 5363 perditionis
2230 5308 2416 5346 massa
2431 5292 2683 5346 omnium
2712 5291 3003 5344 hominum
3022 5303 3200 5359 genus
3220 5302 3468 5341 emerse-

1872 5381 1965 5446 rit,
1989 5386 2044 5435 et
2075 5380 2332 5450 originali
2355 5385 2580 5451 peccato
2608 5379 2931 5450 priusquam
2953 5380 3321 5431 renascantur
3343 5391 3469 5430 om-

1872 5487 1974 5524 nes
2003 5476 2304 5525 teneantur
2319 5469 2566 5530 obnoxii,
2599 5485 2700 5522 cur
2727 5467 2851 5521 aliis
2877 5466 3065 5536 gratia
3091 5463 3471 5520 conversionis

1871 5560 2062 5616 divina
2089 5559 2459 5631 inspiratione
2487 5561 2804 5628 praestetur,
2829 5554 2926 5608 alii
2941 5561 3133 5610 autem
3162 5556 3223 5612 in
3238 5554 3474 5627 propria
