3872 6168
420 314 532 379 883

1464 317 1867 376 GUILLELMI
1882 322 1885 327 ’
1900 316 2206 376 ΑΒΒᾹΤῙΒ
2239 321 2301 376 8.
2332 318 2671 376 ARNULFI.

3560 308 3655 372 8δί

424 442 821 498 obscuratione
868 446 1270 512 permaneant;
1313 454 1428 495 non
1485 442 1747 500 humane
1781 445 2020 502 rationis
2036 446 2083 508 Α
2102 447 2295 501 biliter
2313 447 2503 500 divina
2527 448 2615 499 est
2638 441 2996 514 predicamla
3014 440 3265 512 iustitia,
3292 451 3411 511 qm
3433 439 3512 494 sic
3533 444 3656 497 mori

424 534 709 600 examine,
733 547 836 587 nec
856 530 1114 585 mortalis
1138 529 1353 600 ingenii
1372 535 1459 586 est
1480 534 1700 588 trutina
1714 538 2029 606 ponderen-

426 620 584 675 dum.

498 708 707 762 Verum
730 724 795 761 ex
819 708 923 761 hac
943 707 1067 778 ipsa
1084 706 1257 761 divini
1280 707 1663 779 profunditate
1675 711 1876 780 judicii
1889 711 2029 766 illud

424 797 731 852 salubriter
755 797 1149 862 admonemur,
1197 812 1270 850 ne
1315 797 1478 852 facile
1517 803 1842 871 temereque
1874 802 2032 854 infir-

429 900 652 943 morum
682 888 921 942 fratrum
951 886 1235 940 consortia
1255 885 1586 943 deseramus
1609 904 1625 940 :
1649 888 1783 958 quia
1800 888 1937 959 quid
1960 888 2031 942 de

429 976 519 1032 his
538 978 715 1047 judex
741 977 836 1032 ille
855 975 1262 1031 secretissimus
1290 975 1349 1053 in
1368 977 1586 1032 occulto
1602 977 1884 1047 disponat,
1916 992 2031 1030 non

428 1070 516 1121 est
561 1066 800 1122 idoneus
841 1071 1031 1120 noster
1060 1065 1539 1135 comprehendere
1563 1066 1881 1121 intellectus
1942 1066 2034 1121 Fit

432 1156 583 1210 enim
634 1158 989 1227 plerumque,
1026 1161 1093 1210 ut
1136 1155 1194 1209 bi
1226 1154 1611 1225 quividentur
1637 1155 1878 1227 opprimi
1899 1171 2034 1226 pon-

430 1246 567 1302 dere
590 1246 945 1309 delictorum,
978 1250 1036 1299 et
1060 1244 1117 1299 in
1148 1244 1429 1314 aquilonis
1461 1245 1731 1301 lateribus
1762 1245 2030 1310 residere,

429 1334 621 1390 subito
648 1335 839 1390 divina
857 1335 1226 1406 inspiratione
1245 1336 1586 1405 compuncti,
1610 1335 1903 1405 culparum
1918 1352 2034 1389 sor-

427 1422 532 1478 des
557 1423 845 1478 excutiant
864 1429 920 1478 et
945 1424 1002 1478 in
1024 1430 1177 1478 terra
1198 1424 1435 1477 australi
1453 1441 1556 1495 per
1569 1440 1742 1494 opera
1762 1423 2032 1477 virtutum

428 1510 538 1566 sibi
564 1512 761 1567 domos
789 1514 1083 1567 aediﬁcent.

503 1600 664 1665 Quod
695 1617 823 1656 cum
842 1602 923 1655 ita
950 1602 1042 1666 sit,
1067 1601 1491 1655 immanissimas
1515 1606 1604 1656 est
1638 1601 1868 1656 omnino
1886 1601 2030 1655 into-

2109 536 2394 590 hominem
2427 539 2751 605 peccantem
2782 531 3017 597 addixit,
3045 535 3111 585 ut
3137 530 3189 584 ei
3218 528 3656 601 pmpterincerms

2108 641 2274 679 casus
2286 624 2536 696 quotidie
2548 622 2875 676 immineret
2888 640 2903 688 ;
2926 624 3157 691 propter
3164 619 3482 673 brevitatem
3496 625 3657 672 autem

2113 715 2283 784 longe
2307 730 2419 768 non
2451 717 2643 783 posset
2666 709 2884 765 abesse.
2912 708 3165 783 Providit
3188 707 3447 762 nimirum
3468 722 3661 761 summa

2110 801 2386 856 Divinitas
2417 800 2700 854 hominem
2757 812 2923 869 posse
2966 795 3367 868 cupiditatibus
3394 790 3657 860 ‘reluctari,

2112 890 2447 960 illicitasque
2469 887 2729 944 cohibere
2756 886 3006 955 laetitias,
3022 886 3075 940 si
3093 901 3270 957 paena
3292 884 3517 938 formido
3532 899 3660 938 cem-

2114 992 2214 1050 per
2232 980 2353 1048 ejus
2381 984 2513 1033 ante
2539 977 2732 1033 oculos
2748 979 3088 1031 versaretur.
3107 974 3247 1038 Quis
3273 974 3420 1028 enim
3432 973 3529 1027 sub
3541 989 3662 1028 mor-

2113 1067 2186 1122 tis
2209 1079 2365 1123 metu
2384 1067 2598 1137 positus
2617 1066 2706 1121 vel
2720 1065 3016 1121 minimam
3032 1064 3107 1118 de
3124 1060 3661 1133 rebnatemporalibus

2112 1156 2299 1227 capiat
2328 1157 2689 1227 voluptatem,
2743 1170 2908 1225 quas,
2968 1152 3102 1207 velit
3127 1152 3288 1215 nolit,
3317 1152 3433 1224 ipse
3458 1150 3532 1205 ait
3550 1152 3661 1207 neli-

2113 1250 2308 1301 cturus
2322 1246 2347 1299 ?

2183 1334 2212 1388 J
2218 1350 2310 1388 am
2330 1349 2465 1403 ergo
2492 1333 2680 1388 videre
2702 1330 2969 1403 perfacile
2988 1335 3093 1395 est,
3114 1330 3341 1402 quantis
3355 1329 3431 1383 illi
3456 1329 3661 1384 dedendi

2110 1422 2567 1478 sintﬂuminibus
2593 1422 2994 1492 lacrymarum,
3026 1421 3125 1491 qui
3144 1418 3455 1473 medicinali
3475 1418 3661 1471 Domini

2111 1511 2413 1567 severitate
2441 1516 2782 1583 contempta,
2806 1511 2889 1565 ita
2902 1510 3076 1564 semel
3088 1527 3149 1564 se
3165 1508 3476 1580 iniquitatis
3492 1507 3661 1562 dedere

2112 1600 2411 1670 profundo.
2432 1605 2497 1654 ut
2516 1615 2774 1654 revocare
2792 1598 3031 1668 gradum
3056 1612 3399 1668 superasque
3408 1610 3659 1665 emergere

429 1689 790 1760 lerabilisque
818 1690 1095 1761 superbiae
1124 1691 1332 1744 interni
1357 1697 1411 1745 et
1442 1691 1639 1745 aeterni
1662 1690 1869 1760 judicis
1889 1690 2029 1744 velle
2102 1689 2178 1743 ad
2216 1705 2385 1744 auras
2414 1705 2518 1745 nec
2547 1688 2791 1754 valeant,
2820 1703 2925 1742 nec
2951 1687 3126 1741 velint
3154 1685 3406 1740 ulterius.
3446 1684 3660 1748 Quorum

430 1779 737 1848 praevenire
764 1779 1123 1845 sententiam,
1149 1778 1611 1863 etdiscretionem
1642 1778 1899 1849 piscium,
1931 1777 2441 1853 quiBmirabilem,
2501 1778 2613 1834 imo
2652 1777 3032 1833 miserabilem
3074 1777 3381 1831 excitatam

427 1868 755 1923 earumdem
784 1874 1267 1923 sacramentorum
1296 1867 1510 1923 retibus
1536 1867 2029 1932 concluduntur,in

430 1957 692 2025 praesenti
725 1974 984 2012 exemere
1025 1958 1240 2021 conari,
1273 1958 1605 2027 priusquam
1637 1956 1809 2012 maris
1835 1957 2028 2012 littora

430 2046 849 2116 contingantur.
883 2048 1046 2101 Certe
1069 2047 1177 2100 hoc
1213 2047 1413 2101 divina:
1442 2046 1643 2101 litterae
1672 2046 1892 2106 docent.
1924 2046 2029 2100 hoc

430 2134 615 2188 omnis
640 2135 815 2189 series
834 2136 1253 2205 scripturarum
1274 2135 1416 2189 bene
1431 2135 1688 2192 consulta
1705 2134 2027 2204 respondet,

430 2222 608 2276 bonos
638 2240 671 2276 a
708 2224 870 2276 malis
913 2223 1139 2279 interim
1166 2224 1334 2277 corde
1364 2223 1614 2293 separari
1660 2223 1885 2287 debere,
1918 2239 2030 2279 non

433 2327 697 2381 corpore;
731 2329 832 2364 nec
856 2312 1107 2366 locorum
1140 2311 1569 2381 longinquitate,
1599 2311 1694 2364 sed
1726 2312 2027 2365 affectuum

432 2398 724 2469 qualitate.
778 2401 980 2453 Veniet
1024 2400 1287 2470 profecto.
1318 2400 1507 2454 veniet
1531 2400 1634 2453 illa
1661 2400 1799 2464 dies,
1828 2400 1887 2453 in
1918 2417 2029 2470 qua

432 2487 581 2541 inter
608 2504 776 2558 pecus
805 2489 1167 2543 macilentum
1191 2494 1248 2542 et
1266 2488 1494 2558 pingue,
1522 2488 1670 2542 inter
1694 2504 1862 2557 pecus
1890 2488 2031 2541 arie-

431 2581 555 2630 tum
590 2582 647 2631 et
665 2577 969 2641 hircorum,
1002 2583 1196 2649 pastor
1219 2577 1313 2631 ille
1343 2577 1461 2632 falli
1481 2577 1704 2630 nescius
1728 2576 2026 2645 judicabit.

431 2666 589 2721 Tunc
629 2667 845 2720 occulta
884 2666 1246 2729 tenebrarum
1293 2666 1522 2721 omnino
1560 2665 1943 2736 producentur
1970 2665 2028 2718 in

430 2754 572 2821 luce,
603 2771 704 2809 nec
733 2754 836 2808 sub
862 2755 1039 2809 ovinis
1070 2755 1305 2826 pellibus
1335 2755 1531 2825 lupina
1561 2754 1809 2809 cordase
1837 2759 2028 2809 conte-

422 2847 568 2914 gent
592 2862 605 2897 :
635 2844 769 2914 quia
799 2861 864 2899 ex
892 2844 1072 2915 ipsius
1096 2844 1433 2900 beatissime
1463 2843 1889 2900 resurrectionis
1917 2843 2030 2896 vir-

420 2937 551 2988 tute
606 2934 970 3004 potentiaque
1015 2935 1322 3005 proveniet,
1354 2938 1418 2989 ut
1467 2934 1660 3004 quales
1702 2932 1792 2987 hic
1820 2932 2029 3003 singuli

424 3021 584 3077 fuere
613 3022 673 3077 in
698 3022 968 3089 moribus,
994 3023 1135 3079 tales
1173 3023 1285 3077 illic
1324 3027 1637 3093 appareant
1656 3022 1714 3075 in
1738 3020 1874 3091 ipsis
1904 3037 2028 3077 cor-

2109 1883 2220 1937 que
2243 1866 2577 1939 supplicium
2603 1883 2715 1937 quo
2744 1866 2964 1921 facilius
2991 1866 3281 1930 evitarem,
3311 1864 3382 1917 ad
3406 1878 3535 1916 vene
3558 1861 3661 1932 phi-

2105 1955 2375 2026 losophia:
2402 1955 2611 2020 sinum,
2641 1953 3034 2028 gremiumque
3060 1969 3152 2008 me
3179 1951 3407 2007 contuli.
3438 1949 3659 2003 Medetur

2108 2044 2257 2097 enim
2279 2044 2378 2096 illa
2406 2044 2632 2104 animis,
2662 2043 2858 2097 inanes
2887 2042 3292 2096 sollicitudines
3320 2039 3562 2103 detrahit,
3578 2055 3659 2092 cu-

2114 2132 2443 2204 piditatibus
2464 2132 2685 2197 liberat,
2720 2132 2877 2202 pellit
2899 2132 3155 2190 timores.
3178 2132 3357 2188 Tanta
3391 2134 3562 2185 autem
3583 2130 3657 2198 ju-

2115 2221 2393 2286 cunditas,
2426 2226 2655 2291 tamque
2683 2220 3091 2279 inustimabilis
3112 2226 3200 2276 est
3217 2221 3336 2289 ejus
3352 2216 3659 2289 pulchritudo

2108 2316 2175 2366 ut
2203 2324 2349 2366 unus
2376 2309 2498 2365 dies
2540 2309 2681 2365 bene
2715 2315 2773 2364 et
2800 2326 2868 2365 ex
2907 2309 3203 2379 praeceptis
3224 2309 3344 2379 ejus
3365 2312 3528 2373 actus,
3554 2321 3658 2376 pec.
3748 2356 3751 2359 λ

2109 2397 2261 2453 cauti
2290 2396 2704 2453 immortalitati
2734 2397 3061 2467 dignissime
3084 2402 3453 2469 pmponatur.

2184 2485 2352 2540 Vides
2392 2485 2587 2555 igitur,
2627 2485 2677 2541 si
2707 2502 2798 2542 me
2851 2485 3058 2555 diligis,
3101 2493 3314 2556 quanta
3340 2484 3413 2542 sit
3437 2482 3528 2540 tibi
3552 2498 3658 2538 cum

2111 2576 2486 2631 exsultatione
2515 2575 2841 2642 laetandum,
2874 2575 2970 2646 qui
3022 2576 3164 2633 mihi
3217 2575 3384 2632 talem
3435 2587 3657 2645 sponsam

2111 2666 2400 2736 elegerim,
2427 2666 2592 2734 cujus
2620 2682 2749 2721 cum
2801 2665 3002 2732 forma,
3060 2671 3187 2723 tum
3240 2663 3473 2721 suavitas
3520 2660 3657 2715 rebus

2113 2752 2373 2811 omnibus
2406 2753 2709 2808 antecellit.
2741 2751 2872 2809 Jam
2894 2768 3027 2823 ergo
3054 2752 3204 2807 sicca
3233 2754 3513 2823 lacrymas,
3539 2747 3659 2803 nobis

2111 2841 2181 2897 be
2210 2842 2429 2909 fletum,
2460 2858 2687 2897 omnem
2739 2857 3040 2897 maerorem
3088 2842 3351 2913 expellite
3379 2860 3390 2899 :
3420 2855 3511 2911 pro
3534 2842 3658 2895 cum

2112 2935 2334 2988 noveris
2389 2952 2477 2989 me
2536 2941 2757 3005 partem
2803 2936 3076 3006 optimam
3138 2936 3390 3006 elegisse.
3444 2931 3655 2993 Credite.

2112 3024 2325 3080 credito
2355 3023 2517 3092 mihi,
2546 3024 2810 3081 succedet
2836 3024 3147 3081 humilitati
3176 3023 3494 3088 sublimitas,
3516 3022 3660 3088 lady-

429 3110 688 3181 poribus.
729 3111 983 3181 Denique
1009 3112 1134 3167 ideo
1166 3112 1309 3165 vitro
1349 3111 1559 3166 mundo
1595 3110 1695 3165 illa
1749 3109 2087 3172 luminosaC
2112 3112 2219 3165 mis
2274 3112 2441 3175 risus,
2484 3111 2690 3169 divitim
2734 3112 3052 3183 paupertati
3087 3131 3103 3173 ε
3139 3129 3340 3183 magna
3366 3115 3489 3167 sunt
3531 3109 3657 3163 enim

429 3200 626 3254 civitas
661 3206 1039 3271 comparatur,
1073 3200 1339 3270 quoniam
1364 3199 1661 3254 clarissimi
1689 3198 1818 3255 vitri
1838 3199 1898 3253 in
1918 3214 2031 3254 mo-

426 3303 571 3353 rem,
612 3288 884 3359 quidquid
914 3287 990 3341 ibi
1032 3286 1271 3341 interius
1297 3286 1424 3350 erit,
1465 3286 1709 3341 exterius
1738 3285 2026 3354 eminebit,

429 3376 678 3447 ipsaeque
705 3376 1098 3447 conceptiones
1139 3376 1459 3431 animorum
1490 3374 1823 3429 mirabiliter
1844 3375 2032 3446 subju-

428 3464 637 3520 cebunt
654 3464 978 3535 conspectui
1006 3465 1313 3519 oculorum.
1330 3463 1498 3534 Ergo,
1522 3464 1883 3520 dilectissime
1919 3465 2032 3521 fra-

429 3559 535 3619 ter,
569 3553 639 3607 ad
657 3553 809 3606 illam
839 3552 1182 3607 ineffabilem
1213 3552 1516 3623 puritatem
1546 3553 1754 3608 sanctis
1780 3553 2031 3611 moribus

430 3657 534 3695 nos
563 3656 845 3711 paremus,
890 3641 1021 3696 boni
1044 3641 1150 3711 ipsi
1174 3641 1386 3707 simus;
1418 3657 1670 3711 quosque
1694 3642 1919 3697 trahere
1954 3642 2027 3699 ad

428 3727 664 3781 meliora
718 3744 831 3781 non
885 3744 1203 3798 possumus,
1237 3728 1648 3799 patientissime
1696 3729 2024 3787 toleremus.

430 3816 587 3871 Vale.

980 3905 1329 3962 EPISTOLA
1355 3906 1477 3962 VII.

815 4007 887 4049 AD
916 4010 1020 4051 Δ...
1058 4011 1449 4051 ΡΒΛΒϐΕΡΤΟΒΕΜ
1479 4011 1644 4052 ευωι.

640 4085 811 4139 Illum
828 4086 903 4138 ad
921 4087 1107 4138 saeculi
1130 4090 1503 4152 contemptum
1528 4086 1810 4140 hortatur.

494 4172 835 4244 Praeceptori
844 4189 948 4228 suo
958 4174 1023 4227 A.
1038 4173 1144 4235 ,W.
1154 4178 1431 4242 peccator,
1438 4171 1631 4243 fugere
1644 4172 1829 4228 afacie
1838 4190 2022 4231 arcus.

496 4262 889 4317 Consideranti
932 4261 1071 4315 mihi
1111 4261 1301 4316 studia
1322 4261 1770 4332 cupiditatesque
1808 4268 2026 4319 morta-

426 4350 585 4418 lium,
616 4355 779 4405 tanta
803 4350 1124 4415 admiratio,
1146 4356 1450 4420 tantusque
1477 4355 1675 4421 stupor
1691 4352 2022 4419 offunditur,

425 4444 490 4493 ut
512 4456 644 4493 cum
673 4438 929 4509 Satyrico
954 4439 1271 4493 exclamare
1288 4439 1597 4509 compellar
1625 4455 1639 4489 :

500 4527 542 4581 0
565 4542 733 4581 curas
763 4528 1074 4592 hominum,
1096 4544 1127 4582 ο
1143 4533 1423 4596 quantum
1449 4533 1526 4581 est
1547 4531 1610 4581 in
1630 4530 1793 4583 rebus
1810 4531 2025 4586 inane!

442 4664 445 4669 .
493 4614 635 4678 Quis
660 4615 810 4668 enim
856 4631 967 4669 non
1015 4616 1501 4670 vehementissime
1528 4617 1843 4671 admiretur
1866 4622 2027 4673 tanta

423 4703 660 4759 miseros
706 4703 961 4758 homines
1007 4704 1312 4773 cupiditate
1342 4706 1575 4776 raptari,
1607 4712 1671 4761 ut
1691 4723 1890 4761 eorum
1912 4707 2025 4762 avi~

421 4792 586 4845 ditati
616 4808 730 4845 non
755 4792 923 4860 ratio,
955 4808 1067 4846 non
1095 4794 1371 4860 voluntas,
1405 4811 1519 4850 non
1569 4795 1811 4866 denique
1852 4796 2026 4853 timor

422 4880 669 4947 Domini,
702 4882 871 4935 ﬁnem
900 4881 1197 4952 imponat?
1223 4883 1316 4938 Fit
1341 4884 1496 4937 enim
1544 4884 1754 4940 mirum
1799 4886 1861 4939 in
1897 4902 2024 4941 mo-

421 4969 577 5036 dum,
610 4975 674 5024 ut
717 4976 930 5040 quanto
972 4971 1137 5041 plura
1184 4972 1586 5043 congesserint.
1636 4979 1795 5028 tanto
1840 4975 2023 5045 magis

421 5057 746 5131 cupiditatis
788 5060 1005 5115 facibus
1057 5061 1433 5127 inardescunt,
1476 5068 1803 5133 crescatque
1857 5080 2023 5121 amor

420 5147 657 5216 nummi,
690 5153 964 5220 quanwm
991 5149 1115 5220 ipsa
1144 5151 1385 5221 pecunia
1407 5150 1625 5205 crescit.
1641 5152 1803 5208 Unde
1829 5152 2021 5208 inetia-

2113 3217 2236 3271 qum
2262 3200 2379 3256 suis
2408 3200 2506 3257 illa
2533 3200 2881 3259 amatoribus
2902 3201 3221 3271 pollicetur.
3246 3202 3314 3258 Et
3340 3215 3397 3257 re
3425 3215 3540 3254 vera
3558 3195 3659 3267 quis

2113 3288 2359 3359 cogitare
2406 3287 2668 3353 sufﬁciat,
2727 3294 2967 3359 quantas
3021 3289 3299 3360 sapientia
3343 3282 3657 3345 dilectoribus

2113 3377 2229 3433 suis
2257 3394 2392 3448 opes
2421 3378 2496 3434 sit
2521 3379 2815 3445 collatura,
2847 3394 2977 3435 cum
3025 3381 3154 3450 ejus
3197 3395 3385 3437 amore
3435 3377 3656 3445 suscepta

2111 3472 2414 3536 paupertas
2460 3466 2583 3537 ipsa
2610 3467 2891 3527 delectet?
2920 3468 3065 3525 Huic
3092 3486 3229 3540 ergo
3253 3468 3520 3526 adherere
3544 3460 3656 3518 mihi

2110 3552 2320 3610 bonum
2364 3559 2468 3621 est,
2502 3555 2803 3626 nullusque
2842 3571 3090 3627 unquam
3123 3557 3293 3615 fuerit
3317 3556 3450 3622 dies,
3475 3551 3560 3623 qui
3586 3564 3657 3604 mo

2113 3642 2184 3697 ab
2213 3643 2333 3712 ejus
2361 3643 2710 3714 amplexibus
2739 3649 2799 3701 et
2825 3661 3019 3705 umore
3047 3645 3295 3703 divellat.

2186 3731 2395 3789 Verum
2424 3731 2473 3787 si
2492 3748 2657 3789 nosse
2682 3732 2971 3791 desideras
2999 3734 3157 3804 quali
3176 3735 3235 3793 in
3262 3731 3449 3791 castris
3472 3731 3657 3800 ejusm-

2114 3819 2249 3889 gula
2276 3820 2963 3889 militemus,brevitertibi
2983 3823 3142 3879 illam
3155 3821 3519 3881 describimus.
3540 3818 3655 3871 Sunt

2112 3906 2272 3965 nobis
2299 3914 2505 3965 cuncta
2557 3910 2896 3975 communia.
2953 3926 3133 3971 unum
3180 3928 3293 3976 cor,
3326 3925 3433 3970 una
3479 3906 3653 3969 animi»

2111 4011 2288 4053 unum
2318 3997 2580 4069 idemque
2599 3999 2949 4070 propositum
2973 4018 2987 4057 ι
3011 4000 3191 4060 virtus
3218 4005 3404 4059 autern
3431 3995 3653 4053 obedieu-v

2107 4084 2199 4140 tim
2227 4086 2309 4141 sic
2337 4087 2648 4158 praepollet.
2681 4096 2747 4145 ut
2774 4105 2901 4147 cum
2936 4088 3097 4149 nobis
3126 4088 3446 4147 incredibile
3474 4086 3540 4140 sit
3560 4088 3655 4138 stu»

2107 4173 2264 4231 dium
2295 4176 2536 4246 legendi,
2569 4177 2756 4235 nullus
2813 4186 3005 4237 tamen
3053 4179 3383 4237 obedientiie
3431 4172 3651 4246 praefer“

2105 4263 2313 4320 audeat
2341 4264 2655 4325 lectionem.
2681 4267 2761 4323 De
2786 4268 3039 4338 gratuita
3060 4284 3194 4327 vero
3222 4269 3529 4340 paupertate
3542 4257 3652 4331 quid

2106 4352 2369 4420 referam,
2399 4371 2528 4412 cum
2557 4371 2722 4415 omne
2747 4357 2896 4427 quod
2924 4374 3229 4427 carpemus
3257 4371 3444 4413 sensus
3460 4346 3654 4417 attingit

2041 4430 2090 4492 D
2108 4440 2181 4495 sit
2200 4441 2361 4497 nobis
2398 4443 2629 4500 omnino
2657 4446 3024 4515 contemptui,
3058 4447 3414 4516 animumque
3448 4451 3649 4496 avocanv

2106 4534 2192 4586 tes
2219 4547 2256 4584 a
2274 4548 2506 4603 corpore
2536 4548 2969 4590 consuescamus
2991 4536 3179 4594 mori?
3213 4535 3454 4591 Arduum
3480 4527 3528 4585 id
3547 4522 3648 4595 (ἰυίο

2106 4619 2234 4677 dem
2267 4625 2437 4690 atque
2489 4620 2734 4689 difﬁcile,
2786 4622 2911 4693 quis
2957 4625 3169 4693 negat?
3198 4624 3303 4679 Sed
3331 4628 3504 4679 tamen
3543 4615 3645 4675 hoc.

2106 4707 2246 4763 duce
2276 4708 2647 4779 philosophia,
2677 4727 2778 4767 nos
2806 4711 3088 4771 credimus
3105 4713 3409 4773 effecturos.
3439 4705 3556 4763 Hac
3579 4702 3647 4755 εει

2104 4797 2218 4852 vita
2238 4796 2558 4861 laudabilis.
2590 4815 2759 4869 quam
2798 4805 3057 4861 tenemus
3090 4817 3102 4857 :
3136 4802 3250 4861 hac
3296 4815 3421 4856 vera
3444 4793 3645 4866 philosov

2105 4886 2255 4956 phia,
2296 4887 2366 4940 ad
2398 4904 2568 4958 quam
2597 4894 2673 4955 te,
2708 4906 2740 4942 ο
2770 4890 2969 4952 amice,
3000 4890 3318 4946 invitemus.
3363 4884 3506 4952 Quod
3534 4879 3575 4936 si
3598 4882 3643 4932 ω

2104 4975 2177 5029 ad
2208 4977 2352 5033 hanc
2379 4977 2658 5035 adducere
2678 4995 2791 5039 non
2835 4980 3084 5045 valuere,
3115 4986 3178 5039 tu
3209 4995 3296 5039 me
3331 4976 3399 5035 ab
3417 4974 3502 5030 illa
3526 4980 3641 5026 nun-

2104 5081 2275 5136 quam
2304 5065 2565 5127 abduces.
2590 5067 2746 5136 Vale,
2781 5074 2842 5125 et
2867 5069 3135 5129 miserere
3155 5069 3348 5129 animo
3372 5070 3489 5121 tum-

1254 5273 1819 5332 ADNOTATIONES
1848 5274 1932 5331 IN
1960 5278 2354 5337 GUILLELMI
2391 5280 2766 5339 EPISTOLA.

988 5411 1045 5450 IN
1081 5410 1379 5452 EPISTOLAM
1407 5411 1445 5452 ι.

491 5462 558 5543 in
586 5467 768 5543 prima
793 5467 1515 5543 hac_epistola_Wi_llelmus
1557 5469 1829 5543 Gregorio
1858 5487 2016 5543 papm

416 5535 869 5613 YAILgratulatur
889 5535 976 5613 de
992 5541 1039 5608 ej
1053 5556 1118 5593 us
1136 5540 1429 5613 electione,
1470 5556 1594 5611 quae
1611 5535 1845 5613 contigit
1861 5535 2015 5597 anno

422 5604 749 5684 10753.;Ltum
1087 5627 1146 5663 se
1163 5604 1511 5684 postulatum
1541 5613 1611 5666 ad
1641 5604 1892 5684 regimen
1920 5615 2015 5667 ab-

2099 5403 2381 5481 llerimari
2390 5422 2538 5481 anno
2558 5403 2653 5465 107
2668 5405 2681 5463 l
2695 5410 2919 5481 pastore
2931 5410 3235 5481 vacavgmb
3243 5401 3516 5481 ςυρεέρηυξ
3526 5388 3628 5481 ΨΡῙ

2097 5473 2179 5527 ire
2207 5460 2430 5550 refugit.
2458 5460 2579 5550 sic
2594 5460 3301 5550 ὲρὲεὲιξιὴίίϐνέέρήίῥέῲξε
3322 5460 3629 5550 γῃερίειᾳιξι

2097 5494 2179 5527 ire
2207 5494 2430 5547 ωηιξη.
2458 5494 2579 5531 uuc
2600 5494 2857 5548 spectant
2876 5494 3130 5550 uregorn
3189 5495 3218 5531 a
3259 5494 3301 5529 τε
3333 5494 3412 5525 V11
3431 5494 3623 5542 CP'W‘“

2097 5546 2349 5626 quaedam
2375 5548 2637 5626 nimirum
2652 5548 2775 5602 libri
2796 5549 2961 5620 primi
2974 5496 3207 5626 epistora
3222 5494 3366 5626 Γλειᾷ
3375 5539 3623 5626 Μπηξκῗξη

2096 5617 2761 5702 Remorumpontiﬂcem.
2778 5617 2905 5702 Lque
2935 5617 3064 5675 cuin
3097 5624 3281 5681 monet
3296 5622 3355 5698 ut
3380 5628 3441 5702 n‘e
3459 5618 3621 5702 In???

416 5674 582 5731 batim
604 5679 793 5734 Sancti
821 5674 1058 5750 Remigii
1081 5674 1231 5751 apud
1260 5683 1614 5755 Remos,quae
1642 5674 1771 5755 post
1799 5685 2012 5741 obitum
2094 5688 2227 5743 chos
2257 5674 2616 5761 Remigianos
2644 5674 2889 5763 amplius
2917 5674 3292 5763 vesanumque
3311 5687 3456 5756 juxta
3479 5689 3618 5731 ωηο·
