3872 6168
407 333 511 392 887
1438 337 1492 390 S.
1538 336 1932 394 GUILLELMI
1970 335 2274 392 ABBATIS
2314 334 2652 392 HIRSAUG.
3533 337 3620 396 888

2207 465 3612 488 ﬂ

1095 594 1614 690 ORATIO
1711 595 2159 690 DOMNI
2254 593 3006 692 GUlLLELMI

797 796 871 856 In
923 798 1470 858 commemoratione
1526 797 1596 859 S.
1649 799 1988 876 Augustini
2038 807 2177 858 ante
2230 798 2725 858 consecrationem
2781 797 2969 859 misse
3017 795 3288 859 dicenda.

1659 978 1920 1049 (MABILL.
1952 981 2198 1032 Analcct.
2230 995 2289 1050 p.
2312 976 2460 1048 460.)

487 1257 789 1321 Memento,
839 1254 1110 1320 Domine,
1158 1255 1359 1310 animae
1410 1256 1605 1311 famuli
1643 1259 1726 1312 tui
1768 1256 2519 1321 Patricii,Acontumeliam,
2558 1255 2822 1326 potestati
2859 1260 2971 1309 tum
3003 1255 3227 1310 nemine
3253 1255 3544 1322 resistente,
3563 1273 3640 1312 ne-

421 1351 479 1399 et
506 1347 730 1400 famulae
762 1351 870 1400 tua:
893 1345 1124 1400 Monicze
1169 1363 1180 1397 :
1215 1351 1272 1398 et
1301 1346 1346 1398 si
1373 1347 1500 1415 quid
1548 1365 1646 1418 pro
1684 1349 1867 1401 anima
1915 1343 2014 1400 ﬁlii
2097 1345 2251 1399 mine
2299 1346 2649 1416 prohibente,
2684 1344 2908 1398 nemine
2953 1345 3385 1400 contradicente.
3425 1346 3487 1399 Et
3532 1345 3639 1416 quid

415 1434 667 1504 ipsorum
698 1434 909 1488 domini
938 1433 1048 1488 mei
1077 1433 1394 1503 Augustini,
1423 1435 1765 1490 dilectissimi
1796 1435 2013 1489 confes-
2097 1435 2477 1488 contradicere
2491 1438 2945 1505 potestcreatura
2967 1433 3244 1496 Creaturi,
3262 1433 3464 1487 factura
3479 1434 3640 1488 Facto-

417 1524 560 1576 soris
597 1523 700 1587 tui,
743 1523 882 1576 mihi
934 1523 1138 1576 misero
1186 1523 1460 1592 peccatori
1513 1524 1642 1578 licet
1690 1526 1774 1578 vel
1815 1524 2014 1578 intimo
2097 1523 2170 1576 ri?
2185 1523 2450 1594 Nunquid
2473 1523 2609 1577 dicit
2639 1524 2973 1593 ﬁgmentum
3002 1522 3053 1576 ei
3075 1522 3171 1592 qui
3192 1539 3252 1576 se
3269 1523 3419 1576 ﬁnxit
3449 1541 3458 1574 :
3492 1523 3643 1586 Quare

417 1611 600 1665 cordis
641 1613 842 1666 affectu
887 1611 1226 1675 desiderare,
1275 1612 1489 1666 utinam
1533 1630 1643 1667 non
1693 1613 2013 1667 omnimodo
2095 1628 2187 1666 me
2216 1613 2293 1665 sic
2321 1613 2566 1666 tinxisti?
2589 1612 2806 1682 Quippe
2830 1612 2919 1666 cui
2942 1611 3021 1664 vis
3038 1611 3400 1671 misereris,et
3417 1627 3564 1681 quem
3582 1611 3644 1665 vis

417 1699 693 1755 inutiliter
722 1701 844 1772 ipsa
875 1701 976 1754 tibi
1000 1717 1127 1755 mea
1154 1701 1419 1772 loquatur
1445 1701 1722 1756 voluntas.
1751 1703 1875 1756 Scio
1895 1702 2015 1773 qui-
2095 1701 2344 1757 induras.
2379 1704 2733 1774 Quapropter
2775 1702 2957 1757 nescit
3002 1703 3170 1755 homo
3212 1701 3457 1756 mortalis
3483 1708 3641 1756 utrum

417 1788 567 1855 dem,
601 1789 859 1856 Domine,
889 1795 946 1844 et
977 1807 1079 1861 pro
1102 1794 1254 1844 certo
1283 1807 1524 1860 agnosco
1564 1808 1685 1845 esse
1708 1807 1796 1844 me
1817 1807 2015 1862 pecca-
2095 1791 2247 1855 odio,
2280 1809 2352 1846 an
2382 1809 2574 1846 amore
2599 1792 2804 1863 dignus
2833 1793 2925 1856 sit,
2954 1792 3051 1845 sed
3083 1791 3272 1846 omnia
3301 1791 3356 1844 in
3383 1789 3552 1846 futuro
3575 1807 3646 1845 re-

417 1881 618 1946 torem,
651 1885 708 1934 et
737 1880 1200 1946 infelicissimum,
1235 1890 1291 1934 et
1318 1881 1532 1934 cunctis
1559 1867 1884 1935 criminibus
1913 1881 2012 1934 ob-
2095 1886 2389 1934 servantur
2438 1881 2671 1935 incerta.
2712 1881 2896 1935 Unum
2946 1887 3134 1933 autem
3179 1884 3411 1942 certum,
3439 1880 3644 1946 ﬁrmum,

417 1968 648 2022 noxium
680 1975 847 2039 atque
873 1969 1164 2022 immensis
1210 1969 1510 2023 sceleribus
1548 1971 2007 2040 coinquinatum;
2093 1968 2889 2040 stabile,etperpetuaconstat
2904 1966 3650 2023 mternitateimmutabilesci-

416 2056 577 2111 illum
607 2063 795 2111 autem
835 2057 1009 2111 fuisse
1038 2058 1095 2111 in
1139 2058 1244 2111 hac
1276 2058 1538 2128 praesenti
1586 2058 1697 2112 vita
1736 2067 2013 2124 sanctum,
2098 2059 2230 2112 licet
2249 2059 2395 2129 quod
2418 2059 2567 2113 Deus
2583 2076 2659 2121 es,
2686 2059 2832 2128 quod
2879 2058 3238 2128 omnipotens
3258 2074 3333 2112 es.
3349 2057 3484 2128 quod
3504 2056 3650 2110 bonus

414 2145 632 2214 justum
663 2151 718 2198 et
749 2146 923 2216 pium,
956 2145 1325 2216 omnibusque
1358 2146 1655 2200 virtutibus
1688 2147 2018 2202 mirabiliter
2100 2164 2180 2201 es.
2207 2147 2662 2217 Ergoinnobiset
2683 2147 2752 2201 de
2771 2147 2931 2201 nobis
2952 2147 3099 2218 quod
3114 2147 3324 2200 bonum
3361 2154 3442 2200 est
3462 2146 3513 2199 in
3540 2160 3649 2198 con-

421 2240 750 2288 exornatum
779 2254 791 2300 ;
829 2252 978 2288 nunc
1007 2241 1194 2288 autem
1226 2235 1378 2288 omni
1418 2237 1628 2289 honore
1655 2242 1711 2290 et
1747 2237 1928 2305 gloria
1958 2237 2016 2290 in
2097 2242 2289 2307 spectu
2312 2243 2430 2300 tuo,
2448 2237 2883 2291 clementissime
2896 2237 3082 2300 Pater,
3102 2237 3224 2294 ﬁat.
3245 2236 3370 2290 ﬁat!
3400 2233 3460 2288 In
3475 2234 3652 2289 ditione

421 2328 719 2393 conspectu
765 2335 862 2376 tuo
914 2323 1146 2376 miriﬁce
1193 2323 1578 2387 sublimatum,
1616 2323 1703 2378 ubi
1736 2326 1912 2395 magis
1953 2342 2016 2378 ac
2099 2325 2324 2396 quidem
2352 2333 2448 2380 tua
2477 2332 2675 2380 cuncta
2699 2333 2829 2379 sunt
2861 2325 3061 2394 posita,
3081 2331 3138 2378 et
3168 2341 3278 2378 non
3302 2329 3385 2378 est
3403 2324 3490 2394 qui
3507 2321 3652 2394 possit

421 2412 600 2480 magis
626 2412 972 2481 gloriﬁcetur
996 2418 1051 2466 et
1079 2413 1471 2481 magniﬁcetur
1495 2413 1750 2467 desidero
1776 2420 1833 2467 et
1860 2422 2011 2485 Opto,
2099 2415 2362 2469 resistere
2391 2415 2662 2469 voluntati
2695 2421 2825 2469 tuae.
2877 2415 2936 2468 Si
2977 2414 3295 2468 decreveris
3325 2413 3526 2467 salvare
3551 2428 3649 2477 nos,

425 2506 500 2562 et,
528 2501 584 2554 in
608 2508 879 2571 quantum
902 2518 1240 2572 praesumere
1272 2502 1471 2564 audeo,
1498 2502 1856 2565 cxoro.Quod
1888 2521 2014 2557 vero
2037 2504 2361 2593 Bcontinuo
2395 2503 2768 2557 liberabimur
2812 2521 2822 2555 :
2856 2520 2886 2555 a
2918 2520 3078 2573 enjus
3111 2502 3454 2556 liberationis
3479 2501 3653 2572 gratia,

422 2605 524 2660 per
553 2606 679 2643 eum
722 2590 934 2659 ingenti
965 2590 1315 2652 necessitate,
1347 2596 1535 2643 tamen
1566 2607 1689 2644 cum
1722 2592 2015 2661 quantula-
2038 2588 2080 2593 "
2098 2609 2166 2646 ne
2194 2593 2492 2646 multitudo
2515 2609 2580 2646 ac
2610 2592 2936 2660 magnitudo
2955 2597 3311 2662 peccatorum
3343 2605 3570 2644 meorum
3592 2588 3653 2642 fa-

424 2694 642 2748 cunque
692 2679 802 2732 ﬁde
842 2695 1096 2748 exposco,
1133 2685 1194 2732 tu
1239 2679 1636 2748 benignissime
1666 2681 2012 2734 occultorum
2096 2681 2246 2734 ciant
2271 2688 2546 2735 extorrem
2579 2687 2635 2735 et
2661 2681 2972 2751 indignum,
2988 2681 3144 2750 jube,
3175 2680 3422 2741 Domine,
3446 2677 3656 2732 miserri-

425 2768 700 2836 cognitor,
758 2774 1014 2821 scrutans
1061 2767 1230 2820 corda
1269 2774 1327 2821 et
1368 2785 1530 2821 renes
1578 2769 1746 2831 Deus,
1786 2769 2014 2823 intende
2099 2785 2246 2822 mam
2301 2769 2546 2822 animam
2599 2786 2781 2823 meam
2841 2769 3157 2830 consolari,
3212 2770 3358 2840 quod
3412 2765 3654 2821 misereris

424 2858 696 2928 placatus,
725 2863 1003 2927 quatenus
1034 2857 1249 2911 meritis
1280 2864 1336 2911 et
1356 2858 1842 2913 intercessionibus
1873 2862 2013 2929 ejus,
2100 2859 2372 2921 omnium,
2400 2865 2456 2911 et
2483 2859 2618 2911 nihil
2643 2859 2811 2912 odisti
2857 2859 3109 2912 omnium
3157 2875 3282 2930 quae
3310 2856 3493 2921 fecisti,
3521 2853 3655 2909 dissi-

424 2948 786 3017 omniumque
828 2953 1148 3000 sanctorum
1209 2953 1457 3010 tuorum,
1518 2946 1770 3002 absolvas
1817 2965 1908 3002 me
1961 2957 2019 3003 et
2101 2947 2324 3000 mutans
2356 2953 2578 3017 peccata
2610 2947 2897 3001 hominum
2920 2953 3147 3018 propter
3174 2944 3655 3018 pcenitentiam.Fac

424 3052 620 3092 omnes
648 3036 850 3090 fratres
879 3041 1100 3089 nostros
1123 3035 1193 3089 ab
1219 3036 1370 3089 omni
1412 3036 1630 3090 vinculo
1662 3037 2013 3102 delictorum,
2100 3052 2233 3104 ergo
2259 3053 2368 3097 me,
2398 3036 2654 3100 Domine,
2702 3036 2945 3091 fructum
2977 3035 3215 3106 dignum
3244 3033 3564 3107 pmnitentia:
3590 3033 3654 3086 fa-

425 3131 484 3180 et
511 3127 695 3182 denuo
740 3132 856 3180 tam
910 3126 1090 3192 nobis,
1139 3143 1306 3197 quam
1353 3127 1633 3190 omnibus,
1665 3145 1765 3198 pro
1814 3129 2016 3199 quibus
2099 3141 2243 3178 cere.
2273 3125 2396 3187 Fac,
2424 3125 2692 3196 piissime,
2727 3132 2792 3179 ut
2836 3131 3137 3196 antequam
3186 3125 3244 3178 in
3289 3121 3655 3195 desperationis

422 3220 579 3270 tuam
606 3215 962 3269 clementiam
987 3216 1481 3272 exoramus.facias
1501 3217 1806 3271 secundum
1832 3219 2018 3272 multi-
2097 3213 2423 3267 barathrum
2450 3215 3020 3285 incidam,antequam
3041 3232 3130 3268 me
3152 3231 3304 3268 mors
3323 3217 3556 3283 occupet,
3576 3227 3654 3265 an-

419 3304 672 3358 tudinem
703 3303 1126 3357 miserationum
1143 3304 1528 3357 tuarumMihi
1549 3321 1769 3375 quoque
1789 3305 2015 3361 obsecro
2097 3309 2323 3374 tequam
2350 3304 2470 3357 dies
2500 3304 2702 3358 ultima
2741 3304 2878 3357 mihi
2911 3304 3127 3357 aditum
3153 3303 3500 3364 intercludat,
3521 3301 3584 3354 da
3604 3306 3656 3354 ut

423 3393 493 3446 de
541 3394 662 3464 ejus
707 3391 1198 3446 intercessionibus
1249 3397 1304 3445 et
1342 3392 1554 3446 meritis
1600 3393 1817 3459 donari,
1864 3397 2008 3466 quod
2098 3393 2692 3448 inveniatservustuus
2710 3409 2806 3447 cor
2825 3409 2988 3446 suum
3007 3393 3076 3446 ad
3098 3393 3239 3446 satis
3258 3392 3356 3446 tibi
3373 3390 3654 3445 faciendum

420 3486 572 3534 certe
600 3480 739 3533 meis
778 3497 889 3534 non
919 3496 1138 3533 mereor
1168 3480 1422 3550 adipisci,
1450 3481 1707 3536 videlicet
1736 3487 1799 3536 ut
1826 3484 1895 3537 de
1924 3485 2012 3537 di-
2096 3498 2195 3552 pro
2225 3482 2398 3536 tantis
2429 3488 2658 3552 tamque
2689 3480 3046 3536 horribilibus
3063 3497 3127 3535 ac
3155 3480 3411 3535 nefandis
3435 3477 3656 3534 crimini-

416 3569 650 3622 vinitate
666 3574 834 3638 atque
857 3569 1209 3622 humanitate
1228 3569 1710 3623 dilectissimiFilii
1734 3571 2014 3626 tuiDomi-
2100 3569 2222 3630 bus,
2259 3571 2459 3641 quibus
2495 3589 2583 3624 me
2626 3573 2897 3625 conﬁteor
2925 3570 3226 3625 obnoxium
3256 3569 3524 3641 majestati
3543 3574 3652 3631 ture,

423 3656 668 3710 ninostri
688 3658 715 3709 J
722 3674 816 3710 esu
841 3657 1045 3710 Christi
1067 3657 1120 3709 id
1135 3658 1572 3710 merearsentire
1585 3660 1731 3730 quod
1752 3660 1870 3730 ipse
1883 3679 2011 3715 sen-
2096 3666 2152 3714 et
2176 3677 2343 3730 quam
2365 3661 2859 3730 gravissime,heu!
2884 3662 2995 3714 heu
3023 3661 3033 3713 !
3069 3677 3239 3731 quam
3267 3655 3652 3714 damnabiliter!

419 3745 657 3810 sit,scire
681 3747 827 3816 quod
861 3746 1034 3800 scivit.
1067 3745 1380 3816 intelligere
1411 3748 1556 3818 quod
1585 3749 1872 3807 intellexit.
1897 3768 2013 3805 cre-
2036 3805 2074 3820 η
2096 3749 2203 3803 Sed
2234 3755 2313 3812 tu,
2343 3749 2778 3804 clementissime
2798 3756 2852 3803 et
2874 3749 3124 3820 piissime
3151 3748 3325 3815 Deus,
3343 3754 3578 3802 avertens
3593 3743 3657 3796 fa-

417 3805 550 3888 dere
582 3805 726 3905 quod
751 3835 1004 3894 credidit,
1035 3805 1281 3905 diligere
1300 3805 1445 3905 quod
1473 3836 1686 3904 dilexit,
1710 3805 2011 3908 praedicare
2031 3805 2075 3865 Ο
2093 3837 2232 3890 ciem
2262 3805 2416 3891 tuam
2449 3837 2518 3891 ab
2549 3839 2635 3891 his
2661 3838 2846 3900 malis,
2874 3805 2993 3891 noli
3032 3853 3122 3891 me
3164 3805 3467 3892 secundum
3493 3840 3656 3888 actum

422 3925 590 3978 etiam
612 3925 824 3978 valeam
849 3925 995 3996 quod
1018 3925 1223 3978 docuit.
1252 3925 1475 3982 Precor.
1504 3926 1758 3990 Domine,
1793 3934 1855 3982 ut
1877 3930 2010 3984 sub-
2095 3941 2280 3978 meum
2298 3926 2568 3995 judicare,
2593 3927 2689 3980 sed
2713 3927 3021 3979 clementer
3048 3925 3478 3980 satisfactionem
3498 3936 3656 3976 meam

418 4015 672 4068 veniente
720 4019 777 4068 et
824 4019 1185 4068 succurrente
1221 4030 1348 4067 cum
1393 4020 1489 4067 tua
1519 4014 1728 4086 pietate
1757 4019 1947 4072 omniu

2126 4013 2630 4084 uscipiens,exaudi
2655 4031 2762 4079 me,
2786 4020 2850 4068 ut
2870 4014 2952 4067 vel
2966 4030 3114 4067 nunc
3125 4030 3301 4086 prope
3314 4014 3471 4068 ﬁnem
3493 4023 3655 4064 meum

421 4109 740 4157 sanctorum
773 4109 999 4157 tuorum
1035 4101 1456 4173 supplicatione,
1485 4119 1610 4156 cum
1634 4104 1850 4158 sincera
1877 4107 2006 4171 ﬁde,
2093 4117 2218 4155 Cum
2246 4103 2362 4172 jam
2398 4103 2637 4157 multum
2668 4119 2779 4156 non
2817 4101 3174 4157 laboraturus
3205 4120 3351 4166 sum,
3382 4101 3556 4157 omnia
3581 4099 3655 4151 in-

417 4207 542 4246 cum
567 4209 664 4264 spe
685 4208 1032 4257 secura,cum
1064 4191 1337 4245 charitate
1367 4207 1478 4244 non
1496 4193 1625 4245 ﬁcta
1650 4192 1907 4247 ultimum
1925 4211 2013 4248 va-
2093 4190 2303 4244 teriora
2331 4208 2456 4244 mea
2484 4193 2598 4246 tuis
2627 4193 2836 4246 sanctis
2867 4208 2978 4245 non
3007 4192 3292 4263 negligam
3325 4207 3496 4262 neque
3524 4187 3656 4241 diﬁ‘e-

418 4278 563 4334 leam
598 4281 854 4352 spiritum
889 4282 1098 4335 efflare.
1130 4281 1238 4335 Sed
1271 4287 1328 4334 et
1351 4281 1498 4334 diem
1523 4281 1678 4335 illum
1707 4288 1763 4335 et
1791 4283 2004 4348 horam,
2097 4295 2214 4332 ram
2241 4297 2512 4351 occupare
2541 4280 2844 4352 obsequiis.
2880 4281 3164 4346 Illumina,
3197 4298 3402 4354 quaeso.
3426 4277 3651 4340 Ποῐηίηθν

411 4369 763 4440 migrationis
784 4370 1044 4424 videlicet
1061 4370 1264 4423 anima:
1294 4386 1432 4423 mem
1473 4369 1542 4423 de
1572 4386 1821 4442 corpore,
1859 4380 2008 4443 peto,
2097 4375 2339 4423 mentem
2381 4387 2562 4423 meam
2593 4371 2661 4424 ad
2697 4370 3162 4440 investigandam,
3186 4377 3246 4424 et
3273 4366 3651 4441 inquirendam,

419 4457 676 4518 Domine,
727 4463 792 4511 ut.
833 4475 945 4511 non
991 4458 1285 4527 permittas
1320 4475 1410 4512 me
1449 4458 1760 4528 pernicioso
1806 4461 2010 4516 timore
2093 4463 2149 4512 et
2185 4461 2542 4513 scrutandam
2593 4460 2848 4513 semitam
2896 4459 3291 4514 mandatorum
3334 4465 3568 4514 tuorum,
3602 4457 3656 4506 ut

417 4544 666 4610 horrere,
698 4545 791 4598 sed
826 4545 905 4598 sic
925 4545 1110 4614 potius
1144 4545 1315 4599 facias
1350 4547 1551 4610 vivere,
1601 4553 1664 4600 ut
1706 4547 1842 4601 mihi
1873 4566 2006 4604 con-
2091 4548 2247 4602 nulla
2275 4549 2410 4602 mihi
2459 4550 2578 4618 jam
2610 4548 2931 4602 dominetur
2958 4548 3226 4618 iniquitas
3279 4562 3454 4618 neque
3497 4541 3654 4616 possi-

417 4651 644 4704 gruum,
673 4639 730 4688 et
758 4635 1089 4704 proﬁcuum,
1118 4641 1175 4689 et
1211 4637 1349 4690 utile
1390 4636 1464 4689 sit
1509 4637 1649 4690 velle
1674 4637 1918 4701 dissolvi,
1953 4645 2009 4693 et
2091 4637 2262 4690 deant
2283 4654 2372 4691 me
2401 4638 2613 4691 domini
2636 4637 2845 4708 absque
2870 4644 2926 4691 te
2951 4655 2961 4690 :
2986 4637 3082 4690 sed
3114 4643 3173 4690 tu
3205 4637 3484 4708 possideas
3512 4647 3651 4700 rogo,

417 4739 544 4778 cum
576 4724 799 4778 Christo
813 4725 1196 4778 esse.Dissolvi
1228 4725 1374 4779 enim
1399 4732 1597 4780 etcum
1621 4727 1843 4781 Christo
1865 4745 2004 4793 esse,
2091 4732 2153 4780 tu
2183 4727 2489 4780 domineris
2519 4727 2649 4780 mei.
2691 4727 2828 4780 Peto
2857 4732 2937 4790 tu,
2975 4725 3388 4796 benignissime,
3427 4722 3552 4776 doce
3577 4733 3655 4773 me

417 4819 568 4867 certe
608 4814 748 4867 nihil
795 4814 1016 4878 melius,
1051 4816 1190 4870 nihil
1232 4816 1551 4884 gloriosius,
1585 4817 1726 4870 nihil
1772 4818 2005 4884 felicius,
2093 4816 2274 4870 facere
2297 4815 2640 4870 voluntatem
2671 4820 2853 4883 tuam,
2888 4815 3020 4885 quia
3061 4821 3122 4868 tu
3155 4831 3214 4867 es
3241 4813 3501 4868 Dominus
3524 4810 3654 4863 Deus

417 4902 560 4956 nihil
597 4903 921 4973 jucundius,
962 4904 1103 4958 nihil
1149 4904 1554 4968 delectabilius,
1584 4905 1724 4958 nihil
1767 4906 2005 4970 dulcius,
2093 4922 2271 4969 meus,
2304 4911 2361 4957 et
2389 4921 2491 4974 ego
2519 4921 2712 4958 servus
2734 4911 2863 4957 tuus
2894 4909 2952 4957 et.
2981 4903 3129 4957 ﬁlius
3158 4903 3370 4956 ancillae
3389 4908 3507 4954 tuae.
3548 4894 3656 4950 Fiat

419 4991 556 5046 nihil
587 4993 986 5059 suavius,nihil
1007 4993 1321 5057 amabilius,
1343 4993 1484 5047 nihil
1516 4994 1835 5065 optabilius,
1869 4997 2009 5050 nihil
2093 4995 2267 5066 igitur
2296 5011 2444 5049 nunc
2492 4995 2649 5059 mihi,
2695 4994 2949 5050 Domine.
2983 5010 3084 5064 per
3117 4993 3361 5064 gratiam
3395 4998 3558 5046 tuam,
3582 4989 3652 5046 ut,

415 5080 864 5135 desiderabilius.
888 5083 1098 5135 Tamen
1122 5083 1167 5135 si
1189 5082 1372 5136 adhuc
1396 5099 1727 5153 permanere
1759 5083 1814 5137 in
1843 5101 2010 5138 carne
2093 5084 2346 5139 abdicata
2372 5084 2524 5138 omni
2550 5083 2932 5137 dominatione
2955 5083 3233 5148 vitiorum,
3261 5098 3370 5135 non
3398 5074 3649 5149 superbia.

410 5175 640 5242 propter
668 5159 1029 5242 quoscunque
1051 5172 1425 5226 necessarium
1457 5178 1560 5232 est,
1611 5173 1743 5242 quid
1787 5173 2010 5228 dicam?
2027 5203 2070 5261 ο
2094 5191 2206 5228 ηοη
2237 5173 2492 5235 avaritia,
2525 5189 2634 5226 non
2667 5172 3024 5236 luxuria,non
3058 5171 3152 5225 ille
3171 5171 3418 5224 omnium
3447 5163 3656 5234 iniquis-

413 5260 577 5314 Certe
606 5259 859 5328 quamvis
881 5264 1176 5329 torquente
1193 5260 1533 5314 conscientia
1553 5261 1712 5314 valde
1733 5261 1835 5314 sibi
1860 5262 2005 5315 male
2032 5259 2055 5261 ⁷⁷
2093 5264 2365 5318 simorum
2393 5261 2796 5332 iniquisSImus,
2816 5260 3064 5314 omnium
3097 5259 3550 5330 nequissimorum
3565 5268 3653 5304 ne-

412 5346 859 5410 conscia,dicam,
878 5348 1062 5410 Pater,
1093 5348 1303 5402 dicam:
1330 5349 1455 5402 Fiat
1468 5350 1724 5403 voluntas
1753 5356 1852 5403 tua
1878 5351 1890 5403 !
1922 5351 2007 5404 Tu
2090 5353 2414 5424 quissimus,
2445 5350 2774 5420 impiissima
2804 5349 3158 5411 crudelitate,
3200 5354 3255 5402 et
3295 5341 3654 5400 crudelissima

413 5437 560 5490 enim
597 5436 692 5506 qui
724 5437 869 5491 nosti
897 5437 1063 5491 etiam
1109 5437 1252 5491 bene
1289 5438 1370 5492 uti
1415 5438 1596 5500 malis,
1624 5444 1683 5492 tu
1717 5440 1868 5492 solus
1898 5439 2006 5492 scis
2088 5427 3656 5511 importunitateintolerabilis,pessimusblasphemizespi-

412 5539 584 5592 quare
622 5526 728 5579 hoc
781 5526 979 5592 fecisti,
1029 5527 1241 5582 habens
1296 5533 1633 5598 potestatem
1689 5544 1755 5581 ex
1800 5528 1999 5582 eadem
2083 5529 2246 5592 ritus,
2282 5546 2391 5583 non
2423 5529 2536 5581 ulla
2566 5527 2825 5580 vitiorum
2846 5527 3018 5597 pestis
3037 5526 3650 5580 valeatmentemmeam

407 5611 514 5669 luti
558 5629 745 5670 massa
776 5615 927 5672 aliud
979 5633 1075 5671 vas
1119 5617 1303 5673 facere
1330 5617 1390 5672 in
1437 5617 1727 5683 honorem,
1758 5617 1912 5672 aliud
1942 5617 2001 5680 in
2084 5618 2201 5676 ullo
2225 5619 2390 5672 modo
2421 5617 2677 5683 evellere,
2707 5622 2808 5671 aut
2825 5619 3078 5671 avertere
3107 5631 3141 5669 a
3164 5613 3364 5670 ﬁducia
3386 5612 3652 5667 immensae
