3872 6168
408 290 516 359 895

412 440 540 480 cum
571 425 852 480 venissent
885 423 1057 480 iidem
1096 424 1300 481 fratres
1344 428 1406 484 in

415 496 565 570 haud
621 497 810 570 paucis
865 496 1063 551 diebus
1091 515 1192 569 pro
1233 496 1462 570 tugurid
1503 502 1834 558 fruebantur
1857 500 2008 558 nuda

415 568 616 622 abiete.
652 569 863 622 Horum
901 568 1106 622 autem"
1127 586 1274 624 unus
1301 568 1603 628 {Vocabatur
1631 575 2009 637 Ernestus,vir

413 638 621 717 probus
641 645 698 717 et
727 639 1072 717 curiali_s,qui
1092 642 1432 717 jampridem
1472 662 1532 698 se
1569 662 1782 717 suaque
1819 646 2009 699 omnia

410 711 872 784 nostimdederat
886 710 1214 784 obedientiae
1234 731 1246 778 ;
1271 730 1438 784 quem
1460 733 1588 770 cum
1606 710 1722 770 suis
1751 717 2009 771 omnibus

412 781 592 858 eidem
610 782 742 858 loco
762 782 819 836 in
850 783 1194 858 adjutorium
1216 781 1610 858 concessimus.
1641 789 2008 858 Exstititergo

409 851 559 930 idem
609 853 877 930 Ernestus
915 854 1124 930 loco_et
1147 855 1429 930 fratribus
1473 859 1722 928 provisor
1764 867 1820 914 et
1849 851 2008 930 qua'si

413 922 587 977 Pater
623 925 920 1000 secundus,
962 924 1058 995 qui
1097 927 1167 1000 ad
1226 922 1640 1000 exstirpandam
1680 922 1897 995 silvani,
1937 931 2009 984 ad

413 997 768 1067 purgandum
810 998 1016 1060 locum,
1050 997 1119 1051 ad
1163 997 1550 1054 aediﬁcandum
1586 1001 2010 1067 monasterium,

414 1065 486 1144 ad
500 1067 910 1144 construendas
931 1068 1181 1122 ofﬁcinas
1196 1071 1436 1125 maxime
1459 1073 1718 1144 suasipse
1730 1065 2013 1144 impensas

411 1136 583 1201 dedit,
628 1144 686 1190 et
727 1139 1102 1215 undequaque
1129 1148 1512 1215 competenter
1547 1136 1859 1215 acquisivit.
1882 1145 2014 1213 Ejus

410 1224 546 1278 ergo
573 1215 980 1287 parentumque
1001 1211 1424 1287 ipsi_us,sicut‘et
1441 1211 2014 1287 meam—meorumque

407 1281 739 1358 memoriam
756 1279 964 1358 ibidem
987 1279 1258 1337 celebrem
1279 1284 1474 1358 haberi
1494 1287 1726 1357 dignum
1743 1279 2008 1358 judicavi,

408 1351 985 1430 litterisqu‘eﬁrmavi.
1012 1359 1151 1408 Acta
1189 1363 1324 1430 sunt
1343 1357 1459 1411 haec
1488 1351 1636 1412 anno
1665 1351 2008 1430 praescripto.

409 1419 575 1500 Natat
603 1419 935 1500 ijithemius
960 1431 1160 1500 prater
1180 1427 1344 1500 lmnc,
1364 1431 1503 1482 alios
1533 1419 1836 1498 complures
1858 1419 2011 1500 prio-

409 1499 568 1547 ratus
584 1510 618 1546 α
652 1496 932 1548 Wilhelmo
951 1498 1212 1562 fundatus
1232 1499 1419 1564 fuisse.
1435 1516 1498 1553 ea:
1518 1496 1691 1568 iisque
1709 1518 1816 1554 non
1825 1496 2006 1554 nullos

1441 298 1498 359 S.
1540 301 1930 362 GUILLELMI
1965 301 2271 362 ABBATIS
2307 298 2644 364 HIRSAUG.

1444 430 1769 502 praedictum
1799 431 2002 502 locum,
2017 437 2063 494 Α
2072 433 2289 502 jacebat
2309 439 2370 486 ut
2401 431 2548 486 nihil
2557 432 2780 499 penitus
2797 445 2862 484 ea:
2880 430 3121 502 antiquo
3137 427 3484 502 monasterio
3502 436 3696 495 super-

3579 285 3698 346 896

2088 511 2234 557 esset.
2273 506 2434 558 Illud.
2473 504 2790 558 Willielmus
2819 501 2892 554 ad
2929 499 3212 554 Bertholdi
3239 499 3394 551 ducis
3428 513 3616 566 preces
3655 514 3693 550 α

2088 574 2470 642 [unda-mentis
2490 576 2716 628 omnino
2737 573 3046 649 reparavit,“
3063 572 3259 649 positis
3282 571 3362 649 ibi
3378 569 3694 649 monachis,

2089 637 2287 713 quibus
2311 647 2606 711 Notgerum
2631 637 2877 697 abbatem
2895 643 3157 709 praefecit,
3193 643 3292 707 qui
3316 656 3547 711 gregem
3583 637 3697 713 sibi

2090 709 2472 780 commissum,
2523 721 2585 769 ut
2624 720 2857 768 testatur
2889 715 3100 780 passim
3134 709 3488 773 Trithemius,
3520 709 3698 765 verbo

2091 793 2149 842 et
2179 789 2432 858 exemplo
2470 787 2526 840 in
2558 803 2689 840 vera
2720 783 3040 858 innocentia
3053 782 3221 858 pavit.
3249 784 3700 858 Notgerimemo-

2091 863 2181 912 ria
2229 855 2493 913 recolitur
2519 861 2580 911 in
2608 858 2904 923 .llenologio
2935 855 3278 923 Benedictino
3305 856 3558 908 Bucelini
3605 855 3698 906 die

2092 927 2125 984 6
2154 931 2367 991 Martii,
2394 931 2492 982 ubi
2515 930 2704 982 abiisse
2732 922 2944 980 dicitur
2961 941 3111 978 anno
3136 922 3288 981 1095.
3323 926 3471 984 Idem
3492 930 3702 978 auctor

2097 1006 2362 1055 memorat
2388 1003 2476 1054 die
2505 999 2819 1064 18Augusti
2839 995 3166 1064 Luitolfum,
3191 1012 3258 1049 ea:
3284 999 3474 1048 comite
3488 995 3698 1049 Achat-

2095 1075 2274 1126 mensi
2289 1072 2619 1125 monachum
2645 1072 2686 1123 Ζ
2691 1071 3238 1135 wifaltensem,quem
3268 1068 3470 1120 ibidem
3497 1068 3698 1120 abiisse

2095 1146 2226 1196 dicit
2255 1159 2405 1196 anno
2425 1141 2793 1198 1098.Eodem
2816 1141 2903 1192 die
2923 1140 3152 1192 celebrat
3184 1139 3496 1191 Luitoldum
3524 1153 3644 1190 com
3656 1139 3701 1190 i-

2097 1221 2200 1269 tem
2224 1217 2286 1267 de
2313 1215 2560 1279 Achalm,
2601 1227 2752 1266 anno
2784 1207 2920 1265 1096
2937 1211 3280 1277 defunctum,
3303 1210 3392 1262 sed
3411 1210 3559 1262 idem
3582 1211 3701 1277 ipse

2095 1291 2168 1340 est
2214 1287 2507 1351 Luitolfus.
2559 1283 2867 1349 Luitolfum
2915 1297 2979 1334 ea:
3007 1282 3198 1333 comite
3231 1281 3568 1333 monachum
3623 1295 3696 1332 xx

2093 1351 2214 1411 Kal.
2261 1357 2589 1425 Septembris
2633 1355 2957 1421 defunctum
3002 1352 3196 1404 laudat
3248 1352 3577 1404 Bertholdus
3635 1354 3699 1402 in

2094 1430 2376 1483 Chronico.

2161 1497 2252 1554 14.
2281 1499 2506 1554 Sextum
2539 1498 2943 1551 monasterium
2973 1497 3159 1549 beatus
3197 1491 3516 1549 Wilhelmus
3560 1510 3703 1547 con-

403 1567 588 1648 postea
609 1569 836 1648 evasisse
855 1569 916 1648 in
949 1568 1214 1630 abbatias,
1239 1571 1378 1648 alios
1398 1586 1522 1624 vero
1541 1567 1614 1625 ab
1640 1573 2006 1639 Ilirsaugien-
2086 1573 2299 1648 struxit
2319 1573 2382 1624 in
2393 1571 2570 1648 _m'_lla,
2597 1570 2848 1648 Wilheim
2872 1569 3042 1648 dicta,
3071 1568 3213 1647 quod
3233 1567 3704 1648 varias/prtqu

408 1638 558 1710 stum
596 1637 899 1710 obedientia
927 1641 1206 1704 paulatim
1228 1641 1515 1707 defecisse:
1548 1644 1695 1696 hunc
1727 1637 2006 1696 rero'cum
2082 1644 2334 1710 pertulit.
2379 1643 2635 1694 Primum
2688 1641 2909 1708 quidem
2949 1639 3048 1691 sub
3078 1637 3356 1708 prioratus
3404 1638 3575 1710 titulo
3602 1638 3700 1710 ibi

407 1707 762 1781 Schonreinsi
783 1711 844 1760 in
860 1709 1070 1762 diwcesi
1088 1705 1483 1777 llerbipolensi,
1517 1719 1566 1766 et
1577 1718 2005 1781 praepositurum
2082 1705 2462 1766 constructum
2509 1713 2678 1778 fuisse
2696 1705 2780 1764 ei;
2833 1705 3249 1781 Trithemioad
3287 1724 3508 1762 annum
3552 1705 3703 1762 1083

405 1778 724 1852 Rothensem
749 1781 807 1831 in
826 1780 1171 1852 Augustana,
1195 1783 1295 1833 sub
1316 1778 1637 1838 immediata
1651 1778 2006 1852 H'irsaugien-
2028 1789 2067 1851 Β
2086 1785 2367 1848 discimus,
2401 1784 2544 1851 quod
2565 1786 2753 1850 postea
2780 1783 2842 1834 in
2873 1785 3112 1834 montem
3128 1780 3320 1835 Sancti
3338 1781 3490 1833 Petri
3511 1784 3704 1852 transf

405 1851 482 1922 s_is
497 1850 1292 1922 abbatisjurisdictioneadhuc
1309 1869 1408 1907 suo
1423 1850 1914 1922 wvoperseverasse.
1937 1857 2005 1909 De
2033 1850 2052 1851 ἡ
2090 1857 2267 1909 latum
2314 1850 2488 1915 est,’et
2519 1855 2581 1906 in
2621 1854 2851 1907 abbatis:
2895 1853 3225 1922 dignitatem
3270 1857 3554 1911 evectum;
3609 1851 3705 1903 sed

404 1918 784 1995 Reichenbach
804 1923 1012 1974 iterum
1040 1923 1301 1985 dicemus,
1328 1926 1425 1978 ubi
1443 1927 1504 1978 de
1521 1918 1868 1995 Hasungensi
1888 1943 2006 1980 mo-

405 1992 665 2044 nasterio.

483 2059 564 2117 10.
599 2061 914 2116 Secundum
944 2068 1364 2128 monasterium,
1390 2083 1426 2120 a
1453 2067 1601 2122 beato
1632 2071 1916 2124 Wilhelmo
1944 2070 2006 2122 de

408 2147 544 2207 novo
592 2138 950 2207 eastructum,
993 2137 1204 2207 dicitur
1250 2138 1443 2192 Sancti
1490 2139 1721 2207 Georgii,
1773 2143 2006 2194 ditecesis

405 2203 855 2266 Constantiensis,
884 2208 944 2258 in
973 2205 1330 2275 Silva-Nigra
1363 2213 1551 2263 situm.
1596 2203 1853 2264 Fundum
1887 2227 2010 2264 con-

405 2277 559 2349 cessit
605 2275 810 2336 Hes-ilo,
862 2280 952 2329 vir
1000 2278 1198 2330 nobilis
1241 2284 1289 2331 et
1333 2281 1496 2342 dices,
1535 2285 1634 2349 qui
1677 2283 2006 2336 adhortante

403 2344 652 2405 Hessone,
705 2352 957 2412 sumptus
1012 2363 1139 2400 cum
1181 2351 1386 2416 prsidia
1427 2367 1525 2404 suo
1542 2344 1634 2405 “ad
1680 2355 2005 2406 monasterii

405 2419 865 2470 constructionem
892 2435 945 2470 se
959 2421 1346 2485 prastiturum
1373 2425 1651 2488 pollicitus
1681 2425 1911 2478 est.Ilem
1941 2427 2003 2477 in

405 2503 465 2562 s_e_
478 2490 707 2562 suscepit
725 2489 1059 2549 Wilhelmus,
1080 2505 1145 2541 ac
1174 2497 1569 2546 consummatis
1588 2496 1662 2547 ad
1692 2498 2004 2562 regularem

405 2559 764 2624 disciplinam
813 2563 1130 2613 necessariis
1177 2563 1438 2628 aediﬁciis,
1491 2581 1625 2619 novo
1674 2559 2004 2619 monasterio

396 2631 641 2696 praefecit
664 2630 981 2693 Henricum,
1014 2647 1172 2698 quem
1195 2635 1330 2686 illuc
1349 2651 1473 2688 cum
1491 2638 1622 2689 aliis
1646 2653 1672 2689 e
1701 2640 1815 2689 suis
1845 2638 2007 2689 disci-

398 2701 554 2774 pulis
574 2700 795 2774 (lirerit.
833 2702 907 2754 Eo
936 2704 1190 2768 lle/uncto
1219 2707 1399 2758 alium
1432 2709 1492 2758 in
1521 2710 1636 2774 ejus
1669 2709 1846 2760 locum
1875 2708 2006 2759 sub-

402 2772 588 2823 stituit
628 2772 947 2824 Wilhelmus
970 2790 985 2833 ,'
1010 2789 1189 2840 quem,
1215 2791 1341 2828 cum
1366 2772 1553 2829 minus
1573 2784 1702 2831 esset
1723 2780 1795 2830 ad
1816 2793 2006 2830 mona-

402 2843 563 2894 sterii
581 2844 825 2908 regimen
848 2844 1088 2905 idoneus,
1105 2846 1178 2896 ad
1190 2847 1548 2913 llirsaugiam
1565 2851 1850 2902 revocavit.
1883 2849 2005 2903 Non

403 2913 555 2982 enim
585 2929 668 2965 eos
689 2915 887 2981 quibus
916 2917 1187 2982 ejusmodi
1217 2919 1459 2970 locorum
1480 2935 1672 2973 curam
1706 2923 2007 2973 committe-

402 2981 510 3044 bat,
553 2986 643 3036 vir
687 2991 909 3058 sanctus
940 2981 985 3038 a
1023 3002 1125 3038 sua
1152 2988 1454 3042 absolrebat
1481 2992 1824 3058 subiectione.
1849 2993 2004 3057 {Egre

403 3058 589 3108 tamen
621 3057 750 3108 tulit
771 3057 829 3109 id
848 3059 1060 3124 factum
1078 3058 1390 3112 Gebhardus
1406 3060 1836 3115 Constantiensis
1850 3064 2004 3114 anti-

404 3130 525 3199 stes,
574 3129 674 3192 qui
703 3127 850 3180 hunc
890 3129 1156 3188 abbatem,
1178 3132 1318 3182 sicut
1348 3136 1395 3182 et
1425 3135 1542 3199 ejus
1563 3134 2004 3199 prwdecessorem

2087 1927 2405 1995 procedente
2428 1930 2661 1992 tempore
2687 1926 2888 1976 amisso
2908 1920 3138 1976 abbatis:
3165 1923 3408 1995 tituloin
3433 1923 3703 1989 primum

2089 1993 2340 2050 ordinem
2370 1995 2673 2055 redactum,
2705 2010 2769 2046 ac
2789 1995 3024 2060 denique
3052 1995 3116 2046 in
3150 1993 3525 2060 parochialem
3553 1995 3703 2046 resi-

2089 2068 2336 2122 dentiam
2356 2068 2823 2133 transformat-um
2848 2067 3082 2133 fuithut
3118 2068 3297 2117 monet
3328 2063 3699 2119 Trithemius.

2087 2141 2249 2193 sicde
2278 2155 2340 2192 ea
2369 2131 2606 2192 cella'ad
2649 2152 2869 2190 annum
2918 2131 3052 2190 1085
3095 2137 3317 2203 loquens
3345 2153 3362 2188 :
3400 2133 3574 2188 Nunc
3615 2141 3706 2203 est

2089 2209 2422 2280 parochialis
2463 2207 2768 2280 residentia
2807 2206 2867 2260 in
2892 2199 3539 2280 Gilheim,_m_opasterio_
3573 2199 3705 2258 Hir-

2089 2275 2374 2351 saugiensi
2429 2280 2652 2351 penitus
2694 2278 3056 2351 incorporata
3100 2283 3161 2330 et
3196 2275 3386 2351 abbati
3412 2275 3701 2351 subjecta.

2087 2348 2585 2420 Qui—primus'huic
2614 2351 2947 2408 monasterio
2975 2364 3010 2401 a
3041 2349 3188 2420 beato
3239 2348 3526 2420 Withelmo
3549 2363 3703 2415 prt-

2085 2419 2254 2490 f'ectus
2297 2424 2430 2489 fuit,
2461 2423 2672 2476 dicitur
2714 2422 2982 2475 Adalbero
3005 2419 3155 2486 apud
3191 2419 3443 2490 eumdem
3480 2420 3704 2490 Trithe-

2088 2488 2303 2556 mium,
2321 2497 2430 2554 vir.
2462 2498 2524 2545 ut
2543 2494 2685 2546 idem
2715 2495 2909 2544 auctor
2937 2494 3186 2557 testatur,
3202 2488 3484 2560 regularis
3505 2488 3705 2544 obser-

2087 2565 2285 2619 vantiee
2305 2561 2768 2618 studiosissimus.

2161 2635 2244 2691 15.
2278 2635 2582 2704 Septimum
2619 2635 2851 2702 denique
2879 2635 3298 2694 monasterium,
3331 2632 3480 2701 quod
3501 2629 3700 2688 beatus

2100 2708 2420 2761 Withelmus
2449 2723 2483 2760 a
2514 2706 2897 2772 funda-mentis
2939 2707 3168 2757 erexisse
3213 2710 3588 2763 memoratur,
3639 2709 3704 2758 in

2089 2780 2391 2833 Uarinthise
2407 2779 2612 2830 ducatu
2634 2779 2806 2829 situm
2827 2781 2964 2836 erat,
2982 2778 3041 2828 in
3065 2777 3175 2828 loco
3197 2776 3366 2828 Laven
3384 2776 3555 2828 dicto.
3578 2776 3706 2829 Huc

2087 2849 2378 2902 monachos
2407 2848 2691 2901 duodecim
2723 2847 2907 2899 beatus
2938 2847 3458 2917 Pateatransmisit,
3487 2848 3704 2914 quibus

2098 2921 2418 2974 Wezilonem
2433 2921 2674 2986 probata.-
2697 2919 2927 2973 oirtutis
2949 2919 3075 2970 viru
3085 2920 3228 2981 m,in
3258 2918 3496 2969 Francia
3511 2919 3708 2971 orien-

2089 2993 2190 3044 tali
2201 2992 2453 3056 genitum
2461 2991 2722 3057 pra/“ecit,
2744 3004 2904 3056 quem
2921 2988 3044 3042 vita
3067 2986 3283 3042 meritis
3306 2987 3704 3042 venerabilem

2087 3077 2152 3115 ac
2180 3060 2372 3115 multis
2390 3061 2602 3114 clarum
2633 3059 2931 3113 virtutibus
2975 3061 3162 3125 fuisse,
3192 3074 3257 3112 ac
3285 3057 3466 3112 multa
3499 3076 3708 3114 mona-

2085 3133 2256 3186 steria
2274 3132 2330 3185 in
2359 3132 2472 3185 illis
2502 3130 2798 3201 provinciis
2818 3146 2958 3200 pene
2977 3130 3224 3200 collapsa
3242 3129 3603 3201 instaurasse
3640 3147 3706 3186 ac

403 3191 636 3250 solemni
663 3200 781 3250 ritu
812 3199 1154 3252 benedixerat
1180 3218 1194 3252 :
1228 3202 1370 3252 unde
1393 3191 1619 3255 tertium
1640 3205 1903 3256 ordinare
1923 3218 2004 3254 re-
2026 3191 2068 3250 ί]
2086 3203 2421 3257 reformasse
2449 3191 2642 3255 scribit
2660 3191 3192 3256 Trithbmius.Porro
3208 3218 3271 3253 ex
3286 3198 3356 3254 iis
3374 3202 3699 3263 θηοηαοΙιίερ

403 3270 551 3323 nuit.
575 3271 688 3320 nisi
700 3271 863 3335 prius
883 3286 1008 3322 eum
1029 3286 1064 3322 a
1085 3287 1187 3323 sua
1213 3272 1514 3325 obedientia
1539 3275 1774 3327 liberum
1805 3276 2002 3339 faceret

415 3339 754 3392 Wilhetmus.
790 3341 840 3392 Is
885 3342 996 3406 fuit
1043 3347 1266 3394 sanctus
1321 3343 1636 3411 Theogerus,
1670 3362 1734 3398 es;
1762 3346 2006 3398 Hirsau-

401 3411 581 3476 giensi
591 3413 925 3463 monasterio
941 3414 1728 3481 pariterassumptus,quipost
1743 3418 1944 3481 viginti
1956 3419 2004 3468 et

402 3484 517 3532 octo
535 3481 667 3544 (alio
689 3483 750 3533 in
768 3482 878 3534 loco
907 3483 1240 3535 Trithemius
1263 3486 1496 3548 triginta
1515 3487 1690 3552 habet)
1716 3488 2004 3552 regiminis

401 3565 597 3610 annos,
626 3551 1254 3619 Mettensiumepiscopus
1269 3555 1562 3608 ordinatus
1582 3551 1677 3609 est.
1710 3559 1810 3611 Hic
1830 3559 2009 3609 sancti

405 3619 621 3687 Georgii
650 3625 1050 3675 monasterium
1080 3626 1322 3676 multum
1344 3628 1667 3687 illustravit,
1692 3633 1739 3679 et
1759 3630 1874 3679 alia
1901 3644 2008 3679 mo-

402 3691 712 3744 nachorum
741 3707 806 3744 ac
833 3695 1324 3747 sanctimonalium
1347 3698 1629 3762 aediﬁcavit
1649 3701 2001 3759 monasteria,

404 3763 485 3814 ita
517 3767 577 3814 ut
606 3765 935 3835 animarum
965 3776 1067 3816 occ
1099 3769 1211 3818 tam
1240 3769 1490 3819 rirorum
1513 3784 1681 3835 quam
1701 3771 2006 3821 mulierum

403 3846 601 3904 qu-ram
645 3833 898 3886 habuisse
935 3835 1173 3888 dicatur.
1201 3837 1273 3889 De
1314 3853 1370 3889 eo
1407 3833 1650 3904 agemus,
1685 3841 1788 3893 [leo
1817 3841 1998 3896 dante.

399 3901 607 3959 Saecula
636 3907 899 3971 sequenti.
922 3907 1322 3960 Monasterium
1344 3901 1535 3962 Sancti
1565 3911 1779 3976 Georgii
1799 3913 2004 3963 invasit

404 3989 518 4027 non
559 3977 640 4028 ita
663 3976 883 4042 pridem
910 3977 1026 4029 dua;
1066 3978 1527 4045 Witembergensis
1555 3982 1920 4039 Lutheranus,
1955 3985 2003 4033 et

400 4046 661 4118 monachi
715 4061 842 4099 cum
898 4048 1086 4100 abbate
1115 4051 1227 4102 alio
1251 4054 1656 4118 transmigrare
1677 4054 1848 4105 coacti
1881 4052 2004 4104 Wil-

404 4117 618 4188 lingam
647 4123 993 4179 secesserunt,
1030 4120 1209 4186 ibique
1241 4117 1505 4174 hactenus
1523 4128 1889 4188 perseverant.

471 4186 556 4243 11.
591 4189 834 4242 Tertium
856 4194 1274 4252 monasterium,
1301 4194 1444 4258 quod
1466 4209 1502 4245 a
1523 4186 1679 4246 beato
1723 4194 2002 4246 Withelmo

400 4263 778 4313 constructum
807 4277 914 4313 esse
944 4267 1252 4315 memorant
1297 4264 1417 4316 Vites
1453 4269 1648 4317 auctor
1693 4269 1740 4317 et
1789 4264 2002 4317 Trithe-

397 4331 565 4392 mius,
591 4333 764 4384 situm
795 4337 915 4384 erat
944 4334 1007 4384 in
1039 4334 1292 4392 Bavaria,
1323 4335 1424 4386 sub
1455 4335 1597 4387 beati
1625 4336 1864 4388 Martini
1901 4335 2004 4387 Tu-

400 4403 652 4454 ronensis
699 4405 970 4456 antistitis
1011 4407 1323 4470 patrocinio
1371 4406 1694 4470 finitimum,
1732 4421 1825 4458 nec
1853 4405 1914 4456 de
1945 4421 2002 4456 eo

391 4472 567 4537 plura
597 4472 795 4525 habent
824 4475 914 4525 illi
941 4479 1207 4534 auctores,
1235 4477 1349 4527 nisi
1377 4478 1520 4542 quod
1549 4479 1683 4529 illuc
1714 4477 1897 4529 beatus
1913 4477 2002 4527 vir

401 4544 774 4613 transmiserit
803 4544 1049 4596 abbatem
1078 4550 1128 4597 et
1155 4549 1368 4613 aliquot
1400 4548 1690 4600 monachos
1739 4549 1799 4599 in
1846 4543 2068 4612 reg-u-D

401 4612 516 4663 lari
541 4613 840 4679 disciplina
866 4612 1296 4680 probatissimOs.

476 4679 556 4737 1‘2.
604 4679 879 4749 Quartum
929 4687 1106 4737 locum
1139 4687 1340 4740 obtinet
1371 4691 1770 4740 monasterium
1811 4688 2005 4743 Sancti

396 4755 559 4826 Petri
582 4754 982 4820 Erphordiense
1012 4759 1074 4808 in
1102 4757 1429 4825 Thuringia,
1455 4762 1614 4826 cujus
1635 4774 1832 4810 curam
1863 4776 2003 4812 com-

396 4824 677 4878 mendavit
722 4824 1357 4890 WilhelmusGiselberto,
1379 4833 1479 4896 qui
1505 4824 1570 4881 ex
1593 4830 1853 4882 monacho
1875 4832 2001 4884 llir-

393 4897 677 4962 saugiensi
686 4898 813 4962 jam
839 4902 971 4950 tunc
992 4902 1266 4965 temporis,
1285 4905 1345 4952 ut
1375 4901 1617 4952 dicemus
1639 4902 1815 4966 infra,
1837 4902 2001 4954 abbas

396 4971 517 5019 erat
547 4967 1150 5023 Reinharzbronnensis
1194 4973 1368 5023 vicini
1416 4974 1757 5023 monasterii.
1808 4972 2000 5024 Verum

387 5041 512 5106 post
543 5038 684 5090 beati
711 5038 922 5091 abbatis
954 5046 1202 5099 mortem,
1231 5041 1544 5095 Gebhardus
1572 5045 1688 5108 ejus
1707 5058 1994 5104 successor,

390 5124 543 5162 anno
571 5111 664 5161 sui
692 5111 980 5175 regiminis
1002 5128 1073 5173 x1,
1094 5114 1229 5164 illuc
1251 5114 1542 5165 monachos
1571 5114 1855 5164 duodecim
1873 5128 1998 5166 cum

390 5180 732 5241 Burchardo,
759 5197 916 5248 quem
938 5184 1013 5234 eis
1036 5185 1280 5248 praefecit
1294 5185 1559 5243 abbatem,
1576 5185 1999 5236 direritJ-lultis

389 5266 515 5305 vero
544 5254 890 5318 argumentis
905 5254 1100 5318 probat
1128 5254 1462 5306 Trithemius
1485 5255 1580 5306 hoc
1600 5257 1999 5307 monasterium

390 5337 504 5376 non
532 5323 703 5389 fuisse
747 5323 1028 5376 Wilhelmo
1075 5327 1386 5391 antiquius,
1440 5326 1583 5392 quod
1624 5341 1722 5376 suo
1763 5330 1996 5391 tempore

389 5396 660 5447 nonnulli
703 5396 885 5460 ipsum
931 5410 966 5447 a
1003 5396 1301 5462 Dagoberto
1348 5411 1468 5462 rege
1515 5397 1798 5448 conditum
1827 5398 1996 5462 fuisse

386 5466 789 5518 contenderent.
1319 5523 1325 5530 ,

464 5534 548 5590 13.
568 5537 839 5602 Quintum
863 5540 1266 5590 monasterium
1287 5539 1387 5590 sub
1418 5538 1580 5590 beatas
1607 5538 1798 5590 Maria
1811 5542 1996 5603 patro-

387 5607 537 5658 cinio
557 5607 630 5658 ad
645 5607 1192 5675 Duplicem-Aquam,
1217 5611 1411 5674 lingua
1442 5609 1769 5661 Theutonica
1785 5607 1996 5661 Zwifal-

385 5679 486 5729 ten
514 5677 743 5735 dicitur,
759 5680 932 5731 situm
955 5681 1018 5731 in
1047 5679 1266 5739 Suevia,
1296 5681 1531 5733 di'cecesis
1560 5681 1994 5734 Constantiensis

378 5759 550 5814 prope
578 5747 920 5810 Danubium,
955 5753 1018 5801 ut
1037 5754 1218 5806 nionet
1240 5750 1580 5804 Bertholdus.
1606 5751 1715 5804 Hoc
1737 5752 1964 5804 vetustio

383 5828 506 5875 rem
526 5817 746 5884 quidem
769 5817 964 5875 habuit
983 5821 1276 5888 originem,
1292 5821 1383 5874 sed
1400 5823 1481 5876 ita
1505 5825 1636 5875 tunc
1654 5821 1994 5880 destructum

2086 3277 2186 3342 qui
2214 3291 2340 3327 cum
2381 3275 2646 3327 Wezilone
2677 3276 2737 3326 in
2773 3273 3129 3326 Uarinthiam
3156 3272 3518 3332 advenerant,
3557 3274 3697 3333 duo,

2086 3346 2397 3412 Sigcwinus
2444 3347 2650 3396 scilicet
2697 3347 2747 3395 et
2789 3343 3148 3404 Gaudentius,
3183 3345 3248 3396 in
3275 3344 3495 3396 abbates
3530 3345 3702 3397 electi

2089 3419 2260 3483 fuere,
2293 3418 2452 3482 prior
2481 3417 2543 3468 in
2561 3417 2895 3467 monasterio
2925 3413 3100 3466 Rosaz
3131 3429 3303 3484 prope
3351 3413 3698 3484 Aquileiam

2089 3487 2148 3540 in
2181 3486 2489 3548 Sclavonia,
2514 3488 2698 3553 inqu-it
2718 3486 3070 3543 Trithe-mius,
3103 3487 3250 3537 alter
3269 3500 3392 3537 vero
3413 3489 3479 3538 in
3509 3489 3701 3539 altera

2090 3560 2443 3621 monasterio,
2474 3560 2633 3624 cujus
2656 3572 2852 3608 nomen
2874 3558 3079 3608 reticet.
3116 3556 3309 3607 Verum
3335 3556 3393 3608 id
3415 3571 3705 3622 presum-

2082 3633 2310 3695 pserant
2327 3630 2523 3694 absque
2542 3627 2752 3679 abbatis
2771 3627 3180 3692 Hirsaugiensis
3193 3630 3411 3680 veniam
3419 3627 3528 3678 nde
3539 3643 3696 3679 com-

2089 3701 2255 3752 muni
2275 3700 2758 3764 Ilirsaugiensium
2776 3697 3169 3750 monachorum
3185 3698 3392 3749 decreto
3403 3701 3698 3750 statutum

2088 3776 2162 3823 est
2219 3775 2280 3822 ut
2321 3772 2552 3822 nomina
2608 3784 2800 3821 eorum
2845 3785 2909 3820 ex
2947 3774 3141 3822 sancto
3169 3767 3402 3836 collegio
3436 3767 3696 3822 fratrum

2085 3842 2507 3900 abraderentur,
2544 3855 2639 3892 nec
2698 3839 3033 3892 haberentur
3065 3854 3318 3905 unquam
3361 3840 3516 3904 apud
3559 3840 3699 3893 Hir-

2085 3914 2398 3978 saugienses
2426 3926 2525 3977 pro
2553 3911 2858 3963 abbatibus.
2887 3909 3002 3975 Qua
3031 3909 3092 3961 de
3123 3925 3181 3961 re
3209 3914 3580 3976 compunctus
3602 3912 3698 3965 Si-

2084 3985 2332 4048 gewinus
2363 3983 2726 4047 Hirsaugiam
2758 3983 2944 4039 rediit,
2997 3984 3048 4031 et
3077 3982 3353 4047 resignato
3381 3982 3442 4032 in
3479 3996 3698 4034 manus

2085 4053 2373 4114 Gebhardi,
2404 4055 2504 4120 qui
2511 4055 2576 4118 ja
2585 4068 2635 4103 νη
2657 4056 2842 4104 sancto
2857 4051 3136 4105 Wilhelmo
3149 4055 3497 4108 successerat,
3523 4053 3700 4104 abba-

2088 4127 2157 4176 tis
2207 4125 2390 4184 titulo,
2423 4127 2641 4175 veniam
2671 4123 2986 4190 postulavit,
3031 4127 3079 4174 et
3116 4122 3343 4190 jubente
3392 4121 3694 4175 Gebhardo

2085 4196 2340 4247 omnium
2371 4196 2605 4246 ultimus
2625 4195 2688 4244 in
2708 4194 3124 4258 congregatione
3143 4193 3295 4244 sedit.
3312 4189 3415 4244 Sed
3434 4195 3490 4243 ei
3506 4196 3695 4260 pani-

2087 4268 2222 4318 tenti
2242 4267 2384 4318 idem
2405 4265 2568 4316 abbas
2592 4268 2776 4330 postea
2807 4280 2917 4315 non
2933 4266 3110 4316 solum
3130 4265 3514 4328 paenitentiam
3533 4268 3694 4317 rela-

2082 4338 2258 4394 xavit,
2313 4351 2504 4388 verum
2543 4337 2711 4387 etiam
2756 4335 2819 4385 in
2862 4334 3074 4385 abbatis
3102 4335 3371 4399 dignitate
3420 4337 3694 4388 restituto

2083 4407 2346 4460 Rosaeum
2364 4407 2545 4459 red-ire
2563 4406 2837 4471 permisit.
2861 4406 2980 4458 Hac
3007 4404 3070 4456 de
3102 4406 3450 4456 monasteriis
3471 4420 3509 4456 a
3524 4405 3690 4458 beato

2093 4478 2376 4531 Wilhelmo
2405 4478 2712 4530 exstructis.

2167 4546 2243 4602 l6.
2269 4547 2371 4602 Sed
2395 4551 2594 4614 praeter
2623 4548 2725 4598 illa
2770 4545 2891 4598 Vita:
2908 4550 3104 4598 auctor
3149 4548 3261 4598 tria
3290 4547 3406 4598 alia
3443 4561 3691 4600 comme-

2087 4623 2414 4685 morat,qu.e
2441 4619 2584 4669 idem
2614 4621 2836 4669 sanctus
2854 4631 2987 4682 pene
3005 4619 3131 4681 jam
3161 4617 3436 4668 destructa
3462 4622 3693 4670 restau-

2087 4692 2252 4742 ravit.
2283 4689 2672 4742 Schallusense
2701 4686 3312 4750 scilicet,Petershusen
3332 4694 3379 4739 et
3404 4687 3692 4757 Camper-

2083 4776 2271 4830 gense.
2310 4761 2379 4813 [)e
2419 4759 2804 4824 Seha/I‘usensi,
2845 4761 2938 4809 cui
2977 4757 3318 4830 Sige/‘ridum
3366 4759 3692 4830 petentibus

2088 4827 2190 4884 loci
2201 4831 2484 4884 monachis
2500 4831 2760 4896 praefecit,
2766 4830 2935 4894 plura
2955 4829 3202 4881 diximus
3213 4829 3510 4880 adannum
3544 4827 3692 4884 1075

2082 4904 2355 4954 occasione
2382 4900 2657 4954 Ebehardi
2675 4900 2914 4966 ejusdem
2948 4901 3050 4950 loci
3077 4915 3141 4951 e1;
3168 4901 3361 4952 comite
3389 4901 3667 4952 monachi
3673 4942 3685 4958 ,

2082 4972 2454 5030 Pete-rshusen,
2479 4987 2571 5023 seu
2599 4973 2781 5036 potius
2812 4969 3249 5036 Petroburgense,
3284 4971 3341 5021 id
3370 4974 3445 5021 est
3475 4972 3688 5023 domus

2083 5045 2248 5101 Petri,
2283 5043 2616 5096 conditorem
2648 5041 2838 5093 habuit
2868 5042 3060 5092 saeculo
3091 5041 3297 5094 decimo
3329 5040 3690 5094 Gebhardum

2084 5113 2552 5167 Constantiensem
2571 5114 2897 5178 episcopum,
2914 5115 2985 5178 ut
3013 5111 3262 5162 diximus
3283 5113 3345 5163 in
3360 5114 3476 5176 ejus
3497 5114 3688 5178 elogio

2082 5185 2287 5238 Szculo
2297 5185 2576 5251 superiori
2588 5177 2888 5234 adannum
2902 5177 3027 5244 995,
3049 5181 3146 5233 ubi
3159 5184 3330 5247 plura
3347 5182 3409 5233 de
3429 5177 3688 5247 ejusdem

2081 5258 2408 5307 monasterii
2435 5253 2763 5321 fundatione
2794 5252 3083 5309 habentur,
3111 5267 3228 5315 quae
3249 5252 3336 5303 hic
3368 5268 3477 5304 non
3498 5255 3682 5318 juvat

2081 5330 2330 5392 repetere.
2359 5326 2538 5392 Hujus
2561 5326 2664 5376 loci
2690 5323 2854 5376 abbas
2873 5337 2908 5374 a
2943 5322 3226 5375 Wilhelmo
3246 5324 3579 5375 constitutus
3600 5329 3684 5376 est

2078 5397 2352 5450 Dietricus
2380 5412 2472 5448 seu
2518 5395 2888 5452 Theodericus,
2929 5396 3093 5445 antea
3130 5395 3290 5460 prior
3337 5394 3682 5458 Ilirsaugiz.

2077 5467 2263 5522 Sit-um
2291 5472 2364 5519 est
2387 5467 2482 5519 hoc
2515 5467 2915 5518 monasterium
2931 5465 2992 5515 in
3007 5463 3207 5518 Suevia
3222 5480 3248 5515 e
3270 5466 3488 5529 regione
3513 5466 3678 5516 urbis

2082 5539 2431 5598 Constantia,
2474 5539 2550 5589 eis
2575 5541 2795 5602 pontem
2818 5535 3004 5593 Rheni,
3031 5536 3093 5585 in
3114 5535 3337 5587 dextera
3366 5538 3521 5600 ejuse
3541 5536 3681 5587 lacu

2075 5602 2310 5675 dcronio
2337 5609 2659 5675 prodeuntis
2691 5608 2834 5671 ripa.
2880 5605 3065 5657 Varias
3080 5607 3197 5671 ejus
3227 5605 3403 5657 clades
3433 5610 3681 5658 recenset

2075 5672 2381 5745 Stengelius
2407 5681 2469 5731 in
2498 5677 2991 5741 Monasteriologio,
3037 5675 3298 5742 hodieque
3337 5676 3437 5728 sub
3484 5681 3678 5729 nostro

2077 5750 2269 5803 ordine
2297 5750 2495 5803 celebre
2531 5749 2798 5801 subsistit.
2820 5747 3060 5813 Denique
3090 5749 3490 5799 monasterium
3511 5747 3680 5800 0am-

2071 5835 2330 5888 pergense
2343 5835 2493 5878 anno
2507 5816 2646 5876 1079
2663 5818 2914 5872 construi
2923 5818 3074 5886 erepit
3085 5832 3120 5871 a
3140 5817 3460 5873 Burchardo
3470 5818 3672 5874 comite
