3872 6168
170 255 270 313 897

1301 255 1499 316 νιΤΑ.
1541 283 1608 302 -
1646 255 1947 315 OBSERV.
1988 254 2317 312 PRIEVIIE.

3339 256 3444 320 898

167 381 617 448 Rotenburgensi.
650 383 751 449 qui
773 385 891 449 post
919 395 1097 434 annos
1130 395 1338 442 novem,
1374 384 1768 436 consummatis
1787 386 1831 442 Α
1858 383 2078 448 excepti,
2112 380 2338 448 aliquod
2368 384 2578 448 tempus
2605 380 2754 447 apud
2785 381 3144 448 flirsaugiam
3176 386 3446 451 transege-

171 455 496 505 monasterii
523 455 783 518 aediﬁciis,
817 469 851 504 a
874 453 1022 504 beato
1038 453 1321 505 Withelmo
1342 453 1620 505 duodecim
1648 470 1770 506 mo-

170 524 363 575 nachos
414 540 482 576 es:
529 527 862 577 monasterio
918 524 1308 588 Hirsaugiensi
1353 526 1590 576 obtinuit
1642 541 1769 576 cum

167 594 438 648 Gonthero
466 595 676 657 abbate,
708 595 845 658 viro,
895 596 1079 660 inquit
1120 594 1476 659 Trithemius,
1500 601 1694 648 sancto
1714 600 1770 648 et

168 663 320 717 valde
351 663 639 734 religioso,
676 665 770 734 qui
800 664 1157 718 commissum
1191 663 1293 717 sibi
1311 665 1608 735 pastoralis
1623 682 1769 719 curae

167 735 414 788 ofﬁcium
447 735 874 806 diligentissime
904 751 1266 806 prosequens,
1293 752 1555 806 magnam
1584 737 1772 790 multi-

167 806 418 864 tudinem
453 807 564 860 Deo
603 807 964 860 servientium
1010 807 1406 860 monachorum
1438 807 1590 861 brevi
1631 814 1772 860 tem-

167 893 292 948 pore
317 877 378 930 in
407 878 604 932 eodem
635 879 755 931 loco
771 877 1148 948 congregavit.
1198 879 1312 931 Huc
1341 880 1599 931 monachi
1643 881 1772 933 Ηιν-

167 952 474 1014 saugienses
502 951 845 1002 advenerunt
874 965 1024 1002 anno
1046 949 1205 1003 1088.
1238 950 1535 1002 Wilhelmi
1561 951 1772 1002 abbatis

168 1033 271 1078 xxx,
303 1022 612 1073 indictione
644 1036 715 1081 x1,
751 1037 856 1088 quo
885 1035 1034 1072 anno
1055 1021 1141 1072 die
1170 1019 1239 1073 21
1267 1020 1573 1072 Decembris
1603 1024 1767 1073 eccle-

168 1093 245 1142 sia
275 1092 696 1158 (Ia-mpergensis
736 1094 798 1144 in
835 1091 1036 1144 honore
1064 1092 1246 1143 sancti
1274 1091 1493 1144 Nicolai
1521 1107 1641 1144 cum
1675 1106 1768 1143 ca-

165 1163 314 1228 pellis
355 1165 406 1214 et
437 1164 714 1214 altaribus
744 1163 1158 1229 q-uatuordecim
1187 1163 1434 1214 dedicata
1454 1163 1618 1228 fuita
1639 1177 1766 1214 san-

170 1237 243 1284 cto
272 1233 606 1285 Adelberone
626 1235 866 1299 episcopo
887 1233 1277 1300 Herbipolensi,
1306 1235 1364 1284 in
1381 1235 1539 1299 cujus
1555 1233 1766 1284 dz'acesi

170 1305 267 1354 sita
296 1308 438 1355 erat.
476 1305 723 1370 lnsignes
755 1305 943 1356 habuit
975 1309 1171 1369 prater
1202 1303 1588 1355 Burchardum
1618 1305 1759 1355 alios

173 1374 546 1438 bene/actores,
578 1377 928 1442 potissimum.
959 1375 1259 1428 Henricum
1291 1375 1558 1431 comitem,
1580 1379 1764 1440 postea

170 1445 369 1508 ducem,
406 1448 526 1511 ejus
553 1447 811 1510 fratrem,
846 1447 944 1512 qui
973 1450 1215 1512 quatuor
1243 1445 1457 1510 oppida,
1501 1450 1546 1496 el
1574 1447 1762 1511 plures

171 1516 320 1568 villas
348 1518 534 1568 eidem
581 1519 914 1567 monasterio
960 1517 1184 1567 donasse
1230 1516 1562 1581 perhibetur.
1599 1516 1763 1567 Locus

175 1589 255 1638 ille
285 1588 512 1639 celebris
540 1588 900 1652 perseveravit
930 1587 1030 1638 sub
1057 1587 1397 1638 llenediclino
1435 1587 1626 1637 ordine
1675 1602 1763 1636 us-

171 1673 264 1723 que
291 1658 362 1708 ad
400 1657 698 1709 Trithemii
724 1663 952 1716 atatem,
978 1658 1066 1708 sed
1088 1657 1306 1709 tandem.
1329 1657 1586 1708 monachi
1607 1657 1764 1710 Cam-

167 1742 456 1794 pergenses,
513 1727 849 1788 novissimis,
895 1729 1080 1794 inquit
1136 1729 1244 1784 ille.
1307 1725 1503 1779 diebus
1554 1727 1761 1780 nostris

170 1798 595 1867 persuadentem
620 1798 771 1851 intus
803 1797 1084 1850 diabolum
1105 1796 1300 1862 secuti,
1333 1798 1402 1850 ab
1423 1796 1616 1850 ordine
1638 1814 1763 1850 san-

173 1874 270 1930 cto,
300 1885 466 1938 quem
488 1868 724 1939 professi
764 1869 986 1922 fuerant
1016 1873 1386 1928 recesserunt,
1419 1869 1538 1921 sine
1569 1869 1761 1938 regula

171 1940 445 2010 cupientes
477 1940 682 2002 vivere,
717 1940 846 1993 facti
877 1944 1006 1994 sunt
1028 1940 1254 1993 nomine
1275 1939 1762 1993 etconversatione

171 2011 405 2064 canonici
436 2011 758 2065 saeculares.

237 2082 316 2137 i7.
341 2085 517 2136 Porro
549 2083 635 2134 his
666 2083 1013 2135 monasteriis
1033 2083 1102 2134 ab
1121 2086 1341 2133 auclore
1373 2081 1494 2133 Vita-
1517 2082 1760 2133 laudatis

170 2155 274 2205 alia
300 2154 643 2205 Trithemius
663 2155 939 2219 adiungit,
974 2169 1092 2219 quae
1119 2168 1153 2204 a
1184 2154 1332 2204 beato
1368 2151 1657 2208 Wilhelmo
1680 2167 1760 2204 re-

173 2228 397 2288 formata
419 2227 679 2291 fuerunt.
707 2225 789 2276 E1:
808 2224 891 2276 his
911 2227 1042 2276 sunt
1065 2225 1462 2275 monasterium
1479 2224 1759 2288 Alforten-

170 2312 217 2345 se
237 2296 292 2347 in
307 2298 522 2348 dicrcesi
542 2296 1111 2361 Argentoratensi,eui
1123 2295 1372 2345 abbatem.
1390 2295 1629 2360 prmfecit
1650 2293 1762 2348 We-

175 2367 447 2425 liehonem,
483 2381 521 2418 a
557 2367 856 2418 Trithemio
888 2366 1198 2423 laudatum,
1233 2366 1376 2431 quod
1424 2380 1534 2417 non
1580 2365 1759 2417 solum

177 2438 449 2489 monachos
470 2437 582 2488 sibi
601 2439 927 2495 commissos,
953 2437 1044 2487 sed
1053 2438 1218 2488 etiam
1237 2437 1461 2501 populos
1474 2437 1677 2487 vicinos
1688 2435 1761 2486 ad

170 2523 400 2560 anwrem
425 2509 526 2560 Dei
541 2509 869 2559 incitaverit.
917 2508 984 2558 De
1003 2507 1098 2558 hoc
1122 2508 1448 2558 monasterio
1475 2509 1643 2572 plura
1665 2506 1760 2556 ha-

172 2581 245 2630 bes
272 2595 443 2646 supra
477 2581 538 2630 in
577 2579 1042 2630 observationibus
1071 2578 1144 2628 ad
1184 2578 1354 2629 Vitam
1412 2579 1592 2628 sancti
1638 2577 1760 2628 Leo-

171 2652 249 2701 nis
278 2650 362 2713 ΙΧ,
393 2650 470 2701 ad
499 2664 722 2701 annum
753 2648 906 2703 1054.
944 2649 1085 2700 Idem
1127 2646 1449 2703 Wilhelmus
1482 2649 1541 2698 in
1570 2662 1761 2699 mona-

169 2724 322 2772 sterio
358 2719 588 2772 stensi
618 2720 1045 2774 Constantiensis
1065 2718 1298 2770 dicecesis
1327 2717 1572 2770 abbatem
1605 2720 1760 2770 insli-

171 2794 266 2842 tuit
297 2791 756 2850 Erchinbotdum,
791 2790 1100 2842 eruditione
1129 2793 1176 2840 et
1211 2791 1498 2840 sanctitate
1528 2790 1646 2839 vita?
1677 2791 1761 2840 in-

167 2864 384 2928 signem.
454 2862 843 2916 Ottenburensi
886 2861 1120 2912 ditccesis
1167 2861 1500 2924 Augustanz
1542 2857 1760 2913 Wilhel-

169 2949 334 2992 mum,
369 2934 614 2986 Burensi
639 2946 764 2984 vero
793 2934 855 2983 in
883 2931 1066 2983 eadem
1083 2931 1308 2990 diacesi,
1339 2945 1429 2982 seu
1462 2930 1761 2982 Benedicto-

1852 458 2006 504 runt.
2045 451 2250 517 Quibus
2277 454 2621 517 postmodum
2642 453 2773 504 data
2802 457 2876 504 est
2906 453 2980 504 ad
3011 454 3444 508 inhabitandam

1851 525 1985 575 cella
2017 523 2208 577 Sancti
2239 523 2487 588 Gregorii
2532 525 2594 574 de
2628 523 3005 583 lteichenbach,
3039 525 3102 577 de
3131 541 3240 592 qua
3270 541 3441 592 supra

1852 610 2007 646 num.
2045 597 2097 652 9,
2153 596 2324 659 plura
2375 593 2793 646 observavimus.
2831 595 3067 661 Denique
3115 596 3440 650 Giselbertus

1853 666 2178 717 monasterii
2226 665 2755 724 Fontis—lteinhardi,
2815 681 2906 717 seu
2950 666 3442 719 llheinardisbron-

1854 738 2054 794 nensis,
2083 737 2139 786 in
2173 749 2389 787 nemore
2427 735 2743 800 Thuringue
2771 737 2883 796 siti,
2917 737 3080 789 abbas
3100 753 3134 789 a
3157 738 3304 791 beato
3333 737 3439 794 Wi-

1855 806 2052 857 lhelmo
2082 807 2372 857 institutus
2400 811 2496 868 est,
2529 809 2620 857 cui
2647 809 2812 858 etiam
2844 811 3168 860 monasterii
3197 809 3442 876 Erphor-

1853 878 2075 935 diensis,
2111 881 2172 928 ut
2202 891 2372 942 supra
2418 877 2682 935 diximus,
2727 893 2921 929 curam
2951 882 3241 938 commisit,
3275 881 3442 933 donec

1854 947 2253 1000 monachorum
2284 947 2616 1000 habitationi
2635 953 2828 1014 aptum
2857 954 3002 1000 esset.
3039 951 3156 1002 [lac
3174 952 3236 1003 de
3265 953 3440 1004 variis

1852 1019 2250 1070 monachoran
2281 1020 2524 1077 coloniis,
2561 1035 2678 1085 qua
2706 1019 2805 1070 sub
2833 1020 3024 1071 abbate
3064 1019 3346 1075 Wilhelmo
3375 1039 3440 1075 ea:

1851 1090 2183 1141 monasterio
2214 1089 2598 1154 [lirsaugiensi
2628 1092 2687 1142 in
2717 1092 2902 1142 rarias
2938 1090 3240 1144 Germania:
3269 1095 3441 1159 regio-

1851 1176 1942 1211 nes
1971 1160 2207 1210 deduclee
2235 1161 2484 1225 fuerunt.
2546 1161 2705 1212 Nunc
2733 1161 3020 1214 dicendum
3063 1164 3126 1214 de
3154 1164 3439 1230 discipulis

1846 1233 1961 1296 ejus
1973 1230 2373 1291 celebrioribus,
2391 1232 2490 1297 qui
2509 1231 2803 1284 Ecclesium
2830 1236 2879 1283 et
2900 1233 3152 1286 ordinem
3183 1239 3436 1287 nostr-um

1848 1304 2232 1353 illustrarunt.

1926 1370 2005 1426 19.
2042 1371 2232 1432 Fama,
2283 1373 2465 1437 inquit
2519 1372 2869 1430 Trithenn'us,
2940 1373 3277 1428 sanctissimi
3332 1374 3438 1429 viri

1845 1441 2130 1495 Wilhelmi
2155 1441 2371 1516 abbatis
2384 1443 2547 1516 longe
2563 1442 2794 1516 lateque
2809 1460 2908 1513 per
2914 1444 3107 1516 orbem
3129 1446 3436 1516 divulgata,

1846 1518 2136 1582 cmperunt
2156 1513 2223 1564 ad
2255 1529 2381 1564 eum
2416 1513 2575 1565 multi
2598 1515 2879 1567 conﬂuere
2910 1515 2964 1567 in
2996 1517 3197 1570 saeculo
3221 1513 3438 1571 n0biles

1846 1589 1904 1636 et
1930 1584 2150 1658 divites,
2175 1583 2645 1658 qui,_contemptis
2657 1585 2913 1658 omnibus
2927 1586 3092 1641 rebus
3105 1589 3438 1658 pompisque

1848 1655 2059 1711 mundi.
2094 1671 2265 1708 suave
2290 1655 2488 1722 jugum
2549 1655 2769 1708 Domini
2825 1657 2928 1708 sub
2969 1659 3087 1725 ejus
3105 1655 3438 1713 Vobedientia

1784 1725 2181 1796 Bportandum
2211 1725 2521 1778 subierunt.
2549 1728 2611 1779 Et
2634 1728 2873 1793 quulem,
2893 1733 2953 1779 ut
2982 1732 3064 1781 ait
3094 1731 3434 1792 Bertholdus,

1843 1795 2041 1850 auctor
2071 1795 2356 1852 Wilbelmo
2372 1799 2687 1862 eequalis,in
2702 1799 2966 1852 Chronico
2977 1802 3050 1851 ad
3059 1816 3276 1854 annum
3293 1801 3437 1856 1083

1844 1869 1906 1919 de
1938 1869 2113 1920 tribus
2144 1871 2511 1924 monasteriis,
2537 1870 2737 1920 scilicet
2759 1869 2952 1922 Sancti
2983 1871 3152 1924 Illas-ii
3182 1874 3241 1923 in
3263 1873 3440 1926 Silva-

1845 1939 2433 2004 Nigra,llirsaugiensi
2450 1943 2498 1991 et
2521 1939 2875 2004 Scafhusensi
2894 1942 3133 2008 loquens,
3169 1943 3440 1996 marchio-

1845 2025 1936 2062 nes
1954 2014 2001 2061 et
2031 2011 2267 2067 comites,
2302 2012 2510 2076 aliique
2532 2012 2643 2061 viri
2663 2011 2882 2071 nobiles,
2903 2013 3135 2064 admissi
3157 2015 3302 2066 inter
3321 2014 3440 2080 fra-

1847 2085 1952 2132 tres
1979 2081 2412 2145 Hirsaugienses,
2446 2095 2660 2146 pascere
2677 2096 2882 2146 porcos,
2917 2084 3151 2150 aliisque
3171 2084 3440 2150 ejusmodi

1842 2153 1898 2203 ri
1902 2151 2130 2203 tioribus
2145 2152 2471 2202 ministeriis
2483 2151 2583 2202 sub
2604 2150 2880 2206 Wilhelmi
2889 2154 3191 2206 obedientia
3216 2170 3439 2222 operam

1842 2222 1974 2274 dare
1995 2223 2215 2273 delicias
2237 2238 2348 2274 com
2353 2223 2642 2287 putabant.
2679 2223 2759 2275 Er
2780 2223 2864 2274 his
2887 2227 3183 2277 nonnullos
3206 2235 3439 2278 recenset

1849 2292 2202 2352 Trithemius,
2238 2295 2336 2358 qui
2364 2293 2435 2343 ad
2465 2293 2706 2344 Ecclesiee
2761 2294 3056 2360 dignitates
3089 2298 3440 2362 postmodum

1843 2365 2006 2415 erecti
2033 2364 2281 2428 luerunt.
2328 2364 2584 2414 Primum
2610 2366 2754 2415 inter
2773 2381 2856 2416 eos
2879 2367 3056 2418 locum
3077 2368 3277 2420 obtinet
3308 2383 3442 2420 san-

1843 2439 1958 2486 ctus
1977 2434 2210 2489 Thiemo,
2237 2449 2300 2484 ac
2312 2434 2576 2486 monacho
2599 2435 2984 2500 Ilirsaugiensi
3001 2439 3438 2505 archiepiscopus

1844 2505 2282 2569 .S'altzbtn‘gensis
2304 2509 2536 2560 creatus,
2564 2507 2662 2570 qui
2683 2508 2902 2558 tandem
2925 2509 2984 2559 in
3016 2510 3214 2561 itinere
3232 2511 3442 2562 Jeroso-

1845 2578 2116 2642 lgmitano
2148 2579 2368 2642 martyr
2396 2575 2662 2635 occubuit,
2701 2581 2758 2627 ut
2810 2579 2869 2628 in
2915 2581 3032 2643 ejus
3091 2580 3203 2632 Vita
3234 2581 3438 2634 Saeculo

1841 2647 2086 2712 sequenti
2120 2646 2438 2698 ridebimus.
2477 2647 2616 2698 Duos
2661 2648 2714 2698 ei
2766 2647 3051 2714 subjungit
3103 2649 3438 2704 Trithemius

1842 2716 2162 2776 Gebhardos,
2198 2731 2438 2782 quorum
2469 2718 2707 2782 primus,
2746 2718 3021 2770 Bertholdi
3048 2721 3204 2773 ducis
3234 2724 3432 2786 frater,

1844 2789 1903 2839 in
1935 2788 2264 2840 Constantia!
2293 2787 2446 2838 urbis
2475 2787 2650 2839 sedem
2689 2793 2913 2848 erectus,
2969 2805 3165 2843 novam
3197 2792 3437 2844 llirsau-

1840 2859 2078 2924 giensem
2128 2859 2404 2909 ecclesiam
2437 2861 2785 2918 consecravit,
2827 2864 2874 2910 et
2909 2862 3116 2926 legatus
3145 2863 3283 2913 sedis
3313 2878 3438 2928 apo—

1839 2929 2036 2980 stolicos
2065 2930 2263 2994 factus,
2309 2930 2508 2979 multos
2552 2943 2652 2994 pro
2695 2929 2934 2982 Ecclesia?
2966 2934 3196 2984 luitione
3230 2934 3436 2985 labores

171 3005 403 3062 burensi,
439 3004 739 3057 Aselinum
766 3002 1014 3054 abbatem
1043 3002 1204 3053 dedit.
1258 3001 1324 3053 [η
1368 3000 1761 3067 Hughesofensi
1836 3001 2099 3066 pertulit;
2131 3000 2274 3050 alter
2301 3015 2366 3050 ea:
2387 3001 2576 3064 priore
2614 2999 3003 3065 llirsaugiensi
3046 3003 3227 3068 factus
3272 3004 3436 3056 abbas

171 3077 497 3128 monasterio
526 3075 762 3126 dieecesis
791 3073 1266 3139 Argentoratensis
1288 3071 1606 3126 Conradum
1636 3087 1758 3124 con-
1779 3132 1815 3141 ἢ
1835 3074 1954 3136 post
1987 3071 2126 3121 beati
2167 3069 2446 3125 Wilhelmi
2468 3085 2759 3130 accessum,
2789 3073 3007 3124 tandem.
3029 3076 3303 3140 episcopus
3317 3074 3438 3141 Spi-

169 3149 338 3198 stituit
368 3147 642 3203 abbatem,
676 3160 836 3211 quem
865 3132 990 3195 cum
1023 3143 1302 3195 monachis
1321 3143 1499 3194 decem
1529 3144 1664 3195 illuc
1690 3132 1816 3195 exc
1835 3132 2014 3193 rensis
2033 3141 2324 3192 ordinatus
2344 3145 2435 3192 est.
2458 3141 2528 3192 Iis
2557 3142 2916 3194 accensendus
2943 3132 3258 3210 Theogenis,
3287 3132 3438 3200 mul-

171 3218 469 3282 IIirsaugia
521 3217 872 3275 transmisit;
930 3215 1037 3266 alii
1081 3218 1196 3266 octo
1240 3213 1313 3264 ad
1358 3215 1758 3265 monasterium

174 3287 598 3339 Beinrillarense
626 3287 858 3338 diacesis
890 3285 1207 3344 Bisunt-inz,
1237 3285 1297 3335 in
1315 3285 1520 3349 ﬁnibus
1540 3286 1760 3337 Alsaliw

173 3360 353 3418 situm,
388 3359 458 3409 ab
487 3357 669 3410 eodem
693 3358 849 3409 missi
876 3360 1024 3414 sunt,
1049 3370 1180 3406 cum
1209 3355 1404 3407 Essonc
1431 3354 1637 3415 abbate,
1663 3357 1763 3420 qui

171 3430 259 3480 diu
281 3430 569 3482 celle-ra-rii
587 3429 765 3493 ofﬁcio
787 3429 846 3479 in
869 3427 1255 3488 llirsaugiensi
1279 3427 1606 3476 monasterio
1625 3427 1761 3491 fun-

172 3507 280 3552 ctus
308 3502 518 3564 fuerat.
548 3499 647 3550 llic
668 3498 794 3550 Esso
814 3498 946 3550 obiit
978 3510 1026 3549 Vl
1059 3494 1340 3548 Kalendas
1363 3495 1637 3558 Januarii,
1664 3496 1764 3548 mi-

175 3570 372 3623 raculis
410 3583 730 3630 coruscans,
766 3573 826 3620 ut
860 3571 1089 3619 testatur
1124 3567 1476 3627 T-rithemius,
1511 3567 1600 3618 sed
1645 3570 1762 3634 ejus

173 3645 340 3693 exitus
369 3655 593 3693 annum
624 3656 733 3692 non
763 3641 1038 3706 expressit.
1073 3638 1250 3702 Refert
1281 3638 1420 3689 idem
1444 3643 1638 3689 auctor
1657 3654 1764 3690 mo-

174 3713 367 3764 nachos
420 3713 679 3778 primum
736 3712 795 3762 in
850 3711 1067 3761 ecclesia
1125 3708 1568 3774 Gundelﬁngensi
1613 3710 1761 3760 circa

172 3783 306 3835 idem
338 3787 554 3848 tempus
579 3782 781 3847 positos
799 3781 987 3845 fuisse,
1013 3779 1103 3830 sed
1123 3781 1246 3831 illos
1262 3779 1609 3845 postmodum
1630 3779 1760 3831 [lir-

168 3856 439 3920 saugiam,
477 3854 655 3905 nescio
684 3867 790 3918 quo
817 3866 966 3911 casu,
1003 3851 1300 3902 translatos
1344 3849 1530 3914 fuisse,
1565 3850 1763 3915 quibus

168 3926 421 3976 canonici
447 3923 735 3974 substituti
765 3923 996 3988 fuerunt
1025 3921 1094 3972 ab
1123 3921 1403 3973 Adelberto
1439 3923 1632 3972 comite
1663 3921 1765 3972 loci

166 3996 480 4058 fundatore.
518 3993 846 4045 Monasterio
875 3993 1055 4044 sancti
1079 3991 1313 4043 Joannis
1343 3991 1764 4057 Magdeburgen-

165 4069 252 4125 sis,
285 4066 363 4117 ad
391 4067 647 4132 fratrum
678 4064 878 4115 ibidem
916 4063 1230 4128 degentium
1275 4065 1324 4113 et
1370 4062 1764 4127 archiepiscopi

166 4138 404 4201 ejusdem
437 4135 597 4187 urbis
621 4136 958 4200 petitionem,
990 4133 1274 4198 prec/cetus
1303 4132 1561 4201 estabbas
1584 4133 1763 4184 llitde-

169 4200 372 4267 bold-us,
407 4207 526 4273 qui,
576 4207 760 4271 inquit
797 4204 1149 4264 Trithemius,
1183 4200 1540 4273 disciplinam
1566 4217 1761 4255 mona-

167 4277 359 4330 sticam
414 4272 582 4344 juxta
611 4275 896 4344 exemplar
925 4277 982 4326 et
1034 4272 1462 4344 constitutiones
1491 4272 1599 4344 divi
1621 4289 1762 4343 prte-

167 4343 526 4418 ceptoris’sui
551 4343 835 4398 Wilhelmi
854 4349 1139 4415 pertotam
1159 4343 1454 4418 Saxoniam
1485 4343 1758 4418 dilatavit.

240 4415 321 4475 18.
357 4420 596 4473 Celebris
624 4420 791 4469 etiam
820 4419 930 4482 fuit
963 4421 1197 4482 tempore
1233 4415 1528 4467 Wilhelmi
1553 4416 1763 4467 abbatis

1844 3216 2027 3263 torum
2050 3213 2513 3264 monasteriorum
2537 3212 2712 3270 Pater,
2733 3216 2850 3264 tum
2871 3217 3146 3280 episcopus
3166 3216 3437 3269 Mettensis

1841 3284 2038 3349 factus,
2081 3284 2181 3348 qui
2221 3286 2338 3348 post
2369 3282 2576 3334 obitum
2609 3284 2754 3334 inter
2773 3289 2984 3336 sanctos
3007 3287 3183 3338 locum
3208 3289 3431 3339 meruit.

1843 3353 2156 3420 Ej-usVitam
2170 3352 2373 3407 Seecqu
2393 3355 2654 3419 sequenti.
2682 3354 2782 3405 Deo
2802 3357 3132 3417 concedente,
3158 3358 3431 3410 dabimus.

1915 3422 2002 3478 20.
2037 3423 2259 3476 Abbates
2279 3440 2344 3475 ea:
2361 3423 2646 3475 Withelmi
2672 3425 2959 3490 discipulis
2998 3432 3302 3494 assumptos
3319 3430 3439 3495 ple-

1844 3509 2035 3561 rosque
2059 3495 2429 3552 laudavimus,
2460 3495 2552 3545 ubi
2574 3499 2761 3546 actum
2791 3501 2864 3548 est
2896 3498 2958 3548 de
2989 3501 3339 3552 monasteriis
3367 3499 3436 3552 ab

1844 3582 1901 3618 eo
1934 3567 2221 3637 institutis.
2251 3566 2326 3617 lis
2345 3566 2728 3637 adjungendus
2758 3571 2830 3618 est
2863 3567 3164 3633 Gotfridus,
3199 3572 3297 3637 qui
3320 3573 3438 3637 post

1845 3637 1987 3688 beati
2015 3635 2306 3688 \Vilhelmi
2333 3636 2541 3687 obitum
2575 3636 2802 3702 Nolgero
2851 3639 2892 3689 Ζ
2899 3635 3236 3704 zrifalthensi
3254 3635 3441 3694 abbati

1842 3707 2098 3773 defuncto
2125 3707 2473 3764 substitutus,
2513 3721 2625 3759 non
2663 3707 2784 3759 sine
2806 3708 3067 3777 opinione
3100 3711 3436 3777 sanctitatis,

1845 3779 2027 3843 inquit
2062 3777 2413 3836 Trithemius,
2440 3793 2505 3830 ex
2526 3777 2628 3830 hac
2658 3777 2769 3830 vita
2797 3778 3034 3834 decessit
3077 3783 3224 3836 Idem
3245 3789 3440 3836 auctor

1848 3849 2038 3900 laudat
2071 3848 2479 3907 Erminoldum,
2504 3863 2568 3900 es;
2592 3847 2878 3902 Wilhelmi
2895 3852 3163 3919 discipulo
3191 3855 3439 3906 abbatem

1845 3919 2270 3975 Laurissensem,
2305 3920 2405 3984 qui
2431 3934 2576 3978 cum,
2610 3921 2862 3972 abdicata
2891 3923 3182 3988 dignitate,
3201 3925 3438 3978 llirsau-

1843 3991 1995 4055 giam
2028 3990 2289 4048 rediisset,
2317 3990 2536 4040 tandem
2564 3993 2786 4055 primus
2806 3993 2970 4044 abbas
2993 3996 3436 4061 Pruveniengen-

1844 4062 1919 4111 sis
1948 4061 2128 4125 factus
2154 4063 2249 4132 est,
2284 4063 2331 4132 et
2364 4061 2558 4111 multis
2591 4062 2888 4112 rirtutibus
2917 4065 3103 4116 clarus
3145 4070 3263 4132 post
3294 4081 3441 4117 mor-

1847 4135 1951 4182 tem
1981 4131 2160 4202 sancti
2188 4131 2768 4202 titulumhpromeruit.
2804 4133 2985 4200 Hujus
3015 4131 3224 4202 quoque
3266 4135 3440 4189 Vitam

1843 4216 1942 4252 suo
1974 4202 2083 4252 loco
2111 4201 2367 4253 dabimus
2397 4200 2600 4254 Sa'culo
2639 4206 2901 4268 sequenti.

1915 4269 2005 4344 21.
2021 4272 2128 4344 Nec
2143 4273 2601 4344 pretermittendi
2619 4277 2747 4324 sunt
2768 4277 2978 4339 priores
2998 4275 3324 4342 Hirsaugiz,
3342 4279 3441 4344 qui

1846 4343 1947 4393 sub
2002 4342 2191 4394 abbate
2245 4340 2532 4396 Wilhelmo
2576 4344 2908 4410 ﬂoruerunt.
2945 4347 3168 4399 Primus
3197 4340 3440 4400 occurrit

1843 4413 1998 4485 apud
2019 4412 2729 4485 TrithemiumAdclbertus,
2751 4414 2854 4479 vir,
2879 4419 3061 4484 inquit
3084 4417 3437 4485 Trithemius,

163 4491 497 4544 monasterii
516 4489 890 4554 llasungensis
903 4489 962 4539 in
989 4487 1298 4552 Thuringia
1319 4487 1764 4551 fundatio.Facta
1784 4483 2101 4545 Domnium
2123 4483 2396 4554 virtutum
2415 4489 2615 4536 ornatu
2639 4484 2891 4548 decorus,
2921 4483 3041 4541 vitae
3069 4483 3442 4543 sanctimonia

161 4567 230 4613 est
260 4577 296 4613 a
329 4560 549 4628 Sifrido
578 4559 991 4626 Moguntinensi
1017 4557 1434 4628 archiepiscopo,
1462 4559 1560 4623 qui
1570 4557 1632 4608 ob
1651 4557 1766 4608 dis-

161 4634 373 4684 sidium
407 4635 559 4683 inter
589 4631 894 4682 Romanum
923 4630 1233 4695 pontiﬁcem
1253 4631 1301 4678 et
1323 4627 1620 4680 Heu-ricam
1657 4628 1766 4680 Au-

159 4710 387 4768 gustum
417 4703 540 4754 sede
555 4717 659 4752 sua
679 4705 922 4753 cesserat.
960 4699 1119 4752 Hunc
1132 4700 1310 4750 locum
1323 4699 1479 4762 elegit
1492 4695 1759 4763 Sifridus,

161 4776 303 4840 quod
322 4777 456 4841 jam
488 4772 711 4824 celebris
739 4775 868 4822 esset
899 4771 962 4823 ob
989 4770 1304 4836 frequentia
1334 4770 1765 4835 miracula,th

158 4848 226 4897 ad
255 4846 445 4897 sancti
502 4842 833 4909 Ilegmeradi
885 4841 1191 4908 presbyteri
1231 4841 1512 4891 tumulum
1541 4841 1759 4906 ﬁebant,

157 4931 308 4968 anno
350 4915 499 4970 1019
531 4914 731 4965 ibidem
760 4913 974 4978 sepulti.
1022 4913 1410 4965 (Ions-ummato
1464 4925 1530 4963 ac
1583 4911 1764 4962 dolato

158 4987 502 5040 monasterio
551 4984 800 5049 Sifridus
830 4981 1121 5035 monachos
1157 4981 1413 5033 tredecim
1442 4997 1506 5032 etc
1536 4981 1768 5034 Hirsauv

155 5060 339 5123 giensi
357 5057 589 5122 familia
613 5069 647 5106 a
670 5054 819 5106 beato
846 5051 1132 5108 Wilhelmo
1153 5052 1765 5123 impetravit,e.rquibus

159 5121 527 5180 Eiselbertum
555 5124 738 5177 virum
769 5123 1015 5185 doctum,
1050 5121 1381 5192 prudentem
1417 5125 1474 5174 et
1495 5121 1654 5174 valde
1684 5138 1767 5174 re-

156 5198 449 5269 ligiosum,
479 5197 764 5269 ordinauit
782 5195 1047 5248 abbatem.
1075 5194 1288 5246 Floruit
1308 5194 1654 5269 aliquandiu
1667 5193 1766 5244 sub

157 5264 330 5338 hujus
361 5269 636 5335 regimine
669 5268 1012 5332 Ilasaugense
1041 5266 1460 5338 monasterium,
1495 5265 1591 5338 ubi
1615 5264 1766 5338 dege-

158 5335 287 5394 bant
340 5340 460 5393 aud
493 5341 679 5391 minus
736 5352 906 5405 quam
960 5337 1308 5402 septuaginta
1363 5335 1622 5387 monachi
1666 5339 1764 5387 aut

155 5413 430 5471 conversi,
467 5425 600 5477 quos
626 5411 754 5476 pius
800 5408 964 5460 abbas
1003 5406 1178 5458 verbis
1207 5410 1256 5477 et
1284 5407 1542 5472 exemplis
1572 5406 1644 5457 ad
1674 5420 1768 5458 re-

155 5486 424 5548 gularem
453 5476 812 5547 disciplinam
837 5479 1194 5544 informarat.
1222 5476 1289 5529 At
1311 5477 1766 5548 incalescentibus

158 5547 365 5613 turbis,
418 5553 629 5604 veritus
684 5554 762 5603 est
817 5549 1162 5606 Giselbertus,
1198 5563 1264 5599 ne
1291 5547 1770 5600 schismaticorum

156 5622 562 5679 consuetudine
581 5623 674 5674 sui
691 5620 953 5687 discipuli
978 5633 1014 5671 a
1042 5621 1184 5671 recto
1215 5620 1438 5670 tramite
1464 5618 1769 5684 deviarem,

155 5710 342 5762 quare
370 5694 739 5762 Hirsaugiam
767 5705 895 5744 cum
939 5689 1058 5762 illis
1085 5688 1342 5762 omnibus
1387 5702 1637 5762 reversus
1661 5691 1764 5762 est.

156 5759 204 5822 li
229 5779 434 5824 omnes
461 5777 500 5820 α
531 5761 837 5824 Wilhelmo
879 5760 1190 5830 ceterisque
1223 5759 1499 5831 fratribus
1545 5760 1773 5829 benigne

1847 4560 2094 4624 paternae
2113 4553 2432 4606 traditionis
2454 4554 2694 4616 auditor,
2726 4565 2912 4611 custos
2933 4563 2990 4612 et
3017 4560 3311 4613 aemulator
3328 4566 3443 4614 stu-

1847 4624 2196 4699 diosissimus
2221 4624 2364 4699 ;_q_ui
2393 4625 2497 4678 etsi
2525 4625 2724 4699 debilis
2756 4645 3006 4699 corpore,
3041 4637 3230 4684 mente
3251 4636 3443 4686 tamen

1847 4702 1904 4749 et
1931 4697 2147 4749 fervore
2177 4695 2408 4766 spiritus
2435 4697 2627 4750 multis
2663 4695 2869 4753 fortior
2900 4701 3217 4755 fortissimis
3266 4703 3444 4758 inces-

1847 4767 2010 4820 sit....
2055 4767 2372 4836 quicunque
2407 4766 2556 4820 illius
2588 4768 2702 4822 visa
2729 4773 3149 4826 conversatione
3194 4775 3444 4828 sanctior

1846 4854 1958 4912 non
2011 4837 2207 4912 evasit,
2235 4837 2460 4912 procul
2489 4837 2659 4912 dubio
2707 4857 2999 4912 nunquam
3030 4851 3258 4900 sanctus
3312 4845 3438 4900 fuit.

1848 4911 1969 4962 Post
2026 4912 2142 4976 ejus
2172 4910 2384 4976 felicem
2424 4925 2487 4961 ea:
2517 4911 2618 4962 hac
2646 4914 2759 4964 vita
2807 4910 3018 4969 abitum
3062 4919 3246 4970 beatus
3275 4918 3442 4972 abbas

1853 4980 2242 5054 Theodericum
2286 4981 2666 5054 eisubslituit,
2702 4983 2975 5054 sapientia
3028 4993 3086 5040 et
3127 4987 3442 5042 eruditione

1849 5049 2264 5120 Scripturarum
2298 5049 2593 5112 illustrem,
2617 5068 2720 5106 nec
2747 5049 2932 5109 minus
2953 5057 3077 5112 vitze
3100 5059 3299 5112 merito
3316 5074 3443 5112 san-

1849 5127 1999 5196 ctum
2039 5138 2206 5191 quam
2237 5120 2482 5196 scientiae
2512 5123 2698 5177 studio
2719 5127 3022 5182 eruditum.
3049 5131 3179 5196 Quo,
3219 5135 3276 5181 ut
3311 5144 3444 5181 mox

1847 5194 2179 5252 dicebamus,
2238 5193 2647 5247 Peters/iusensi
2700 5199 2843 5262 facto
2872 5193 3077 5258 abbate,
3121 5199 3441 5255 Wilhelmus

1853 5264 2097 5316 Ottonem
2121 5266 2481 5316 ercetlera-rio
2501 5268 2744 5331 priorem
2767 5273 3069 5329 constituit,
3086 5273 3271 5321 rirum
3289 5273 3441 5321 .rtate

1849 5339 2139 5388 maturum
2166 5351 2180 5394 ;
2215 5336 2344 5387 huic
2371 5339 2621 5407 successit
2669 5338 3000 5400 Gebhardus,
3055 5343 3170 5407 qui,
3223 5345 3283 5392 ut
3312 5343 3441 5406 jam

1848 5407 2114 5463 diximus.
2152 5408 2212 5458 in
2244 5407 2385 5457 beati
2421 5405 2700 5460 Wilhelmi
2730 5411 2905 5462 locum
2924 5415 3041 5477 post
3063 5405 3178 5477 ejus
3209 5405 3443 5465 mortem

1849 5477 2012 5528 abbas
2045 5477 2454 5541 Ilirsaugiensis
2483 5479 2774 5531 ordinatus
2813 5485 2903 5532 est.
2943 5482 3091 5532 Inter
3129 5485 3442 5537 celebriores

1857 5546 2139 5602 Wilhelmi
2165 5549 2461 5612 discipulos
2502 5550 2680 5602 loc-um
2720 5551 2912 5604 habere
2941 5552 3086 5604 debet
3116 5554 3444 5608 Adalbertus

1850 5633 2041 5694 comes,
2111 5620 2210 5686 qui
2273 5618 2414 5694 beati
2477 5619 2688 5673 abbatis
2753 5624 2974 5690 ejusque
3038 5624 3443 5694 discipulorum

1850 5689 2477 5766 sancta_conoersa_tione
2502 5695 2805 5766 permotus,
2863 5689 2939 5747 ad
2984 5689 3276 5756 meliorem,
3323 5700 3446 5766 fru-

1850 5774 1975 5829 gem
1999 5759 2289 5824 adductus,
2325 5757 2548 5814 tandem
2568 5762 2848 5832 professus
2876 5767 3051 5822 vitam
3080 5757 3447 5827 monasticam
