3912 6166
467 189 573 252 903

1498 195 1557 251 S.
1589 191 1982 253 GUILLELMI
2020 190 2327 253 ABBATIS
2364 190 2708 263 HIRSAUG.

3583 206 3678 267 904

463 324 606 386 tum,
649 332 747 392 Spe
773 319 1116 401 roboratum,
1140 320 1416 377 charitate
1435 321 1746 377 radicatam
1766 327 1823 377 et
1849 322 2052 377 funda-
2069 324 2116 384 Α
2138 322 2409 395 lacrymis
2422 322 2819 397 interpellabat
2837 323 3157 391 Dominum,
3181 330 3244 381 ut
3261 326 3328 381 de
3354 332 3567 386 terrenae
3590 349 3674 403 p0-

461 414 605 476 tum,
638 409 902 481 omnique
932 426 1152 463 morum
1184 410 1463 481 probitate
1488 412 1830 479 decoratum,
1870 412 2057 484 provi-

461 497 653 552 dentia
676 497 776 552 Dei
807 498 1210 569 omnipotentis
1235 499 1625 570 Hirsaugiensi
1664 499 1913 571 cmnobio
1935 517 2059 570 pro-

462 586 700 640 visorem
729 586 1035 641 destinavit
1061 587 1131 641 ad
1155 588 1418 642 solatium
1450 588 1777 642 multorum.
1805 589 2056 659 Denique

456 674 660 729 fratres
690 675 747 729 in
778 676 975 730 eodem
996 676 1248 731 coenobio
1282 678 1396 731 Deo
1425 677 1751 742 servientes,
1778 694 1907 732 cum
1931 679 2053 747 jam

456 764 696 819 fuissent
732 771 948 820 rectore
990 765 1265 831 destituti,
1296 765 1446 820 dulci
1476 767 1598 837 eju
1646 783 1872 821 rumore
1906 767 2054 821 dele-

460 855 615 920 ctati,
650 854 914 909 honestos
958 855 1173 926 legatos
1210 855 1281 909 ad
1312 872 1439 910 eum
1470 856 1812 910 evocandum
1842 856 2053 910 direxe-

458 949 609 999 runt.
637 944 712 998 At
741 944 856 1013 ille,
880 961 1048 999 causa
1062 944 1426 1014 cognita,non
1456 962 1516 998 se
1534 944 1589 998 in
1621 944 1939 1015 superbiam
1962 962 2055 1001 ex-

458 1033 608 1100 tulit,
641 1034 737 1088 sed
756 1034 995 1104 jejuniis
1024 1039 1082 1087 et
1100 1032 1449 1088 orationibus
1474 1050 1695 1101 vacans,
1722 1034 1932 1104 junctis
1963 1052 2052 1089 se-

458 1139 584 1178 cum
625 1122 1011 1195 spiritualibus
1057 1122 1398 1186 hominibus,
1442 1123 1665 1177 Domini
1706 1123 2051 1179 voluntatem

454 1212 562 1267 hac
588 1213 647 1267 in
686 1229 747 1267 re
778 1212 1135 1284 quaerendam
1183 1211 1400 1267 statuit.
1446 1212 1683 1266 Demum
1720 1218 1947 1284 accepta
1983 1213 2054 1267 li-

454 1301 660 1369 centia,
710 1301 842 1355 licet
888 1302 1023 1356 boni
1071 1301 1278 1373 quique
1315 1301 1367 1355 ei
1409 1303 1936 1370 congratularentur
1983 1301 2053 1356 de

454 1388 685 1443 honoris
714 1391 1057 1461 praelatione,
1090 1390 1195 1445 sibi
1237 1396 1426 1445 tamen
1469 1389 1735 1444 dolebant
1778 1389 1926 1460 quod
1965 1405 2054 1443 ca-

454 1484 647 1533 rerent
681 1480 805 1550 ejus
834 1480 1236 1535 familiaritatis
1267 1486 1324 1535 et
1359 1481 1636 1536 aﬁ‘aminis
1679 1477 1941 1551 prazdulci
1969 1493 2055 1530 so-

2137 414 2359 467 testatis
2391 415 2530 485 jugo
2567 415 2811 485 eriperet
2846 414 3030 469 locum
3062 432 3225 486 quem
3268 433 3364 487 pro
3393 435 3485 472 suo
3511 437 3671 476 amore

2114 510 2462 573 susceperat
2488 504 2815 573 regendum.
2850 502 3049 575 Itaque
3091 504 3397 559 misericors
3425 508 3673 576 Dominus,

2139 593 2255 663 qui,
2265 593 2425 662 juxta
2448 610 2633 648 vocem
2666 594 2994 659 Psalmistae,
3017 611 3179 663 prope
3196 601 3272 649 est
3300 599 3533 651 omnibus
3550 602 3677 654 invo-

2137 685 2389 735 cantibus
2416 700 2541 736 eum
2574 686 2635 737 in
2664 686 2889 737 veritate
2910 685 3076 752 (Psal.
3109 697 3287 752 cxmv,
3306 684 3407 753 l8),
3429 701 3487 740 ex
3504 687 3679 758 impro-

2135 770 2251 825 viso
2287 771 2545 825 eumdem
2578 772 2840 826 comitem
2875 777 3039 827 tanta
3079 773 3437 829 circumdedit
3461 776 3678 831 adversi-

2135 863 2253 913 tate
2282 866 2346 913 ut
2381 876 2523 931 pene
2561 860 2886 931 desperaret
2915 861 3092 915 ullum
3126 863 3387 917 evadendi
3414 865 3604 918 aditum
3628 884 3676 920 se

2137 964 2298 1018 posse
2328 949 2594 1019 reperire.
2626 950 2712 1004 Ita
2733 950 3088 1017 constrictus,
3118 952 3269 1005 omni
3286 952 3556 1007 devotione
3575 971 3678 1010 con-

2134 1037 2325 1091 silium
2355 1044 2414 1092 et
2443 1038 2714 1092 auxilium
2757 1038 3134 1110 spiritualium
3168 1041 3408 1095 virorum
3434 1043 3674 1113 expetivit.

2135 1125 2241 1189 Qui
2257 1125 2518 1181 dixerunt
2544 1143 2673 1181 eum
2703 1143 2815 1181 non
2845 1128 3013 1182 aliter
3030 1144 3326 1183 evasurum
3352 1134 3501 1184 tanta
3522 1130 3679 1186 discri-

2134 1214 2309 1280 mina,
2341 1215 2447 1269 nisi
2472 1232 2598 1269 cum
2621 1215 2775 1269 omni
2803 1216 2912 1270 ﬁde
2942 1215 3189 1272 libertati
3210 1218 3458 1273 redderet
3486 1219 3679 1274 Hirsau-

2131 1296 2381 1373 giense'm
2414 1304 2597 1357 locum
2630 1321 2796 1375 quem
2836 1303 3043 1374 injuste
3088 1306 3428 1376 possederat.
3464 1308 3673 1373 Quorum

2133 1392 2382 1446 consiliis
2411 1393 2791 1463 acquiescens,
2816 1394 2925 1448 ﬁde
2941 1394 3161 1465 integra
3189 1413 3249 1449 se
3268 1395 3529 1451 abdicavit
3550 1400 3673 1452 omni

2129 1482 2256 1552 jure
2284 1482 2646 1553 proprietatis
2665 1482 2913 1553 ejusdem
2937 1483 3127 1547 loci,et
3144 1484 3556 1557 chirographum
3573 1503 3675 1541 cum

454 1568 681 1622 lamine.
716 1566 820 1622 Ille
846 1585 975 1622 vero
1008 1586 1120 1623 non
1161 1586 1415 1641 quaerens
1462 1587 1585 1640 quae
1629 1585 1729 1623 sua
1771 1572 1922 1622 sunt.
1954 1564 2094 1641 sed_
2134 1569 2286 1624 omni
2335 1570 2629 1641 diligentia
2686 1571 2994 1625 secundum
3042 1573 3339 1627 consilium
3398 1574 3674 1629 timentium

450 1673 572 1727 quze
614 1656 840 1711 Domini
888 1658 1107 1727 (Philip.
1143 1638 1206 1726 πί,
1250 1660 1362 1728 '21),
1389 1638 1674 1731 professus
1720 1662 1806 1711 est
1840 1672 1899 1709 se
1929 1670 2041 1709 non
2061 1638 2300 1713 BDeum
2333 1638 2590 1730 componi
2619 1659 2765 1725 fecit,
2784 1660 2956 1731 priori
2974 1660 3345 1733 chirographo
3369 1663 3572 1733 penitus
3596 1663 3676 1717 de-

448 1745 613 1800 aliter
664 1745 894 1800 omnino
942 1763 1347 1802 consensurum
1406 1748 1687 1812 electioni,
1729 1745 1838 1800 nisi
1886 1744 2042 1816 prius

446 1833 596 1888 idem
622 1834 935 1890 cmnobium
955 1837 1189 1909 integrae
1210 1838 1542 1892 redderetur
1567 1835 1835 1892 libertati.
1859 1832 2043 1903 Igitur

446 1922 581 1993 quia
628 1922 688 1977 in
730 1925 826 1995 jus
875 1926 1164 1997 proprium
1211 1927 1317 1981 hoc
1346 1926 1495 1981 idem
1535 1924 1938 1980 monasterium
1958 1922 2043 1994 (3)

443 2011 781 2068 Adelbertus
809 2031 997 2069 comes
1027 2020 1085 2069 et
1110 2015 1413 2070 advocatus
1461 2015 1716 2085 ejusdem
1755 2013 1861 2068 loci
1912 2028 2040 2066 cum

442 2100 562 2155 suis
590 2101 916 2173 parentibus
936 2103 1252 2174 redegerat,
1281 2110 1338 2159 et
1352 2121 1493 2175 pene
1513 2103 2041 2165 destruxerat,com~

442 2196 603 2261 perta
633 2191 737 2245 viri
767 2192 867 2246 Dei
888 2193 1204 2247 constantia
1232 2198 1290 2247 et
1317 2192 1800 2264 magnanimitate,
1834 2190 1891 2244 in
1922 2206 2038 2244 om-

358 2350 369 2357 .
441 2278 606 2334 nibus
632 2297 692 2334 se
719 2280 770 2334 ei
794 2281 1317 2353 obtemperaturum
1339 2281 1657 2336 simulabat.
1681 2282 1819 2335 Cum
1840 2279 2036 2333 eodem

445 2384 689 2441 namque
705 2369 867 2424 beato
885 2370 1007 2426 viro
1035 2376 1253 2426 curtem
1274 2372 1487 2442 regiam
1508 2371 1666 2435 adiit,
1689 2388 1754 2425 ac
1784 2366 2037 2423 saeculari

447 2459 656 2512 astutia
684 2458 1117 2531 chirographum
1144 2460 1445 2515 inﬁdeliter
1466 2459 1798 2530 composuit,
1832 2458 1929 2511 illo
1959 2456 2038 2511 nil

443 2546 658 2602 sinistri
678 2566 794 2619 prie
821 2550 1139 2604 columbina
1179 2549 1538 2622 simplicitate
1578 2548 1918 2620 suspicante,
1949 2564 2040 2601 re-

434 2636 641 2708 gioque.
666 2637 851 2709 sigillo
880 2638 1021 2693 illud
1050 2639 1267 2693 ﬁrmari
1306 2638 1647 2711 impetravit.
1690 2637 2039 2692 Adveniente

2123 1748 2236 1802 leto
2285 1753 2454 1818 atque
2492 1747 2730 1818 abjecto.
2790 1748 3096 1819 Postquam
3143 1756 3333 1809 autem
3371 1752 3676 1806 venerandus

2124 1836 2293 1891 Pater
2309 1837 2648 1891 Wilhelmus
2678 1837 2903 1907 proprio
2926 1837 3115 1893 labore
3129 1844 3188 1893 et
3213 1839 3486 1895 industria
3501 1856 3672 1895 novum

2124 1925 2560 1998 chirographum
2581 1925 2991 1981 studiosissime
3002 1927 3676 2000 composuit,ipsemetillud

2122 2014 2243 2085 regi
2275 2015 2514 2069 Henrico
2546 2014 2703 2084 regio
2732 2014 2917 2085 sigillo
2941 2015 3321 2072 roborandum
3348 2016 3558 2073 obtulit.

2192 2102 2245 2159 4.
2284 2103 2405 2169 Quo
2435 2103 2508 2157 ad
2535 2109 2727 2158 votum
2754 2098 3059 2173 completo,
3073 2105 3277 2160 statuit
3299 2105 3461 2160 etiam
3487 2109 3676 2177 aposto-

2121 2192 2281 2246 licam
2340 2193 2534 2247 sedem
2590 2193 2767 2258 adire,
2829 2198 2889 2247 et
2932 2192 3285 2264 privilegium
3335 2193 3676 2265 Hirsaugiensi

2119 2280 2368 2336 ccenobio
2387 2282 2693 2337 secundum
2724 2282 2864 2337 scita
2885 2298 3165 2337 canonum
3187 2282 3675 2355 acquirere.Deinde

2118 2375 2228 2424 iter
2256 2387 2573 2441 aggressus,
2605 2388 2874 2443 prospero
2902 2389 3072 2426 cursu
3103 2372 3341 2426 Romam
3381 2372 3534 2426 venit.
3557 2371 3625 2426 lbi
3647 2389 3674 2425 a

2122 2458 2350 2513 domino
2361 2461 2666 2531 apostolico
2681 2459 2859 2515 beatae
2880 2460 3166 2515 memoriae
3189 2460 3454 2532 Gregorio
3469 2460 3673 2530 benigne

2123 2553 2436 2618 susceptus,
2464 2548 2703 2619 cognitis
2731 2549 2916 2604 causis
2948 2566 3189 2620 quarum
3219 2550 3403 2621 gratia
3424 2550 3513 2604 illo
3534 2550 3669 2603 adve-

2121 2641 2302 2700 nerat,
2328 2636 2718 2702 libentissime,
2750 2644 2919 2709 prout
2941 2638 3316 2710 competebat,
3347 2638 3672 2693 annuit.Nam

438 2726 615 2796 igitur
644 2727 936 2783 Dominica
962 2728 1453 2801 Ascensione,quaa
1476 2729 1573 2783 illo
1603 2744 1751 2783 anno
1780 2727 1966 2782 evenit
1978 2741 2034 2780 1v
2116 2724 2466 2795 privilegium
2500 2726 2804 2797 apostolica
2830 2727 3164 2781 auctoritate
3194 2728 3420 2799 plenum
3444 2727 3540 2781 sibi
3564 2743 3674 2782 con-

438 2816 631 2871 Nonas
649 2817 799 2872 Junii
820 2820 901 2885 (V.
933 2820 1169 2884 Obseru,
1197 2836 1253 2873 n.
1279 2818 1354 2886 2),
1375 2823 1677 2873 convocata
1706 2815 2034 2870 clericorum
2115 2814 2367 2880 tradidit,
2402 2820 2457 2869 et
2477 2814 2547 2869 ob
2575 2815 2990 2871 munimentum
3022 2816 3441 2888 Hirsaugiensis
3468 2814 3671 2870 cmnobii

440 2909 498 2959 et
524 2905 796 2961 laicorum
828 2906 1209 2975 multitudine,
1261 2907 1510 2962 omnium
1550 2905 1835 2960 communi
1885 2909 2028 2967 voto,
2057 2952 2099 2976 η
2116 2903 2551 2974 chirographum
2576 2921 2754 2959 unum
2779 2904 2850 2959 ab
2869 2921 2936 2960 eo
2956 2911 3249 2976 receptum
3272 2906 3331 2960 in
3356 2905 3547 2960 scrinio
3569 2920 3673 2958 san-

437 2993 528 3048 hic
557 2996 909 3050 venerandus
955 2952 1209 3065 electus:
1237 2998 1518 3063 laudatus,
1572 3004 1630 3051 et
1675 3012 1802 3050 cum
1860 2993 2035 3048 nimia
2056 2952 2190 3046 Ccti
2219 2952 2408 3047 ΡεῗιιδὶΓ
2422 2994 2751 3049 recondidit.
2804 2952 3147 3065 Aliquandiu
3189 3012 3325 3065 ergo
3353 2995 3425 3049 ibi
3454 2995 3673 3049 demora-

433 3082 802 3139 inundatione
824 3086 1133 3141 ﬁetuumin
1165 3087 1352 3141 sedem
1376 3084 2029 3140 abbatisestcollocatus.
2113 3086 2231 3145 tus,
2281 3082 2673 3152 gravissimam
2729 3082 3114 3137 inﬁrmitatem
3169 3084 3402 3149 incidit,
3453 3079 3675 3137 horribili

433 3172 557 3236 Qua
585 3172 861 3244 dignitate
892 3174 1601 3246 suscepta,cu:pitccelcstis
1623 3172 1796 3227 studii
1815 3173 2033 3227 fervore
2115 3170 2265 3225 enim
2295 3170 2505 3225 ventris
2541 3171 2832 3226 inﬂatione
2876 3171 3177 3226 tenebatur
3219 3188 3529 3244 oppressus,
3556 3169 3674 3225 adeo

433 3264 593 3316 tanto
648 3262 829 3333 magis
889 3262 1246 3317 inardescere
1295 3267 1506 3334 quanto
1548 3279 1607 3317 se
1663 3260 2030 3332 cognoscebat
2116 3266 2181 3314 ut
2208 3275 2486 3331 nusquam
2537 3266 2727 3331 posset
2760 3276 3018 3331 gressum
3062 3276 3327 3328 movere;
3360 3257 3673 3331 cumquediu

432 3350 648 3404 caeteris
696 3351 935 3421 exempli
977 3351 1163 3421 gratia
1199 3351 1495 3422 praelatum
1551 3367 1691 3418 esse,
1752 3366 2031 3420 suumque
2112 3349 2218 3403 hac
2237 3348 3672 3420 inﬁrmitatelaboraret,etejusrecuperatiodespera-

434 3454 603 3507 sagax
633 3438 879 3491 studium
922 3456 1092 3510 super
1124 3440 1315 3493 omnia
1341 3439 1616 3494 convertit
1652 3439 1723 3493 ad
1766 3438 2029 3493 observa-
2111 3444 2269 3494 retur
2310 3440 2477 3494 etiam
2507 3455 2541 3492 a
2567 3438 2925 3510 peritissimis
2971 3438 3225 3504 medicis,
3261 3438 3491 3510 quadam
3527 3437 3606 3491 die
3621 3451 3670 3488 se

430 3526 644 3579 tionem
682 3526 971 3596 religionis
995 3528 1337 3583 monasticae.
1369 3529 1571 3582 Alacer
1599 3532 1723 3581 erat
1750 3527 1807 3580 in
1834 3527 2027 3581 exhor—
2111 3526 2236 3581 duci
2266 3529 2530 3600 praecepit
2556 3529 2627 3582 ad
2651 3528 2829 3581 altare
2864 3527 3081 3582 Sanctae
3110 3528 3307 3583 Mariae
3336 3543 3547 3598 semper
3571 3523 3672 3578 Vir-

429 3612 621 3678 tando,
659 3629 885 3667 severus
922 3614 978 3667 in
1008 3615 1380 3686 corripiendo.
1427 3615 1580 3670 Nulli
1626 3615 1868 3680 invidus,
1899 3615 2026 3670 cha-
2104 3616 2275 3688 ginis,
2296 3618 2678 3689 reclinatoque
2704 3623 2898 3671 ventre
2918 3616 3263 3671 sauciatoad
3282 3611 3669 3680 altare,intimis

429 3699 598 3754 ritate
636 3701 872 3756 diﬁusus
899 3714 957 3757 et
996 3704 1258 3774 largitate
1288 3704 1501 3759 exstitit
1534 3703 1851 3758 muniﬁcus.
1881 3703 2023 3759 Cum
2106 3707 2363 3778 precibus
2394 3706 2687 3778 ﬂagitabat
2705 3705 3014 3760 remedium
3045 3706 3311 3777 piissimae
3337 3704 3436 3759 Dei
3456 3701 3671 3759 Genitri-

426 3789 705 3860 gravitate
723 3790 901 3845 dulcis
930 3792 981 3846 ei
1011 3791 1309 3847 affabilitas
1339 3792 1542 3861 inerat,
1572 3808 1675 3863 per
1703 3808 1872 3864 quam
1905 3809 2025 3847 cor-
2106 3795 2460 3852 cis.Tantam
2482 3812 2638 3867 spem
2661 3801 2830 3865 atque
2861 3794 3028 3848 ﬁdem
3056 3793 3244 3863 gratia
3257 3794 3357 3849 Dei
3377 3808 3556 3847 amore
3572 3788 3672 3844 dul-

428 3875 593 3931 dibus
621 3878 885 3934 humanis
908 3880 1155 3935 suaviter
1183 3880 1472 3935 influebat.
1506 3881 1807 3952 Negotium
1835 3881 2022 3952 singu-

426 3965 612 4020 lorum
640 3984 705 4021 ac
730 3968 778 4022 si
807 3970 1094 4041 proprium
1116 3970 1785 4042 aestimabat,peregrinos
1812 3977 1867 4025 et
1889 3987 2023 4041 pau-

425 4069 586 4125 peres
632 4063 867 4128 paterno
920 4059 1123 4113 affectu
1178 4059 1417 4127 fovebat,
1464 4060 1771 4131 saepissime
1820 4065 2021 4114 exutus

423 4144 653 4214 propria
694 4145 927 4200 camisia
963 4146 1199 4218 aliisque
1246 4147 1594 4202 vestimentis
1629 4147 1819 4202 miseri
1860 4153 2019 4202 artus

421 4231 667 4301 tegebat.
1040 4283 1047 4290 .

496 4319 544 4377 3.
590 4320 748 4377 Inter
790 4323 907 4378 haec
948 4340 1082 4394 ergo
1118 4324 1382 4379 exercitia
1435 4325 1726 4390 virtutum,
1772 4324 2017 4396 quadam

423 4410 737 4465 tentatione
766 4411 1034 4482 probatus
1058 4419 1145 4466 est
1173 4413 1359 4483 potius
1388 4430 1556 4484 quam
1587 4414 1870 4485 pulsatus;
1895 4430 2017 4485 qua:

421 4497 677 4569 probatio
706 4499 811 4553 sibi
841 4501 1065 4571 quidem
1091 4502 1159 4554 ad
1186 4502 1864 4573 coronamJ—Iinsaugiensi
1887 4520 2015 4557 vero

421 4586 672 4642 coenobio
701 4587 773 4642 ad
799 4588 1242 4644 stabilimentum
1263 4597 1322 4645 et
1339 4571 1744 4645 munimentum
1778 4591 2010 4662 profuit.

420 4673 562 4729 Nam
585 4676 968 4747 supradictum
981 4679 1411 4750 chirographum
1426 4679 1701 4735 libertatis
1714 4679 2016 4734 inﬁdeliter

419 4764 1028 4835 compositum,secrete
1048 4766 1152 4820 sibi
1165 4767 1490 4823 insinuante
1506 4771 1745 4840 conjuge
1766 4769 2014 4840 praedicti

418 4851 657 4918 comitis,
681 4852 924 4919 rescivit,
948 4860 1023 4920 et,
1046 4854 1150 4910 sub
1170 4856 1403 4912 obtentu
1425 4858 1700 4930 praedictae
1715 4857 2009 4924 libertatis,

416 4939 486 4994 de
506 4940 747 5012 pristina
771 4942 1035 4998 violentia
1062 4961 1128 4998 ac
1173 4944 1522 5016 subiectione
1543 4947 1755 5017 injusta
1784 4946 2016 5002 Hirsau-

412 5029 624 5100 giensis
644 5030 873 5086 claustri
906 5033 987 5086 nil
1023 5034 1325 5103 minutum,
1358 5036 1457 5090 sed
1484 5036 1670 5107 potius
1698 5043 1925 5091 auctum
1957 5043 2015 5092 et

412 5118 758 5174 roboratum.
781 5121 903 5176 Tali
932 5130 1121 5177 autem
1145 5123 1567 5194 perturbatione
1595 5126 2007 5197 aliquantulum

413 5216 727 5265 commotus
756 5218 987 5283 prapter
1014 5218 1225 5267 statum
1254 5214 1640 5281 loci,assiduis
1668 5215 1927 5286 precibus
1954 5222 2012 5271 et

483 5349 562 5422 (3)
614 5351 695 5425 De
733 5353 1152 5425 Hirsaugiensis
1208 5356 1535 5411 monasterii
1594 5357 2007 5414 restauratione

413 5426 469 5475 et
498 5423 701 5498 comite
732 5423 1038 5480 Adalberto
1056 5425 1307 5498 diximus
1334 5426 1395 5480 in
1425 5428 1617 5498 Elogio
1646 5429 1692 5482 V
1720 5428 2002 5498 Friderici,

411 5508 581 5565 supra
605 5495 675 5549 ad
702 5511 913 5551 annum
941 5496 1101 5554 1070.

2105 3884 2341 3939 εἰεείιηω
2368 3884 2668 3939 Genitricis
2695 3900 2809 3937 suae
2847 3887 3149 3937 consecuta
3179 3888 3289 3936 est.
3322 3880 3511 3937 Subito
3531 3893 3669 3932 nam-

2105 3991 2214 4045 que
2239 3979 2437 4028 contra
2461 3989 2617 4044 spem
2642 3972 2894 4027 omnium
2920 3971 3089 4042 coepit
3115 3971 3520 4031 convalescere,
3544 3983 3601 4021 ac
3619 3981 3668 4018 se

2104 4064 2226 4118 cibo
2249 4064 2497 4127 reﬁcere,
2531 4067 2588 4116 et
2624 4078 2735 4116 non
2774 4067 2901 4132 post
2929 4061 3159 4130 longum
3194 4065 3422 4131 tempus
3450 4058 3505 4112 in
3527 4069 3667 4111 sunt?

2102 4152 2304 4211 locum,
2335 4151 2551 4206 cunctis
2567 4149 3004 4221 gratulantibus,
3043 4165 3308 4203 reversus
3335 4153 3439 4202 est.

2032 4264 2082 4324 ι)
2171 4239 2224 4297 5.
2263 4241 2341 4295 Eo
2384 4246 2638 4311 tempore
2678 4238 2923 4293 Ecclesia
2976 4237 3256 4292 catholica
3295 4232 3585 4324 miserabili
3610 4245 3663 4324 ac

2062 4316 2076 4393 ί
2100 4328 2421 4383 detestabili
2439 4328 2741 4382 schismate
2771 4327 2845 4396 (~l)
2868 4324 3193 4380 abinimicis
3226 4323 3550 4380 Christianae
3564 4316 3667 4373 uni-

2098 4418 2232 4473 tatis
2266 4416 2644 4472 scindebatur.
2684 4416 2792 4471 Sed
2830 4415 2964 4486 quia
3003 4414 3096 4468 bic
3145 4430 3279 4468 vere
3328 4413 3442 4467 Deo
3492 4409 3668 4479 dignus

2098 4506 2227 4576 igne
2258 4506 2425 4561 divini
2459 4505 2669 4560 amoris
2709 4510 2860 4559 totus
2900 4502 3289 4569 incanduerat,
3321 4518 3387 4555 ac
3426 4499 3537 4554 zelo
3569 4494 3668 4550 an}

2098 4612 2319 4649 marum
2345 4593 2638 4654 aestuabat,
2669 4592 2877 4648 salubri
2901 4591 3131 4646 consilio
3161 4606 3389 4662 quoque
3414 4589 3481 4642 ad
3503 4584 3667 4641 unita-

2095 4690 2211 4739 tem
2258 4684 2514 4739 Ecclesim
2544 4683 2842 4738 tenendam
2883 4680 3335 4751 servandamque
3382 4673 3662 4731 animabat.

2097 4774 2166 4828 Et
2194 4773 2326 4845 quia
2351 4772 2591 4843 simplici
2620 4787 2685 4826 ac
2713 4787 2855 4842 puro
2885 4770 3044 4825 oculo
3076 4769 3176 4823 tali
3203 4766 3501 4823 insistebat
3521 4775 3667 4831 nego-

2099 4862 2333 4933 tio,quid
2343 4862 2474 4933 quid
2486 4860 3043 4932 agebat,cunctorum
3073 4857 3465 4928 religiosorum
3484 4849 3665 4906 animis

2095 4950 2512 5022 complacebat;
2544 4947 2811 5020 quidquid
2849 4946 3088 5011 dicebat,
3123 4945 3379 4999 omnium
3416 4942 3664 4996 bonorum

2095 5039 2265 5094 corda
2282 5039 2483 5093 intimo
2503 5038 2711 5092 amoris
2730 5038 2933 5091 affectu
2963 5034 3296 5089 delectabat.
3320 5033 3461 5087 Cum
3480 5029 3665 5083 colum-

2094 5128 2225 5183 bina
2271 5127 2630 5199 simplicitate
2660 5132 2881 5180 tantum
2938 5123 3116 5195 viguit
3158 5122 3218 5175 in
3254 5137 3323 5176 eo
3370 5116 3663 5189 serpentina

2091 5217 2302 5273 astutia
2339 5222 2403 5272 ut
2443 5215 2514 5270 ab
2550 5215 2720 5286 hujus
2759 5214 2946 5270 saeculi
2993 5210 3364 5285 prudentibus
3407 5206 3664 5261 videretur

2164 5359 2229 5427 (4)
2263 5360 2460 5413 Exstat
2483 5375 2548 5412 ea
2578 5357 2647 5413 de
2692 5374 2754 5411 re
2794 5355 3051 5427 Gregorii
3081 5353 3183 5409 VII
3224 5349 3461 5427 epistola
3481 5344 3568 5427 _ad
3601 5344 3657 5397 Λ.

2089 5418 2475 5485 Pataviensem
2525 5429 2846 5500 episc0pum
2894 5418 2952 5482 e't
2988 5418 3657 5481 nostrum'Wilhelmum,

2086 5518 2209 5574 quae
2238 5509 2325 5558 est
2350 5501 2478 5557 libri
2505 5516 2561 5556 ix
2588 5500 2853 5557 secunda.
