3872 6168
203 212 307 273 905

1751 207 1939 263 VITA.

3370 218 3480 281 906

201 354 397 394 omnes
425 335 741 409 praecedere
780 334 842 392 in
876 332 1196 406 prudentia,
1228 336 1285 388 et
1307 348 1342 387 a
1369 332 1561 388 divina
1583 329 2142 404 sapien-Aomnibus
2185 332 2505 406 exemplum
2548 333 2692 392 bene
2742 335 2963 395 vivendi
3001 338 3125 395 ﬁeri
3175 340 3468 406 studebat.

200 427 346 482 tibus
378 428 522 481 mire
548 427 827 481 coleretur
868 440 968 495 pro
1015 440 1170 495 purae
1215 422 1421 476 mentis
1459 422 1797 488 innocentia.

270 518 320 573 6.
354 513 843 572 Tantacharitatis
863 512 1131 567 afﬂuebat
1159 511 1504 582 benignitate
1534 518 1597 566 ut
1622 512 1801 566 nemi-

200 625 323 664 nem
357 606 608 678 perfecte
644 603 831 657 divino
883 601 1105 656 servitio
1150 601 1465 671 cupientem
1498 617 1557 654 se
1588 600 1800 654 manci-

200 714 352 770 pare,
398 713 503 767 pro
546 698 878 765 paupertate
920 708 1024 745 sua
1057 690 1384 762 despiceret,
1421 689 1700 743 neminem
1731 688 1801 743 ob

200 786 545 857 imperitiam
567 783 856 837 refutaret.
877 780 1107 835 Nobiles
1131 796 1196 834 ac
1217 778 1510 850 ignobiles,
1527 778 1726 832 divites
1745 782 1803 831 et

198 891 495 947 pauperes,
525 873 674 926 viros
701 887 766 925 ac
798 870 1081 933 mulieres,
1105 870 1175 923 ad
1199 873 1579 939 contemptum
1606 866 1800 921 mundi

198 964 493 1025 incitabat,
507 979 573 1015 ac
597 960 849 1030 singulos
864 960 934 1014 ad
955 974 1207 1013 amorem
1233 956 1473 1011 caelestis
1492 956 1616 1010 vitae
1636 955 1802 1009 verbo

201 1059 255 1107 et
299 1051 560 1122 exemplo
607 1048 963 1104 accendebat.
1011 1048 1190 1101 Multa
1239 1045 1573 1117 hospitibus,
1623 1046 1805 1099 multa

201 1141 544 1213 pauperibus
573 1137 944 1193 distribuebat
969 1156 982 1204 ;
1015 1153 1117 1191 nec
1145 1142 1338 1190 tamen
1376 1135 1803 1189 commissorum

202 1230 298 1284 sibi
327 1246 531 1284 curam
556 1226 945 1299 postponebat,
977 1226 1074 1279 sed
1108 1242 1233 1279 cum
1266 1233 1502 1296 paterna
1539 1224 1805 1278 sollicitu-

201 1320 346 1383 dine,
387 1324 450 1373 et
482 1334 614 1372 cum
648 1333 854 1387 magna
886 1315 1178 1370 charitatis
1225 1313 1515 1368 affectione
1545 1313 1807 1368 omnibus

210 1408 530 1463 necessaria
553 1405 1006 1461 administrabat.
1040 1404 1099 1458 Si
1129 1420 1240 1474 qua
1264 1419 1393 1456 vero
1410 1403 1489 1456 rei
1514 1401 1807 1456 familiaris

209 1497 442 1568 penuria
462 1496 785 1567 ingruebat,
808 1495 953 1547 hanc
979 1510 1092 1547 non
1114 1492 1296 1546 solum
1318 1489 1687 1554 tolerabilem,
1708 1490 1806 1544 sed

1955 421 2005 475 8.
2039 420 2197 476 Inter
2224 424 2324 477 has
2353 440 2486 494 ergo
2511 426 2761 497 aliasque
2783 427 3037 495 virtutes,
3070 446 3236 500 quam
3259 433 3480 490 sincera

1883 517 1941 565 et
1959 511 2205 583 perfecta
2235 511 2346 566 fide
2374 514 2628 584 polleret,
2659 515 2848 570 nullus
2875 532 3061 571 sermo
3092 518 3162 572 ad
3192 519 3477 593 integrum

1883 602 2158 673 explicare
2187 602 2351 656 valet.
2375 602 2492 657 Hac
2520 605 2669 658 enim
2687 606 2890 660 virtute
2921 607 3089 662 veluti
3120 610 3293 665 lorica
3315 612 3478 668 indu-

1881 695 1994 755 tus,
2030 690 2172 744 virili
2206 691 2396 745 animo
2426 708 2661 763 quaeque
2685 694 2916 748 adversa
2945 695 3247 763 devicit,ac
3273 701 3478 773 saepius

1882 779 2158 833 nonnulla
2185 780 2457 846 difﬁcilia,
2484 797 2549 835 ac
2578 782 2772 836 multis
2814 800 2953 854 pene
2978 785 3346 857 impossibilia
3375 807 3477 861 ag-

1883 869 2375 938 gressus,Domino
2396 871 2463 923 ad
2465 871 2719 941 juvante,
2739 872 2887 926 felici
2910 874 3105 931 eﬁ‘ectu
3127 879 3473 938 terminavit.

1886 958 1959 1012 Ut
1984 959 2136 1013 enim
2167 959 2235 1013 de
2263 958 2515 1030 pluribus
2546 977 2721 1030 pauca
2751 976 3204 1033 commemorem,
3233 967 3368 1022 dum
3385 969 3477 1024 die

1885 1046 2128 1115 quodam
2152 1056 2379 1102 sanctus
2406 1049 2574 1102 Pater
2601 1050 2668 1103 de
2688 1066 2750 1104 re
2770 1049 3033 1106 familiari
3054 1057 3322 1111 tractaret
3348 1074 3478 1113 cum

1883 1133 2150 1189 fratribus
2188 1137 2463 1191 exteriora
2488 1138 2925 1207 providentibus,
2958 1140 3108 1195 inter
3134 1150 3334 1199 caetera
3354 1163 3478 1217 quae

1885 1223 2333 1290 conferebantur,
2352 1225 2844 1292 denuntiaverunt,
2868 1245 2969 1299 pro
2987 1231 3228 1300 quadam
3251 1233 3481 1291 inevita-

1886 1312 1985 1366 bili
2015 1315 2368 1375 necessitate.
2393 1317 2735 1371 necessarias
2764 1335 2884 1371 esse
2910 1318 3155 1391 quinque
3185 1320 3357 1377 libras
3386 1340 3480 1378 ar-

1886 1398 2061 1467 genti.
2096 1400 2235 1453 Cum
2265 1416 2395 1454 vero
2440 1417 2543 1455 nec
2573 1401 2632 1454 in
2670 1409 2933 1473 promptu
2962 1419 3057 1457 eas
3095 1404 3345 1472 haberet,
3379 1424 3484 1464 nec

1888 1505 2065 1559 usque
2094 1490 2233 1545 scita
2261 1492 2459 1546 saltem
2493 1492 2843 1547 mutuatione
2880 1494 3172 1565 acquirere
3208 1498 3480 1568 valerent,

213 1594 426 1656 gratam
472 1585 582 1639 sibi
613 1584 840 1655 suisque
870 1582 1072 1636 blande
1100 1587 1158 1635 et
1183 1580 1326 1634 virili
1370 1579 1807 1634 commonitione
1829 1650 1864 1656 _
1891 1584 1947 1634 et
1974 1579 2275 1635 imminens
2306 1582 2609 1636 necessitas
2654 1587 2881 1653 urgeret
2911 1583 3031 1637 sine
3064 1583 3177 1637 ulla
3214 1585 3485 1644 dilatione

212 1675 466 1737 faciebat,
533 1690 791 1728 asserens
847 1672 992 1726 hanc
1038 1688 1160 1725 esse
1214 1670 1545 1724 dilectorum
1598 1650 2394 1741 Cliristinersolvereipsam
2418 1650 2846 1742 pecuniam,vtali
2873 1673 3295 1743 perturbatione
3311 1693 3482 1732 coan-

211 1764 622 1835 probationem,
641 1768 699 1817 et
726 1762 774 1815 si
814 1760 1086 1832 patientia
1105 1776 1230 1814 cum
1253 1759 1565 1828 gratiarum
1589 1757 1809 1811 actione
1888 1758 2101 1828 gustati
2131 1759 2467 1829 ignorabant
2490 1760 2769 1832 quomodo
2793 1773 3023 1831 possent
3045 1764 3321 1833 expedire.
3347 1766 3482 1823 Pius

212 1868 271 1906 ac
289 1868 528 1924 precum
548 1851 998 1923 frequentatione
1019 1850 1257 1912 adesset,
1274 1849 1467 1919 procul
1492 1846 1661 1900 dubio
1681 1860 1809 1899 mox
1891 1852 2080 1902 autem
2112 1848 2297 1912 Pater,
2331 1849 2392 1904 in
2420 1848 2656 1904 Domino
2685 1851 2987 1916 confidens,
3019 1851 3197 1906 verbis
3225 1855 3482 1909 consola-

213 1942 573 1997 manifestam
603 1958 637 1994 a
664 1941 779 1994 Deo
816 1951 1111 1993 venturam
1155 1936 1616 1992 consolationem.
1650 1934 1810 1999 Quod

212 2032 400 2102 utique
417 2037 512 2084 est
524 2028 876 2084 evidentibus
890 2045 1036 2099 saepe
1056 2028 1404 2081 declaratum
1426 2024 1707 2088 indiciis,d
1718 2040 1811 2077 um

214 2120 263 2173 ei
289 2120 343 2173 in
368 2120 533 2174 omni
567 2118 826 2189 angustia
858 2117 1131 2171 Dominus
1161 2116 1367 2170 ostium
1416 2113 1812 2168 misericordiae

216 2225 340 2275 suae,
354 2210 474 2263 ﬁde
498 2215 555 2262 et
573 2207 832 2279 precibus
852 2206 1120 2277 pulsanti,
1145 2205 1364 2276 aperire
1400 2204 1665 2274 dignatus
1703 2207 1806 2256 est.

216 2298 381 2352 Fama
397 2298 579 2367 igitur
607 2297 865 2366 vulgante
895 2296 1015 2365 ejus
1030 2293 1341 2348 laudabiles
1360 2303 1518 2346 actus
1540 2291 1806 2362 undique,

215 2388 280 2441 ad
304 2404 434 2441 eum
452 2386 618 2458 quasi
638 2386 709 2440 ad
731 2385 940 2439 bonum
973 2384 1200 2438 odorem
1233 2382 1441 2436 Christi
1474 2381 1666 2435 ﬁdeles
1686 2396 1812 2434 con-

215 2477 468 2531 ﬂuebant
489 2494 504 2542 ;
523 2475 751 2546 quidam
775 2474 971 2544 utique
999 2472 1288 2544 cupientes
1309 2471 1393 2525 uti
1420 2471 1541 2540 ejus
1566 2468 1812 2524 saluber-

213 2564 364 2619 rimis
391 2564 664 2628 consiliis,
697 2562 795 2617 alii
828 2579 954 2616 vero
999 2562 1121 2632 ejus
1165 2558 1513 2614 orationibus
1561 2575 1620 2612 se
1660 2575 1811 2611 com-

213 2654 569 2717 mendantes,
592 2652 819 2724 plurimi
835 2652 1027 2716 etiam,
1053 2650 1271 2718 abjecta
1294 2648 1545 2704 saeculari
1570 2647 1812 2712 sarcina,

214 2743 602 2813 magisterium
634 2742 756 2811 ejus
783 2739 1121 2810 deligebant.

278 2829 331 2886 7.
362 2832 454 2886 Ad
486 2830 859 2885 ministerium
905 2828 1077 2883 divini
1125 2827 1295 2882 ofﬁcii
1341 2843 1443 2898 pro
1490 2824 1810 2880 humilitate

1891 1935 2051 1990 toriis
2095 1937 2616 2009 pusillanimitatem
2667 1939 2894 1996 illorum
2946 1941 3165 1995 studuit
3208 1942 3482 2011 animare,

1894 2025 2084 2080 dicens
2112 2027 2265 2081 nullo
2297 2027 2464 2083 modo
2492 2029 2562 2082 de
2593 2028 2691 2082 Dei
2714 2028 3093 2083 misericordia
3118 2029 3486 2086 diffidendum

1893 2131 2033 2168 esse.
2062 2113 2182 2169 Illis
2212 2132 2339 2169 vero
2364 2133 2478 2187 prae
2499 2116 2778 2172 anxietate
2805 2117 3051 2188 tepidius
3081 2118 3487 2190 excipientibus

1894 2205 2016 2273 ejus
2042 2204 2502 2271 consolationem,
2524 2211 2582 2260 et
2603 2205 3015 2264 affirmantibus
3035 2223 3148 2261 non
3169 2224 3268 2278 pro
3287 2225 3365 2275 se,
3388 2208 3488 2264 sed

1894 2309 1995 2364 pro
2021 2294 2303 2348 communi
2350 2295 2689 2349 detrimento
2718 2302 3047 2366 angustatos
3075 2296 3266 2362 fuisse,
3300 2314 3331 2351 e
3362 2314 3489 2352 con-

1894 2400 2049 2437 sessu
2080 2383 2341 2445 surrexit,
2373 2389 2429 2438 et
2458 2383 2569 2438 illis
2590 2385 2712 2454 ejus
2732 2384 2977 2438 reditum
3008 2386 3482 2456 praestolantibus,

1895 2470 2031 2524 exiit
2052 2471 2221 2535 foras,
2255 2471 2565 2541 implorans
2594 2471 2864 2526 auxilium
2899 2473 3269 2529 Domini.Nec
3298 2492 3475 2544 mora,

1894 2559 2170 2629 benignus
2203 2559 2424 2614 Domini
2451 2561 2632 2615 adfuit
2673 2562 2827 2614 ﬁdeli
2874 2561 3083 2617 famulo
3111 2580 3231 2617 suo.
3268 2565 3345 2618 Ex
3374 2565 3486 2619 im-

1896 2649 2118 2720 proviso
2140 2666 2384 2721 namque
2414 2650 2641 2721 quidam
2663 2650 2889 2721 ignotus
2909 2653 3328 2722 superveniens,
3352 2671 3489 2708 con-

1891 2738 2025 2791 tulit
2052 2738 2100 2792 ei
2133 2754 2357 2792 omnem
2386 2738 2755 2809 quantitatem
2791 2740 3055 2810 pecuniae.
3093 2739 3223 2795 Mox
3242 2756 3377 2812 ergo
3397 2758 3491 2796 re-

1893 2826 2073 2893 diens,
2108 2826 2341 2898 protulit
2364 2826 2432 2880 de
2462 2844 2634 2881 manu
2662 2844 2764 2881 sua
2785 2827 3216 2899 quinquelibras
3246 2830 3488 2901 argenti,

212 2920 435 2975 nolebat
462 2926 735 2991 paratura
759 2918 940 2981 indui,
974 2934 1097 2987 quae
1121 2915 1410 2986 aurifrigio
1450 2917 1535 2969 vel
1573 2915 1869 2991 alicujusn
1896 2921 1954 2969 et
1974 2915 2177 2969 fratres
2199 2915 2532 2970 charitative
2560 2916 2865 2987 corripiens
2902 2916 2983 2971 ait
3007 2936 3017 2970 :
3041 2917 3120 2971 En
3141 2917 3304 2972 adest
3322 2935 3493 2990 pecu-

210 3010 440 3081 pretiosi
465 3008 681 3063 metalli
708 3008 991 3061 intextura
1009 3023 1131 3060 esse
1158 3011 1384 3062 ornata.
1414 3002 1870 3058 Detestabatur”
1896 3004 1991 3058 nia
2020 3021 2118 3075 pro
2144 3022 2255 3075 qua
2284 3004 2670 3076 pusillanimes
2685 3005 2815 3059 facti
2845 3004 2997 3059 estis.
3025 3004 3235 3061 Discite
3257 3007 3337 3062 nil
3357 3023 3492 3080 ergo

213 3100 380 3154 etiam
424 3097 835 3153 osculationem
878 3113 1079 3150 manus
1112 3100 1170 3149 et
1193 3110 1443 3165 genuum
1487 3093 1725 3158 abbatis,
1758 3097 1816 3147 et

212 3190 440 3243 omnino
468 3187 640 3240 talem
660 3176 1130 3240 consuetudinem
1163 3183 1509 3247 abscidisset,
1544 3181 1652 3236 nisi
1684 3198 1814 3235 eum

211 3278 463 3333 seniores
483 3278 629 3331 hanc
646 3274 1017 3331 reverentiam
1048 3272 1118 3327 ab
1138 3273 1220 3327 eis
1243 3272 1526 3343 suscipere
1556 3271 1641 3325 vix
1659 3287 1813 3325 com-

209 3368 517 3438 pulissent.
546 3365 809 3430 Quolibet
828 3364 949 3418 loco
974 3368 1318 3435 praeeuntem
1341 3366 1673 3416 conventum
1704 3360 1815 3414 fra-

210 3461 364 3511 trum
385 3454 756 3526 subsequens,
787 3459 844 3509 et
871 3453 1173 3523 diligenter
1191 3451 1511 3522 inspiciens.
1533 3448 1813 3521 gemendo

211 3552 266 3599 et
279 3544 577 3617 plorando,
604 3544 904 3614 oculosque
927 3558 1056 3596 cum
1077 3540 1244 3594 corde
1286 3539 1354 3593 ad
1397 3539 1599 3593 coelum
1630 3539 1813 3593 levan-

211 3635 297 3699 do,
320 3651 429 3707 pro
449 3633 531 3688 eis
558 3632 830 3687 attentius
857 3630 1073 3685 orabat.
1095 3629 1178 3684 Ad
1211 3645 1464 3683 mensam
1493 3627 1541 3681 si
1566 3627 1699 3698 quid
1725 3644 1811 3681 ac-

211 3724 465 3778 curatius
486 3727 822 3794 apparatum
854 3721 936 3775 illi
958 3718 1316 3783 oﬁ‘erebatur,
1350 3717 1511 3772 innui
1531 3716 1807 3783 olferenti,

210 3814 256 3868 si
296 3812 566 3869 omnibus
622 3810 998 3865 communiter
1052 3812 1449 3879 apponeretur.
1493 3804 1549 3860 Si
1589 3804 1806 3867 annuit,

210 3902 627 3974 aliquantulum
658 3900 790 3954 inde
819 3897 1101 3969 gustavit;
1135 3896 1224 3949 sin
1252 3900 1461 3955 autem,
1498 3894 1691 3947 statim
1724 3893 1811 3946 in-

211 3991 562 4045 ﬁrmioribus
590 3987 982 4044 distribuebat.
1022 3985 1361 4041 Deliciarum
1411 3990 1468 4038 et
1517 3983 1811 4054 epularum

209 4080 758 4150 diversitatem,quze
786 4082 921 4132 sunt
946 4076 1192 4130 fomenta
1222 4073 1469 4131 luxuriae,
1490 4076 1812 4126 contemne-

211 4167 531 4241 bat,parvis
558 4185 625 4222 ac
646 4164 1019 4222 mediocribus
1040 4168 1336 4218 contentus
1358 4168 1498 4216 erat.
1525 4161 1815 4232 Siquidem

1891 3093 2008 3161 jam
2045 3093 2281 3148 ulterius
2305 3093 2375 3148 de
2397 3093 2693 3166 multiplici
2724 3094 2973 3150 bonitate
3002 3095 3103 3151 Dei
3124 3084 3494 3170 omnipoten-

1894 3183 1970 3237 tis
2003 3181 2302 3254 desperarc
2316 3226 2330 3240 .

1968 3270 2020 3326 9.
2058 3271 2199 3325 Item
2222 3273 2337 3326 Deo
2364 3270 2621 3326 amabilis
2653 3272 2821 3327 Pater
2851 3271 3095 3344 quadam
3123 3272 3215 3329 die
3244 3273 3492 3331 diluculo

1895 3360 2178 3433 profectus
2215 3360 2285 3415 de
2320 3360 2682 3427 monasterio,
2713 3378 2825 3416 non
2855 3361 3021 3432 longe
3050 3362 3268 3418 obviam
3298 3364 3496 3419 habuit

1898 3449 2198 3520 quemdam
2242 3450 2665 3521 pauperculum.
2717 3467 2841 3505 cum
2901 3467 3073 3506 uxore
3124 3458 3182 3507 et
3229 3453 3492 3508 undecim

1895 3539 2026 3593 ﬁliis
2056 3539 2321 3611 parvulis,
2354 3539 2553 3594 obnixe
2596 3541 2720 3610 ejus
2762 3540 3176 3613 eleemosynam
3199 3543 3492 3614 postulan-

1893 3634 2028 3683 tem.
2072 3628 2297 3682 Fratres
2344 3633 2534 3683 autem
2592 3628 2688 3699 qui
2739 3630 3157 3685 comitabantur
3215 3647 3366 3695 eum,
3423 3631 3494 3687 de

1893 3716 2119 3771 cellario
2150 3734 2321 3787 panes
2349 3734 2576 3788 paucos,
2610 3717 2706 3788 qui
2738 3717 2822 3771 vix
2864 3718 2934 3772 ad
2982 3735 3159 3774 unum
3192 3718 3494 3791 prandium

1894 3806 2085 3876 paucis
2106 3805 2362 3860 sufﬁcere
2392 3810 2637 3876 possent,
2677 3823 2866 3860 secum
2914 3807 3202 3875 tulerant;
3253 3825 3386 3862 nam
3432 3808 3494 3864 in

1896 3894 2139 3965 quodam
2169 3899 2331 3964 prato
2360 3894 2621 3964 pransuri
2650 3900 2829 3949 erant.
2866 3895 3011 3965 Ergo
3040 3894 3123 3948 vir
3151 3896 3373 3950 Domini
3400 3897 3492 3952 in-

1895 3982 2089 4036 vitavit
2118 3981 2520 4052 pauperculum
2566 3998 2692 4039 cum
2734 3998 2907 4037 uxore
2955 3988 3011 4036 et
3053 3984 3184 4039 ﬁliis
3216 3986 3286 4039 ad
3318 4001 3491 4055 pran-

1896 4072 2074 4128 dium.
2116 4069 2513 4125 Residentibus
2564 4087 2693 4124 vero
2745 4070 3025 4134 omnibus,
3070 4089 3137 4127 ex
3190 4072 3491 4144 improvise

1897 4161 2094 4215 aderat
2120 4177 2233 4214 non
2259 4160 2477 4214 modica
2491 4160 2792 4214 multitudo
2807 4161 3081 4230 equitum,
3109 4163 3488 4234 popularium,

214 4273 553 4329 quocunque
582 4255 688 4310 sibi
722 4255 970 4309 eundum
1016 4251 1321 4307 necessitas
1370 4248 1651 4320 exigebat,
1701 4266 1813 4303 non
1835 4290 1882 4347 ι)
1900 4267 2002 4304 nec
2021 4265 2132 4303 non
2154 4255 2211 4303 et
2230 4265 2560 4320 pauperum.
2584 4250 2780 4320 Itaque
2791 4266 2891 4320 pro
2915 4251 3190 4320 parvitate
3211 4251 3490 4306 alimonia:

212 4346 457 4418 superbo
513 4362 661 4416 equo
717 4342 1121 4404 delectabatur,
1177 4340 1274 4394 sed
1334 4356 1498 4409 equa,
1543 4345 1643 4392 aut
1691 4338 1815 4391 vilis
1840 4337 1877 4347 “’
1902 4338 2067 4394 sociis
2096 4337 2244 4392 beati
2273 4337 2375 4391 viri
2404 4337 2662 4401 turbatis,
2697 4337 2976 4410 simulque
3006 4339 3210 4394 rubore
3241 4339 3487 4407 suffusis,

212 4437 372 4490 aselli
403 4436 576 4489 dorso
624 4433 952 4490 vehebatur.
982 4432 1179 4485 Vestes
1211 4428 1439 4489 nitidas,
1472 4426 1817 4499 pretiosique

212 4525 439 4580 velleris
485 4523 775 4590 horrebat,
827 4522 1069 4576 maxime
1116 4518 1365 4572 manicas
1413 4517 1498 4571 vel
1546 4517 1812 4582 cucullas,

211 4631 354 4685 quas
384 4615 561 4669 etiam
588 4612 694 4667 sub
732 4609 1190 4665 interminatione
1223 4606 1817 4661 excommunicationis

209 4702 560 4766 abscidebat,
594 4700 987 4770 variarumque
1017 4712 1205 4751 rerum
1244 4694 1509 4749 utensilia
1529 4695 1813 4765 superﬂuo

209 4799 267 4847 et
286 4792 613 4864 pompatico
626 4795 829 4845 ornatu
849 4786 1122 4843 decorari.
1145 4787 1421 4839 acerrima
1436 4782 1815 4838 exsecratione

207 4881 572 4953 prohibebat.
608 4878 874 4950 Quisquis
903 4874 1360 4934 obedientiarius,
1384 4873 1474 4927 vel
1517 4872 1661 4927 alius
1691 4871 1816 4943 quis

207 4975 489 5034 tentatus,
539 4969 627 5023 vel
674 4966 944 5022 maestitia
982 4969 1247 5036 gravatus
1285 4961 1357 5015 ad
1394 4977 1519 5016 eum
1560 4958 1812 5025 accessit,

209 5075 326 5115 non
353 5058 677 5131 spernendo
708 5056 792 5111 vel
829 5053 1182 5116 detestando,
1212 5051 1372 5105 illum
1400 5049 1815 5113 contristatum,

207 5150 311 5204 sed
341 5147 644 5204 mulcenda
665 5152 724 5200 et
737 5143 1074 5199 blandiendo
1106 5140 1284 5194 verbis
1301 5137 1687 5194 consolatoriis
1714 5137 1815 5191 do-

208 5240 392 5293 lorem
414 5237 598 5310 ipsius
615 5234 885 5299 delinivit,
906 5234 1206 5302 laetumque
1233 5246 1297 5285 ac
1321 5228 1665 5299 gaudentem
1695 5242 1729 5279 a
1759 5243 1819 5280 se

208 5328 448 5383 dimisit.
483 5327 743 5381 Lucerna
785 5322 934 5378 enim
987 5320 1192 5375 ardens
1231 5323 1289 5373 et
1330 5318 1522 5372 lucens
1554 5317 1728 5382 (Joan.
1764 5330 1815 5378 v,

209 5416 301 5485 35)
357 5432 472 5471 non
540 5414 645 5468 sub
705 5412 892 5467 modio
946 5409 1177 5472 latebat,
1238 5407 1335 5461 sed
1388 5420 1558 5474 super
1621 5401 1822 5456 cande-

211 5505 437 5561 labrum
520 5500 907 5578 proemincbat
990 5499 1213 5567 (.llatlh.
1286 5513 1334 5559 v,
1404 5494 1504 5561 15‘,
1585 5492 1821 5565 ideoque

507 5607 768 5681 PATROL.
800 5604 917 5666 CL.

1898 4426 1984 4479 vir
2027 4426 2143 4480 Deo
2182 4425 2380 4496 plenus
2426 4424 2596 4479 hilari
2634 4426 2788 4480 vultu
2819 4427 2900 4480 ait
2921 4427 2993 4481 ad
3023 4443 3117 4481 eos
3165 4445 3178 4482 :
3230 4428 3491 4498 Quinque

1900 4530 2089 4584 panes,
2131 4514 2334 4585 quibus
2375 4515 2646 4569 Dominus
2692 4515 2939 4586 quinque
2981 4515 3157 4570 millia
3198 4516 3491 4571 hominum

1901 4602 2072 4673 pavit,
2108 4603 2358 4674 quandiu
2390 4603 2593 4674 integri
2636 4611 3049 4664 remanserunt,
3081 4621 3185 4660 nec
3213 4606 3491 4677 multipli-

1896 4691 2007 4745 cati
2028 4696 2179 4759 sunt,
2213 4706 2317 4746 nec
2341 4692 2491 4746 ullus
2518 4710 2582 4746 ex
2607 4692 2717 4746 illis
2738 4698 2931 4763 pastus
2958 4700 3077 4762 est;
3107 4694 3331 4766 quando
3362 4709 3492 4750 vero

1898 4797 1934 4834 a
1960 4780 2199 4835 Domino
2232 4780 2395 4835 fracti
2437 4787 2589 4846 sunt,
2636 4782 2831 4853 utique
2875 4788 3009 4837 tunc
3056 4790 3190 4839 sunt
3217 4784 3493 4855 multipli-

1899 4869 2031 4931 cati,
2064 4875 2121 4924 et
2149 4870 2336 4941 plures
2366 4887 2431 4924 ex
2477 4870 2589 4924 illis
2634 4870 2782 4941 pasti
2817 4873 2962 4935 (Luc.
2995 4885 3073 4933 Ix,
3102 4869 3190 4937 16,
3229 4871 3332 4941 i7).
3364 4874 3496 4928 Hec

1898 4958 2090 5013 dicens
2120 4963 2378 5029 prompto
2403 4957 2591 5012 animo
2621 4962 2677 5013 et
2706 4958 2863 5029 larga
2910 4976 3080 5015 manu
3119 4960 3496 5016 distribuebat

1902 5046 2268 5112 multitudini,
2300 5064 2423 5117 qua:
2451 5047 2664 5112 aderat,
2696 5064 2869 5119 parva
2896 5049 3196 5115 alimenta;
3232 5066 3355 5119 qua:
3384 5050 3494 5103 fide

1900 5136 2021 5204 ejus
2043 5142 2094 5189 et
2123 5135 2336 5189 meritis
2365 5134 2700 5190 mirabiliter
2739 5154 2774 5191 a
2823 5138 2938 5192 Deo
2981 5138 3053 5192 ad
3098 5138 3492 5192 sufﬁcientiam

1901 5222 2150 5276 omnium
2181 5228 2313 5277 sunt
2338 5223 2728 5294 multiplicata.
2763 5225 2909 5279 Sane
2940 5224 3130 5278 multis
3158 5224 3494 5278 admiranti-

1901 5310 2006 5365 bus
2035 5311 2156 5379 ejus
2203 5311 2369 5365 ﬁdem
2420 5316 2589 5381 atque
2638 5311 3053 5375 liberalitatem,
3090 5311 3159 5364 de
3187 5312 3379 5382 paucis
3422 5312 3496 5366 ci-

1903 5400 2076 5454 bariis
2100 5406 2233 5455 sunt
2260 5417 2453 5454 omnes
2484 5400 2705 5455 abunde
2743 5400 2954 5454 refecti.
2992 5400 3239 5470 Singulis
3276 5418 3408 5471 ergo
3439 5402 3495 5457 in

1904 5508 2007 5546 sua
2034 5506 2159 5544 cum
2192 5489 2399 5561 gaudio
2422 5489 2802 5558 redeuntibus,
2824 5489 2908 5543 vir
2933 5490 3047 5543 Deo
3069 5490 3272 5544 chartis
3300 5507 3500 5563 supra-

3194 5588 3271 5649 ‘29
