3872 6168
458 270 564 333 911
1134 222 1139 229 ρ
1493 267 1550 322 S.
1593 266 1990 324 GUILLELMI
2027 266 2332 325 ABBATIS
2371 268 2708 327 HIRSAUG.
3565 276 3651 333 9l‘2

461 395 650 455 surdis
691 391 924 450 auribus
952 389 1335 447 blandientem
1370 398 1718 463 spreverunt,
1780 410 1846 447 ac
1895 394 2380 465 juxtaAsingulis
2418 395 2762 467 pauperibus
2787 395 3039 465 singulas
3094 400 3294 467 partes,
3337 396 3516 468 quibus
3552 416 3600 454 se
3628 417 3656 454 a

460 486 757 543 consilium
783 488 841 538 et
867 480 1196 537 mandatum
1223 480 1302 551 pii
1330 480 1819 552 patrisWilhelmi,
1848 483 2059 537 relictis
2139 483 2346 554 frigore
2375 490 2753 555 protegerent.
2779 485 3073 556 impendit.

463 573 743 640 omnibus,
772 572 843 627 ad
873 571 1058 643 ipsum
1083 586 1144 624 se
1171 570 1551 625 contulerunt.
1588 571 1704 625 Hoc
1719 577 1907 626 autem
1931 589 2058 626 eve-
2216 572 2300 628 19.
2334 573 2610 636 Quiddam
2639 575 2707 629 de
2724 574 2886 629 beato
2917 574 3033 627 viro
3065 575 3294 629 referam
3326 576 3457 647 quod
3476 578 3661 647 respicit

461 664 547 720 nit
573 663 723 719 circa
739 677 988 717 mensem
1014 661 1334 731 Augustum
1366 665 1498 714 ante
1526 676 1765 714 messem
1786 678 2054 717 novarum
2140 661 2209 715 ad
2228 662 2403 715 animi
2420 662 2503 716 sui
2528 664 2832 734 puritatem
2858 669 2913 718 et
2934 664 3338 734 simplicitatem
3352 666 3661 735 comproban-

463 753 787 825 frugum,et
807 749 1062 823 quamvis
1090 749 1286 803 eodem
1319 764 1468 802 anno
1499 754 1556 803 et
1582 750 1859 820 sequenti,
1888 751 2060 803 maxi-
2140 750 2268 804 dam
2302 757 2359 805 et
2386 752 2710 819 amandam;
2744 759 2802 807 et
2821 752 3124 806 multorum
3144 752 3229 806 sui
3249 753 3472 806 nominis
3495 755 3663 809 vanita-

463 859 558 898 ma
582 859 649 897 ex
675 846 835 914 parte
870 840 1214 894 frumentum
1258 838 1491 910 pecunia
1522 845 1841 909 coemptum
1879 838 2060 909 quoti-
2140 845 2252 894 tem
2285 840 2673 895 detestandam
2725 846 2783 895 et
2823 841 3217 895 damnandam.
3271 841 3489 904 Quidam
3528 841 3665 896 abbas

463 932 634 988 diano
647 931 888 985 fratrum
916 928 1088 983 victui
1109 927 1618 993 administraretur,
1647 928 1911 982 tamenin
1942 927 2058 982 Deo
2141 930 2400 999 pretiosis
2419 929 2683 992 vestibus,
2710 930 3004 1001 plusquam
3027 930 3197 983 talem
3220 947 3490 1000 personam
3510 937 3558 985 et
3572 938 3665 985 tam

466 1020 673 1078 ﬁducia
703 1033 910 1090 magna
936 1033 1305 1090 praesumens,
1340 1021 1396 1071 et
1431 1033 1531 1087 pro
1559 1016 1801 1070 adventu
1831 1015 2058 1070 illorum
2143 1018 2383 1073 arduum
2403 1020 2748 1090 pr0positum
2767 1020 3008 1083 deceret,
3032 1019 3253 1073 deditus
3277 1025 3415 1085 erat;
3442 1036 3584 1090 quem
3602 1022 3667 1074 vir

466 1110 768 1168 Dominum
800 1107 1141 1179 gloriﬁcans,
1167 1105 1339 1160 veluti
1358 1110 1558 1160 cuncta
1584 1106 1787 1159 horrea
1813 1105 2058 1159 frumen-
2142 1108 2365 1161 Domini
2395 1124 2496 1179 pro
2549 1108 2741 1162 multis
2778 1109 2902 1162 aliis
2933 1108 3091 1162 bonis
3116 1125 3151 1162 a
3179 1109 3289 1163 Deo
3317 1108 3415 1162 sibi
3442 1109 3667 1163 concessis

463 1205 525 1256 to
545 1200 714 1272 plena
740 1201 946 1260 essent,
972 1194 1226 1267 praecipit
1252 1194 1473 1249 solitam
1505 1195 1876 1265 quantitatem
1899 1194 2060 1265 panis
2142 1196 2428 1266 diligebat,
2487 1198 2583 1251 sed
2615 1198 2671 1251 in
2702 1198 2825 1259 hoc,
2878 1198 3184 1252 secundum
3247 1198 3416 1251 zelum
3467 1198 3665 1263 Domini,

464 1288 682 1360 augeri,
705 1287 899 1342 dicens
950 1303 961 1338 :
1017 1286 1157 1353 Quia
1214 1286 1484 1338 Dominus
1537 1290 1703 1337 auxit
1758 1300 2059 1337 numerum
2142 1286 2347 1339 acriter
2377 1302 2507 1339 eum
2543 1285 2743 1356 saepius
2776 1286 3068 1356 corripuit,
3100 1286 3347 1357 quamvis
3374 1302 3548 1357 parum
3574 1302 3671 1357 pro-

463 1393 751 1434 servorum
780 1391 1031 1439 suorum,
1060 1375 1309 1428 debemus
1334 1376 1501 1427 etiam
1530 1378 1577 1427 et
1609 1389 1705 1427 nos
1732 1388 1933 1441 augere
1961 1389 2062 1427 an-
2141 1374 2590 1438 fuerit.Quodam
2608 1382 2859 1446 tempore
2881 1375 3041 1445 quasi
3068 1392 3167 1446 pro
3180 1375 3537 1428 benedictione
3552 1375 3668 1427 idem

469 1479 679 1522 nonam
710 1467 960 1519 illorum.
986 1461 1330 1533 Aliquandiu
1361 1461 1594 1516 retentis
1619 1478 1809 1516 secum
1849 1461 2060 1516 eisdem
2142 1463 2313 1517 abbas
2339 1464 2644 1534 pretiosum
2670 1464 3074 1517 lectisternium
3120 1464 3167 1517 ei
3219 1463 3431 1529 obtulit,
3471 1470 3521 1517 et
3546 1471 3597 1517 ut
3618 1463 3670 1517 ob

465 1554 753 1621 fratribus,
812 1560 982 1625 atque
1035 1552 1190 1607 omni
1237 1551 1590 1606 humanitate
1654 1550 1735 1605 eis
1792 1550 2057 1614 exhibita,
2143 1554 2471 1607 memoriam
2505 1559 2713 1608 mutuae
2763 1553 3079 1607 dilectionis
3116 1553 3433 1624 susciperet,
3478 1552 3669 1622 rogavit.

466 1650 663 1718 postea
690 1642 905 1698 dimisit
933 1642 1015 1697 eis
1043 1641 1241 1696 cellam
1272 1640 1451 1695 sancti
1473 1639 1725 1710 Gregorii
1739 1656 1864 1693 cum
1883 1639 2115 1718 omni-_
2143 1643 2300 1706 Quod
2337 1642 2421 1696 vir
2438 1643 2554 1696 Deo
2568 1643 2766 1713 plenus
2798 1643 2975 1696 multa
3001 1642 3353 1713 simplicitate
3381 1641 3608 1712 suscepit,
3631 1648 3674 1694 et

462 1712 569 1789 bus
584 1750 707 1806 qua:
744 1732 817 1787 ad
854 1748 977 1787 eam
1017 1728 1393 1803 pertinebant,
1436 1735 1647 1801 quanto
1668 1735 1922 1800 tempore
1960 1712 2211 1785 vo-Bad
2241 1731 2524 1785 oﬂ‘erentis
2563 1712 2945 1802 duplicitatem
3003 1712 3125 1785 non,
3172 1731 3425 1785 attendit.
3471 1731 3674 1785 Oll'erens

460 1823 708 1880 luerunt.
2142 1820 2365 1892 quidem
2396 1821 2452 1875 id
2482 1820 2826 1885 intendebat,
2859 1827 2923 1876 ut
2947 1820 3004 1875 in
3034 1822 3141 1875 hoc
3166 1821 3458 1875 vanitatem
3483 1836 3617 1874 suam
3632 1820 3674 1871 in

458 1940 463 1947 -
538 1912 625 1967 l7.
655 1911 781 1966 Alio
799 1925 1023 1983 quoque
1040 1907 1379 1980 temporead
1399 1906 1703 1979 quamdam
1723 1906 1922 1961 cellam
1950 1905 2061 1961 iter
2141 1910 2328 1964 studio
2378 1910 2752 1981 pretiosarum
2785 1910 3021 1964 vestium
3050 1910 3454 1980 aliquantulum
3480 1915 3672 1978 tegeret,

462 2006 600 2058 tunc
623 1999 847 2072 agebat,
870 2016 1040 2072 quam
1072 2003 1274 2070 rogatu
1304 1998 1598 2068 cujusdam
1654 1996 1875 2051 comitis
1896 1997 2061 2066 juxta
2140 1998 2369 2062 scilicet,
2397 1999 2444 2053 si
2487 2005 2603 2052 tam
2628 1998 2947 2065 laudabilis,
2998 2005 3056 2053 et
3112 1999 3171 2053 in
3228 2000 3379 2053 omni
3406 1997 3675 2052 monachica

462 2090 785 2147 Danubium
809 2094 1217 2144 construxerat.
1240 2088 1478 2158 Jamque
1492 2087 1625 2141 illuc
1647 2085 2060 2157 appropinqua-
2139 2088 2485 2158 professione
2525 2088 2821 2159 perfectus,
2854 2088 3175 2159 hujusmodi
3216 2094 3477 2151 uteretur,
3519 2087 3599 2141 ille
3632 2086 3676 2138 in

462 2196 526 2235 re
550 2184 1021 2251 ceperat,etecce
1036 2177 1095 2231 in
1116 2176 1360 2231 confinio
1376 2175 1641 2229 silvarum
1662 2174 1941 2245 quoddam
1964 2180 2058 2228 tu-
2139 2177 2249 2231 alio
2301 2177 2472 2231 simili
2502 2193 2614 2231 non
2643 2178 2943 2231 admodum
2986 2184 3298 2232 notaretur.
3332 2178 3428 2232 Ille
3477 2190 3675 2245 namque

461 2270 689 2342 gurium
717 2267 1094 2339 conspicatur,
1162 2271 1567 2337 assumptoque
1612 2280 1801 2319 secum
1848 2279 1961 2318 uno
1992 2280 2058 2317 ex
2142 2266 2312 2321 abbas
2341 2266 2473 2321 olim
2507 2265 2607 2320 viri
2636 2267 2735 2321 Dei
2758 2273 2880 2321 erat
2911 2267 3213 2338 professus,
3242 2272 3299 2321 et
3336 2266 3403 2320 ab
3431 2265 3598 2319 eodem
3623 2263 3677 2316 ad

462 2357 927 2425 commeantibus,
949 2355 1171 2412 caeteris
1189 2360 1431 2427 coeptum
1463 2354 1573 2408 iter
1600 2353 2051 2425 exsequentibus,
2137 2356 2309 2410 talem
2341 2357 2609 2410 honorem
2641 2362 2948 2427 provectus.
2973 2357 3091 2411 Una
3105 2363 3296 2410 autem
3318 2361 3520 2409 tantum
3545 2357 3676 2407 nocte

458 2448 597 2504 illuc
627 2447 861 2503 tendere
887 2463 1001 2501 non
1031 2450 1302 2499 moratur.
1320 2442 1564 2498 Veniens
1580 2443 1771 2513 itaque
1785 2442 1854 2496 ad
1874 2442 2055 2513 ipsam
2137 2445 2224 2499 vir
2241 2445 2341 2499 Dei
2374 2445 2471 2498 illo
2497 2443 2839 2499 lectisternio
2882 2445 3080 2499 utitur.
3123 2447 3352 2499 Postera
3375 2444 3459 2497 die
3491 2442 3677 2514 quidam

462 2536 880 2600 domunculam,
903 2534 1116 2606 reperit
1145 2533 1439 2588 mulierem
1464 2532 1622 2586 valde
1635 2531 2052 2603 pauperculam;
2138 2533 2381 2587 fratrum
2407 2532 2676 2602 obsequio
2692 2533 2844 2587 illius
2864 2533 3134 2591 devotior,
3166 2540 3380 2587 secreto
3392 2533 3533 2586 illum
3551 2530 3676 2592 adiit,

460 2625 880 2698 ingressusque.
914 2630 973 2678 et
992 2622 1199 2677 oblitus
1230 2638 1345 2676 sua:
1374 2620 1686 2691 dignitatis,
1735 2619 1943 2674 oblitus
1968 2636 2060 2673 as-
2142 2639 2201 2676 se
2222 2638 2343 2676 esse
2368 2621 2809 2676 circumventum
2833 2622 3146 2676 admonuit.
3182 2623 3303 2686 Quo
3323 2622 3522 2683 audito,
3541 2621 3682 2674 incre-

461 2715 610 2771 sueti
656 2713 877 2785 rigoris,
906 2713 1066 2783 juxta
1094 2712 1283 2783 ignem
1326 2711 1489 2776 sedit,
1542 2711 1836 2782 ipsamque
1866 2710 2060 2764 sedere
2142 2710 2310 2764 dibile
2330 2710 2502 2770 dictu,
2534 2711 2741 2764 factum
2774 2727 2937 2764 suum
2968 2711 3192 2782 expavit
3230 2717 3288 2765 et
3332 2710 3603 2765 exhorruit.
3640 2711 3684 2760 et

461 2803 751 2878 praecepit.
787 2803 945 2858 Tunc
972 2802 1120 2857 inter
1162 2818 1333 2856 sacrae
1368 2800 1755 2856 mdiﬁcationis
1813 2798 2056 2870 eloquia,
2142 2816 2269 2854 mox
2291 2799 2347 2854 in
2378 2799 2569 2853 decem
2594 2816 2903 2871 pauperum
2919 2800 3229 2854 subsidium
3253 2801 3394 2854 male
3413 2807 3682 2869 susceptum

461 2894 653 2951 oculos
685 2893 794 2948 huc
821 2892 1068 2964 illucque
1096 2891 1512 2955 circumferens,
1545 2889 1860 2944 sciscitatur
1880 2888 1950 2942 ab
1991 2905 2059 2942 ea
2141 2888 2332 2943 divisit
2356 2889 2787 2943 lectisternium.
2820 2888 3029 2943 Habuit
3053 2896 3113 2943 et
3142 2890 3249 2943 hoc
3284 2890 3430 2943 omni
3458 2889 3600 2942 laude
3623 2885 3686 2939 di-

462 3000 710 3057 quonam
730 2982 898 3037 modo
920 2981 1045 3053 ipsa
1070 2998 1197 3035 cum
1229 2980 1347 3034 viro
1371 2996 1472 3035 suo
1494 2979 1722 3043 viveret,
1762 2978 1895 3050 quia
1919 2976 2059 3031 nihil
2083 2994 2314 3057 “gnum
2363 2995 2489 3032 cum
2532 2978 2656 3032 aliis
2690 2977 2848 3032 bonis
2893 2978 3009 3032 suis
3063 2978 3158 3032 ille
3210 2978 3438 3033 dilectus
3464 2974 3682 3031 Domini:

461 3073 522 3128 in
549 3073 716 3128 domo
746 3071 897 3127 unde
924 3069 1253 3142 temporalis
1279 3069 1405 3123 vita;
1445 3068 1726 3140 stipendia
1760 3082 2062 3138 consequc-
2082 3065 2125 3090 υ
2145 3084 2275 3121 nam
2303 3084 2337 3121 a
2365 3083 2698 3138 quocunque
2737 3067 3030 3121 hominum
3063 3067 3279 3138 aliquid
3304 3067 3430 3121 boni
3456 3067 3506 3120 in
3532 3065 3688 3118 admo-

462 3166 683 3227 rentur,
715 3159 968 3215 haberet.
1011 3159 1114 3214 Illa
1132 3158 1211 3213 nil
1229 3164 1430 3230 praeter
1450 3158 1711 3213 miseram
1735 3157 1904 3212 vitam
1936 3156 2061 3210 reli-
2145 3156 2329 3210 nendo
2358 3156 2593 3223 audivit,
2622 3172 2688 3210 ac
2717 3156 2762 3210 si
2792 3156 2861 3210 de
2892 3157 3030 3210 ccelo
3063 3156 3321 3220 missum,
3370 3155 3509 3209 omni
3552 3154 3685 3207 devo-

464 3266 640 3323 quum
670 3249 779 3305 sibi
804 3265 926 3304 esse
950 3248 1176 3313 fatetur,
1218 3263 1362 3319 pane
1393 3251 1449 3301 et
1478 3263 1626 3318 aqua
1667 3264 1727 3302 se
1781 3246 2057 3309 victitare,
2144 3245 2297 3299 tione
2322 3245 2583 3316 suscepit.
2611 3244 2796 3316 Cogor
2823 3245 3128 3299 multorum
3170 3246 3259 3300 sui
3297 3244 3526 3299 nominis
3548 3242 3691 3296 altum

464 3346 525 3396 et
543 3340 664 3396 haec
689 3338 784 3393 vix
813 3337 1143 3409 quotidiano
1192 3336 1382 3390 labore
1406 3352 1678 3392 manuum
1708 3352 1937 3390 suarum
1970 3351 2065 3405 pa-
2144 3334 2504 3405 supercilium
2520 3334 2875 3404 etsingulare
2902 3351 3077 3389 cornu
3104 3334 3342 3400 deﬂere,
3366 3334 3450 3388 hic
3469 3333 3692 3386 virtutum

465 3445 613 3484 rare.
667 3426 873 3482 Marito
909 3425 1136 3480 interim
1162 3424 1232 3479 de
1268 3441 1403 3496 agro
1438 3440 1711 3495 regresso,
1747 3425 1947 3495 quaerit
1994 3422 2065 3477 ab
2147 3423 2238 3477 hic
2264 3423 2435 3478 totius
2468 3424 2778 3477 honestatis
2833 3424 3143 3495 speculum,
3210 3424 3281 3478 ab
3336 3423 3481 3477 omni
3506 3420 3693 3476 homine

468 3517 552 3573 eis
582 3516 826 3572 ﬁdemne
848 3514 1030 3569 sciant
1041 3513 1392 3577 catholicam,
1428 3514 1550 3568 sine
1580 3530 1690 3585 qua
1704 3530 1869 3568 nemo
1884 3519 2068 3584 potest
2150 3512 2320 3582 elegit
2345 3512 2711 3583 correptionis
2728 3512 3021 3583 judicium,
3037 3519 3095 3568 et
3113 3514 3409 3568 veritatem
3435 3528 3467 3565 a
3493 3523 3695 3581 quocun-

468 3604 740 3676 consequi
766 3604 939 3658 vitam
969 3603 1283 3658 mternam?
1322 3603 1428 3667 Qui
1447 3603 1777 3674 simpliciter
1796 3602 2067 3674 quidnam
2152 3619 2260 3673 que
2288 3602 2515 3656 homine
2553 3603 2871 3660 honoravit.

470 3694 549 3751 sit
575 3693 715 3749 fides
746 3692 969 3763 penitus
997 3708 1057 3746 se
1084 3692 1345 3763 ignorare
1383 3692 1650 3747 fatentur.
1680 3693 1755 3745 At
1778 3692 1872 3745 ille
1900 3691 2070 3745 altius
2221 3690 2307 3748 ‘20.
2337 3691 2662 3762 Compassio
2677 3709 2807 3746 vero
2840 3698 2953 3746 tam
2983 3694 3265 3748 naturalis
3286 3700 3342 3748 et
3369 3693 3633 3747 vehemens
3656 3686 3695 3738 ei

471 3782 864 3854 ingemiscens,
897 3790 955 3836 et
977 3781 1216 3852 geminae
1262 3797 1457 3835 eorum
1511 3780 1713 3851 inapize
1741 3797 1807 3834 ex
1852 3780 2069 3834 intimis
2152 3781 2427 3843 incrat,ut
2440 3797 2551 3834 non
2563 3781 2743 3834 solum
2757 3797 2888 3850 erga
2903 3782 3286 3845 homines,sed
3299 3784 3462 3837 etiam
3473 3778 3698 3851 ergabru-

473 3871 778 3928 visceribus
800 3870 1127 3926 condolens:
1156 3889 1182 3923 ι
1198 3870 1343 3935 Quid
1371 3869 1595 3933 mirum,
1622 3870 1721 3936 ait,
1746 3869 1793 3923 si
1815 3868 1886 3923 ab
1915 3874 2070 3924 exte-
2152 3874 2211 3924 ta
2235 3870 2497 3924 animalia
2523 3871 2665 3923 hanc
2684 3870 3022 3925 ostenderet.
3050 3872 3197 3926 Hinc
3220 3879 3308 3927 est
3327 3872 3470 3943 quod
3496 3868 3697 3941 quadam

474 3960 720 4017 rioribus
739 3960 908 4016 rebus
925 3959 1190 4015 videmini
1218 3960 1430 4031 inopes.
1456 3959 1553 4031 qui
1580 3960 1754 4025 intus,
1783 3959 2073 4013 miserabi-
2152 3959 2490 4019 hieme,cum
2507 3976 2570 4013 ex
2591 3959 2936 4014 abundantia
2952 3960 3254 4016 niviumvis
3265 3961 3467 4033 algoris
3480 3960 3592 4031 plus
3601 3954 3700 4011 soli-

475 4051 531 4106 le
567 4050 750 4105 dictu!
791 4068 825 4105 a
850 4051 984 4115 Deo,
1016 4048 1112 4121 qui
1145 4054 1373 4120 praestat
1416 4048 1577 4103 nobis
1605 4048 1796 4102 omnia
1850 4047 2072 4102 abunde
2152 4053 2212 4102 to
2234 4048 2694 4119 ingrueret.idem
2712 4049 3193 4104 Patervisceribus
3208 4051 3700 4122 pietatismotus,ac-

477 4140 551 4195 ad
581 4140 904 4200 fruendum.
932 4138 1067 4194 estis
1091 4138 1305 4193 inanes.
1338 4138 1472 4192 Post
1497 4137 1634 4204 hiec,
1677 4137 1860 4193 fidem.
1905 4143 2075 4208 prout
2154 4137 2265 4192 cito
2282 4138 2981 4209 praeposito,querulavoce
2997 4136 3700 4206 dixitei:¢Volatiliafrigore

478 4245 678 4301 capere
705 4233 985 4301 poterant,
1018 4227 1260 4282 breviter
1286 4226 1367 4281 eis
1393 4226 1638 4298 exponit,
1696 4232 1753 4281 et
1790 4242 1891 4296 pro
1938 4231 2077 4281 tem-
2157 4232 2216 4281 et
2228 4227 2375 4280 fame
2392 4232 2813 4298 pereuntsume
2825 4228 3140 4300 manipulos
3157 4236 3429 4294 avenaz,et
3450 4229 3613 4295 deﬁge
3625 4222 3705 4277 cir-

479 4334 616 4390 pore
646 4317 955 4383 instructis,
988 4321 1266 4388 quatenus
1295 4316 1365 4370 ad
1396 4315 1653 4370 eamdem
1676 4315 1875 4369 cellam
1905 4332 1965 4369 se
1992 4331 2075 4370 se-
2092 4351 2141 4410 D
2157 4332 2223 4369 ca
2241 4332 2420 4387 sepes.
2435 4316 2798 4371 utinveniant
2816 4334 2925 4388 quo
2939 4324 3265 4388 pascantur.
3280 4321 3380 4373 ιΑι
3400 4319 3487 4372 ille
3512 4326 3704 4385 respon-

483 4413 791 4478 querentur
817 4406 1076 4476 injunxit.
1107 4406 1341 4460 Postera
1360 4404 1451 4459 die
1481 4404 1575 4458 illo
1594 4403 1900 4470 venientes,
1924 4402 2079 4458 benié
2096 4402 2136 4410 '
2158 4405 2243 4459 dit
2261 4426 2273 4461 :
2291 4406 2561 4459 «Domine
2586 4405 2916 4460 defecerunt
2926 4406 3086 4461 nobis
3100 4409 3376 4480 manipuli
3390 4415 3705 4461 avenamm»

480 4511 592 4566 gne
617 4495 879 4566 suscepit,
912 4494 1239 4565 aliquandiu
1262 4493 1502 4564 benigne
1531 4493 1782 4561 retinuit,
1832 4493 2076 4547 necessi-
2122 4490 2131 4499 ’
2159 4493 2263 4548 Cui
2283 4493 2376 4548 ille
2399 4506 2411 4541 :
2436 4493 2711 4560 Habesne,
2745 4494 2947 4566 inquit.
2976 4496 3267 4567 siligineos
3298 4494 3594 4566 manipulos
3631 4490 3711 4542 aut

483 4588 631 4637 tates
651 4599 847 4637 eorum
877 4599 991 4637 non
1023 4582 1236 4637 modice
1263 4581 1590 4637 sublevavit.
1630 4582 1829 4653 Sicque
1869 4582 2077 4636 factum
2159 4582 2408 4637 triticeos
2423 4583 2735 4651 ?-Habeo,
2754 4584 2955 4655 inquit.
2978 4586 3134 4640 Tunc
3147 4586 3275 4658 pius
3304 4587 3467 4640 Pater
3495 4603 3506 4637 :
3532 4605 3553 4630 σε
3573 4581 3708 4648 Erga.

474 4676 574 4739 .est
594 4676 660 4726 ut
687 4676 742 4725 et
771 4671 975 4725 mentis
994 4669 1218 4725 illorum
1240 4670 1487 4741 inapiam
1505 4669 1673 4725 verbo
1696 4687 1867 4725 sacrre
1888 4671 2081 4725 erudi-
2160 4671 2258 4735 ait,
2317 4671 2441 4725 illos
2491 4672 2685 4733 vende,
2721 4679 2779 4726 et
2804 4690 2927 4728 eme
2953 4676 3268 4731 avenarios.
3306 4693 3333 4728 ι
3367 4674 3466 4728 Ille
3508 4662 3710 4741 jussioni

486 4758 657 4815 tionis
683 4760 950 4826 inecaret,
999 4764 1057 4813 et
1097 4760 1447 4830 corporalem
1476 4760 1773 4832 penuriam
1815 4760 2080 4815 muniﬁce
2161 4759 2576 4831 obtemperans,
2608 4761 2856 4832 adjutori
2903 4778 3005 4817 suo
3036 4763 3281 4833 injunxit
3324 4768 3404 4829 ut,
3461 4774 3611 4815 mane
3654 4751 3713 4807 ad

486 4849 792 4904 alleviaret.
2161 4856 2378 4903 curtem
2407 4850 2618 4911 exiens,
2643 4867 2812 4920 Opera
2828 4852 2987 4921 jussa
3016 4852 3299 4923 impleret.
3332 4851 3528 4907 Eadem
3557 4849 3708 4903 nocte.

555 4935 646 4995 18.
680 4938 822 4992 Cum
844 4936 1085 5010 quodam
1106 4936 1335 4992 hiemali
1359 4943 1613 5010 tempore
1632 4937 1743 4993 iter
1769 4942 1962 5009 ageret
1979 4954 2081 5010 per
2162 4941 2386 5010 quando
2408 4941 2785 5012 subsequente
2808 4957 2973 4995 mane
2998 4941 3179 4996 iturus
3190 4939 3516 5013 erat,gratia
3528 4928 3713 4991 Domi“i

486 5029 628 5083 ﬁnes
648 5026 914 5091 Bavarize,
933 5026 1149 5081 obviam
1169 5026 1367 5081 habuit
1384 5027 1525 5081 duos
1556 5043 1849 5099 pauperes,
1884 5034 2081 5083 contra
2161 5028 2565 5099 benignitatem
2596 5030 2684 5084 sui
2715 5030 2859 5084 servi
2890 5038 3308 5092 remunerante,
3337 5028 3596 5100 asperitas
3612 5022 3714 5093 gla-

486 5117 712 5190 frigoris
730 5117 1089 5189 asperitatem
1116 5116 1350 5171 vestitus
1376 5116 1447 5170 ab
1472 5133 1538 5171 eo
1558 5116 1870 5171 subsidium
1893 5126 2082 5188 postu-
2161 5118 2265 5172 ciei
2289 5118 2538 5173 emollita
2576 5125 2663 5173 est
2682 5119 2787 5173 levi
2816 5121 2965 5174 aeris
2986 5121 3281 5191 temperie.
3307 5120 3451 5175 Sane
3477 5126 3713 5189 pauperes

485 5206 816 5272 lantes.Qui
833 5223 959 5261 mox
978 5205 1303 5260 recordatus
1320 5206 1498 5261 sancti
1523 5206 1771 5260 Martini.
1795 5206 1890 5277 qui
1911 5205 2079 5259 dimi-
2161 5206 2220 5260 in
2251 5207 2712 5279 eleemosynaria,
2766 5208 2881 5262 sive
2928 5208 3166 5263 rusticos
3187 5209 3243 5263 in
3271 5208 3469 5262 villulis
3498 5204 3715 5258 inﬁrmos

486 5297 641 5352 dium
661 5295 971 5366 chlamydis
1014 5311 1129 5350 suae
1176 5295 1414 5366 largitus
1450 5300 1537 5349 est
1581 5294 1788 5366 algenti
1826 5295 2077 5366 pauperi,
2157 5296 2412 5365 jacentes
2444 5297 2738 5351 humiliter
2764 5296 3025 5361 visitavit,
3063 5315 3127 5352 ac
3154 5298 3259 5369 piis
3287 5288 3715 5351 consolationibus

484 5403 610 5441 cum
640 5403 754 5441 uno
784 5385 994 5440 famulo
1017 5385 1302 5454 digressus
1330 5390 1413 5439 est
1437 5401 1689 5439 seorsum
1713 5401 1746 5438 a
1764 5401 2080 5439 commean-
2160 5385 2313 5445 fovit,
2346 5392 2628 5456 postremo
2665 5385 2936 5440 obeuntes
2983 5386 3233 5457 diligenti
3292 5402 3425 5441 cura
3453 5381 3715 5453 sepultura;

483 5475 653 5540 tibus,
708 5481 766 5529 et
806 5491 1006 5545 sagum
1037 5474 1183 5545 quod
1215 5474 1266 5528 ei
1295 5486 1413 5527 tam
1443 5473 1717 5545 equitanti
1747 5490 1913 5544 quam
1945 5474 2077 5527 dor-
2158 5474 2392 5528 tradidit
2418 5475 2620 5530 Eorum
2635 5492 2765 5529 vero
2779 5470 3714 5545 quiinsaniammentispatiebantur,

487 5562 687 5622 mienti
714 5562 931 5622 solebat
947 5561 1251 5631 substerni,
1281 5561 1343 5619 in
1368 5561 1509 5619 duas
1538 5569 1729 5637 partes
1773 5561 1979 5633 divisit,
2010 5579 2076 5620 ac
2155 5563 2379 5620 nullum
2397 5563 2681 5638 suscipere
2700 5563 3034 5636 dedignatus
3050 5570 3153 5621 est.
3175 5566 3292 5621 Aut
3317 5563 3466 5621 enim
3482 5573 3599 5617 cum
3619 5559 3717 5610 toto
