3912 6166
268 283 373 342 913

1792 294 1981 352 νΙΤΑ.

3442 290 3551 352 9M

270 411 512 468 fratrum
541 421 817 473 conventu
836 418 1083 490 psalmos
1097 423 1156 473 et
1175 417 1593 475 benedictiones
1619 419 1941 479 recitavitA
1955 419 2333 492 praesentavit,
2366 423 2426 474 et
2446 434 2623 473 unum
2658 415 2966 489 quemlibet
2989 431 3058 472 ex
3082 412 3304 472 duobus
3330 414 3551 488 episco-

271 518 443 572 super
461 503 608 570 illos,
635 512 736 561 aut
762 524 888 562 cum
923 508 1257 579 quibusdam
1303 508 1589 575 fratribus,
1615 525 1738 579 quia
1772 508 1897 565 tali.

271 591 499 659 negotio
528 595 914 664 congruebant
940 596 1211 668 explevit:
1248 602 1324 661 et,
1350 597 1734 651 misericordia
1761 598 1873 652 Do-

272 678 413 732 mini
442 680 822 753 subsequente
874 701 1001 739 cum
1033 684 1274 739 sanitate
1302 686 1508 740 mentis
1543 692 1600 740 et
1627 685 1875 757 corporis

272 766 383 821 laeti
413 769 486 823 ad
513 772 743 842 propria
761 773 1071 829 redierunt.

340 855 433 915 2i.
464 858 683 931 Religio
712 879 936 934 quoque
965 864 1295 930 monastica,
1328 881 1452 936 quae
1499 880 1642 935 pene
1670 863 1728 917 in
1749 880 1875 935 pro-

270 945 469 1001 vinciis
498 949 819 1006 Teutonicis
847 952 1141 1008 refrixerat
1167 954 1227 1008 in
1256 953 1336 1008 eis
1366 952 1725 1025 quihabitum
1738 953 1873 1007 reli-

273 1036 456 1106 gionis
478 1040 1095 1112 praetendebant,hujus
1117 1042 1268 1097 beati
1298 1043 1484 1097 Patris
1510 1041 1873 1113 studiocmpit

275 1126 617 1182 recalescere
648 1135 705 1183 et
731 1132 1069 1202 recuperari.
1102 1133 1229 1186 Non
1254 1132 1435 1186 solum
1454 1139 1642 1186 autem
1673 1136 1871 1186 mona-

277 1214 414 1268 stica
435 1215 719 1272 institutio
735 1220 857 1289 ejus
870 1220 1226 1275 aemulatione
1256 1221 1508 1292 profecit,
1543 1222 1641 1275 sed
1672 1226 1729 1275 et
1755 1221 1872 1274 sin-

275 1304 393 1373 guli
418 1306 633 1375 gradus
664 1310 1024 1364 ecclesiastici
1047 1310 1437 1366 Ordinisillius
1452 1312 1717 1382 exemplis
1742 1328 1873 1366 eru-

276 1392 596 1452 diebantur.
624 1397 924 1451 Monachos
950 1415 1195 1469 namque
1224 1399 1560 1465 humilitate,
1578 1399 1871 1467 charitate,

277 1479 512 1547 fervore,
545 1489 603 1537 et
626 1485 894 1555 religione
926 1488 1278 1555 instruebat;
1302 1489 1612 1560 episcopos,
1642 1489 1873 1560 presby-

276 1574 444 1635 teros,
476 1588 575 1626 seu
602 1574 881 1643 quoslibet
906 1577 1137 1631 clericos
1164 1578 1419 1654 doctrina
1456 1583 1514 1633 et
1538 1578 1874 1633 auctoritate

278 1659 641 1727 promovebat
666 1680 679 1728 ;
723 1663 896 1718 laicos
926 1665 1285 1720 conversione
1325 1672 1383 1720 et
1404 1666 1749 1737 subjectione
1771 1666 1871 1719 do-

1956 526 2089 581 pum
2112 507 2219 563 sibi
2235 507 2484 563 ordinari
2497 506 2792 579 petiit.Sed
2809 522 2958 579 papa
2976 522 3153 561 unum
3175 522 3240 560 ex
3259 505 3348 562 his
3365 505 3548 563 sciens

1956 615 2079 652 esse
2100 597 2308 653 bonum
2340 597 2645 659 doctorem,
2685 612 2787 650 nec
2813 601 3005 649 tamen
3029 595 3376 665 religiosum,
3412 596 3551 651 alte-

1955 704 2081 741 rum
2112 703 2143 740 e
2171 684 2455 740 contrario
2481 684 2829 755 religiosum,
2856 700 2959 738 nec
2979 690 3169 738 tamen
3221 682 3550 739 necessariae

1956 774 2290 830 eruditionis
2320 774 2582 845 peritum.
2619 788 2787 846 quem
2816 789 2883 827 ex
2934 771 3151 828 duobus
3180 772 3548 844 praeeligeret,

1956 863 2251 923 dubitavit,
2266 869 2436 934 atque
2447 862 2504 916 id
2524 861 2792 916 divinitus
2831 860 2938 916 sibi
2966 861 3322 917 manifestari
3345 861 3550 916 oratio-

1954 952 2119 1008 nibus
2132 952 2430 1023 cujusdam
2444 951 2589 1006 servi
2607 951 2723 1006 Deo
2742 950 2848 1005 hoc
2869 950 3036 1006 modo
3047 950 3386 1023 impetravit.
3399 951 3548 1007 Nam

1957 1043 2106 1097 idem
2126 1042 2211 1095 vir
2237 1040 2546 1113 spiritualis
2574 1057 2701 1095 cum
2728 1040 2834 1094 hoc
2862 1039 2968 1095 sibi
2997 1055 3030 1094 a
3059 1056 3206 1112 papa
3231 1040 3550 1111 injunctum

1956 1132 2256 1202 vigilanter
2302 1130 2417 1185 Deo
2465 1130 2907 1200 commendaret,
2930 1135 2989 1185 et
3017 1145 3117 1201 per
3166 1129 3552 1186 interventum

1955 1226 2162 1275 sancta:
2191 1219 2291 1275 Dei
2322 1218 2622 1274 Genitricis
2668 1216 2882 1284 Mariae,
2916 1217 3023 1272 sibi
3071 1218 3416 1273 voluntatem
3446 1218 3551 1274 Dei

1955 1309 2193 1364 revelari
2224 1309 2438 1363 intente
2460 1307 2820 1379 supplicaret,
2838 1324 2939 1378 per
2967 1307 3148 1362 visum
3169 1306 3222 1362 ei
3251 1306 3418 1362 beata
3432 1306 3552 1362 Ma-

1956 1399 2044 1454 ria
2072 1398 2229 1469 virgo
2256 1396 2536 1469 apparuit,
2570 1396 2822 1467 duosque
2850 1396 3111 1460 annulos,
3133 1411 3373 1467 quorum
3402 1412 3552 1451 unus

1956 1505 2161 1560 purum
2191 1504 2413 1553 aurum,
2445 1488 2590 1542 alter
2618 1487 2905 1559 perlucida
2929 1502 3160 1558 gemma
3173 1502 3297 1541 esse
3321 1484 3551 1541 videba—

1954 1582 2066 1643 tur,
2092 1577 2374 1644 ostendit;
2408 1576 2571 1648 eique
2620 1575 3011 1647 interroganti,
3042 1592 3208 1647 quem
3235 1591 3303 1630 ex
3332 1573 3553 1630 duobus

1956 1667 2207 1737 eligeret,
2259 1666 2575 1733 Gemmam,
2625 1665 2828 1737 inquit.
2879 1665 2987 1730 Qui
3043 1664 3337 1736 evigilans,
3392 1681 3551 1737 papa

277 1745 471 1814 cebat;
503 1748 766 1819 virgines,
799 1752 993 1808 viduas
1016 1771 1079 1808 ac
1110 1754 1371 1809 mulieres
1395 1755 1744 1809 munditiaet
1761 1737 1937 1809 cas-B
1959 1756 2137 1810 visum
2169 1772 2333 1812 suum
2356 1755 2624 1821 narravit,
2657 1755 2905 1810 incertus
2936 1760 3129 1809 tamen
3156 1753 3293 1826 quid
3324 1753 3397 1809 ad
3415 1769 3551 1809 cau-

277 1833 438 1890 titate
469 1836 837 1908 informabat;
871 1859 1146 1913 pauperes
1177 1844 1386 1898 Christi
1437 1850 1494 1898 et
1548 1844 1876 1915 peregrinos

279 1941 447 1994 parvo
470 1933 761 1984 contentos
790 1947 938 1993 esse,
961 1948 1026 1985 ac
1054 1933 1329 1987 mundum
1359 1932 1463 1987 sub
1509 1932 1744 2004 pedibus
1772 1933 1875 1987 ha-

279 2015 425 2079 bere,
460 2024 518 2071 et
546 2035 770 2073 omnem
825 2022 946 2090 ejus
997 2022 1255 2092 gloriam,
1289 2022 1471 2076 verbis
1518 2030 1576 2077 et
1614 2024 1875 2094 operibus

276 2104 656 2162 dissuadebat.
693 2109 910 2180 Singuli
941 2111 1078 2165 ﬁdes
1104 2111 1309 2166 Christi
1330 2113 1400 2166 ad
1421 2112 1582 2166 illum
1613 2114 1771 2183 quasi
1802 2114 1873 2167 ad

277 2195 461 2249 sinum
485 2198 683 2251 matris
713 2199 1130 2270 confugiebant,
1162 2201 1515 2272 multumque
1544 2219 1645 2273 per
1672 2204 1872 2258 eumin

276 2284 391 2338 Deo
421 2287 808 2355 proﬁciebant.

343 2372 434 2430 ‘2‘2.
465 2376 629 2430 Nunc
651 2377 879 2432 tandem
908 2379 1128 2433 veniam
1150 2380 1221 2433 ad
1248 2380 1624 2435 enarrandum
1652 2382 1707 2436 id
1726 2383 1873 2453 quod

277 2470 397 2516 erat
423 2464 576 2517 inter
601 2467 790 2520 omnia
818 2484 989 2538 opera
1021 2486 1123 2522 sua
1152 2469 1578 2540 pmoipuum,et
1596 2488 1775 2542 usque
1801 2472 1873 2526 ad

279 2552 447 2605 tinem
479 2554 668 2608 saeculi
697 2556 1004 2610 multorum
1044 2557 1339 2610 animabus
1375 2574 1479 2627 per
1505 2559 1870 2614 cmnobialem

275 2641 448 2695 vitam
480 2642 760 2697 salvandis
790 2644 1168 2715 profuturum.
1192 2645 1333 2699 Erat
1361 2647 1511 2700 enim
1542 2647 1881 2703 studiosissi-

276 2747 403 2785 mus
433 2732 817 2787 cmnobiorum
868 2750 1138 2789 novorum
1195 2735 1480 2799 fundator,
1508 2752 1572 2790 ac
1628 2742 1877 2792 veterum

278 2821 645 2876 instaurator.
700 2823 953 2894 Denique
983 2831 1197 2896 septem
1234 2825 1487 2879 ccenobia
1535 2830 1652 2879 tam
1682 2843 1783 2897 per
1816 2843 1876 2882 se

280 2927 445 2981 quam
482 2927 583 2982 per
611 2928 741 2966 suos
770 2912 1073 2984 discipulos
1097 2914 1265 2968 variis
1306 2914 1365 2967 in
1407 2914 1543 2969 locis
1582 2931 1616 2968 a
1667 2915 1873 2969 funda-

277 3000 484 3054 mentis
507 3002 837 3055 construxit.
854 3004 1102 3066 Quorum
1126 3002 1368 3074 primum
1382 3003 1489 3058 fuit
1516 3004 1657 3058 cella
1682 3006 1871 3059 Sancti

1959 1861 2079 1899 sam
2112 1851 2473 1916 praetexatam
2503 1844 2591 1899 vel
2620 1860 2823 1899 aurum
2869 1844 2955 1898 vel
2993 1859 3222 1915 gemma
3266 1842 3550 1898 innueret.

1957 1932 2263 1989 Confestim
2278 1950 2442 2006 papa,
2460 1934 2556 2005 qui
2569 1939 2694 1989 erat
2718 1932 3053 2005 perspicacis
3086 1931 3331 2002 ingenii:
3370 1952 3394 1984 ι
3426 1931 3554 1988 Non

1957 2022 2190 2077 dubium
2217 2028 2322 2086 est,
2353 2022 2556 2093 inquit,
2589 2022 2758 2093 quod,
2798 2027 3045 2076 testante
3096 2036 3255 2075 sacro
3306 2020 3556 2092 eloquio,

1954 2128 2057 2182 per
2083 2127 2288 2165 aurum
2315 2110 2611 2183 sapientia,
2642 2127 2743 2182 per
2764 2126 3048 2181 gemmam
3082 2126 3213 2164 vero
3235 2109 3468 2181 simplex
3498 2114 3558 2165 et

1954 2216 2099 2272 pura
2124 2200 2235 2254 vita
2265 2200 2507 2255 hominis
2536 2201 2813 2270 signatur.
2848 2199 3111 2270 Ideoque,
3156 2214 3222 2253 ex
3245 2198 3368 2271 ipso
3398 2198 3556 2269 judi-

1956 2289 2040 2343 cio
2063 2289 2494 2345 castissimaeDei
2507 2289 2808 2344 Genitricis
2827 2305 3162 2361 semperque
3180 2287 3415 2359 virginis
3434 2288 3560 2343 Ma-

1955 2379 2072 2443 riae,
2097 2378 2191 2432 ille
2222 2379 2318 2450 qui
2345 2384 2518 2443 caste,
2542 2380 2715 2450 juste,
2731 2378 2821 2451 pie
2844 2378 2995 2441 vivit,
3020 2376 3241 2433 etiamsi
3271 2377 3325 2432 ei
3352 2393 3559 2434 aurum

1955 2468 2245 2538 sapientiae
2273 2468 2358 2522 vel
2388 2468 2720 2540 eloquentiae
2748 2466 2911 2533 desit,
2951 2467 3023 2521 ad
3060 2467 3379 2539 exemplum
3413 2466 3558 2523 bene

1955 2557 2174 2611 vivendi
2215 2557 2437 2628 populis
2490 2573 2726 2628 praeesse
2755 2561 3041 2624 meretur;
3074 2557 3245 2627 hujus
3269 2555 3420 2611 enim
3447 2554 3556 2612 etsi

1958 2645 2153 2716 lingua
2207 2651 2376 2709 tacet,
2426 2646 2539 2700 vita
2591 2646 2770 2700 docet.
2833 2646 3071 2717 Oportet
3116 2645 3176 2700 in
3230 2644 3558 2716 hujusmodi

1958 2734 2230 2789 electione
2254 2750 2611 2806 summopere
2632 2750 2912 2789 canonum
2949 2733 3269 2789 sanctiones
3290 2732 3557 2789 observa-

1956 2824 2026 2891 ri,
2059 2840 2391 2895 semperque
2414 2809 2486 2877 ad
2514 2823 2765 2894 regimen
2790 2823 3129 2884 animarum.
3153 2838 3269 2878 non
3279 2821 3560 2895 quoslibet

1956 2913 2274 2983 populares,
2307 2912 2406 2966 sed
2418 2912 2707 2983 regulares
2734 2912 3010 2968 duntaxat
3037 2927 3310 2985 personas
3324 2927 3558 2984 promo-

1954 3017 2090 3056 VGI‘I.
2123 3019 2150 3055 ι

279 3089 557 3159 Gregorii,
589 3107 712 3160 qua
742 3057 968 3162 proprie
997 3093 1067 3146 ad
1102 3057 1937 3164 ilirsaugiampertineth—éc
2026 3089 2116 3148 ‘23.
2150 3091 2269 3145 Hoc
2299 3107 2432 3161 ergo
2461 3090 2796 3146 informatus
2815 3091 3099 3163 Sexemplo
3127 3091 3313 3147 ﬁdelis
3359 3108 3557 3150 servus

276 3178 521 3232 cundum
551 3179 730 3232 sancti
770 3179 998 3250 Georgii
1026 3183 1327 3252 martyris;
1359 3190 1664 3254 utrumque
1696 3183 1755 3237 in
1779 3183 1876 3238 Ni-
1955 3180 2181 3235 Domini
2209 3186 2267 3235 et
2288 3180 2557 3252 prudens.
2588 3180 2648 3235 in
2680 3179 3015 3253 quibusdam
3031 3197 3098 3236 ex
3139 3180 3555 3253 pmdicﬁscm-

272 3268 573 3338 gra-Silva.
626 3270 879 3325 Tertium
927 3271 986 3324 in
1044 3272 1278 3325 Bavaria
1329 3270 1389 3324 in
1424 3271 1638 3325 honore
1693 3272 1873 3326 sancti
1954 3267 2136 3323 nobiis
2164 3270 2392 3325 statutis
2420 3268 2737 3337 abbatibus,
2767 3269 2827 3324 in
2856 3268 3191 3342 quibusdam
3237 3269 3552 3342 prioribus;

274 3354 524 3411 Martini.
551 3358 826 3422 Quartum
849 3359 909 3413 in
928 3360 1256 3430 Thuringia.
1282 3360 1431 3430 quod
1452 3359 1659 3414 dicitur
1675 3361 1874 3430 Erphc—
1955 3358 2247 3429 religiosos
2275 3358 2576 3414 monachos
2595 3359 2765 3414 simul
2802 3376 2930 3415 cum
2959 3360 3241 3415 conversis
3269 3359 3428 3416 laicis
3449 3359 3553 3416 de-

274 3447 440 3511 [τινεὴ
472 3446 794 3518 [Erphord].
827 3449 1099 3512 Quintum
1131 3449 1203 3503 ad
1251 3449 1540 3520 Duplicem
1562 3451 1781 3520 Aquam
1811 3450 1871 3505 in

275 3534 489 3589 honore
518 3542 726 3591 sanctae
756 3538 963 3593 Mariae.
1017 3539 1251 3593 Sextum
1306 3538 1366 3592 in
1415 3539 1547 3592 villa
1596 3540 1864 3606 Wilheim,

274 3624 423 3694 quod
450 3630 649 3696 postea
678 3632 964 3681 mutatum
993 3632 1081 3681 est
1101 3627 1159 3681 in
1189 3633 1439 3682 montem
1473 3627 1662 3683 Sancti
1692 3628 1865 3683 Petri.

272 3711 591 3784 Septimum
620 3715 680 3768 in
734 3716 1021 3786 provincia
1057 3717 1553 3772 Charentinorum.
1585 3716 1713 3773 Alia
1742 3733 1870 3772 vero

268 3803 397 3865 tria,
430 3802 487 3856 id
510 3809 599 3858 est
617 3804 1007 3872 Scha/ﬂmsem,
1041 3807 1409 3873 Petrishusen,
1454 3807 1864 3875 Campergense,

265 3907 411 3961 pene
424 3893 543 3961 jam
567 3893 852 3948 destructa
863 3893 1292 3949 restauravitln
1323 3911 1561 3965 quorum
1583 3894 1866 3965 guberna-

266 3980 421 4034 tione
438 3981 557 4035 haec
577 3987 699 4036 erat
713 3982 787 4048 ei,
819 3999 945 4036 cum
978 3982 1352 4037 sollicitudine
1377 3983 1722 4054 quotidiana,
1754 4001 1867 4038 non

265 4085 438 4139 parva
493 4070 813 4138 difﬁcultas,
864 4072 1007 4126 tales
1038 4072 1297 4126 videlicet
1322 4072 1381 4126 in
1432 4073 1866 4143 congregatione

263 4158 505 4212 fratrum
526 4158 777 4214 invenire
816 4176 1107 4232 personas,
1130 4178 1253 4232 quae
1268 4166 1456 4216 essent
1474 4161 1640 4216 utiles
1670 4166 1727 4215 et
1751 4161 1869 4216 ido-

265 4265 386 4302 nere
414 4248 485 4302 ad
509 4249 809 4304 lucrandas
833 4251 1071 4304 animas.
1104 4251 1248 4305 Nam
1273 4252 1583 4306 secundum
1614 4251 1867 4306 Domini-

264 4353 393 4392 cum
408 4354 728 4393 sermonem
738 4380 751 4405 ,
762 4341 814 4394 Μ
818 4343 946 4394 essis
957 4342 1177 4409 quidem
1189 4344 1394 4409 multa,
1410 4343 1660 4410 operarii
1677 4346 1865 4395 autem

1952 3447 2189 3519 putavit.
2222 3448 2517 3503 Enimvero
2547 3448 2808 3504 amabilis
2854 3454 3036 3521 pater,
3062 3448 3180 3505 zelo
3201 3448 3554 3521 {animarum

1950 3537 2193 3600 fervens,
2225 3536 2439 3609 primus
2461 3537 2728 3602 instituit,
2759 3543 2825 3593 ut
2847 3539 3110 3593 monachi
3149 3538 3463 3595 ministerio
3490 3539 3553 3595 ti-

1950 3624 2062 3678 deli
2090 3625 2363 3680 laicorum
2384 3642 2781 3682 conversorum
2807 3627 2869 3682 in
2897 3625 3268 3683 exterioribus
3313 3626 3552 3684 adminia

1951 3714 2199 3769 strandis
2234 3721 2559 3784 uterentur,
2574 3722 2631 3771 et
2658 3732 2820 3771 versa
2846 3716 2965 3772 vice
3009 3715 3185 3772 iidem
3211 3716 3343 3772 laici
3369 3733 3405 3772 a
3434 3732 3554 3774 mo-

1950 3804 2145 3858 nachis
2159 3804 2307 3876 quod
2330 3805 2402 3859 ad
2422 3821 2613 3860 curam
2643 3804 2961 3861 animarum
2973 3806 3223 3878 pertinet
3240 3823 3551 3880 conseque-

1947 3899 2164 3959 rentur,
2191 3910 2499 3964 eorumque
2518 3893 2877 3948 claustralem
2893 3894 3244 3966 disciplinam
3263 3912 3366 3968 pro
3385 3913 3550 3970 posse

1949 3996 2076 4039 suo,
2108 3987 2267 4036 extra
2290 3982 2624 4048 claustrum,
2653 3982 2714 4037 in
2753 3983 3101 4054 corrigendis
3147 3984 3399 4041 moribus
3425 3986 3551 4042 imi-

1948 4072 2248 4123 tarentur:
2299 4070 2369 4124 de
2434 4086 2674 4141 quorum
2735 4071 3180 4140 conversatione,
3235 4072 3547 4127 secundum

1950 4158 2099 4228 quod
2131 4175 2277 4229 saepe
2302 4159 2485 4214 dictus
2522 4160 2693 4214 Pater
2727 4161 2842 4215 Deo
2881 4159 3193 4231 inspirante
3243 4160 3542 4230 ordinavit,

1950 4263 2131 4317 operae
2152 4247 2394 4318 pretium
2424 4255 2510 4304 est
2529 4249 2723 4320 aliqua
2751 4265 3209 4315 commemorare,
3231 4249 3303 4304 de
3338 4251 3544 4322 quibus

1950 4336 2087 4390 certi
2113 4352 2309 4391 sumus
2338 4336 2482 4392 sicut
2510 4337 2568 4392 in
2600 4338 2861 4409 praesenti
2888 4343 3165 4410 tempore,
3199 4338 3281 4394 ita
3299 4340 3431 4396 etin
3460 4343 3544 4398 tu-

256 4429 449 4495 pauci,
474 4427 610 4481 dum
630 4444 725 4481 eos
751 4429 847 4498 qui
877 4429 1002 4482 aliis
1021 4428 1228 4483 debent
1244 4446 1500 4500 praeesse,
1533 4435 1592 4484 et
1608 4446 1777 4500 opere
1806 4423 1926 4484 etD
1948 4430 2076 4481 turo
2105 4426 2312 4482 multos
2340 4444 2502 4499 posse
2538 4428 2828 4499 proiicere.
2858 4427 2945 4482 Ad
2989 4433 3295 4484 nocturnas
3321 4429 3542 4500 vigilias

258 4522 757 4587 sermoneOportet
776 4534 897 4571 esse
926 4517 1209 4589 probatos,
1247 4534 1312 4573 ac
1341 4535 1452 4573 non
1482 4519 1669 4574 minus
1691 4534 1866 4573 saecu-

257 4604 367 4658 lari
398 4604 634 4659 scientia
665 4623 833 4677 quam
863 4607 1143 4678 spirituali
1168 4607 1549 4663 eruditos.Sed
1575 4608 1705 4679 quia
1722 4623 1862 4679 pau-

255 4693 475 4747 cissimi
524 4694 890 4749 inveniuntur
944 4695 1041 4766 qui
1091 4702 1332 4767 utroque
1362 4696 1632 4767 polleant,
1672 4698 1863 4767 plures

256 4788 456 4836 tamen
476 4787 612 4836 sunt
635 4783 730 4853 qui
759 4800 935 4838 unum
972 4784 1094 4838 sine
1124 4785 1303 4838 altero
1333 4785 1673 4856 possideant,
1692 4785 1747 4840 id
1778 4792 1864 4842 est

254 4877 358 4926 aut
380 4870 556 4924 vitam
587 4871 788 4927 bonam
809 4873 928 4926 sine
941 4872 1177 4927 scientia
1197 4874 1282 4926 vel
1304 4874 1625 4945 eloquentia
1662 4875 1864 4930 doctri-

251 4975 364 5019 nae.
399 4965 503 5014 aut
521 4961 749 5015 verbum
769 4962 1036 5016 doctrinae
1055 4963 1177 5016 sine
1201 4963 1461 5033 religiosa
1485 4964 1861 5019 conversatio-

252 5067 347 5104 ne.
378 5050 492 5103 Eos
521 5048 616 5103 ille
644 5051 866 5121 sapiens
912 5050 1249 5106 architectus
1296 5053 1514 5107 studuit
1541 5054 1701 5124 quasi
1729 5070 1863 5125 qua-

252 5140 456 5193 dratos
487 5138 722 5209 lapides,
757 5139 854 5193 ubi
902 5145 1260 5210 apparerent,
1313 5142 1371 5195 in
1426 5141 1660 5196 aedificio
1689 5143 1863 5213 spiri-

251 5227 400 5281 tuali
430 5243 781 5297 promovere,
813 5244 953 5298 quos
979 5229 1133 5283 novit
1157 5229 1415 5300 expolitis
1458 5230 1708 5285 moribus
1739 5232 1860 5285 lau-

250 5316 527 5370 dabiliter
552 5315 753 5381 vivere,
786 5317 1006 5371 etiamsi
1051 5326 1255 5373 cratera
1310 5320 1623 5373 necessaria
1672 5320 1859 5375 minus

251 5410 659 5477 suppeterent;
692 5404 749 5459 in
796 5406 902 5460 hoc
947 5424 1189 5477 sequens
1240 5408 1603 5462 memorabile
1648 5407 1858 5463 factum

252 5492 523 5564 Gregorii
552 5509 709 5564 papa
735 5494 980 5564 septimi.
1013 5494 1155 5550 Huic
1202 5496 1353 5549 enim
1378 5498 1669 5567 cujusdam
1693 5498 1861 5551 eccle-

252 5585 351 5638 sia:
380 5583 571 5637 clerus
600 5588 657 5637 et
683 5584 924 5654 populus
972 5583 1113 5638 duos
1142 5584 1346 5639 electos
1378 5586 1447 5639 ad
1476 5586 1858 5657 episcopatum

1945 4517 2206 4570 amnesin
2221 4516 2510 4572 ecclesiam
2533 4517 2891 4583 conveniunt,
2936 4517 3140 4590 quibus
3156 4524 3348 4575 tamen
3379 4535 3545 4592 prop-

1944 4610 2034 4659 ter
2087 4606 2353 4660 diurnum
2394 4606 2711 4677 injunctum
2765 4607 2951 4678 operis
3006 4606 3257 4663 laborem
3299 4607 3545 4666 breviter

1944 4695 2210 4750 Matutini
2240 4695 2629 4750 decantantur.
2664 4696 2867 4750 Postea
2899 4696 2996 4768 qui
3031 4696 3227 4753 volunt
3266 4698 3338 4753 ad
3366 4696 3543 4755 lectos

1944 4790 2320 4851 revertuntur,
2387 4784 2484 4838 alii
2543 4784 2603 4839 in
2656 4785 2889 4839 ecclesia
2941 4798 3319 4857 perseverant,
3363 4788 3543 4845 donec

1944 4874 2205 4929 nocturni
2223 4890 2256 4928 a
2270 4873 2557 4928 monachis
2572 4874 3099 4931 ﬁniantur.Summo
3120 4892 3286 4932 mane
3306 4877 3542 4934 missam

1942 4964 2210 5030 audiunt;
2241 4962 2444 5017 deinde
2473 4962 2545 5016 ad
2574 4963 2882 5034 capitulum
2926 4965 3282 5033 conveniunt,
3328 4966 3410 5022 ibi
3437 4984 3541 5039 pro

1942 5052 2175 5107 diversis
2204 5051 2519 5107 excessibus
2544 5052 2763 5106 veniam
2812 5059 3032 5124 petunt,
3062 5060 3121 5110 et
3164 5071 3472 5126 congruam
3504 5071 3540 5110 ι

1942 5141 2212 5213 Magistro
2268 5140 2622 5213 disciplinam
2662 5141 2959 5213 accipiunt.
3019 5143 3143 5208 Quo
3194 5149 3442 5215 peracto,
3482 5148 3542 5198 et

1942 5228 2546 5301 subsequente,quibus
2564 5246 2788 5285 necesse
2813 5236 2917 5297 est,
2941 5237 3297 5302 peccatorum
3328 5230 3541 5286 confes-

1942 5318 2115 5375 sione.
2133 5318 2519 5389 unusquisque
2540 5319 2611 5372 ad
2650 5335 2790 5391 opus
2817 5320 2922 5374 sibi
2950 5320 3262 5389 injunctum
3291 5319 3538 5376 divertit.

1941 5408 2084 5462 Nam
2116 5407 2225 5461 illis
2246 5407 2499 5476 injuncta
2512 5413 2646 5461 sunt
2664 5408 2887 5478 singula
2917 5423 3150 5478 quaeque
3178 5407 3364 5462 ofﬁcia
3390 5409 3542 5467 intra

1945 5496 2028 5549 vel
2057 5503 2214 5550 extra
2234 5496 2432 5550 cellam
2460 5496 2728 5565 gerenda,
2745 5512 2867 5566 quae
2880 5502 2995 5549 tam
3023 5494 3281 5563 ﬁdeliter,
3304 5496 3540 5553 honeste

1942 5603 2009 5640 ac
2031 5586 2335 5656 diligenter
2362 5590 2611 5643 tractant
2636 5591 2693 5640 et
2711 5584 3129 5654 administrant,
3170 5602 3237 5644 ac
3288 5587 3338 5644 si
3361 5604 3397 5644 a
3422 5587 3540 5643 Deo

1966 6012 2095 6023 -‘..A.o-o
