3872 6168
426 250 533 332 '919

1448 279 1504 334 S.
1549 279 1938 336 GUlLLELMI
1978 281 2283 339 ABBATIS
2322 282 2665 338 HIRSAUG.

3548 270 3636 338 9‘10

430 401 578 459 tiens
600 403 1031 471 saeculo,sanctae
1051 405 1490 460 conversationis
1506 405 1759 462 habitum
1780 408 2022 479 sumpsit
2038 417 2089 476 Α
2109 408 2291 473 niunt,
2321 410 2376 462 in
2407 407 2573 462 domo
2598 420 2910 478 pauperum
2939 401 3043 458 sub
3077 402 3255 457 laicali
3285 402 3465 458 habitu
3501 406 3639 459 servi-

430 492 535 547 sub
562 492 762 547 abbate
782 493 1105 557 Wilbelmo,
1128 510 1194 548 ac
1212 494 1281 548 de
1297 496 1536 566 propriis
1557 496 1722 550 rebus
1747 496 2025 568 quoddam

431 581 701 652 praedium
728 581 785 635 in
815 582 1081 653 praedicta
1103 583 1235 637 villa
1262 584 1457 649 situm,
1488 585 1558 638 ad
1590 602 1755 639 usum
1785 587 2023 641 fratrum

426 668 910 740 Hirsaugiensium
939 672 1187 742 legitima
1217 673 1519 727 donatione
1545 675 1839 745 delegavit.
1872 677 2026 731 Post-

429 773 602 828 quam
630 765 821 813 autem
852 767 1108 830 uterque,
1151 761 1360 815 scilicet
1385 762 1557 817 abbas
1587 763 1944 830 Wilhelmus,
1969 770 2026 819 et

430 846 515 900 vir
531 848 833 918 praedictus
862 866 928 903 ex
959 849 1065 903 hac
1095 850 1205 904 vita
1227 851 1508 920 migravit,
1547 852 1769 921 juvenis
1796 853 2023 923 quidam

431 935 758 1007 praedictum
788 938 1059 1008 praedium
1098 955 1239 994 ausu
1263 940 1582 1001 temerario,
1607 941 1766 1012 quasi
1797 942 2028 997 haeredi-

430 1024 577 1078 tario
597 1026 728 1095 jure
755 1026 826 1080 ad
874 1042 934 1081 se
962 1027 1376 1092 transmissum,
1427 1031 1738 1100 usurpavit.
1772 1031 2026 1102 Cumque

431 1120 545 1167 una
565 1114 656 1168 die
684 1113 825 1171 duas
853 1116 1116 1179 carradas
1144 1116 1277 1176 vini.
1322 1122 1379 1170 et
1426 1118 1536 1171 alia
1564 1118 1886 1188 hujusmodi
1916 1120 2027 1174 vio-

430 1202 616 1257 lenter
667 1203 737 1257 de
781 1204 978 1258 eadem
1033 1206 1385 1275 possessione
1422 1206 1743 1272 abduceret,
1795 1208 1852 1261 in
1904 1209 2024 1279 ipso

425 1290 632 1346 itinere
662 1308 759 1362 pes
786 1308 933 1347 unus
952 1293 1122 1347 boum
1161 1294 1256 1365 qui
1285 1295 1538 1365 rapinam
1563 1295 1866 1350 trahebant
1891 1314 2023 1351 con-

429 1379 641 1434 fractus
669 1385 772 1435 est.
805 1382 931 1452 Ipse
961 1382 1131 1437 etiam
1164 1384 1386 1452 juvenis
1408 1384 1476 1438 de
1505 1400 1649 1456 equo
1678 1386 1767 1439 cui
1795 1387 2024 1451 insedit,

430 1469 593 1541 quasi
643 1469 960 1540 lethargum
1010 1472 1228 1542 patiens
1274 1489 1518 1545 praeceps
1572 1476 1804 1538 corruit,
1856 1483 2024 1547 atque

428 1571 626 1610 amens
677 1556 875 1623 factus,
927 1557 1099 1611 etiam
1156 1576 1320 1613 usum
1360 1560 1623 1631 loquendi
1674 1563 1935 1633 perdidit,
1965 1564 2025 1618 in

429 1644 628 1699 alienis
657 1645 919 1700 manibus
946 1646 1203 1702 sublatus
1236 1664 1248 1702 :
1294 1649 1392 1702 sed
1447 1666 1711 1721 processu
1758 1653 2026 1723 temporis

2109 503 2255 560 rent,
2277 503 2334 551 et
2360 504 2549 551 tamen
2578 511 2688 549 non
2718 495 2787 548 de
2807 494 3177 563 eleemosyna.
3200 492 3295 546 sed
3316 493 3381 546 de
3398 496 3641 550 communi

2106 586 2344 640 fratrum
2367 586 2513 639 victu
2553 591 2610 639 et
2636 584 2839 638 vestitu
2877 587 3345 640 sustentarentur.
3382 583 3521 637 Hanc
3537 600 3641 637 con-

2106 675 2460 729 suetudinem
2489 688 2778 727 successor
2827 673 2950 742 ejus
2982 671 3063 725 ita
3096 669 3420 735 immutavit,
3453 676 3509 724 ut
3532 688 3643 741 prae-

2104 762 2237 816 dicti
2266 760 2466 814 fratres
2493 760 2562 813 de
2590 760 2947 829 eleemosyna
2990 771 3156 827 quam
3204 755 3642 823 administrabant,

2104 850 2352 921 corporis
2373 848 2685 903 necessaria
2708 863 2775 901 ex
2800 852 2920 900 toto
2955 850 3436 916 consequerentur.
3465 844 3532 898 Ex
3556 861 3647 916 qua

2109 939 2399 994 occasione
2429 937 2667 1006 contigit
2700 952 2787 990 res
2819 935 3060 990 multum
3083 933 3338 997 dolenda,
3360 938 3420 987 ut
3436 935 3647 1004 peregri-

2107 1028 2195 1083 nis
2225 1034 2278 1082 et
2305 1027 2429 1080 aliis
2456 1025 2795 1097 pauperibus
2815 1025 2982 1078 solita
3008 1021 3386 1078 misericordia
3401 1021 3648 1076 subtrahe.

2106 1123 2281 1181 retur,
2300 1117 2358 1170 in
2384 1121 2629 1179 tantum,
2660 1119 2721 1167 ut
2751 1114 2912 1184 egeni
2925 1129 3023 1184 per
3036 1111 3252 1183 gelidas
3282 1116 3460 1165 noctes
3482 1110 3647 1165 hiemis

2107 1204 2333 1268 exclusi,
2388 1220 2501 1274 prie
2547 1201 2694 1255 fame
2723 1208 2778 1255 et
2802 1201 3010 1271 frigore
3036 1198 3339 1253 miserabili
3363 1199 3578 1251 clamore
3600 1198 3646 1252 in

2107 1294 2294 1365 platea
2314 1297 2751 1363 perstreperent,
2772 1291 2851 1344 ita
2867 1296 2931 1343 ut
2953 1289 3156 1361 saepius
3169 1289 3503 1359 quiescentes
3514 1293 3649 1340 noctu

2106 1382 2309 1435 fratres
2337 1381 2718 1452 inquietarent
2770 1380 2950 1450 Super
2980 1395 3091 1449 qua
3121 1376 3375 1431 molestia
3390 1375 3543 1429 abbas
3559 1375 3651 1428 fre-

2106 1476 2344 1541 quenter
2369 1486 2403 1523 a
2431 1469 2697 1523 fratribus
2716 1468 3108 1531 commonitus,
3131 1483 3257 1520 cum
3277 1465 3555 1518 emendare
3571 1479 3652 1518 ne-

2103 1559 2346 1629 gligeret
2364 1559 2479 1613 haec
2508 1564 2564 1613 et
2583 1558 2695 1611 alia
2714 1558 2888 1611 multa
2907 1554 3253 1626 hujusmodi,
3275 1562 3431 1608 nocte
3449 1552 3651 1623 quadam

2106 1647 2166 1702 in
2199 1664 2311 1718 qua
2324 1647 2622 1701 Dominica
2632 1646 2896 1701 Ascensio
2925 1643 3331 1709 celebrabatur,
3351 1658 3488 1696 unus
3500 1641 3653 1694 senior

426 1734 699 1805 paulatim
720 1736 1065 1807 recuperatis
1098 1736 1304 1791 viribus
1342 1740 1548 1794 mentis
1573 1746 1631 1794 et
1672 1742 1922 1812 corporis
1950 1742 2020 1796 ad
2042 1733 2173 1793 Bde
2205 1737 2401 1790 eodem
2433 1736 2791 1798 monasterio,
2811 1735 2925 1789 vita
2955 1743 3012 1789 et
3041 1734 3289 1788 moribus
3309 1732 3655 1804 probatusvpel'

428 1838 488 1878 se
507 1824 969 1896 reversus,coepit
992 1841 1180 1880 secum
1202 1826 1558 1883 considerare
1578 1829 1689 1883 tale
1712 1830 2017 1900 ﬂagellum,

428 1913 595 1983 quale
611 1929 900 1983 nunquam
918 1919 1086 1968 antea
1107 1922 1371 1985 expertus
1386 1924 1491 1982 est,
1509 1934 1568 1972 se
1588 1935 1700 1973 non
1721 1919 1842 1974 sine
1869 1921 2021 1990 justo

420 2000 633 2071 judicio
658 2001 759 2055 Dei
774 2002 1062 2069 tolerasse,
1087 2003 1390 2075 habitaque
1407 2022 1596 2060 secum
1619 2007 2021 2063 deliberatione

426 2088 499 2142 ad
526 2090 930 2144 monasterium
974 2090 1378 2163 Hirsaugiense
1406 2111 1466 2148 se
1496 2095 1703 2149 deferri
1734 2097 1886 2165 fecit,
1921 2098 2025 2153 ibi-

338 2168 339 2171 “
427 2193 535 2248 que
555 2183 739 2233 mutat
755 2178 922 2234 simul
951 2196 1077 2234 cum
1103 2189 1290 2236 mente
1311 2183 1561 2237 saeculari
1589 2185 1875 2254 habitum;
1906 2188 2022 2243 Deo

426 2282 486 2321 se
542 2267 785 2323 ﬁdeliter
830 2269 1186 2341 mancipavit,
1239 2279 1297 2327 et
1340 2280 1470 2344 post
1516 2292 1720 2345 paucos
1758 2293 1935 2331 annos
1963 2279 2022 2332 in

426 2361 622 2410 sancta
649 2352 1068 2414 conversatione
1098 2360 1334 2416 feliciter
1359 2362 1529 2417 vitam
1559 2372 1889 2435 praesentem
1905 2368 2025 2422 ﬁni-

427 2442 527 2497 vit.
570 2444 709 2499 Ecce
728 2462 830 2500 nos
853 2446 971 2502 haec
993 2448 1307 2515 audientes,
1335 2458 1393 2504 et
1420 2457 1537 2505 tam
1567 2453 1840 2518 terribile,
1872 2462 2021 2510 tam-

428 2547 539 2602 que
589 2534 948 2588 tremendum
1001 2536 1103 2590 Dei
1130 2538 1404 2608 judicium
1457 2557 1627 2612 super
1671 2543 1758 2596 his
1806 2544 2024 2600 duobus

427 2622 866 2688 considerantes,
899 2640 1138 2696 quorum
1178 2628 1326 2682 alter
1368 2637 1597 2700 repente
1644 2632 2024 2704 praecipitatus

358 2769 368 2776 ,
426 2716 516 2766 est
536 2711 597 2765 in
624 2719 884 2779 mortem,
906 2715 1052 2769 alter
1082 2732 1211 2770 vero
1250 2718 1690 2775 misericorditer
1709 2730 2025 2778 reservatus

426 2804 515 2854 est
555 2800 627 2854 ad
655 2800 825 2855 vitam
857 2803 1167 2866 meliorem,
1201 2813 1585 2877 competenter
1613 2826 1738 2864 cum
1772 2812 2025 2866 Psalmo-

423 2889 640 2960 grapho
656 2907 952 2960 possumus
964 2893 1230 2949 admirari
1255 2901 1312 2949 et
1329 2896 1513 2952 dicere
1539 2900 1746 2954 :Venite
1774 2907 1823 2954 et
1852 2905 2028 2956 videte

427 2993 592 3048 opera
618 2980 778 3034 Domi
782 2984 1039 3051 ni,quam
1063 2987 1333 3039 terribilis
1348 2989 1410 3039 in
1435 2991 1683 3042 consiliis
1704 3005 1868 3058 super
1882 2995 2026 3059 ﬁlios

2103 1831 2434 1881 nocturnam
2466 1826 2729 1879 visionem
2761 1824 2901 1879 vidit
2926 1841 2986 1878 se
3006 1821 3304 1887 sublevari,
3342 1828 3397 1875 et
3419 1819 3562 1890 quasi
3584 1834 3655 1873 su-

2103 1931 2207 1986 pra
2236 1920 2480 1969 montem
2539 1913 3053 1984 incomparabiliter
3081 1912 3376 1966 sublimem
3411 1907 3653 1972 constitui,

2104 2003 2200 2059 ubi
2241 2004 2431 2058 omnia
2460 2004 2625 2074 plena
2655 2007 2817 2057 erant
2865 2003 3155 2056 immensae
3198 2001 3339 2055 lucis
3382 1997 3652 2070 splendore,

2104 2091 2251 2145 mira
2284 2092 2495 2146 insoliti
2526 2093 2713 2146 odoris
2741 2093 3136 2162 fragrantia,et
3162 2091 3447 2146 beatorum
3475 2087 3542 2142 ibi
3569 2104 3659 2141 ma.

2104 2182 2359 2236 nentium
2389 2189 2661 2237 concentu
2691 2184 3010 2239 dulcissimo
3066 2183 3273 2254 quibus
3314 2182 3430 2252 ipse
3456 2178 3657 2233 nimium

2104 2270 2435 2335 delectatus,
2470 2290 2533 2327 ac
2575 2274 2792 2343 jugiter
2839 2275 3113 2328 interesse
3168 2272 3504 2334 desiderans,
3539 2266 3659 2321 inter

2107 2367 2444 2430 caateraquae
2464 2360 2542 2414 ibi
2563 2361 2717 2415 vidit.
2739 2361 2909 2415 etiam
2930 2361 3194 2415 abbatem
3206 2359 3553 2414 Wilhelmum
3571 2352 3654 2407 sibi

2107 2449 2239 2502 olim
2265 2449 2774 2503 familiarissimum
2804 2449 3144 2519 recognovit,
3196 2448 3358 2501 niveo
3387 2450 3592 2516 aspectu
3614 2447 3660 2496 et

2105 2537 2301 2591 habitu
2328 2538 2654 2607 fulgentem,
2687 2556 2813 2593 cum
2845 2556 2955 2611 quo
2980 2539 3153 2593 etiam
3183 2537 3327 2591 duos
3349 2536 3489 2589 viros
3514 2531 3662 2603 ponti-

2106 2627 2254 2680 ficali
2285 2627 2481 2680 habitu
2502 2628 2813 2693 decoratos,
2845 2628 2943 2682 sed
2971 2627 3077 2681 sibi
3103 2620 3661 2696 incognitos.Quaasivit

2106 2715 2176 2769 ab
2227 2732 2292 2770 eo
2331 2716 2426 2786 qui
2480 2723 2686 2771 essent.
2736 2717 2806 2770 Et
2845 2717 3060 2771 audivit
3088 2732 3270 2771 unum
3297 2731 3416 2769 esse
3442 2716 3659 2767 sanctum

2107 2805 2427 2859 Udalricum
2456 2806 2564 2872 (14)
2604 2809 3017 2877 Augustensem
3058 2806 3412 2877 pontificem;
3456 2802 3660 2855 alterum

2106 2910 2237 2948 vero
2266 2895 2587 2949 Conradum
2608 2896 3112 2961 Constantiensem,
3155 2911 3318 2966 aeque
3370 2893 3537 2946 virum
3561 2906 3663 2942 san-

2107 2989 2259 3036 ctum
2291 2988 2348 3036 ct
2367 2984 2501 3036 olim
2526 2984 2873 3055 episcopum.
2894 2984 3149 3055 Cumque
3163 2990 3226 3038 et
3242 2984 3312 3037 de
3329 2981 3447 3036 aliis
3465 2980 3535 3034 ibi
3557 2977 3663 3030 visis

428 3065 723 3122 hominum
747 3070 915 3138 (Psal.
940 3085 1062 3138 va,
1089 3071 1159 3141 5).
1185 3072 1262 3126 Ex
1283 3074 1478 3129 eadem
1504 3076 1677 3130 etiam
1705 3052 2023 3133 considera-

2106 3070 2167 3125 in
2180 3071 2412 3141 iuirenti
2428 3052 2601 3126 abbas
2617 3052 2953 3127 Wilhelmus
2972 3052 3318 3144 respondens
3335 3070 3661 3133 satisfaceret,

427 3154 584 3215 tione
611 3157 867 3227 cogimur
893 3174 1020 3214 cum
1051 3162 1319 3231 Apostolo
1348 3165 1697 3234 proclamare
1744 3169 1915 3234 (Rom.
1950 3183 2022 3234 xx,

429 3241 522 3310 33,
548 3245 635 3313 34)
671 3263 682 3300 :
722 3247 763 3303 0
789 3250 1029 3303 altitudo
1051 3251 1387 3306 divitiarum
1410 3256 1693 3323 sapientiae
1712 3262 1761 3310 et
1787 3261 2025 3313 scientia:

429 3334 550 3401 Dei,
578 3352 748 3405 quam
784 3339 1366 3406 incomprehensibilia
1404 3348 1535 3396 sunt
1554 3345 1777 3413 judicia
1806 3349 1941 3414 ejus,
1975 3351 2023 3400 et

430 3424 834 3490 investigabiles
852 3428 952 3479 vi:
977 3427 1171 3480 illius!
1202 3429 1333 3495 Quis
1363 3433 1513 3484 enim
1534 3436 1780 3499 cognovit
1803 3451 2025 3488 sensum

428 3512 660 3564 Domini
689 3516 714 3563 ?
758 3516 859 3566 aut
909 3528 1083 3583 quare
1112 3515 1200 3569 cui
1232 3517 1351 3571 vult
1379 3518 1680 3574 miseretur
1707 3520 1735 3574 ‘I
1770 3528 1827 3575 et
1852 3540 2026 3594 quare

432 3597 608 3652 alium
659 3598 918 3665 obdurat,
969 3607 1029 3655 ut
1072 3618 1183 3657 non
1232 3605 1524 3661 salvetur?
1554 3609 1675 3672 Quo
1718 3610 1865 3665 circa
1894 3613 2027 3683 quia

431 3686 740 3740 secundum
772 3687 1089 3744 Salomonis
1131 3692 1417 3763 eloquium
1448 3715 1459 3750 :
1492 3698 1658 3752 Nemo
1690 3702 1792 3753 scit
1830 3707 2027 3756 utrum

431 3775 576 3839 odio,
610 3792 690 3829 an
726 3792 915 3830 amore
943 3779 1146 3847 dignus
1173 3784 1263 3846 sit,
1316 3786 1409 3837 sed
1437 3789 1628 3841 omnia
1661 3791 1722 3842 in
1761 3792 2027 3857 futurum

431 3870 792 3918 reservantur
828 3865 1024 3937 (Eccle.
1067 3884 1145 3935 ix,
1184 3868 1254 3940 l),
1284 3871 1499 3929 incerta
1517 3874 1767 3932 timendo
1795 3895 2029 3933 venere-

430 3966 579 4018 mur,
611 3958 670 4005 et
714 3955 1033 4010 venerando
1061 3957 1365 4015 timeamus
1405 3965 1623 4019 occulta
1652 3967 1752 4021 Dei
1778 3968 2025 4038 judicia;

427 4037 675 4111 dumque
702 4058 898 4096 sumus
930 4043 989 4097 in
1016 4044 1120 4099 hoc
1148 4062 1400 4119 corpore,
1438 4053 1745 4108 secundum
1785 4037 2032 4109 Psalmi-

426 4132 596 4197 stam,
625 4130 934 4186 serviamus
963 4132 1202 4189 Domino
1230 4136 1291 4190 in
1318 4137 1541 4205 timore,
1576 4148 1635 4197 et
1683 4144 2025 4200 exsultemus

426 4213 480 4267 ei
506 4228 635 4267 cum
661 4218 907 4270 tremore
930 4218 1102 4280 (Psal.
1133 4234 1196 4285 ιι,
1234 4219 1336 4281 ll).

494 4299 583 4359 28.
614 4302 914 4371 Quantam,
940 4311 1006 4359 ut
1033 4306 1294 4375 diximus,
1328 4326 1523 4367 curam
1562 4314 1651 4369 sui
1690 4320 2020 4374 monasterii

423 4395 589 4460 gerat
616 4397 844 4446 sanctus
873 4392 1046 4447 Pater
1072 4395 1407 4453 Wilhelmus
1442 4400 1563 4470 jam
1606 4419 1849 4473 regnans
1896 4423 2027 4461 cum

423 4476 560 4543 Deo,
586 4494 688 4548 per
706 4480 875 4534 aliam
916 4481 1089 4536 etiam
1123 4484 1393 4541 visionem
1433 4489 1572 4544 satis
1600 4493 1896 4549 manifeste
1941 4512 2028 4551 os-

422 4573 646 4621 tensum
679 4573 779 4622 est.
815 4569 1018 4637 Quam,
1042 4571 1188 4626 sicut
1212 4574 1490 4631 referente
1514 4580 1759 4649 quodam
1779 4584 2022 4654 seniore,

421 4652 720 4709 innocente
748 4661 807 4709 et
824 4656 1067 4728 simplici
1087 4677 1226 4728 Vll‘O,
1267 4664 1358 4719 cui
1391 4666 1586 4721 eadem
1615 4671 1835 4726 coalitus
1869 4652 2019 4730 facta

425 4748 512 4796 est
538 4741 698 4810 visio,
749 4742 1068 4812 didicimus,
1099 4750 1393 4807 scribendo
1442 4758 1681 4826 posteris
1722 4764 2019 4818 transmit-

420 4835 542 4885 tere
596 4834 975 4889 necessarium
1021 4837 1301 4907 duximus,
1354 4844 1487 4914 quia
1533 4862 1635 4916 per
1663 4864 1788 4903 eam
1827 4851 2021 4906 admo-

416 4926 627 4975 nentur
681 4922 1133 4996 Hirsaugienses,
1176 4935 1297 4983 tam
1338 4931 1515 4988 futuri
1562 4952 1732 5007 quam
1770 4956 2017 5010 praesen-

415 5012 521 5076 tes,
550 5015 615 5065 ut
642 5016 855 5067 statuta
899 5030 1046 5086 saepe
1073 5016 1210 5072 dicti
1256 5019 1441 5076 Patris
1492 5023 1796 5095 diligenter
1824 5029 2017 5085 obser-

413 5103 569 5169 vent,
595 5101 838 5156 maxime
858 5102 919 5156 in
948 5104 1366 5175 dispensatione
1396 5127 1709 5183 pauperum
1746 5123 1805 5170 et
1831 5118 2018 5190 hospi-

413 5192 556 5249 tum,
588 5188 649 5243 in
678 5188 1068 5248 observatione
1111 5195 1428 5252 claustralis
1454 5201 1779 5274 disciplinae.
1830 5188 2018 5262 Statu-

411 5280 536 5331 tum
583 5284 708 5333 erat
750 5279 822 5334 ab
852 5280 973 5352 ipso
1000 5286 1286 5339 communi
1330 5289 1618 5345 seniorum
1648 5295 1897 5362 consilio,
1953 5304 2018 5352 ut

414 5364 590 5438 aliqui
620 5384 687 5422 ex
729 5369 889 5424 laicis
929 5372 1202 5428 fratribus
1249 5375 1344 5446 qui
1373 5377 1445 5431 ad
1475 5382 1895 5439 conversionem
1929 5403 2017 5441 ve-

485 5480 592 5568 (14)
631 5482 958 5568 S.'Udal_i'ici
987 5486 1378 5568 Vitamliabes
1407 5493 1622 5568 Saeculo
1643 5498 2002 5568 praecedenti.

414 5549 473 5605 S.
501 5552 792 5611 Comedus
819 5556 988 5628 obiit,
1010 5564 1157 5617 teste
1184 5560 1475 5632 Bruschio,
1498 5549 1802 5625 auno‘97li.

2107 3160 2177 3213 ad
2208 3160 2470 3215 ultimum
2491 3162 2608 3216 haec
2636 3162 2689 3216 ei
2723 3162 3216 3232 Hirsaugiensibus
3256 3156 3664 3216 notiﬁcandaiu-

2100 3248 2288 3317 junxit
2323 3267 2335 3302 :
2391 3267 2417 3300 «
2451 3250 2529 3303 Ex
2556 3256 2737 3319 parte,
2789 3250 3069 3322 inquiens,
3109 3266 3347 3304 summae
3392 3244 3664 3319 majestatis

2105 3337 2225 3403 Dei,
2259 3338 2521 3410 praecipio
2547 3340 2648 3393 tibi
2678 3346 2742 3393 ut
2787 3340 2940 3395 dicas
2985 3339 3175 3394 abbati
3227 3345 3286 3394 et
3309 3337 3490 3410 priori,
3528 3341 3663 3388 caete-

2107 3426 2297 3498 risque
2352 3428 2618 3482 fratribus
2666 3430 2998 3500 Hirsaugiaa,
3061 3435 3344 3499 quatenus
3396 3424 3665 3481 secundum

2108 3516 2257 3585 quod
2295 3533 2331 3570 a
2356 3517 2524 3572 nobis
2544 3525 2900 3590 acceperunt,
2931 3519 3125 3588 egenis
3152 3525 3215 3572 et
3234 3516 3535 3589 hospitibus
3559 3527 3665 3566 cum

2108 3606 2261 3659 omni
2309 3607 2599 3663 charitatis
2655 3609 2857 3663 affectu
2913 3608 3180 3662 serviant.
3214 3608 3397 3662 Mores
3442 3610 3495 3659 et
3524 3602 3666 3655 vitam

2111 3712 2271 3750 suam
2315 3697 2623 3752 secundum
2672 3698 2946 3768 Regulam
2996 3697 3179 3751 sancti
3227 3694 3531 3759 Benedicti;
3559 3695 3666 3745 ante

2110 3785 2300 3841 omnia
2318 3787 2462 3841 iram
2483 3794 2540 3841 et
2577 3787 3042 3857 indignationem,
3077 3786 3275 3841 odium
3305 3792 3362 3840 et
3401 3780 3665 3839 detractio-

2111 3890 2260 3932 nem.
2293 3876 2494 3946 quibus
2525 3877 2746 3930 assidue
2802 3877 2982 3931 Deum
3028 3876 3345 3941 offendunt,
3386 3890 3505 3928 cum
3538 3867 3666 3925 omni

2112 3964 2331 4018 malitia
2349 3965 2694 4035 abjicientes,
2731 3965 3005 4019 sinceram
3034 3970 3092 4019 et
3110 3965 3436 4018 continuam
3453 3959 3668 4015 dilectio-

2110 4069 2241 4107 nem
2268 4055 2502 4109 invicem
2525 4055 2859 4109 custodiant.
2892 4055 3053 4119 Quod
3090 4055 3198 4110 nisi
3228 4055 3530 4115 observent,
3558 4048 3669 4103 divi-

2109 4158 2241 4197 nam
2267 4145 2458 4215 procul
2487 4145 2655 4199 dubio
2687 4146 2956 4201 ultionem
2986 4162 3046 4200 se
3069 4151 3400 4216 experturos
3431 4141 3606 4196 sciant.
3643 4157 3662 4187 ι

2106 4232 2208 4286 His
2225 4233 2407 4301 dictis,
2438 4235 2632 4289 relicto
2657 4252 2722 4290 eo
2742 4236 2831 4290 cui
2854 4237 2971 4291 haec
2994 4235 3284 4306 dixit,ipse
3309 4252 3434 4290 cum
3458 4233 3572 4288 aliis
3591 4226 3669 4300 qui

2111 4322 2348 4377 aderant
2395 4324 2598 4378 altiora
2625 4325 2882 4395 quaedam
2928 4325 3053 4379 coeli
3105 4330 3326 4379 secreta
3368 4319 3664 4395 penetravit.

2109 4412 2211 4466 Ille
2238 4429 2368 4467 vero
2408 4413 2616 4479 senior,
2667 4415 2757 4469 cui
2809 4415 2926 4469 haec
2973 4414 3222 4469 revelata
3270 4420 3419 4479 sunt,
3446 4427 3562 4466 cum
3589 4422 3672 4479 per

2108 4499 2291 4571 ipsum
2320 4518 2433 4555 non
2462 4503 2713 4567 auderet,
2742 4520 2843 4575 per
2871 4504 3045 4558 alium
3074 4504 3377 4575 quemdam
3419 4500 3669 4555 seniorem

2108 4588 2298 4644 abbati
2330 4598 2531 4645 cuncta
2557 4590 2857 4646 intimavit.
2892 4593 3000 4657 Qui
3026 4593 3326 4664 pristinam
3352 4589 3563 4663 quidem
3590 4583 3669 4638 ab-

2108 4677 2255 4733 batis
2268 4680 2558 4735 Wilhelmi
2576 4681 3034 4736 constitutionem
3050 4683 3119 4736 de
3141 4683 3494 4753 eleemosyna
3503 4677 3668 4732 obser-

2101 4769 2220 4823 vari
2233 4771 2423 4840 juss1t,
2451 4777 2637 4825 cetera
2657 4777 2848 4825 tamen
2895 4770 3100 4842 quibus
3126 4770 3523 4825 monasterium
3564 4780 3669 4835 per—

2101 4858 2446 4925 turbaverat,
2476 4860 2788 4914 incorrecta
2814 4860 3049 4914 dimisit.
3097 4860 3451 4931 Quapropter
3496 4867 3668 4910 secun-

2101 4948 2235 5003 dum
2257 4949 2577 5018 praedictam
2595 4949 3091 5003 comminationem
3112 4949 3260 5003 beati
3285 4939 3666 5003 PatrisWilhel-

2102 5037 2200 5104 mi,
2229 5038 2344 5092 fere
2388 5038 2468 5092 nil
2505 5054 2832 5109 prosperum
2862 5039 2911 5092 ei
2934 5039 3153 5093 accidit.
3185 5040 3331 5093 Nam
3375 5051 3534 5108 parvo
3564 5034 3670 5102 post

2101 5133 2356 5198 tempore
2387 5127 2715 5181 monasterii
2744 5128 3018 5198 regimine
3050 5132 3268 5191 exutus,
3303 5133 3362 5181 et
3389 5116 3666 5197 pontiﬁcali

2101 5216 2283 5271 infula
2327 5218 2474 5287 apud
2507 5218 2728 5288 Spiram
2759 5216 3007 5282 indutus,
3034 5217 3164 5271 odia
3204 5216 3454 5271 omnium
3489 5211 3666 5265 adver-

2103 5320 2228 5358 sum
2258 5320 2317 5358 se
2347 5304 2552 5375 ineptis
2574 5304 2823 5359 moribus
2841 5304 3156 5369 concitavit,
3183 5305 3275 5358 sed
3305 5318 3453 5357 mors
3476 5305 3667 5353 natura

2101 5393 2502 5459 interveniens,
2536 5410 2665 5447 eum
2694 5393 2763 5447 de
2789 5393 2973 5447 medio
3000 5393 3310 5463 amputavit
3340 5393 3463 5460 (15).

2161 5502 2273 5568 (15ι
2302 5501 2429 5556 Haec
2445 5500 2624 5555 fusius
2643 5500 2816 5555 refert
2836 5500 3177 5555 Trithemius
3198 5501 3267 5555 ad
3303 5513 3507 5553 annum
3526 5496 3541 5546 ι
3561 5488 3661 5557 105,

2090 5588 2203 5648 quo
2214 5572 2546 5633 Gebhardus
2558 5573 2618 5629 in
2631 5572 2952 5644 Spirensem
2962 5572 3556 5645 episcopum,adstante
3564 5578 3664 5619 ma-
