3872 6168
183 270 267 331 921

1714 277 1900 334 VITA.

3331 269 3439 330 922

242 398 327 456 29.
358 399 483 453 Non
527 405 615 455 est
661 404 850 454 autem
890 399 1239 470 negligenter
1282 399 1752 469 prietereundum,
1771 408 1816 466 Α
1842 406 2025 461 adfuit
2040 407 2470 462 Wormatiensis
2492 404 2597 474 (16)
2619 401 3034 476 episcopus,qui
3054 405 3175 455 tam
3196 397 3441 471 simplici

182 486 268 542 sed
292 487 590 557 diligenter
617 488 1102 550 considerandum,
1128 493 1337 558 quanta
1375 488 1764 544 sanctissimus

182 582 331 647 pater
364 577 696 632 Wilhelmus
733 576 1091 631 veneratione
1139 576 1343 646 dignus
1390 578 1463 630 sit
1492 577 1549 631 in
1577 579 1760 644 terris,

185 666 269 734 qui
297 672 584 720 tantorum
620 667 920 738 praesulum
951 666 1252 731 consortio,
1284 667 1591 721 secundum
1625 683 1767 738 prae-

186 755 376 809 dictam
419 756 691 811 visionem
734 756 941 810 fruitur
968 756 1026 809 in
1066 755 1236 820 caelis,
1275 772 1515 826 quorum
1559 756 1769 810 scilicet

172 844 472 914 gloriosam
512 845 842 899 memoriam
889 860 1079 898 annua
1125 844 1426 898 devotione
1474 844 1769 898 celebriter

186 942 367 996 recolit
393 949 602 997 sanctae
627 942 881 997 Ecclesia:
908 941 1065 1013 plebs
1087 942 1288 995 ﬁdelis.
1311 942 1369 997 Si
1402 942 1527 1012 quis
1554 959 1683 996 vero
1698 942 1768 996 ob

185 1031 623 1086 incredulitatem
649 1048 810 1085 suam
840 1031 1104 1085 dubitans
1133 1031 1299 1088 dicat.
1337 1031 1659 1101 hujusmodi
1686 1032 1768 1085 vi-

186 1120 380 1173 sionem
410 1137 524 1174 non
541 1138 662 1175 esse
681 1120 1107 1186 observandam,
1136 1120 1233 1174 sed
1260 1120 1409 1174 inter
1445 1137 1589 1174 vana
1625 1137 1771 1174 som-

186 1208 269 1263 nia
292 1210 688 1280 reputandam,
724 1210 814 1264 hic
858 1210 990 1263 talis
1035 1209 1423 1263 indubitanter
1461 1209 1771 1273 sciat,nus-

188 1314 336 1369 quam
365 1299 423 1352 in
474 1299 873 1370 hagiographis
914 1298 1183 1369 scriptum
1234 1316 1374 1363 esse,
1408 1300 1506 1353 sed
1535 1316 1637 1353 nec
1668 1299 1773 1352 ali-

189 1387 392 1456 quando
412 1389 673 1442 auditum
703 1389 894 1448 fuisse,
927 1388 1073 1459 quod
1104 1388 1292 1441 nullus
1322 1404 1569 1459 unquam
1603 1389 1770 1441 homo

189 1474 489 1531 daemonum
509 1478 975 1548 suggestione,vel
994 1477 1288 1548 palam,vel
1308 1478 1521 1531 occulte
1542 1493 1773 1548 praemo-

188 1564 323 1619 nitus
337 1565 430 1630 sit,
452 1573 517 1620 ut
536 1567 846 1622 declinaret
871 1584 906 1620 a
931 1567 1095 1629 male,
1116 1572 1172 1619 et
1191 1567 1401 1621 faceret
1431 1566 1658 1629 bonum,
1676 1566 1776 1619 sic-

189 1660 244 1707 ut
268 1652 351 1708 hic
379 1655 596 1710 factum
635 1662 721 1710 est
759 1673 859 1727 per
896 1655 1360 1725 benignissimum
1394 1661 1608 1726 patrem
1649 1653 1775 1707 Wi-

1847 498 2046 555 animaa
2075 514 2298 569 semper
2318 494 2784 551 familiarissimus
2814 497 2956 555 erat,
2988 496 3045 544 et
3073 490 3164 544 cui
3203 489 3439 545 dilectus

1848 588 2071 642 Domini
2095 589 2296 659 saepius
2318 603 2419 641 sua
2441 591 2672 640 secreta.
2688 582 2866 637 nimia
2890 580 3132 652 episcopi
3152 578 3443 633 familiari-

1848 683 1965 731 tate
1994 685 2245 748 cogente,
2282 676 2580 748 pandebat.
2615 673 2757 728 Huic
2784 673 2974 742 itaque
3000 676 3118 724 tam
3151 668 3441 724 excellenti

1850 772 2018 837 atque
2045 767 2289 838 probatae
2316 767 2374 819 in
2402 763 2643 819 Ecclesia
2670 777 2939 833 personae,
2972 759 3120 813 inter
3146 758 3257 812 alia
3285 757 3445 812 fami-

1851 857 2109 911 liaritatis
2138 855 2415 927 colloquia
2443 852 2750 925 aperiebat,
2784 856 2839 905 et
2878 848 2980 903 sub
3005 847 3176 901 divini
3199 847 3443 902 nominis

1850 946 2211 1000 attestatione
2235 943 2652 999 conﬁrmabam
2679 942 2818 995 Cum
2848 936 3446 1008 adhuc,inquit,essem

1852 1037 2168 1091 Rntisbonze
2197 1036 2253 1090 in
2284 1032 2622 1089 monasterio
2653 1029 2831 1084 sancti
2854 1024 3271 1090 Emmerammi,
3304 1040 3445 1095 qua-

1852 1129 1980 1181 dam
2011 1132 2174 1181 nocte
2196 1125 2459 1198 apparuit
2486 1122 2623 1177 mihi
2652 1120 2735 1173 vir
2761 1119 2939 1190 plenae
2967 1116 3166 1178 aetatis,
3197 1113 3447 1169 miriﬁca;

1853 1216 2001 1270 ultra
2026 1217 2336 1270 humanum
2368 1214 2592 1267 modum
2621 1206 3072 1282 pulchritudinis,
3095 1203 3257 1257 hilari
3290 1202 3445 1256 vultu

1856 1322 1947 1360 me
1974 1306 2335 1376 compellans,
2357 1310 2413 1357 et
2439 1319 2574 1356 uvas
2603 1296 3042 1370 speciosissimas
3071 1310 3238 1347 manu
3258 1290 3448 1362 praefe-

1856 1411 2005 1455 rens,
2038 1410 2178 1465 quas
2208 1393 2376 1446 etiam
2408 1390 2545 1444 mihi
2578 1387 2799 1447 obtulit,
2833 1385 3024 1438 dicens
3056 1400 3067 1434 :
3100 1384 3308 1448 Accipe,
3354 1381 3448 1432 di-

1860 1486 1983 1538 lcctc
2004 1480 2282 1551 ini.Cujus
2304 1479 2551 1534 muneris
2573 1476 2837 1539 novitate,
2871 1477 2928 1525 et
2956 1471 3101 1525 tanti
3128 1468 3230 1522 viri
3260 1466 3451 1521 affabi-

1856 1572 2013 1626 litate
2054 1572 2360 1642 perculsus,
2394 1569 2489 1622 diu
2520 1568 2696 1620 fateor
2728 1577 2948 1616 mecum
2987 1558 3273 1613 admirans
3317 1571 3449 1626 per-

1859 1661 2037 1714 mansi
2064 1662 2341 1733 stupidus.
2369 1660 2509 1713 Tum
2538 1657 2630 1710 ille
2662 1673 2674 1708 :
2701 1654 2949 1708 Scholam
2972 1652 3263 1702 instituere
3287 1660 3453 1698 cura-

189 1742 459 1798 lhelmum.
496 1746 730 1800 Constat
770 1761 992 1816 quoque
1037 1745 1334 1816 praeclaros
1373 1751 1431 1797 et
1469 1743 1774 1815 praeripuos
1798 1725 1839 1783 Β
1858 1754 1931 1815 ri,
1956 1753 2106 1804 cuitc
2132 1725 2401 1818 prex/icere.
2422 1751 2550 1799 ante
2578 1745 2768 1798 omnia
2797 1741 2995 1794 sarcula
3036 1733 3457 1804 przdestinavi,‘

190 1831 431 1888 Ecclesiae
457 1833 932 1900 doctores,beatos
950 1834 1282 1904 Gregorium
1300 1840 1357 1888 et
1373 1832 1771 1903 Augustinum,

190 1923 445 1977 nonnulla
490 1924 660 1977 etiam
703 1923 1059 1978 saecularium
1108 1922 1224 1976 visa
1263 1938 1628 1992 personarum
1658 1921 1776 1975 suis

191 2011 482 2067 inseruisse
512 2014 793 2084 epusculis
821 2013 891 2067 ob
921 2012 1345 2066 aediﬁcationem
1386 2011 1633 2065 ﬁdelium
1656 2011 1779 2082 qui—

192 2099 281 2156 bus
297 2108 347 2155 ta
357 2119 491 2156 men
511 2118 622 2156 non
634 2102 784 2155 aliud
794 2102 1065 2155 adhibent
1084 2101 1606 2167 testimonium,nisi
1627 2101 1774 2170 quod

194 2191 513 2245 nominatim
537 2191 807 2262 quosdam
838 2190 1027 2244 testati
1053 2196 1186 2243 sunt
1200 2206 1267 2243 ea
1286 2190 1487 2243 vidisse
1509 2206 1608 2260 per
1628 2207 1774 2244 som-

195 2279 356 2336 nium.
395 2280 657 2350 Denique
705 2285 769 2333 ut
804 2279 921 2333 haec
956 2279 1297 2348 omniaquae
1325 2278 1394 2332 de
1432 2283 1627 2332 sancto
1659 2279 1773 2332 viro

195 2368 855 2439 digessimus,purissimaa
870 2368 1123 2422 veritatis
1149 2368 1334 2437 sigillo
1356 2368 1773 2435 concludamus,

196 2473 353 2511 unum
384 2458 575 2511 adhuc
587 2457 970 2511 testimonium
996 2456 1361 2527 proferemus,
1382 2472 1491 2526 quo
1511 2473 1636 2510 eum
1657 2473 1780 2527 pro—

197 2545 375 2601 bamus
406 2548 469 2600 in
492 2563 633 2616 opus
656 2545 976 2612 ministerii,
999 2562 1108 2615 quo
1132 2545 1191 2598 in
1221 2545 1387 2598 domo
1421 2545 1640 2598 Domini
1660 2551 1777 2599 tam

196 2635 359 2689 ﬁdelis
387 2652 587 2689 servus
617 2642 675 2689 et
703 2635 947 2706 prudens
984 2633 1273 2697 laboravit,
1309 2634 1496 2687 divina
1533 2635 1778 2688 auctori-

195 2730 297 2778 tate
323 2730 706 2796 assumptum,
741 2730 799 2779 et
830 2740 956 2777 vere
981 2724 1288 2777 secundum
1311 2723 1663 2794 propositum
1688 2741 1781 2777 vo-

195 2814 299 2867 cari
332 2819 619 2879 sanctum,
645 2815 736 2868 cui
766 2813 1021 2885 diligenti
1050 2813 1228 2867 Deum
1258 2813 1447 2866 omnia
1485 2818 1782 2885 cooperata

195 2911 315 2957 sunt
340 2905 397 2958 in
416 2903 654 2957 bonum.

256 2990 337 3049 30.
378 2994 557 3047 Pater
591 2997 818 3047 sanctus
847 3008 975 3046 cum
1002 2990 1160 3061 gravi
1204 2990 1534 3045 inﬁrmitate
1562 3006 1782 3043 vexare-

195 3086 293 3147 tur,
322 3099 388 3136 ea
414 3082 635 3136 scilicet
660 3082 716 3135 in
746 3097 858 3152 qua
887 3080 1023 3134 Adae
1051 3080 1301 3134 debitum
1325 3078 1552 3133 solvisse
1582 3078 1779 3149 digno-

196 3170 372 3236 scitur,
401 3189 438 3225 a
471 3171 667 3224 multis
688 3169 1240 3241 comprovincialium
1266 3168 1576 3238 majoribus
1596 3184 1783 3238 perso-

194 3260 271 3313 nis
307 3260 591 3327 visitatur,
624 3265 691 3314 ut
739 3265 797 3313 et
832 3258 1113 3337 devotioni
1157 3275 1290 3324 suae,
1325 3274 1437 3329 qua
1472 3257 1651 3311 virum
1684 3256 1785 3311 Dci

197 3357 527 3413 mirabiliter
554 3375 778 3429 semper
804 3356 1271 3412 coluerunt.bono
1298 3356 1408 3409 ﬁne
1430 3370 1785 3426 perseveran-

196 3445 279 3500 tia:
301 3447 716 3511 satisfacerent,
747 3453 805 3500 et
821 3452 938 3499 tam
984 3451 1191 3499 sanctae
1228 3445 1429 3498 animae
1475 3443 1785 3513 egredienti

198 3536 399 3590 animas
460 3551 592 3589 suas
652 3535 1137 3591 commendarent.
1175 3533 1357 3604 Igitur
1398 3534 1546 3586 inter
1574 3533 1785 3603 primos

198 3625 504 3697 pracipuus
524 3629 583 3678 et
600 3624 992 3678 devotissimus
1016 3630 1236 3677 amator
1250 3622 1401 3677 beati
1416 3620 1514 3675 viri
1535 3621 1788 3676 visitator

193 3808 293 3862 gno
311 3808 616 3864 procerum
628 3798 964 3847 conventua
988 3792 1279 3846 Ruthardo
1300 3790 1627 3860 Moguntino
1647 3789 1791 3864 epis-

193 3860 329 3934 copo'
350 3865 652 3918 ordinatus
687 3870 790 3917 est.
817 3864 1005 3918 Unum
1032 3864 1084 3917 ei
1114 3871 1332 3917 tantum
1357 3878 1581 3934 annum
1610 3868 1666 3934 et.
1685 3860 1790 3934 ali:-

194 3932 319 4005 quiot
341 3952 574 3990 menses
604 3935 896 4005 regiminis
925 3935 1072 3988 idem
1095 3933 1441 3988 Trithemius
1467 3932 1787 4005 tribuit,alii

228 4006 392 4061 lures.
429 4009 572 4061 Post
592 4004 805 4060 obitum
837 4007 894 4060 in
926 4006 1328 4059 monasterium
1362 4004 1673 4072 Hirsaugiaa
1700 4019 1788 4055 re-

241 4084 349 4151 tuﬁs,
382 4079 646 4151 sepultus
670 4084 758 4132 est
785 4084 917 4132 ante
938 4078 1122 4148 majus
1148 4078 1325 4131 altare
1356 4075 1678 4147 principalis
1707 4090 1792 4128 ec-

192 4148 379 4204 clesiae.

1857 1856 2020 1909 quam
2045 1842 2095 1893 si
2112 1840 2411 1893 secundum
2431 1838 2699 1905 placitum
2722 1846 2903 1883 meum
2924 1825 3451 1889 rexeris,bonamcr-

1858 1931 1975 1983 cede
1996 1933 2058 1982 in
2078 1934 2341 1983 internum
2366 1924 2828 1979 rcuumeraberis.
2853 1920 2968 1983 Nil,
2994 1918 3187 1979 amice,
3212 1914 3441 1973 dubites,

1858 2021 2002 2073 idem
2031 2023 2350 2086 cooperator
2378 2021 2475 2085 qui
2505 2020 2553 2068 et
2583 2013 2994 2067 remuneratur.
3028 2005 3110 2060 Ad
3142 2005 3261 2057 haec
3284 2000 3452 2055 verba

1857 2108 2146 2177 evigilans,
2180 2108 2357 2161 multa
2388 2122 2605 2158 mecum
2634 2101 2885 2164 tractavi,
2918 2096 3225 2165 eademque
3252 2091 3455 2161 saepius

1856 2197 2168 2251 retractavi.
2205 2197 2457 2265 Cumque
2488 2192 2679 2247 multis
2697 2185 3153 2244 meditationibus
3174 2180 3457 2237 distende-

1856 2294 2014 2341 retur
2031 2286 2252 2340 animus
2285 2302 2459 2348 meus,
2492 2283 2718 2337 tandem
2747 2281 2814 2334 ad
2852 2284 3073 2351 portum
3103 2273 3452 2328 tutissimum

1860 2393 2076 2446 magnae
2124 2373 2519 2429 misericordiae
2553 2371 2649 2426 Dei
2693 2368 2934 2437 confugi,
2967 2371 3025 2420 et
3071 2363 3304 2418 Domino
3340 2361 3454 2415 Deo

1865 2483 1988 2519 meo
2018 2466 2208 2519 omnia
2246 2480 2389 2528 mea,
2422 2478 2590 2533 quam
2638 2460 2836 2513 intime
2866 2462 3140 2528 poteram,
3176 2450 3450 2507 commisi.

1867 2556 1936 2609 Et
1955 2572 2079 2608 ecce
2108 2555 2230 2624 ipso
2263 2553 2353 2607 die
2390 2552 2595 2605 fratres
2627 2548 2802 2602 nostri
2853 2547 2921 2599 de
2967 2546 3070 2598 hoc
3116 2538 3457 2596 monasterio

1865 2644 2090 2710 adsunt,
2121 2643 2341 2695 litteras
2369 2658 2496 2694 eum
2528 2636 2874 2693 multimodis
2905 2632 3162 2705 precibus
3190 2631 3454 2684 afferunt.

1865 2740 1922 2788 et
1947 2734 1999 2787 vi
2039 2733 2281 2803 quadam
2311 2728 2652 2783 validissima
2681 2726 2749 2779 de
2794 2723 2981 2794 quiete
3029 2717 3338 2774 monastica
3366 2732 3455 2770 me

1864 2822 2224 2894 abripientes,
2252 2819 2585 2892 parvitatem
2613 2832 2795 2869 meam
2828 2812 2931 2867 sibi
2953 2824 3189 2883 praeesse
3217 2805 3459 2876 compel-

1863 2915 2005 2977 lunt,
2037 2929 2102 2965 ac
2127 2928 2252 2965 cum
2284 2908 2657 2963 obtestatione
2683 2902 2854 2958 divini
2886 2898 3131 2955 nominis
3159 2914 3228 2951 ne
3247 2895 3457 2950 abnue-

1863 3021 1981 3059 rem
2002 3002 2285 3074 postulata
2303 3002 2528 3068 cogunt.
2556 2992 2802 3064 Suscepi,
2836 2988 3245 3054 fateor,invitus
3256 2986 3459 3074 jugum

1864 3072 2362 3148 Domini.devictus
2386 3103 2547 3159 prece
2576 3090 2693 3138 tam
2722 3079 2996 3137 unanimi.
3028 3079 3094 3133 In
3133 3092 3241 3147 quo
3276 3072 3458 3128 ofﬁcio

1865 3182 1910 3236 si
1941 3179 2074 3251 quid
2106 3180 2220 3233 Dee
2237 3176 2504 3249 placitum
2536 3173 2658 3239 feci,
2693 3171 2802 3243 ipsi
2827 3169 2947 3224 sine
2966 3183 3076 3238 quo
3090 3165 3171 3220 nil
3187 3164 3456 3228 validum,

1866 3271 1945 3325 nil
1976 3276 2252 3333 sanctum,
2275 3266 2399 3338 ipsi,
2432 3264 2685 3335 inquam,
2716 3278 2753 3314 a
2786 3276 2896 3331 quo
2928 3258 3071 3312 bona
3106 3259 3307 3310 cuncta
3334 3268 3462 3323 pro-

1866 3361 2073 3415 cedunt
2119 3358 2189 3411 sit
2245 3373 2345 3427 pro
2400 3355 2488 3409 his
2530 3358 2588 3407 et
2632 3348 2905 3406 universis
2935 3342 3385 3401 miserationibus
3405 3345 3463 3394 et

1870 3447 2153 3504 beneﬁciis
2177 3446 2295 3500 suis
2317 3447 2458 3508 laus,
2488 3443 2685 3501 honor,
2719 3445 2776 3493 et
2800 3435 3122 3492 omnimoda
3147 3431 3462 3504 gratiarum

1868 3539 2012 3593 actio
2041 3553 2142 3609 per
2167 3534 2358 3589 omnia
2379 3531 2581 3588 saecula
2599 3528 2955 3585 saeculorum.
2987 3527 3185 3580 Amen.
3220 3543 3245 3575 »

1945 3785 2056 3849 (16)
2090 3787 2251 3841 Hunc
2289 3783 2607 3857 Stengelius
2637 3786 2799 3857 putat
2827 3780 3118 3857 Epponem
3132 3773 3342 3857 fuisse,
3368 3770 3465 3842 qui

1872 3844 2185 3919 Dithmaro,
2218 3874 2365 3911 anno
2407 3844 2535 3910 Ιῦδῖί
2563 3844 2842 3911 defuncto,
2877 3844 3167 3903 successit.
3199 3846 3274 3899 At
3307 3844 3469 3919 Brus-

1873 3930 2032 3985 chius
2064 3914 2341 3983 Dithmari
2380 3925 2622 3995 obitum:
2651 3925 2717 3978 ad
2780 3922 2908 3977 nos
2940 3921 3113 3995 refert
3155 3920 3282 3995 post
3322 3914 3467 3995 duos

1872 3984 2159 4071 regiminis
2188 4016 2392 4065 annos;
2443 3984 2635 4071 sicque
2672 3984 3368 4071 antistes-Wormatiensis
3396 3984 3466 4071 de

1913 4062 1983 4125 uvo
2022 4072 2111 4124 hic
2161 4062 2387 4141 agitur,
2425 4062 2758 4122 Adelbertus
2822 4062 3101 4119 Dithmari
3164 4070 3468 4129 praecessor

1896 4142 2041 4198 uisse
2077 4142 2345 4196 dicendus
2374 4146 2476 4194 est.

1196 4459 1698 4522 EPITAPHIUM
1744 4458 2024 4520 SANCTI
2066 4454 2469 4517 WILHELMI

639 4623 898 4685 Abbatis
936 4620 1297 4684 monasterii
1326 4616 1805 4697 Hirsaugiensis,
1842 4618 2011 4697 quod
2056 4616 2190 4697 ejus
2218 4615 2502 4695 sepulcro
2534 4630 2881 4693 appensum
2911 4614 3023 4671 est.

186 4810 300 4867 Hac
326 4813 387 4866 in
413 4812 717 4883 scriptura,
749 4811 1049 4866 Wilhelme
1080 4812 1267 4877 Pater,
1294 4817 1392 4867 tua
1420 4812 1552 4876 vita,

186 4901 419 4955 Cunctis
453 4906 520 4955 ut
547 4901 855 4972 speculum.
894 4902 1160 4971 praelucet
1185 4901 1296 4955 vita
1326 4900 1620 4966 bonorum,

186 4989 254 5045 Ut
283 4990 477 5062 quivis
503 4990 721 5051 doctus,
746 4991 998 5061 preprios
1024 4990 1155 5044 hinc
1184 4991 1431 5060 corrigat
1458 4996 1634 5053 actus,

186 5077 328 5140 Quid
358 5078 441 5131 sit
462 5077 753 5130 vitandum
784 5077 1128 5143 discernens,
1163 5078 1365 5149 quidve
1386 5078 1716 5149 gerendum.

186 5165 339 5220 More
374 5165 612 5237 quidem
644 5166 855 5237 speculi
886 5167 1071 5220 radiat
1098 5167 1190 5238 pia
1224 5168 1333 5220 vita
1360 5167 1507 5221 beati

187 5253 372 5309 Patris
407 5254 721 5321 VVilhelmi,
759 5255 1027 5310 virtutum
1060 5256 1270 5310 lumine
1299 5256 1457 5310 clari.

186 5342 452 5398 Exsultat
475 5343 606 5397 talis
632 5344 879 5414 genitrix
909 5344 1165 5413 Bajoaria
1198 5344 1387 5415 prolis,

182 5432 390 5487 Suevia
420 5449 489 5487 se
513 5438 739 5486 tantum
772 5433 990 5487 laetetur
1024 5434 1227 5487 habere
1259 5442 1579 5504 patronum.

181 5520 391 5575 Norica
427 5536 598 5592 quem
625 5522 859 5592 prolem,
893 5522 1025 5575 tulit
1053 5522 1201 5576 hunc
1230 5523 1524 5593 Hirsaugia
1546 5522 1795 5589 Patrem,

179 5608 334 5665 Felix
368 5626 484 5685 per
510 5610 685 5665 talem
717 5618 1003 5682 pastorem
1029 5610 1404 5686 spiritualem,

1804 4817 1856 4875 D
1877 4809 2101 4863 Patrem
2131 4806 2433 4860 multorum
2468 4803 2888 4876 perdoctrinam
2917 4801 3256 4873 geniterum.

1875 4897 2127 4952 Moribus
2160 4895 2419 4966 egregius
2440 4895 2565 4959 fuit,
2595 4899 2651 4947 et
2680 4893 2975 4947 virtutibus
3000 4893 3202 4955 almus,

1876 4987 2188 5042 Perfectam
2219 4984 2436 5056 plebem
2466 4984 2704 5038 Domino
2732 4983 2973 5037 sacravit
3003 4988 3060 5036 et
3084 4982 3292 5048 aedem;

1874 5075 2066 5140 Vobis,
2099 5073 2305 5137 Aureli,
2342 5072 2529 5137 Petre,
2560 5072 2755 5135 Paule,
2787 5078 2975 5143 patres
3005 5071 3328 5135 venerandi,

1880 5166 2089 5220 Cellam
2137 5164 2386 5233 Gregori,
2418 5162 2521 5216 tibi
2549 5162 2809 5227 fundens,
2842 5169 3011 5232 atque
3041 5160 3265 5229 Georgi,

1878 5254 2159 5324 Pluraque
2189 5257 2508 5306 sanctorum
2530 5251 2651 5305 loca
2677 5251 2980 5321 disponens
3010 5250 3267 5303 aliorum.

1882 5341 2096 5397 Struxit
2124 5348 2181 5394 et
2209 5340 2489 5401 instruxit,
2523 5339 2655 5410 quia
2685 5346 2835 5393 recte
2869 5338 3096 5391 tramite
3126 5337 3303 5401 duxit,

1883 5433 2197 5501 Collapsam
2218 5429 2427 5483 dudum
2459 5430 2629 5483 vitam
2655 5444 2923 5499 reparans
2946 5426 3369 5481 monachorum.

1883 5520 2187 5585 Quadruvii
2222 5521 2433 5591 priscos
2460 5517 2808 5573 transcendit
2838 5517 2895 5570 in
2922 5521 3042 5570 arte
3066 5516 3384 5587 magistros,

1884 5610 2154 5666 Cantibus
2182 5626 2432 5664 errorem
2463 5609 2675 5663 varium
2697 5604 2935 5660 correxit
2966 5604 3039 5658 ad
3062 5612 3263 5663 artem.
