3912 6166
519 262 623 320 927

663 391 733 449 In
760 395 948 450 Altha.

661 481 728 538 In
759 483 1105 557 Deckingen.

661 573 1030 631 Ottenbiiren.

657 662 721 716 In
749 663 1112 737 Alberspach.

660 751 1158 812 Benedict-buren.

660 841 724 896 In
753 842 1098 903 Glaubiiren.

663 929 727 984 In
758 930 1114 988 Necashaim.

658 1018 1041 1077 Schluchtera.

659 1107 725 1162 In
755 1109 1146 1168 Oxenhauscn.

659 1197 848 1251 Sancti
881 1199 1067 1254 Blasii.

664 1285 938 1342 Muchart.

657 1372 840 1428 Mure.

660 1463 950 1520 Nawense.

667 1553 1040 1614 Tharisiense.

1566 277 1624 333 S.
1667 279 2059 338 GUlLLELMI
2097 281 2402 338 ABBATIS
2436 281 2778 345 HIRSAUG,

2128 412 2175 472 Α

3632 287 3720 345 928

2333 408 2759 481 Salzburgense.

2336 499 2400 553 In
2431 499 2802 553 Heidonbem.

2338 588 2672 641 Sanctorum
2705 587 2862 642 Petri
2889 593 2946 642 et
2974 587 3133 642 Pauli
3163 586 3220 642 in
3249 585 3414 658 Nigra
3439 588 3600 660 Sylva.

2335 676 2403 730 In
2432 677 2773 747 Wiblingen.

2335 765 2525 823 Sancti
2548 765 2854 837 Trutperti.

2333 854 2396 909 In
2428 853 2636 912 Trube.

2336 942 2403 998 In
2436 941 2768 1012 Elwangen.

2337 1033 2401 1086 In
2429 1032 2870 1103 Thiethaupten.

2335 1121 2373 1176 S
2426 1121 2658 1175 Joannis
2685 1121 2743 1175 in
2770 1121 3025 1176 Thurtal.

2334 1209 2709 1280 Faburgense.

2335 1299 2398 1353 In
2431 1299 2643 1352 Andex.

2335 1389 2400 1442 In
2431 1388 2783 1458 Fischingen.

2342 1477 2407 1532 In
2436 1477 2986 1533 Blanckhenstetten.

594 1679 978 1764 Haec_no'm_ina
1007 1689 1720 1764 monasteriorumordinis
1752 1693 1928 1764 nostri
1962 1691 2283 1764 conscripta
2316 1693 2646 1749 invenimus.
2679 1711 2802 1764 quae
2827 1693 2909 1746 vel
2947 1709 2980 1746 a
3012 1691 3286 1764 principio
3307 1691 3624 1764 fundationis
3647 1707 3733 1764 sua:

519 1753 778 1835 monachi
809 1754 1231 1835 llirsaugiensis
1253 1761 1501 1835 Omnobii
1534 1763 1707 1835 primi
1727 1763 2106 1818 inhabitantes
2136 1753 2447 1830 regularem
2480 1753 2798 1835 plantav'ere
2819 1753 3302 1831 disciplinamfvel
3331 1763 3620 1835 antiquitus
3641 1761 3734 1814 fun-

519 1819 652 1906 data}
682 1825 938 1906 et_nitnia
961 1819 1256 1906 vetustate,
1280 1833 1392 1906 sive
1420 1819 1671 1904 neglecta
1697 1834 2052 1890 institutione
2079 1819 2410 1902 deformata,
2434 1819 2504 1890 ad
2529 1836 2801 1906 regularis
2823 1819 3192 1891 observantia!
3215 1819 3499 1888 tramitem
3519 1833 3735 1887 reforma-

520 1900 672 1972 runt.
708 1897 980 1951 Hactenus
1009 1893 1209 1955 Chron.
1243 1893 1510 1972 Πίνδου(ιῖ

591 1966 872 2044 Menenius
899 1987 1066 2038 porro
1096 1976 1365 2036 lectorem,
1398 1966 1812 2030 constitutiones
1842 1979 2259 2044 llirsaugicnses
2288 1995 2413 2032 cum
2460 1979 2620 2031 libris
2671 1980 2917 2032 UdaIrici
2941 1995 2976 2032 α
3011 1980 3163 2032 nobis
3202 1995 3311 2030 esse
3351 1978 3584 2040 collatas,
3610 1983 3734 2043 atque

521 2041 722 2118 (miltia-
734 2041 961 2118 singu/a
970 2060 1093 2118 {per
1111 2061 1174 2118 ex
1193 2047 1353 2098 dictis
1370 2048 1617 2100 L'dalrici
1637 2051 1796 2101 libris
1816 2051 2000 2101 desum
2005 2041 2099 2118 pla
2122 2055 2252 2103 sunt
2274 2053 2332 2102 in
2354 2053 2501 2102 textu
2519 2052 2718 2103 litteris
2741 2066 2828 2103 ω).
2849 2053 3188 2107 notavimus;
3211 2065 3274 2102 ea
3295 2065 3419 2101 vero
3436 2064 3545 2116 qua
3558 2041 3733 2099 saucius

530 2105 848 2188 With-clinici
871 2105 1087 2167 addidit
1106 2117 1125 2136 ⁶
1141 2120 1362 2169 stcllula
1383 2119 1749 2171 distinximus
1770 2139 1784 2182 ;
1818 2137 1936 2188 qua:
1960 2105 2187 2174 variant
2209 2123 2408 2174 litteris
2433 2135 2553 2176 V'AR.
2574 2123 3012 2188 dasignavimus:
3035 2126 3092 2173 ut
3121 2105 3224 2174 hac
3243 2105 3462 2173 ratione
3477 2121 3640 2188 primo
3655 2123 3737 2171 sta-

522 2179 624 2268 tin‘t
651 2180 866 2268 intuitu
889 2189 1076 2266 pateat
1095 2189 1231 2268 quid
1250 2189 1664 2253 Ilirsaugienses
1685 2207 1752 2242 ea;
1770 2179 2260 2268 consuetudinibus
2282 2179 2741 2268 Uluniacensilnii
2756 2194 3073 2268 amiserint,
3101 2194 3345 2268 quidque
3371 2179 3510 2268 illud
3526 2191 3607 2268 sit,
3627 2189 3737 2268 quod

518 2249 1118 2332 antcgluniaccnsimﬁ
1152 2249 1477 2312 institutmii
1493 2267 1714 2312 sanctus
1745 2263 2061 2315 Willwlmus
2086 2279 2120 2316 a
2144 2279 2316 2332 puero
2345 2279 2397 2316 m
2439 2262 2685 2316 nasterio
2709 2262 2894 2316 Sancti
2927 2249 3330 2316 Emmeramini
3361 2249 3734 2314 didicerat-Un-

518 2319 583 2370 de
613 2323 780 2402 etiam
809 2327 973 2390 [acili
995 2331 1208 2402 Anegotio
1229 2332 1439 2396 colliget
1467 2333 1719 2384 eruditus
1750 2333 1916 2385 lector
1941 2335 2076 2400 quid
2092 2319 2311 2400 (li/furat
2331 2335 2629 2402 disciplina
2657 2337 2961 2392 monastica
2985 2350 3104 2401 qua:
3122 2336 3186 2387 in
3217 2334 3400 2388 Gallia
3419 2333 3675 2402 ﬂoruit.ab
3693 2346 3735 2382 ea

516 2407 634 2458 (Ιιιίο
653 2395 716 2472 in
739 2396 1039 2472 Germania
1061 2414 1166 2451 usu
1191 2395 1396 2472 recepta
1416 2402 1548 2466 [ιιιί-
1575 2403 1681 2468 Οιιί
1704 2407 1888 2456 tamen
1909 2395 2122 2458 réctum
2152 2395 2254 2457 liae
2273 2407 2335 2457 de
2367 2422 2424 2457 re
2444 2395 2730 2470 udicium
2757 2395 3048 2470 e/formare
3065 2407 3324 2465 voluerit,
3346 2395 3543 2472 oportet
3567 2409 3620 2454 ut
3639 2403 3735 2455 Ber-

519 2465 918 2542 nardiquoquc
941 2470 1194 2542 ordinem
1218 2465 1631 2525 li'lzluiacensein
1655 2489 1781 2526 cum.
1805 2475 1866 2527 hi
1872 2494 1889 2526 ς
1911 2478 2394 2528 constitutionibus
2416 2465 2662 2542 con/erat
2681 2495 2696 2528 :
2717 2465 2995 2530 nonnulla
3018 2478 3166 2529 cnim
3186 2465 3386 2542 capila'
3406 2479 3624 2528 istamm
3644 2488 3738 2524 con-

517 2537 873 2616 stitationum
894 2542 963 2616 al)
989 2541 1240 2616 L’ldaiico
1267 2547 1634 2609 praetermissa
1657 2547 1718 2597 in
1747 2548 1844 2598 illo
1865 2548 2058 2599 ordine
2080 2549 2438 2601 continentur
2451 2564 2474 2615 ;
2500 2537 2617 2616 qua:
2644 2552 2850 2613 tamen,
2880 2564 2946 2600 ne
2965 2563 3097 2616 opus
3123 2537 3392 2600 nimicum
3418 2548 3739 2611 mutilumquc

520 2608 888 2676 redderemus,
917 2611 1007 2665 hic
1035 2629 1098 2666 εει·
1119 2608 1333 2680 integro
1359 2617 1502 2682 typis
1529 2618 1695 2668 etiam
1725 2617 1962 2670 describi
1987 2623 2328 2670 curavimus.

721 2884 2128 3032 CONSTITUTIONES
2227 2897 3574 3035 HIRSAUGIENSES

2089 3135 2235 3198 SEU

1218 3293 3042 3422 GENGENBACENSES

1720 3473 1851 3550 [Ex
1891 3493 2025 3535 mss.
2063 3474 2586 3550 Einsidlensibus.]

1660 3717 2068 3812 LIBER
2122 3719 2629 3814 PRIMUS

1103 3903 1506 3960 PROLOGUS.

580 3987 884 4060 Postquam
921 3990 1056 4060 (l6*)
1091 4010 1194 4064 ego
1225 3995 1398 4048 frater
1427 3995 1786 4060 Wilhelmus,
1819 3996 1920 4050 Dei
1949 3996 2103 4050 crdi-

510 4077 758 4147 natione,
793 4085 851 4133 et
891 4079 1098 4136 tratum
1129 4083 1617 4155 Hirsaugiensium
1638 4085 1918 4140 electione
1951 4087 2105 4155 ejus-

509 4166 638 4221 dem
685 4167 793 4222 loci
832 4171 1082 4240 provisor
1127 4189 1252 4226 sum
1299 4175 1657 4240 constitutus,
1691 4175 1870 4228 indidi
1916 4174 1998 4228 eis
2046 4175 2104 4228 in

509 4256 727 4326 primis,
749 4274 887 4328 quas
903 4275 936 4312 a
957 4275 1130 4329 puero
1151 4261 1458 4316 didii-eram
1478 4264 1537 4316 in
1555 4263 1894 4318 monasterio
1915 4263 2105 4318 Sancti

509 4345 911 4400 Emmerammi
935 4349 1212 4418 regularis
1232 4351 1355 4405 vitae
1376 4353 1826 4407 consuetudines.
1843 4353 1947 4407 Sed
1973 4353 2104 4422 quia

509 4435 687 4488 multa
715 4435 771 4488 in
815 4436 895 4490 eis
925 4444 1106 4500 erant,
1137 4455 1260 4510 quae
1291 4441 1559 4510 paulatim
1594 4441 1923 4496 succedente
1955 4441 2102 4496 desi-

509 4521 603 4576 dia
631 4539 664 4577 a
689 4525 995 4579 monastico
1024 4526 1228 4596 rigore,
1263 4536 1320 4582 et
1347 4528 1416 4582 ab
1445 4530 1594 4584 illius
1617 4537 1788 4601 parta;
1813 4547 2104 4585 conversa-

506 4611 674 4665 tionis
736 4612 1028 4669 nobilitate
1087 4615 1421 4672 videbantur
1471 4619 1862 4688 degenerasw,
1915 4619 2102 4674 statim

509 4701 659 4770 apud
678 4717 787 4762 me.
811 4710 875 4756 ut
895 4703 1212 4775 ubicunque
1241 4707 1452 4777 aliquid
1469 4707 1834 4762 informandis
1848 4709 2107 4764 Fratrum

513 4789 764 4845 moribus
791 4794 1100 4862 proﬁcuum
1133 4795 1252 4850 visu
1287 4797 1368 4849 vel
1400 4798 1618 4863 auditu,
1644 4799 1724 4851 vel
1747 4806 1896 4853 certe
1917 4799 2108 4853 lectio-

510 4894 580 4932 ne
600 4895 885 4936 sacrorum
919 4882 1186 4938 librorum
1211 4886 1575 4957 perciperem,
1598 4894 1778 4942 totum
1809 4888 1912 4941 hoc
1942 4889 2100 4958 quasi

511 4967 660 5022 vivos
685 4969 899 5041 lapides
929 4973 996 5025 ad
1022 4973 1333 5044 spiritualis
1357 4982 1570 5030 structu
1581 4993 1651 5030 rae
1673 4977 1939 5030 fabricam
1975 4993 2104 5031 con-

509 5058 714 5112 ferrem
761 5060 917 5123 Quod
949 5063 1296 5132 propositum
1332 5081 1516 5118 meum
1544 5065 1677 5117 dum
1703 5065 1753 5118 ei
1799 5066 1895 5135 qui
1926 5065 2105 5135 replet

2125 3905 2402 3973 Bliensis,
2435 3907 2750 3978 apostolica:
2786 3907 2934 3961 sedis
2982 3906 3264 3977 legatione
3309 3905 3549 3966 functus,
3578 3903 3640 3957 ad
3666 3915 3746 3953 nos

2187 3997 2430 4058 devenit,
2463 3995 2856 4067 integrumque
2885 3996 3002 4050 fere
3030 4011 3242 4049 annum
3265 3995 3592 4050 ditﬁcultate
3610 3989 3749 4045 conﬁ-

2187 4085 2370 4140 ciendi
2416 4085 2654 4149 itineris,
2691 4083 2839 4156 quod
2886 4083 3120 4149 volebat,
3164 4083 3464 4150 inhibitus,
3494 4081 3747 4137 nobiscum

2188 4175 2388 4244 exegit.

2258 4264 2364 4328 Qui
2394 4263 2476 4317 uti
2505 4262 2738 4316 sollicite
2766 4262 3003 4316 fratrum
3033 4261 3540 4322 conversationem,
3571 4265 3623 4312 et
3649 4270 3748 4310 mo-

2186 4353 2419 4408 nasterii
2450 4353 2628 4406 nostri
2674 4359 2883 4406 statum
2931 4351 3185 4422 pervidit,
3220 4352 3470 4421 quodam
3519 4349 3602 4402 die
3629 4346 3750 4399 inter

2185 4449 2384 4496 caetera
2415 4441 2710 4510 colloquia,
2753 4441 2832 4494 sic
2874 4457 2962 4494 me
3003 4440 3383 4510 compellavit.
3433 4459 3454 4490 ε
3492 4439 3562 4493 Ut
3597 4434 3747 4495 video.

2189 4551 2212 4582 ι
2255 4530 2430 4584 frater
2453 4530 2798 4592 charissime,
2832 4530 2986 4582 locus
3030 4529 3136 4592 iste
3171 4529 3478 4583 admodum
3509 4533 3660 4597 aptus
3682 4525 3752 4574 est

2194 4640 2216 4671 ι
2259 4619 2668 4674 conversationi
2702 4619 3041 4679 monasticae,
3075 4627 3132 4672 et
3162 4618 3266 4690 ipsi
3307 4619 3511 4672 fratres
3540 4617 3678 4686 juste
3701 4627 3753 4664 ac

2195 4729 2219 4760 «
2261 4716 2450 4764 sancte
2470 4707 2686 4762 vivendi
2708 4707 3102 4762 ardentissimo
3121 4707 3389 4761 videntur
3409 4708 3639 4776 flagrare
3657 4706 3754 4753 stu-

2195 4819 2219 4852 ς(
2261 4799 2374 4852 dio.
2426 4799 2533 4852 Sed
2577 4814 2741 4851 nosse
2790 4798 2972 4861 velim,
3015 4813 3154 4867 quos
3193 4796 3545 4866 potissimum
3583 4795 3753 4845 vestra!

2193 4909 2215 4939 ι
2261 4887 2630 4941 institutionis
2651 4886 2948 4956 magistros
2965 4885 3240 4948 habeatis,
3255 4893 3310 4939 et
3326 4903 3360 4938 a
3379 4901 3488 4955 quo
3507 4880 3754 4954 praecipue

2192 4999 2214 5028 ι
2260 4976 2599 5032 monasterio
2628 4976 2907 5030 derivatas
2930 4975 3364 5029 consuetudines
3399 4967 3703 5029 observetis.
3729 4983 3750 5015 ιι

2188 5067 2398 5128 Nostri,
2440 5067 2689 5136 inquam.
2723 5073 2810 5119 est
2836 5063 3007 5118 studii
3045 5063 3326 5133 quoslibet
3355 5061 3639 5132 religiosos
3664 5056 3754 5107 hu-

505 5147 566 5201 in
596 5145 758 5202 bouis
779 5148 1118 5204 desiderium
1140 5151 1389 5206 ﬁdelium
1413 5169 1666 5218 suorum,
1691 5153 1900 5206 sedulis
1931 5153 2106 5224 preci-
2180 5153 2274 5223 jus
2302 5154 2426 5206 vitm
2457 5170 2602 5205 VlI‘OS
2629 5168 2730 5222 pro
2761 5169 2920 5222 posse
2953 5159 3141 5205 nostro
3183 5149 3394 5204 imitari
3429 5169 3442 5203 :
3474 5147 3569 5202 sed
3597 5143 3640 5198 si
3668 5153 3753 5194 nos

511 5235 617 5290 bus
645 5239 1130 5292 commendarem:
1167 5241 1281 5294 Deo
1311 5242 1497 5294 omnia
1533 5241 1878 5303 mirabiliter,
1910 5259 1976 5294 ac
2006 5227 2242 5298 mi-Din
2273 5243 2462 5312 aliquo
2500 5243 2787 5294 deviantes
2829 5241 3143 5310 dignamini
3173 5241 3242 5293 ad
3291 5239 3439 5292 viam
3492 5235 3750 5291 reducere.

511 5324 869 5380 sericorditer
888 5327 1239 5399 disponente.
1259 5329 1592 5382 venerabilis
1611 5329 1712 5389 vir,
1736 5345 1800 5382 ac
1831 5329 2104 5384 bonorum
2187 5332 2379 5402 procul
2400 5330 2568 5384 dubio
2590 5346 2923 5400 quocunque
2944 5346 3043 5382 nos
3068 5329 3338 5400 sapientis
3371 5323 3584 5380 consilii
3605 5332 3754 5374 manu

513 5415 766 5470 omnium
797 5417 1072 5472 memoria
1098 5418 1301 5488 dignus
1335 5418 1652 5472 Bernardus
1690 5418 1862 5472 abbas
1901 5418 2104 5473 Massi-
2187 5421 2408 5484 ducitis,
2449 5418 2851 5490 promptissimi
2890 5417 3294 5488 subsequemur
3352 5417 3438 5470 Ad
3479 5415 3592 5468 haec
3629 5409 3750 5462 ille:

585 5521 732 5612 516‘)
774 5523 1044 5612 Prologus
1083 5525 1172 5612 hic
1205 5524 1260 5607 in
1305 5524 1854 5612 codiceuléinsidlensi
1885 5526 2104 5608 deside-
2190 5534 2384 5598 postea
2409 5526 2621 5580 editum
2654 5525 2836 5596 reperi
2861 5530 3015 5612 temo
3043 5522 3118 5577 IV
3150 5529 3254 5577 vet.
3285 5522 3690 5576 Analectorum.

513 5599 698 5660 ratur;
726 5595 986 5649 eumdem
1006 5597 1258 5680 supplevi
1277 5612 1342 5649 ex
1364 5613 1468 5653 ms.
1485 5596 1919 5672 Weingartensi,
1934 5615 2098 5669 quem
