3872 6164
172 268 263 326 929

1202 268 1622 327 CONSTITUT.
1666 269 2008 326 HIRSAUG.
2056 302 2117 312 —
2156 272 2293 329 LIB.
2336 273 2380 328 Ι.

3324 276 3431 336 930

176 416 194 447 ι
222 394 434 461 Vestra,
458 394 663 467 inquit,
688 395 1054 457 conversatio,
1085 398 1360 467 quantum
1386 394 1562 448 nostri
1593 392 1744 464 inge-
1764 395 1815 454 A
1834 394 2035 449 fratres
2063 395 2398 459 charissimi,
2444 396 2734 451 reverendi
2781 398 2978 452 Patres
3015 415 3081 453 ac
3106 400 3338 465 domini,
3372 406 3430 456 et

174 504 196 536 ι
226 485 351 539 nioli
383 485 644 538 acumine
670 485 905 555 perspici
940 491 1144 555 potest,
1164 490 1220 538 et
1239 487 1344 537 Ι)θο
1365 482 1743 552 acceptabilis,

174 596 192 622 ι
225 579 275 627 et
314 573 567 627 omnium
606 589 743 627 sane
786 574 1124 643 sapientium
1168 566 1743 625 admiretio‘videtur.

175 680 196 714 ι
224 662 321 717 Sed
351 662 399 716 si
438 664 621 717 adhuc
638 662 933 732 gloriosior
959 669 1125 721 esset.
1154 668 1208 715 et
1233 660 1569 731 apostolicis,
1590 666 1653 713 ut
1672 660 1751 713 ita

175 771 193 802 ι
223 750 419 812 dicam,
452 751 626 821 signis
657 758 715 805 et
754 751 1052 805 virtutibus
1085 751 1366 805 illustrata
1400 750 1751 815 claresceret,

177 865 196 890 ι
222 839 301 893 his
331 846 545 901 tamen,
579 840 675 910 qui
700 840 915 894 sincere
943 839 1306 893 monasticam
1329 844 1619 891 sectantur
1631 854 1753 908 per-

176 948 195 979 ι
223 927 536 990 fectionem,
580 944 689 982 non
738 929 878 982 adeo
922 935 1087 998 grata
1115 934 1452 998 acceptaque
1482 926 1607 990 erit,
1642 925 1751 980 nisi

175 1035 197 1070 ι
226 1017 343 1071 aliis
365 1017 702 1088 regulariter
728 1016 1001 1070 institutis
1025 1016 1379 1069 monasteriis
1408 1015 1466 1069 in
1484 1014 1681 1069 habitu
1695 1020 1754 1068 et

175 1128 196 1155 ι
224 1114 447 1161 tonsura
473 1107 689 1161 czeteris
704 1106 1201 1160 consuetudinibus
1231 1105 1537 1159 assimilata
1559 1105 1745 1158 fuerit.

175 1217 194 1245 ι
227 1196 323 1250 Sed
359 1196 509 1249 inter
539 1196 732 1250 omnia
759 1196 1054 1265 Cisalpina":
1085 1195 1280 1249 Galliae
1314 1194 1674 1258 monasteria,
1710 1194 1757 1247 si

179 1305 199 1334 ο
226 1291 473 1339 nostram
515 1286 805 1356 requiritis
847 1285 1206 1349 sententiam,
1250 1284 1618 1338 Cluniacense
1650 1300 1757 1336 coe-

179 1396 196 1424 ι
228 1375 448 1429 nobium
484 1375 834 1445 potissimum
866 1375 1020 1429 vobis
1050 1374 1259 1428 suadeo
1281 1374 1634 1444 eligendum;
1660 1373 1755 1427 ubi

178 1486 199 1513 ε
227 1472 276 1519 et
302 1465 839 1535 perfectissimorum
879 1464 1277 1518 monachorum
1312 1464 1666 1523 auctoritate,
1698 1469 1756 1518 et

179 1574 201 1603 ι
228 1554 495 1625 temporis
521 1554 862 1623 antiquitate
892 1555 1200 1607 monastica
1229 1570 1293 1607 eo
1324 1553 1539 1607 roboris
1568 1558 1623 1606 et
1637 1553 1753 1622 glo-

180 1660 203 1693 ι
230 1643 315 1697 rite
354 1643 606 1697 excrevit
654 1643 869 1713 religio,
904 1648 968 1696 ut
1013 1642 1057 1696 si
1086 1660 1197 1713 qua
1226 1642 1408 1696 adhuc
1438 1640 1754 1695 sanctitatis

1830 484 2252 556 quibuscunque
2277 486 2420 539 inest
2449 503 2608 539 amor
2637 493 2693 540 et
2726 494 2780 540 st
2806 488 2974 541 .dium
3001 490 3306 544 secundum
3332 508 3425 545 vos

1828 572 2070 638 institui,
2101 575 2217 629 hzec
2249 575 2594 629 observando
2623 576 2790 629 vitam
2824 585 3093 630 aeternam
3118 580 3427 649 promereri

1833 663 2101 715 valeatis:
2138 664 2385 734 dumque
2414 682 2509 718 vos
2541 671 2730 718 nostro
2759 666 2899 719 labo:
2918 684 2946 719 ο
2973 667 3040 720 ad
3070 667 3209 721 bene
3241 668 3428 723 viven-

1833 751 1969 805 dum
2007 753 2261 822 adjuvari
2278 754 2556 823 gaudetis,
2586 771 2685 807 nos
2715 772 2936 826 quoque
2966 756 3035 809 ad
3058 774 3282 827 semper
3300 775 3429 814 cum

1835 840 2057 894 Christo
2090 842 2250 896 beate
2295 844 2609 909 vivendum,
2655 844 2854 897 vestris
2901 845 3245 900 orationibus
3275 848 3431 918 adju-

1832 930 2000 986 vetis.

1904 1017 2088 1072 Hilari
2119 1037 2251 1090 ergo
2282 1020 2494 1083 animo,
2521 1028 2577 1076 et
2607 1021 2780 1076 obviis
2811 1028 2898 1093 (ut
2918 1024 3147 1091 dicitur)
3170 1025 3427 1081 manibus

1835 1108 2101 1179 suscipite
2131 1111 2360 1179 parvula
2383 1111 2731 1180 quidemsed
2753 1114 2929 1166 multo
2951 1113 3139 1168 labore
3163 1116 3433 1170 exsudata

1841 1196 2025 1250 Patris
2063 1199 2270 1252 nostris
2308 1199 2490 1259 xenia,
2537 1207 2593 1253 et
2643 1201 2710 1253 ad
2749 1209 3077 1272 perpetuum
3111 1205 3275 1274 paulo
3308 1211 3432 1275 post

1842 1287 2098 1341 morituri
2130 1288 2281 1341 senis
2300 1290 2649 1353 memoriam,
2673 1292 3077 1360 amplectimini
3099 1312 3110 1359 ;
3136 1302 3350 1348 servate
3372 1300 3430 1349 et

1840 1375 2128 1429 observate
2183 1384 2351 1447 atque
2395 1378 2451 1431 in
2494 1378 2709 1432 intimis
2754 1383 3005 1450 reponite
3034 1382 3328 1453 sensibus;
3368 1390 3433 1438 ut

1839 1482 2006 1534 quam
2035 1465 2252 1519 sincero
2278 1483 2468 1519 amore
2499 1467 2770 1521 viventem
2803 1470 3128 1524 dilexeritis.
3148 1472 3205 1526 in
3231 1473 3432 1527 horum

1839 1552 2223 1607 observatione
2276 1555 2586 1610 innotescat
2634 1557 2893 1612 omnibus
2942 1577 3042 1629 per
3079 1562 3435 1617 succedentia

1838 1647 2093 1713 tempora
2121 1643 2346 1700 futuris.
2380 1644 2522 1698 Hinc
2552 1645 2721 1698 etiam
2772 1648 2927 1717 Operi
2974 1650 3258 1720 proposito
3312 1668 3433 1705 ma-

181 1754 199 1779 ς
230 1730 456 1802 vestigia
478 1732 534 1785 in
565 1731 689 1786 aliis
715 1733 1000 1786 videretur
1016 1730 1752 1794 monasteriis,nondubium
1777 1712 1975 1785 Bnum
2018 1732 2382 1803 applicantes.
2424 1751 2732 1804 congruum
2766 1736 3109 1791 arbitramur
3135 1756 3169 1792 a
3198 1740 3432 1794 novitio-

184 1842 202 1872 ι
230 1822 294 1875 sit
313 1838 378 1875 ex
411 1822 539 1887 hoc,
581 1821 742 1892 quasi
773 1838 837 1875 ex
870 1821 990 1875 vivo
1020 1822 1262 1891 quodam
1318 1827 1374 1875 et
1419 1820 1755 1874 inexhausto

183 1930 201 1960 ι
230 1912 390 1975 fonte,
439 1911 692 1980 singulos
743 1927 1033 1965 emanasse
1080 1910 1303 1964 rivulos.
1333 1929 1357 1961 υ
1393 1910 1530 1963 Dum
1563 1910 1669 1977 his,
1701 1915 1759 1963 et

178 1999 483 2069 hujusmodi
521 2000 744 2053 motivis
777 1999 859 2052 vir
886 2000 1200 2070 praedictus,
1235 2008 1297 2052 ut
1327 1999 1435 2053 dici
1463 1999 1623 2063 solet,
1656 1998 1756 2052 sti-

178 2089 339 2142 mulos
368 2087 1065 2153 currentibusaddidisset,
1100 2097 1324 2159 peracta
1345 2088 1621 2155 legatione
1655 2104 1756 2158 pro

180 2194 275 2247 qua
302 2184 552 2243 venerat,
583 2178 834 2245 rediit,et
853 2177 908 2231 in
924 2178 1210 2232 redeundo
1231 2178 1560 2231 Cluniacum
1582 2183 1759 2232 trans-

179 2265 302 2329 iens,
332 2266 440 2338 ipsi
473 2267 625 2320 Patri
670 2267 997 2321 monasterii
1028 2284 1128 2320 nos
1160 2267 1358 2321 intime
1390 2267 1758 2321 commenda—

181 2359 259 2419 vit,
289 2364 342 2410 et
363 2356 436 2409 ad
470 2356 789 2428 pristimum
824 2356 890 2422 (si
920 2355 1054 2427 quid
1082 2355 1401 2425 hujusmodi
1429 2354 1499 2408 ab
1520 2372 1585 2409 eo
1610 2360 1760 2426 pete-

180 2462 347 2500 remus
352 2464 373 2517 )
401 2447 544 2501 satis
577 2445 903 2500 benevolum
934 2445 1198 2499 reddidit.

233 2537 387 2591 Cinea
414 2537 565 2591 idem
599 2542 821 2607 tempus
846 2536 1139 2591 Udalricus
1155 2536 1344 2590 senior
1372 2535 1599 2606 quidam
1628 2535 1757 2590 Clu-

177 2626 440 2680 niacensis
493 2632 634 2680 nutu
690 2625 813 2684 Dei.
857 2642 957 2695 pro
985 2642 1153 2678 causa
1186 2625 1510 2679 monasterii
1540 2625 1596 2678 in
1636 2626 1760 2680 Ale-

174 2715 448 2769 manniam
480 2715 705 2775 missus,
735 2714 1063 2784 aliquandiu
1095 2713 1383 2767 nobiscum
1418 2715 1625 2768 mansit
1657 2732 1668 2767 :
1704 2720 1761 2769 ct

1840 1837 1962 1874 rum
2016 1822 2384 1892 susceptione,
2423 1840 2729 1894 eorumque
2776 1824 3129 1881 institutione
3178 1827 3429 1883 omnium

1839 1927 1961 1980 quae
1987 1911 2218 1965 dicenda
2249 1919 2382 1966 sunt
2410 1913 2694 1967 exordium
2728 1913 2928 1968 facere.

2482 2003 2713 2056 CAPUT
2751 2004 2795 2057 Ι.

2232 2091 2303 2143 [)0
2332 2091 2649 2145 diversitate
2682 2095 3043 2147 novitz‘orum.

1913 2194 2004 2231 ω).
2042 2176 2224 2248 Igitur
2266 2179 2456 2249 aliqua
2495 2180 2789 2235 diversitas
2815 2185 2901 2235 est
2928 2181 3253 2237 eorumdem
3281 2183 3437 2238 novi-

1840 2270 2047 2323 tiorum
2080 2288 2092 2323 :
2124 2286 2252 2323 nam
2283 2286 2390 2323 non
2418 2271 2598 2325 solum
2632 2272 2843 2342 absque
2876 2272 3069 2327 habitu
3100 2274 3349 2339 veniunt,
3372 2280 3437 2329 ut

1842 2358 1969 2413 laici
2006 2365 2063 2412 et
2084 2359 2293 2419 clerici,
2326 2360 2422 2414 sed
2456 2361 2624 2413 etiam
2675 2378 2801 2414 cum
2858 2360 3053 2416 habitu
3093 2367 3148 2417 et
3178 2361 3438 2416 monachi

1836 2448 1953 2516 jam
1971 2446 2349 2501 factiﬁttales
2373 2448 2647 2502 trifariam
2671 2455 2804 2503 sunt
2824 2449 3163 2504 dill‘erentes.
3196 2450 3436 2515 Quidam

1841 2542 1975 2589 sunt
2004 2536 2073 2589 de
2093 2537 2414 2607 longinquis
2445 2550 2501 2591 et
2526 2538 2725 2592 alienis
2748 2539 3122 2603 monasteriis,
3157 2545 3214 2593 et
3244 2539 3313 2593 ad
3335 2540 3438 2593 hoc

1840 2626 2090 2688 veniunt,
2132 2631 2196 2679 ut
2247 2643 2442 2680 rursus
2490 2629 2883 2697 proﬁteantur,
2912 2633 2969 2681 et
2997 2628 3065 2681 de
3094 2635 3294 2683 caetero
3326 2645 3441 2682 ma-

1842 2719 2015 2767 neant
2050 2713 2379 2767 'nobis'cum.
2431 2714 2670 2778 Quidam
2726 2722 2858 2769 sunt
2895 2716 2962 2769 de
3009 2716 3163 2769 cellis
3208 2716 3435 2782 nostris,

180 2805 296 2874 quia
325 2805 492 2859 nobis
516 2804 651 2857 olim
678 2811 801 2857 erat
822 2803 1321 2867 familiarissimus,
1350 2803 1630 2873 longaque
1640 2804 1758 2873 jam
1842 2807 1900 2856 et
1928 2802 2010 2855 vel
2044 2820 2143 2872 pro
2174 2801 2500 2857 inﬁrmitate
2545 2805 2627 2857 vel
2679 2804 2787 2857 loci
2830 2805 3241 2875 longinquitate
3268 2804 3439 2859 bene-

175 2894 507 2965 experientia
525 2894 578 2946 in
602 2892 1384 2963 Cluniacensibusdisciplinis
1401 2893 1755 2956 exercitatus,
1847 2891 2146 2945 dictionem
2184 2893 2302 2961 jam
2342 2909 2375 2945 a
2417 2892 2623 2946 domno
2669 2892 2869 2947 abbate
2916 2901 3274 2964 acceperunt,
3315 2911 3437 2964 pro-

178 2984 484 3053 rogavimus
517 3000 648 3037 eum
679 2989 743 3036 ut
774 3000 905 3037 suas
952 2981 1114 3035 nobis
1144 2982 1578 3036 consuetudines
1606 2988 1822 3054 tran-n
1846 2979 2086 3034 fessione
2115 2982 2232 3050 jam
2285 2980 2477 3045 dilata,
2513 2989 2569 3035 et
2615 2982 2684 3035 ad
2732 2982 2914 3036 locum
2967 2989 3219 3037 nostrum
3264 3000 3443 3054 usque

181 3071 454 3127 scriberet.
481 3072 715 3135 Annuit,
748 3071 1062 3143 spopondit,
1080 3076 1153 3136 et,
1169 3076 1232 3124 ut
1247 3071 1597 3141 promiserat.
1627 3072 1766 3125 duos
1782 3064 1823 3087 υ
1848 3076 2157 3125 reservata.
2197 3070 2460 3141 Alioquin
2498 3072 2742 3125 novitius
2787 3072 2845 3125 in
2892 3072 3081 3143 aliqua
3110 3072 3438 3127 earumdem

179 3159 239 3214 de
264 3161 544 3232 praedictis
571 3160 1069 3215 consuetudinibus
1102 3159 1317 3213 libellos
1338 3160 1496 3213 nobis
1523 3160 1767 3213 conscri-
1849 3160 2115 3214 cellarum
2148 3169 2578 3232 susceptus,non
2599 3169 2684 3215 est
2699 3161 2775 3215 ibi
2796 3162 3093 3216 monachili
3113 3162 3442 3218 indumento

178 3250 292 3320 psit.
335 3252 541 3306 Postea
579 3250 998 3304 considerantes
1032 3248 1089 3303 in
1116 3249 1326 3303 eisdem
1357 3249 1559 3303 libellis
1590 3250 1769 3304 multa
1850 3249 1959 3302 nisi
1982 3266 2082 3319 per
2108 3249 2387 3304 licentiam
2411 3251 2749 3316 vestiendus,
2782 3251 2879 3305 sed
2908 3252 3214 3322 assumptis
3252 3269 3440 3307 secum

178 3339 364 3394 deesse
420 3339 489 3393 ad
548 3340 861 3410 plenariam
910 3339 1235 3393 earumdem
1295 3339 1764 3411 consuetudinum
1852 3339 2052 3409 quibus
2082 3338 2352 3393 induatur
2388 3340 2457 3392 ad
2497 3340 2880 3410 accipiendum
2925 3340 3179 3395 habitum
3223 3341 3293 3396 ad
3341 3358 3445 3396 nos

177 3429 459 3483 scientiam
488 3428 909 3499 capessendam.
938 3428 1121 3499 primo
1164 3428 1305 3481 duos
1329 3444 1394 3481 ex
1424 3428 1630 3481 nostris
1661 3429 1770 3482 fra-

180 3516 370 3582 tribus,
400 3523 576 3588 atque
601 3516 807 3571 iterum
835 3516 977 3569 alios
1005 3516 1164 3579 duos,
1198 3516 1365 3570 tertio
1405 3516 1769 3572 nihilominus

183 3603 310 3659 duos
332 3604 664 3659 Cluniacum
695 3603 1001 3658 direximus
1036 3622 1046 3656 :
1083 3604 1177 3674 qui
1225 3611 1340 3657 tam
1370 3604 1625 3674 diligenti
1649 3622 1772 3658 exa-

183 3695 484 3750 ininatione
514 3694 708 3749 omnia
736 3694 886 3749 illius
908 3694 1133 3749 Ordinis
1164 3701 1377 3748 secreta
1403 3694 1591 3748 rimati
1615 3700 1767 3754 sunt.

186 3792 243 3839 ut
265 3786 367 3857 ipsi
394 3802 593 3840 eorum
626 3784 901 3855 magistri,
946 3784 1001 3837 in
1050 3801 1288 3854 quorum
1328 3784 1611 3837 audientia
1634 3785 1771 3838 scri-

184 3880 301 3945 ptas
355 3874 795 3930 consuetudines
845 3872 1175 3937 recitabant,
1224 3874 1592 3927 afﬁrmarent.
1634 3890 1775 3928 nun-

183 3980 345 4035 quam
403 3963 627 4034 aliquos
670 3962 821 4016 illius
870 3961 1182 4032 spiritualis
1212 3962 1415 4016 scholae
1445 3962 1768 4033 discipulos,

177 4054 258 4107 vel
292 4054 530 4125 plenius,
567 4052 651 4106 vel
701 4052 948 4106 veracius
999 4069 1112 4106 sua:
1166 4051 1535 4106 institutionis
1594 4060 1772 4107 artem

181 4142 670 4213 comprehendisse
732 4140 853 4195 Illis
881 4142 1109 4196 tandem
1142 4141 1527 4202 redeuntibus,
1564 4149 1622 4197 et
1659 4150 1775 4197 tam

184 4230 453 4286 fructuosi
491 4231 677 4302 operis
707 4230 1024 4302 manipulos
1052 4248 1181 4285 cum
1207 4231 1415 4301 gaudio
1439 4234 1777 4302 reportanti-

188 4321 306 4387 bus,
337 4322 658 4392 accepimus
705 4337 807 4392 per
845 4338 939 4375 eos
970 4321 1294 4374 mandatum
1327 4337 1361 4373 a
1388 4320 1625 4375 Domino
1660 4322 1779 4376 Hu-

1851 3446 2030 3499 usque
2086 3428 2438 3499 perducitur;
2498 3429 2734 3493 caeteris,
2786 3446 2908 3499 qua:
2962 3447 3151 3484 secum
3211 3430 3444 3485 Domino

1853 3518 2057 3571 obtulit
2085 3517 2345 3571 omnibus
2377 3518 2505 3580 illic,
2535 3518 2631 3572 ubi
2652 3526 2944 3590 susceptus
2974 3526 3080 3583 est,
3109 3536 3447 3591 permanen-

1852 3608 2022 3661 tibus.
2039 3607 2145 3661 Sed
2164 3614 2459 3678 postquam
2491 3608 2560 3661 de
2581 3609 2775 3663 ordine
2805 3616 2996 3663 nostro
3012 3610 3350 3677 instructus(
3366 3615 3377 3662 l
3393 3610 3447 3676 7)

1852 3696 2295 3751 benedictionem
2354 3699 2650 3769 acceperit.
2683 3698 2753 3751 ad
2811 3699 2993 3752 locum
3039 3698 3134 3752 ubi
3183 3699 3337 3769 prius
3366 3703 3452 3753 est

1855 3795 2146 3856 susceptus
2185 3786 2257 3853 (si
2287 3786 2494 3840 domno
2534 3787 2724 3840 abbati
2761 3787 2938 3841 visum
2969 3788 3182 3855 fuerit),
3213 3788 3443 3845 redibit.

1856 3876 2011 3929 Solet
2038 3882 2227 3929 tamen
2275 3875 2516 3929 domnus
2561 3876 2734 3929 abbas
2771 3876 2882 3930 illis
2927 3876 3227 3948 prioribus,
3260 3876 3355 3948 qui
3392 3876 3452 3930 in

1858 3963 2247 4018 remotissimis
2286 3964 2418 4017 locis
2459 3972 2769 4023 morantur.
2812 3966 3117 4019 concedere
3155 3972 3447 4034 susceptos

1858 4053 2098 4106 novitios
2128 4069 2237 4106 non
2252 4054 2433 4107 solum
2457 4054 2765 4107 monastico
2785 4053 3113 4106 indumento
3132 4053 3206 4105 ibi
3228 4053 3449 4117 vestire,

1859 4142 1954 4195 sed
1986 4142 2175 4205 etiam,
2209 4141 2255 4194 si
2290 4147 2404 4195 tam
2446 4141 2633 4211 gravis
2674 4141 2973 4194 inﬁrmitas
3004 4140 3200 4195 mortis
3234 4139 3455 4210 pericu-

1860 4214 1976 4284 lum
2007 4230 2271 4295 minatur,
2306 4230 2362 4283 in
2395 4231 2696 4283 monachos
2724 4246 3050 4283 consecrare
3107 4229 3234 4283 Haec
3263 4234 3455 4282 autem

1864 4318 2175 4373 benedictio
2208 4335 2331 4389 quae
2359 4319 2439 4372 ita
2453 4319 2523 4372 ad
2538 4319 2947 4373 succurendum
2976 4317 3089 4387 (I8)
3104 4317 3313 4387 agitur,
3338 4321 3456 4370 tam

183 4427 326 4481 gone
357 4389 665 4465 venerabili
695 4389 1146 4464 éluniacensium
1177 4410 1398 4475 abbate,
1432 4416 1493 4463 ut
1520 4426 1623 4464 sua
1650 4389 1971 4471 fretiDhis,
2023 4408 2119 4479 qui
2155 4425 2327 4479 prope
2365 4424 2530 4477 quam
2572 4409 2666 4479 qui
2696 4408 2860 4477 longe
2893 4412 3041 4467 sunt,
3076 4405 3357 4477 prioribus
3388 4406 3457 4459 ab

182 4499 861 4560 auctoritate,coadunato
877 4500 1160 4553 seniorum
1177 4505 1495 4553 nostrorum
1528 4500 1777 4565 consilio,

183 4594 355 4658 prout
374 4590 500 4659 ipsa
524 4589 773 4642 declarat
800 4587 967 4649 ratio,
985 4587 1291 4641 secundum
1327 4604 1536 4641 morem
1564 4589 1777 4659 patriae,

183 4678 289 4731 loci
319 4680 518 4744 situm,
542 4683 600 4731 et
627 4677 773 4731 aeris
803 4675 1151 4747 temperiem,
1174 4677 1242 4730 de
1263 4676 1470 4730 eisdem
1488 4684 1783 4731 consuetu-

185 4766 434 4831 dinibus,
489 4767 537 4821 si
578 4766 709 4837 quid
741 4773 892 4820 esset
915 4766 1263 4836 superﬂuum
1320 4766 1699 4833 demeremus;
1737 4767 1784 4821 si

182 4856 319 4926 quid
365 4855 721 4918 mutandum,
770 4862 1118 4908 mutaremus
1151 4872 1162 4906 :
1196 4854 1244 4908 si
1276 4855 1409 4925 quid
1441 4855 1784 4914 addendum.

178 4945 538 4999 adderemus.
548 4946 709 5009 Quod
720 4945 905 5015 sagaci
917 4945 1103 4999 studio
1119 4960 1240 4998 com
1251 4944 1403 4997 muni
1433 4944 1782 5012 insistentes,

178 5039 237 5088 et
274 5050 460 5106 pauca
484 5035 740 5105 quaedam
764 5039 1066 5095 mutantes,
1106 5034 1282 5087 multo
1303 5039 1490 5087 autem
1524 5035 1787 5104 pauciora

181 5123 522 5189 recidentes,
554 5128 702 5177 totas
732 5123 863 5176 illas
895 5123 1331 5177 consuetudines
1360 5122 1414 5175 in
1446 5123 1585 5177 duos
1615 5124 1788 5201 libros

182 5212 472 5266 distinctis
490 5229 705 5283 persua
720 5213 966 5282 capitula
989 5211 1285 5266 sententiis
1299 5211 1649 5281 digessimus.
1674 5214 1789 5267 llac

185 5310 384 5356 autem
414 5301 745 5361 intentione,
780 5307 837 5354 et
882 5301 987 5354 hac
1036 5300 1308 5355 mercedis
1336 5303 1789 5372 compensatione

183 5397 310 5445 tam
353 5397 744 5461 sumptuosum
803 5406 943 5461 opus
987 5389 1418 5449 elaboravimus.
1474 5399 1538 5444 ut
1586 5398 1641 5445 et
1672 5409 1785 5458 vos,

262 5493 396 5623 ([21
433 5496 754 5552 Benedictio
807 5496 897 5550 hic
943 5511 1042 5567 pro
1089 5496 1437 5567 professione
1487 5496 1799 5551 monastica

262 5584 332 5623 tm
403 5583 449 5621 r.

187 5583 449 5640 ponitur.

1865 4514 1930 4550 eo
1952 4498 2274 4551 conceditur
2306 4514 2317 4548 :
2353 4497 2401 4551 si
2431 4504 2618 4551 tamen
2660 4496 2765 4567 ipsi
2794 4504 2910 4550 tam
2940 4495 3124 4567 gravis
3156 4495 3459 4549 inﬁrmitas

1864 4586 2300 4657 praenuntiatum
2334 4592 2389 4640 et
2418 4586 2501 4639 vel
2533 4603 2595 4639 ex
2626 4586 2816 4657 aliqua
2836 4586 3124 4640 occasione
3146 4585 3215 4639 ad
3246 4601 3459 4656 aegrum

1864 4676 1945 4728 ire
1989 4676 2315 4746 impeditur,
2355 4675 2440 4729 vel
2469 4675 2523 4728 in
2547 4681 2796 4746 tempore
2819 4675 2951 4729 illuc
2973 4675 3165 4729 venire
3192 4691 3305 4729 non
3334 4690 3463 4746 spe-

1866 4772 2041 4818 ratur.
2094 4780 2184 4820 un.
2253 4764 2491 4828 Quidam
2546 4782 2657 4819 non
2717 4768 2851 4818 sunt
2889 4764 2958 4818 de
2996 4764 3096 4817 tali
3121 4763 3464 4818 monasterio

1866 4860 2097 4907 nostro:
2135 4854 2278 4923 quod
2323 4853 2531 4924 absque
2559 4854 2766 4907 domno
2796 4852 2997 4907 abbate
3042 4854 3329 4925 proprium
3362 4854 3465 4908 ha-

1867 4943 2000 4996 bent
2038 4943 2315 4996 abbatem.
2353 4943 2459 4997 Ubi
2492 4943 2595 4996 etsi
2625 4942 3067 4997 benedictionem
3099 4943 3381 5014 accipiant
3408 4947 3466 4996 et

1867 5032 2269 5103 professionem
2308 5031 2531 5098 faciant,
2570 5039 2761 5086 tamen
2802 5032 3078 5086 habentur
3113 5049 3146 5085 a
3176 5032 3334 5085 nobis
3364 5045 3467 5100 per

1870 5121 2061 5193 omnia
2108 5128 2164 5174 et
2218 5122 2275 5174 in
2323 5120 2436 5174 vita
2485 5128 2541 5175 et
2587 5127 2712 5191 post
2758 5121 2930 5174 vitam
2975 5138 3039 5174 ac
3077 5121 3123 5173 si
3168 5119 3318 5190 apud
3364 5133 3467 5171 nos

1870 5210 2204 5275 fecissent;*
2238 5216 2467 5281 excepto
2524 5211 2673 5280 quod
2721 5211 2826 5264 illze
2871 5210 3101 5279 triginta
3132 5208 3315 5262 Missae
3352 5222 3466 5260 non

1871 5306 2191 5353 cantantur.
2218 5305 2360 5353 Sunt
2388 5299 2536 5352 enim
2568 5305 2624 5353 et
2653 5298 2766 5352 alia
2797 5297 3083 5351 nobiscum
3102 5294 3469 5361 monasteria,

1873 5405 1996 5459 quae
2048 5389 2301 5459 quamvis
2356 5404 2469 5442 non
2527 5404 2629 5457 per
2679 5386 2925 5451 abbates,
2968 5384 3065 5438 sed
3106 5401 3206 5454 per
3259 5382 3472 5455 priores

1954 5494 2060 5561 (l8)
2093 5498 2397 5549 Benedictio
2435 5496 2509 5548 ad
2544 5494 3029 5562 succurrendum,
3060 5496 3147 5545 est
3203 5490 3472 5562 professio

1880 5576 2121 5623 monast.
2158 5584 2279 5639 quae
2320 5567 2568 5623 instante
2613 5564 2809 5621 mortis
2828 5561 3075 5634 periculo
3106 5561 3314 5620 emissa
3342 5562 3471 5618 fuit.
