3912 6166
485 308 589 371 9’31
1529 303 1585 360 s.
1627 286 2024 358 GmLLELm
2064 284 2367 359 Aesaris
2403 299 2754 362 HIRSAUG.
3593 261 3682 381 93.2.

494 435 784 507 regantur,
819 443 987 490 tanta:
1027 443 1214 489 unum]
1261 431 1391 486 sunt
1431 431 1730 492 facultatis,
1783 435 1843 481 nt.
1901 429 1955 480 in
2007 417 2301 485 eisAtunc
2333 431 2463 484 sunt
2491 433 2544 486 in
2579 434 2938 488 monasterio.
2965 434 3072 488 illis
3099 443 3183 488 est
3203 434 3264 489 ad
3296 439 3598 496 collationem
3623 447 3674 499 ad

489 530 674 580 valeat
703 519 983 579 observari
1024 524 1159 577 ordo
1193 518 1486 592 regularis.
1536 521 1678 590 Ergo
1712 518 1820 575 isti.
1857 518 1946 587 qui
1985 533 2083 585 per
2167 517 2491 573 mandatum
2536 525 2642 587 (vl)
2691 531 2747 576 et
2797 523 3149 576 refectorium
3199 529 3444 593 superior.
3476 531 3521 583 in
3547 533 3678 588 choro

489 616 703 686 priores
730 623 1020 683 reguntur,
1057 619 1348 683 postquam
1377 607 1523 681 apud
1549 627 1645 662 uos
1687 607 1916 678 professi
1961 606 2080 658 fue-
2166 624 2408 678 quoque.
2449 607 2496 663 Si
2547 618 2630 664 est.
2661 612 2940 666 litteratus
2970 612 3113 672 (532;:
3163 615 3244 668 sin
3275 624 3460 682 autem,
3489 621 3572 686 eis,
3605 640 3675 692 qui

489 697 622 766 rint,
667 711 722 756 et
757 701 836 755 illi
864 703 958 773 qui
1003 701 1146 754 sicut
1177 701 1385 754 dictum
1416 706 1517 758 est.
1557 697 1841 769 prOprium
1868 695 2082 748 habent
2166 693 2292 749 sunt
2321 697 2469 750 inter
2494 700 2727 754 uovitios
2750 701 3048 753 illitterati.

490 790 770 854 abbatem,
815 809 902 844 tio.
972 799 1096 844 cum
1156 790 1406 860 primum
1475 787 1543 840 ad
1593 799 1696 840 nos
1736 785 1849 838 sive
1915 799 2083 836 causa
2796 785 3126 843 CAPUTII,

490 877 801 942 charitatis,
834 880 948 932 sive
991 874 1230 947 alicujus
1272 877 1480 947 negotii
1513 875 1784 934 venerint,
1820 871 2085 925 ﬁduciali-
2289 876 2361 928 De
2395 873 2655 928 monacho
2679 882 2776 945 qui
2802 878 2862 929 dp
2892 881 3073 930 αίίυηο
3109 885 3418 933 νηοηαςτίλνίο
3448 887 3584 936 rma

491 979 578 1022 ter
607 977 662 1022 et
708 968 918 1038 absque
956 985 1115 1020 mora
1163 967 1396 1025 intrant,
1431 972 1487 1019 et
1517 964 1819 1018 secundum
1861 969 2083 1030 tempus
2240 963 2258 984 ‘
2297 961 2401 1026 Qui
2435 965 2502 1016 de
2553 966 2892 1018 monasterio
2930 965 3112 1019 alieno
3152 969 3508 1037 suscipiendus
3552 975 3677 1036 venit,

493 1076 602 1130 quo
643 1059 697 1111 in
733 1056 1074 1110 monasterio
1108 1056 1318 1127 przefati
1369 1058 1501 1109 sunt
1531 1053 1759 1123 recepti,
1796 1053 1873 1104 sic
1913 1051 2082 1104 etiam
2167 1050 2424 1105 similiter
2452 1049 2595 1106 facta
2628 1055 2914 1123 petitione.
2950 1064 3242 1126 postquam
3284 1057 3625 1128 interrogatus,
3648 1064 3681 1114 si

494 1148 688 1201 ordine
714 1164 815 1200 suo
845 1163 953 1199 uou
977 1145 1266 1198 carebunt.
2167 1142 2568 1194 consuetudine
2598 1143 2809 1196 ordinis
2861 1145 3035 1196 nostri
3083 1152 3370 1199 C(ﬂltt‘lll-US
3414 1165 3518 1200 esse
3553 1150 3679 1203 velil:

567 1235 587 1259 ⁴’
609 1235 754 1289 Sunt
775 1235 960 1288 adhuc
989 1235 1098 1287 alia
1129 1233 1468 1286 monasteria
1491 1227 1924 1300 (l9).dequibus
1947 1228 2083 1281 nihil
2169 1230 2489 1298 promiserit
2520 1249 2577 1283 se
2626 1249 2727 1301 per
2758 1233 2947 1286 omnia
2983 1250 3160 1303 usque
3213 1235 3266 1287 in
3307 1243 3536 1298 mortem,
3564 1245 3686 1306 prout

494 1325 736 1396 amplius
777 1321 843 1377 ad
903 1343 1002 1378 nos
1049 1325 1309 1394 pertinet.
1357 1322 1460 1374 nisi
1503 1321 1647 1390 quod
1692 1338 1788 1390 per
1827 1318 2083 1371 abbatem
2169 1317 2315 1370 Deus
2343 1319 2419 1370 illi
2463 1320 2606 1373 vires
2638 1321 2856 1373 dederit
2903 1319 3281 1376 obediturum.
3312 1324 3466 1378 Tunc.
3487 1342 3688 1379 concessa

496 1415 700 1468 nostra)
730 1413 1196 1483 congregationis.
1225 1421 1280 1464 et.
1319 1410 1508 1463 domui
1557 1409 1772 1462 abbatis
1822 1408 2087 1460 Constitu-
2174 1407 2221 1458 ei
2254 1408 2486 1460 fratrum
2523 1411 3157 1464 commanentia.sedeat
3190 1411 3280 1464 ubi
3303 1413 3511 1481 jubetur
3536 1432 3685 1467 seruu-

492 1503 647 1557 tione
671 1503 1180 1572 regunturﬂorum
1208 1500 1607 1552 monachicum
1634 1498 1698 1550 ad
1728 1515 1825 1549 nos
1840 1497 2088 1561 veniunt,
2174 1491 2304 1547 dum
2339 1497 2481 1566 quod
2512 1497 2751 1550 domnus
2781 1499 2950 1551 abbas
2991 1501 3225 1553 voluerit
3259 1509 3312 1553 et
3342 1502 3516 1554 viderit
3549 1519 3691 1571 perso-

491 1593 552 1645 in
580 1585 830 1644 cboro.et
862 1590 1065 1659 ubique
1099 1592 1151 1642 in
1182 1591 1425 1642 claustro
1454 1586 1611 1640 nobis
1651 1587 1953 1641 sociantur.
1980 1585 2082 1637 nisi
2171 1582 2445 1637 uam.lloc
2465 1593 2650 1638 autem
2682 1589 3082 1656 providendum
3109 1590 3348 1642 est.utin
3367 1597 3468 1642 tam
3489 1591 3690 1644 mediocri

495 1680 552 1733 in
582 1681 842 1750 capitulo-
873 1681 1013 1733 Illuc
1043 1679 1191 1731 enim
1234 1695 1342 1730 non
1387 1676 1795 1746 ingrediuntur,
1822 1675 1926 1726 nisi
1959 1691 2082 1726 cum
2170 1673 2290 1726 loco
2320 1675 2511 1727 sedere
2531 1675 2761 1744 jubeatu
2774 1677 2968 1746 r.quod
3002 1686 3123 1746 post
3143 1679 3339 1730 factam
3367 1679 3691 1748 professionem

494 1769 672 1828 venia,
700 1769 781 1820 vel
814 1768 919 1838 ipsi
951 1763 1031 1820 vel
1073 1767 1244 1820 abbas
1284 1783 1474 1819 eorum
1517 1772 1921 1834 promereatur.
1966 1763 2085 1825 Quo
2110 1759 2238 1833 Bab
2271 1763 2467 1816 ultimo
2493 1765 2550 1816 in
2578 1765 2819 1834 priorem
2845 1766 3025 1818 locum
3054 1767 3215 1836 (quod
3233 1769 3693 1820 eimsuetudinaliter

493 1864 679 1911 autem
706 1855 900 1909 ordine
922 1856 1024 1908 hoc
1042 1856 1322 1926 agaturjn
1339 1855 1581 1924 capitulo
1599 1853 1848 1920 ejusdem
1869 1851 2086 1904 abbatis
2169 1851 2284 1903 fieri
2318 1851 2502 1907 debet)
2543 1862 2850 1916 revocatus,
2887 1861 3154 1924 tempore.
3190 1873 3298 1926 quo
3350 1856 3533 1908 domno
3553 1855 3692 1908 abbati

494 1947 816 2016 requiratur
839 1947 952 2013 (lib.
982 1959 1038 2006 Il,
1076 1963 1121 1998 c.
1153 1945 1223 2005 ‘2}.
1263 1942 1478 2012 Reliqui
1512 1958 1707 1994 omnes
1755 1941 1820 1992 ad
1864 1957 2086 1992 conver-
2169 1941 2458 2010 placuerit.
2494 1941 2676 1993 adhuc
2707 1942 3201 2012 altiuspromoveri
3240 1945 3424 2015 possit.
3449 1946 3488 1997 si
3520 1945 3693 1996 merito-

492 2035 706 2088 sionem
741 2034 1024 2086 venientes
1079 2050 1188 2085 non
1248 2032 1654 2101 permittuntur
1700 2029 1934 2088 intrare,
1979 2028 2083 2080 nisi
2168 2047 2290 2082 rum
2326 2031 2473 2082 illius
2503 2029 2748 2100 dignitas
2792 2029 2895 2084 hoc
2945 2033 3216 2101 exegerit.
3261 2034 3410 2096 Quod
3442 2033 3480 2085 si
3509 2034 3690 2085 domnus

492 2123 648 2194 prius
673 2123 833 2191 juxta
862 2121 1087 2174 verbum
1122 2122 1177 2174 S.
1221 2119 1522 2180 Benedicti,
1556 2119 1636 2169 vel
1671 2134 1838 2170 unam
1866 2123 2082 2169 noctem

490 2217 645 2264 extra
684 2211 990 2263 claustrum
1024 2217 1344 2270 morentur;
1384 2225 1454 2262 L‘D
1521 2207 1737 2277 pedites
1771 2206 1992 2275 quidem
2029 2205 2083 2257 in

491 2289 969 2370 Elee‘mosynaria.
1005 2299 1113 2351 nisi
1155 2298 1269 2350 sint
1318 2297 1593 2351 monachi.
1626 2297 1707 2347 vel
1738 2295 2084 2348 honestiores

493 2389 710 2455 Clerici;
743 2388 958 2458 equites
1000 2388 1056 2440 in
1103 2386 1463 2439 monasterio.
1515 2385 1620 2447 Qui
1660 2385 1827 2437 etiam
1860 2384 1912 2434 in
1950 2385 2086 2435 hora

494 2478 829 2548 receptionis
845 2494 956 2530 suae
978 2477 1090 2529 sive
1117 2476 1171 2527 in
1195 2474 1653 2543 eleemosynaria,
1680 2474 1791 2524 sive
1819 2473 1872 2524 in
1906 2472 2088 2541 hospi-

493 2565 591 2620 tali
624 2573 930 2626 morentur.
967 2565 1035 2617 ab
1065 2565 1308 2618 Ostiario
1339 2564 1467 2616 inde
1497 2563 1552 2614 in
1576 2561 1882 2631 capitulum
1909 2561 2084 2613 dedu-

490 2663 695 2710 cuntur
723 2657 1130 2716 Siautc:u,cum
1153 2652 1648 2720 venerint.:~iliquas
1671 2651 1726 2703 in
1743 2651 2081 2702 monasterio

491 2763 581 2800 res
607 2745 918 2806 attulerint,
947 2744 1160 2796 faciant
1189 2742 1495 2795 secundum
1527 2740 1778 2810 regulam
1812 2740 1868 2792 S.
1907 2739 2084 2792 Bene-

493 2827 626 2888 dicti
665 2833 1024 2886 donationem
1078 2848 1270 2884 earum
1314 2833 1427 2895 (lib.
1460 2844 1519 2891 ιι,
1553 2845 1598 2881 c.
1635 2828 1743 2889 3(5).
1772 2829 1896 2891 Quo
1939 2828 2084 2880 facto

489 2924 622 2995 ipsae
653 2921 961 2976 oblationes
988 2925 1356 2974 assumuntur
1382 2918 1450 2970 ab
1482 2917 1566 2979 iis,
1592 2917 1659 2970 ad
1692 2933 1930 2986 quorum
1960 2917 2086 2969 obe-

489 3012 756 3066 dientiam
789 3011 1082 3080 pertinent.
1120 3010 1199 3062 Ad
1227 3025 1462 3079 quorum
1489 3015 1674 3059 autem
1709 3005 2081 3058 obedientiam

488 3103 893 3174 pertineant,in
915 3099 1158 3168 capitulo
1181 3095 1473 3150 camerarii
1499 3094 1916 3159 inveniturpm.
1935 3097 2081 3161 'l'ar.)

487 3183 653 3244 Prius
674 3195 862 3243 autem
886 3203 1054 3258 quam
1080 3184 1774 3253 intraverintinbospitum
1801 3183 2082 3236 auditorio

488 3279 557 3334 ab
589 3279 781 3332 eodem
815 3276 1058 3330 Ostiario
1089 3273 1400 3328 instruendi
1431 3279 1580 3330 sunt.
1608 3272 2080 3341 quemadmodum

483 3367 694 3422 faciant
729 3367 1056 3436 petitionem
1083 3373 1240 3416 snam
1293 3362 1546 3414 Primum
1581 3369 1641 3414 ut
1663 3361 1839 3413 sciant
1861 3361 2078 3413 veniam

488 3463 678 3530 petere
733 3469 887 3507 more
945 3459 1155 3513 nostro.
1206 3459 1267 3504 ut
1303 3451 1570 3520 prostrati
1604 3457 1658 3502 et
1688 3450 2018 3519 interrogati
2050 3467 2079 3502 a

2167 2119 2337 2172 abbas
2365 2119 2420 2171 in
2455 2120 2791 2172 monasterio
2833 2137 2943 2173 non
2993 2121 3180 2187 fuerit,
3216 2123 3366 2190 prior
3409 2139 3697 2192 nequaquam

2169 2210 2316 2261 hunc
2343 2208 2462 2261 sine
2489 2208 2716 2262 licentia
2751 2209 2924 2279 ipsius
2960 2210 3014 2263 in
3047 2211 3351 2264 claustrum
3377 2213 3594 2280 suscipit.
3621 2210 3696 2262 nisi

2170 2298 2308 2350 adeo
2344 2304 2590 2350 remotus
2621 2298 2708 2350 sit.
2738 2299 2883 2366 quod
2919 2316 3016 2368 per
3048 2301 3308 2352 nuntium
3343 2301 3394 2353 in
3421 2299 3583 2352 triduo
3600 2315 3697 2350 ron-

2170 2386 2344 2438 veniri
2384 2403 2492 2438 nou
2525 2387 2716 2456 possit.
2759 2387 2933 2449 Tunc,
2970 2388 3221 2458 inquam,
3281 2389 3384 2442 nisi
3426 2405 3538 2441 eum
3580 2387 3702 2439 citius

2170 2480 2466 2527 venturum
2502 2476 2928 2545 noverit.potest
2949 2475 3274 2545 l‘iujusmodi
3299 2477 3573 2547 suscipere.
3604 2474 3704 2527 etin

2170 2563 2429 2615 omnibus
2451 2563 2590 2616 lacis
2610 2565 2902 2617 conventui
2927 2566 3193 2618 adunare.
3237 2567 3422 2618 Rolum
3451 2563 3700 2633 capitulum

2169 2651 2380 2720 absque
2422 2653 2693 2720 permissu
2739 2653 2926 2704 douini
2963 2653 3180 2707 abbatis
3238 2673 3344 2707 non
3385 2653 3599 2707 habebit.
3626 2667 3702 2703 nec

2172 2740 2374 2792 saltem
2411 2758 2510 2810 pro
2531 2743 2806 2810 petitione
2835 2743 3084 2795 facienda
3117 2743 3354 2796 intrabit
3413 2742 3498 2795 sed
3539 2741 3594 2793 ad
3635 2739 3707 2791 ali-

2169 2841 2335 2897 quam
2362 2829 2560 2882 horam
2595 2830 2649 2883 in
2685 2832 2970 2883 ecclesiam
3003 2832 3245 2896 ducitur,
3280 2832 3459 2903 ibique
3487 2847 3572 2902 per
3589 2827 3704 2882 ordi-

2169 2917 2255 2969 nis
2284 2924 2555 2972 rectorem
2587 2921 2882 2972 conventui
2915 2921 3176 2974 sociatur.

2246 3005 2442 3059 Postea
2456 3009 2515 3066 .si
2549 3023 2686 3078 Opus
2701 3017 2799 3067 est,
2822 3027 2972 3062 more
2992 3017 3179 3062 nostro
3200 3011 3418 3062 raditur
3440 3015 3490 3062 et.
3506 3007 3707 3060 vestitur.

2175 3095 2227 3147 Si
2258 3085 2744 3165 ves’timenta'ejus
2788 3113 2895 3150 nou
2945 3105 3072 3150 sunt
3104 3115 3261 3151 more
3288 3105 3471 3151 nostro
3502 3099 3707 3148 formata.

2168 3191 2223 3236 et
2255 3183 2307 3236 in
2343 3189 2561 3237 tantum
2590 3185 2719 3238 vilia
2753 3191 2808 3238 et
2843 3203 3038 3256 pauca.
3069 3193 3132 3239 ut
3170 3187 3322 3240 inter
3361 3188 3546 3240 fratres
3576 3186 3621 3236 in
3643 3183 3707 3235 his

2166 3279 2551 3342 competenter
2579 3275 2892 3326 conversari
2921 3292 3030 3328 non
3065 3276 3260 3344 possit.
3289 3276 3555 3338 regularia
3576 3281 3621 3327 et
3642 3289 3710 3326 nc-

2164 3362 2410 3414 cessitati
2441 3363 2774 3416 sufficientia
2802 3365 2852 3416 ei
2876 3364 3098 3421 dantur.
3135 3365 3189 3416 in
3223 3366 3426 3434 quibus
3457 3370 3508 3416 et
3536 3369 3708 3432 postea.

2165 3448 2208 3500 si
2265 3457 2511 3518 perstare
2563 3452 2822 3515 noluerit,
2857 3463 2986 3505 ante
3027 3454 3426 3522 professionem
3464 3453 3601 3506 abire
3626 3466 3709 3504 non

482 3543 840 3616 praesidente,
876 3541 1006 3610 quid
1042 3538 1248 3593 velint?
1279 3540 1483 3608 singuli
1509 3539 1697 3591 dicant
1719 3557 1727 3589 :
1753 3540 1889 3591 Deus
1922 3542 2081 3590 misc-

483 3633 816 3697 ‘7‘2'cordz’am,
847 3642 893 3682 ct
915 3635 1511 3695 rastram,rrstramquc
1527 3631 1824 3679 societatem
1853 3629 2083 3679 libenter

488 3721 685 3772 habere
717 3724 988 3779 volumus,
1035 3719 1120 3770 vel
1164 3717 1208 3769 si
1261 3733 1408 3769 unus
1439 3724 1523 3768 est
1559 3733 1568 3766 :
1611 3716 1780 3776 dicat,
1842 3717 1979 3768 l’olo.
2016 3715 2084 3768 Et

483 3815 782 3879 postquam
812 3807 904 3860 ille
933 3806 1311 3877 responderit:
1335 3807 1472 3858 Deus
1501 3807 1585 3857 det
1611 3807 1751 3857 robis
1777 3808 2080 3856 societatmn

487 3898 734 3964 ﬁdelium
758 3911 1006 3952 suorum.
1044 3896 1062 3917 δ
1086 3900 1379 3963 surgentes
1405 3894 1630 3946 veniant
1655 3893 1722 3945 ad
1753 3894 1918 3963 pedes
1940 3895 1986 3961 ej
1998 3910 2078 3951 us.

481 3986 591 4038 ‘n‘isi
625 3986 738 4038 sint
775 3985 1070 4048 monachi;
1105 3985 1243 4036 alias
1297 3995 1328 4035 a
1375 3983 1581 4034 domno
1613 3983 1833 4045 abbate,
1871 3983 1950 4034 vel
1983 3999 2083 4052 pro

457 4074 814 4128 ’infir‘mita‘te
845 4074 932 4126 vel
980 4073 1080 4125 loci
1113 4072 1523 4140 longinquitate
1558 4071 1716 4135 (sicut
1751 4071 2078 4140 przedictum

477 4170 585 4219 est:
618 4162 945 4226 consecrati,
990 4161 1082 4231 qui
1125 4159 1322 4213 abbati
1374 4161 1496 4220 soli,
1539 4159 1584 4212 si
1615 4159 1790 4222 adest,
1825 4173 2080 4212 reveren-

481 4249 619 4306 tiam
652 4253 796 4305 hanc
821 4257 954 4304 sunt
984 4250 1302 4306 eX'hi‘bituri.
1337 4255 1401 4302 et
1432 4257 1492 4302 ut
1523 4249 1810 4318 paululum
1839 4257 2079 4301 retroce-
2162 4246 2261 4299 bas
2311 4247 2536 4299 domum
2572 4263 2824 4300 reversus
2854 4265 2950 4316 per
2971 4250 3212 4318 priorem
3241 4251 3312 4302 de
3339 4250 3524 4302 eodem
3561 4247 3714 4297 fratre.

481 4343 698 4397 dentes.
725 4341 961 4393 honeste
996 4355 1054 4391 se
1099 4339 1388 4401 inclinent,
1432 4345 1487 4391 et
1527 4338 1604 4390 sic
1643 4338 1710 4389 ad
1753 4338 2070 4405 analogiam
2094 4401 2134 4406 _
2163 4351 2284 4405 quae
2331 4343 2456 4388 acta
2489 4343 2640 4397 sunt,
2675 4337 2994 4404 cognoverit
3043 4337 3112 4389 ad
3145 4338 3389 4406 primum
3422 4334 3714 4406 capitulum.

477 4437 542 4483 ee
570 4430 867 4500 recipiant.
902 4429 1042 4491 Qum
1067 4427 1442 4480 inclinationis
1469 4427 1548 4479 lex
1581 4427 1678 4488 ita,
1713 4434 1776 4478 ut
1799 4426 1893 4478 hic
1922 4401 2074 4478 dicta
2094 4401 2144 4458 Β
2163 4401 2247 4478 cui
2268 4425 2385 4494 ipse
2403 4401 2826 4478 intereriteiad
2849 4442 2907 4478 se
2935 4431 3124 4479 vocato
3142 4401 3319 4479 solita
3339 4401 3596 4496 petitione
3611 4436 3720 4490 prte-

485 4524 589 4576 est.
613 4516 872 4570 onmibus
898 4529 1229 4586 quacunque
1257 4515 1326 4568 de
1351 4529 1518 4568 causa
1551 4515 1618 4567 ad
1651 4515 1815 4584 pedes
1843 4515 2074 4566 venien-
2155 4513 2350 4576 missa,
2389 4515 2491 4566 hoc
2533 4514 2803 4566 concedit.
2839 4514 2881 4566 si
2913 4520 3132 4567 tantum
3166 4521 3336 4568 antea
3374 4530 3471 4584 per
3494 4510 3716 4565 nuntium

477 4606 634 4660 tibus
665 4604 1009 4658 Observanda
1038 4609 1141 4657 est.
2155 4601 2238 4654 illi
2267 4603 2372 4654 hoc
2394 4619 2503 4654 non
2537 4603 2827 4655 concessit.
2858 4603 3048 4656 Potest
3077 4604 3261 4656 ethoc
3289 4603 3567 4657 interdum
3597 4595 3716 4654 ﬁeri.

551 4705 668 4758 (im.
711 4693 863 4761 Var.)
892 4692 946 4746 Si
979 4692 1102 4762 quis
1127 4697 1301 4754 est,ut
1324 4693 1589 4762 prtefatus
1609 4705 1754 4745 sum.
1788 4691 1857 4744 de
1886 4692 2077 4761 aliqua
2155 4696 2223 4744 ut
2250 4691 2552 4760 aliquando
2574 4692 2777 4762 aliquis
2798 4691 3038 4745 novitius
3062 4691 3264 4745 debeat
3295 4693 3486 4762 recipi.
3522 4697 3573 4742 et
3598 4687 3724 4738 dom-

487 4783 628 4837 cella
647 4787 866 4842 nostra,
901 4780 1168 4833 fratribus
1189 4780 1511 4849 in‘capitulo
1529 4779 1852 4832 sedentibus
1880 4779 2076 4832 invita-
2151 4797 2265 4832 nus
2315 4779 2487 4832 abbas
2537 4779 2593 4832 in
2643 4780 2980 4832 monasterio
3029 4781 3250 4849 quidem
3286 4782 3525 4837 maneat.
3557 4774 3642 4829 sed
3669 4770 3724 4824 ad

479 4867 596 4935 fur,
629 4876 703 4933 et,
733 4875 800 4922 ut
821 4867 1038 4921 dierum
1085 4875 1171 4920 est
1227 4867 1376 4919 facta
1430 4868 1719 4937 petitione,
1755 4867 1985 4936 jubetur
2010 4873 2077 4920 ut
2152 4868 2464 4938 capitatam
2488 4883 2679 4921 venire
2703 4885 2810 4921 non
2833 4868 3196 4922 valeat.‘l‘unc
3227 4870 3405 4939 ipsius
3426 4869 3577 4937 jussu
3600 4861 3725 4932 prior

477 4959 719 5015 'u’ltimus
747 4957 940 5010 sedeat
966 4957 1115 5009 inter
1157 4957 1378 5010 fratres.
1411 4955 1506 5024 qui
1546 4956 1792 5009 nondum
1823 4957 2077 5008 fecerunt
2151 4974 2285 5010 eam
2337 4957 2552 5026 recipit,
2588 4963 2645 5010 et
2686 4957 2732 5009 si
2784 4959 3092 5010 monachus
3145 4964 3227 5010 est
3267 4959 3337 5012 ad
3376 4968 3609 5027 przesens
3633 4948 3721 5001 sibi

479 5048 907 5122 professionem.
951 5047 1010 5100 Si
1057 5045 1250 5099 novitii
1289 5046 1463 5115 aliqui
1484 5063 1598 5098 non
1626 5046 1932 5098 consecrati
1959 5043 2072 5112 (30)
2154 5046 2340 5099 locum
2377 5046 2644 5098 concedit.
2673 5045 2800 5099 Sive
2829 5054 3017 5100 autem
3039 5047 3167 5111 iste,
3194 5047 3307 5100 sive
3337 5046 3450 5103 ille.
3483 5043 3565 5096 cui
3593 5041 3722 5093 dom-

2161 3538 2508 3607 prohibetur.

2237 3626 2495 3688 Quandiu
2527 3629 2770 3698 capitulo
2801 3636 2970 3682 caret.
3003 3629 3054 3682 in
3081 3631 3221 3682 cella
3256 3631 3574 3684 novitiorum
3599 3627 3710 3679 inte-

2161 3713 2268 3764 rim
2305 3721 2574 3775 moratur,
2604 3715 2775 3768 donec
2821 3718 3123 3786 capitulum
3175 3719 3422 3771 finiatur.
3448 3717 3508 3770 In
3553 3712 3706 3783 primis

2161 3818 2266 3871 per
2291 3803 2506 3872 aliquot
2534 3805 2650 3857 dies
2683 3812 2807 3874 post
2837 3806 3171 3858 oblationem
3194 3808 3398 3877 prioris
3427 3807 3592 3859 missae
3617 3815 3712 3854 cum

2165 3890 2389 3942 licentia
2418 3892 2474 3944 in
2507 3894 2759 3946 eamdem
2795 3895 2988 3946 cellam
3025 3911 3123 3964 pro
3145 3896 3505 3948 instructione
3526 3892 3713 3944 vaditet

2163 3979 2545 4040 iude.‘nonnisi
2573 3999 2696 4034 cum
2717 3983 2840 4034 aliis
2864 3984 3085 4036 novitiis
3105 3985 3265 4037 redit.
3301 3985 3587 4053 Postquam
3615 3992 3714 4029 vero

2167 4070 2376 4139 aliquid
2408 4069 2713 4123 instructus
2744 4072 3160 4125 fueritnonn‘isi
3183 4075 3381 4126 eadem
3415 4073 3571 4125 missa
3592 4067 3715 4120 finita

2160 4158 2232 4211 ad
2267 4159 2520 4211 eamdem
2554 4160 2798 4212 scholam
2827 4160 3145 4213 venitCum
3179 4167 3370 4214 autem
3405 4161 3622 4213 domnus
3648 4151 3716 4205 ab-

557 5210 659 5278 (19)
687 5207 1062 5280 Congregatio
1086 5207 1524 5276 Hirsaugiensis,
1558 5206 1628 5259 de
1659 5222 1769 5276 qua
1793 5205 1849 5258 in
1882 5206 2076 5275 praefa-

472 5285 634 5338 tione
662 5281 880 5350 egimus

553 5353 669 5420 (20)
700 5347 1041 5406 t‘onsccrari
1081 5356 1128 5403 ct
1160 5351 1401 5403 benedici
1426 5347 1759 5420 dicebantur
1786 5351 1985 5400 novitii
2011 5348 2071 5420 in

481 5423 858 5514 mpnasteriis,
881 5440 1004 5475 cum
1026 5421 1241 5491 eXpleto
1263 5419 1566 5473 uovitiatus
1590 5435 1737 5470 anno
1769 5423 1893 5472 vota
1916 5419 2073 5472 emit-

541 5501 1277 5637 Iimmmmio
1304 5560 1531 5631 pedum,
1554 5560 1824 5631 adquam
1848 5561 2072 5616 canitur

2159 5223 2223 5259 ex
2252 5207 2547 5274 Evangelio
2573 5207 2900 5260 Mandatum
2933 5221 3138 5258 norim:
3171 5208 3238 5258 do
3263 5208 3430 5262 vobis.
3465 5209 3566 5274 etc.

2231 5276 2335 5344 (‘22)
2374 5273 2660 5330 Uistinctio
2705 5277 2850 5331 facta
2888 5277 3036 5330 inter
3067 5277 3368 5330 monachos
3401 5275 3494 5344 qui
3533 5273 3721 5344 litteras

2158 5341 2446 5402 moveiant
2474 5355 2530 5401 et
2569 5348 2636 5400 ad
2677 5366 2864 5401 sacros
2893 5349 3116 5400 ordines
3146 5341 3487 5418 aspirabant.
3521 5351 3573 5396 et
3600 5341 3723 5418 inter

2156 5419 2459 5472 monachos
2516 5419 2610 5489 qui
2659 5419 2875 5473 litteras
2905 5412 3242 5478 nesciebant,
3275 5419 3370 5487 qui
3398 5433 3546 5485 saepe
3577 5412 3721 5464 etiam

2150 5491 2343 5544 idiota:
2370 5492 2596 5544 nomine
2618 5491 2868 5546 veniunt.
