3872 6164
179 301 288 359 vos
1249 292 1675 357 OONSTI‘I‘UT.
1717 293 1785 354 Hi

1897 293 2060 354 AUG.
2104 321 2167 341 μέ
2208 292 2345 355 ΠΒ.
2389 303 2431 355 Ι.
3375 291 3483 357 ιιι

178 444 286 481 nus
327 426 515 480 abbas
552 437 800 497 pnesms
843 427 1149 496 capitulum
1195 427 1485 482 concessit.
1539 439 1648 481 non
1690 425 2112 484 nisiAalt‘erius
2138 442 2236 494 per
2265 427 2452 480 omnia
2482 430 2744 497 pendere.
2797 429 2939 482 Cuia
2979 433 3174 481 autem
3232 427 3362 498 ipsi.
3417 433 3482 481 ut

176 533 306 570 cum
343 517 582 570 licentia
607 521 866 568 monente
889 522 1079 568 tamen
1117 515 1406 584 magistro.
1441 533 1471 570 a
1505 532 1612 586 quo
1643 517 1800 570 novi-
1884 529 2055 582 supra
2069 514 2279 566 dictum
2312 522 2416 577 est.
2452 517 2859 586 responderint.
2891 515 3300 586 exoptationem
3333 529 3482 568 mce~

179 607 291 658 tius
322 606 658 666 instruitur.
692 607 894 674 (suppl.
929 605 1205 673 intrabit].
1247 606 1326 656 Ad
1361 606 1516 658 illum
1559 621 1801 676 namque
1885 603 2086 671 perint.
2115 611 2170 655 et
2195 607 2436 656 secunda
2457 605 2572 658 vice
2598 607 2665 658 ad
2697 608 2861 676 pedes
2894 605 3166 669 venerint,
3195 605 3482 658 ducuntur

176 694 435 763 pertinet
455 693 728 764 quidquid
761 693 966 745 domno
989 693 1174 746 abbati
1204 694 1283 746 vei
1314 695 1483 764 priori
1513 709 1610 764 pro
1656 712 1795 765 quo-
1881 709 1912 743 a
1943 693 2209 759 magistro
2242 693 2292 744 in
2327 694 2612 746 ecclesiam
2638 696 2703 747 ad
2733 697 2914 748 locum
2957 701 3386 764 competentem.
3417 697 3480 746 ut

176 783 314 836 libet
347 784 569 836 novitio
597 782 866 835 insinuari
897 782 1081 834 debet.
1879 780 1954 832 ibi
1985 781 2236 840 sedeant.
2273 798 2448 851 usque
2468 783 2600 835 dum
2633 785 2962 838 rostiantur.
2985 784 3044 835 Si
3067 782 3190 852 quis
3219 783 3366 834 inter
3382 795 3479 835 eos

247 871 552 924 ProfeSsio
579 873 703 940 ejus
725 872 1026 941 plusquam
1046 871 1282 924 aliorum
1304 873 1642 925 novitiorum
1675 885 1798 942 pro-
1879 877 1965 922 est
1994 871 2289 930 litteratus.
2327 871 2684 941 liberaliquis
2719 873 2938 924 interim
2969 872 3023 923 ei
3055 872 3124 924 ad
3166 872 3478 940 occupatio-

177 963 477 1029 longatur,
513 969 569 1014 et
589 969 882 1030 postquam
904 961 971 1011 de
993 968 1181 1012 nostra
1203 962 1796 1014 consuetudineintro-
1880 975 2006 1010 nem
2034 958 2222 1022 datur,
2254 961 2360 1012 don
2379 977 2428 1011 -+c
2456 961 2608 1013 [inito
2631 962 2894 1031 capitulo,
2928 977 3055 1013 cum
3087 961 3330 1030 primum
3353 961 3476 1013 fieri

175 1049 426 1110 ducitur.
473 1050 531 1102 in
588 1049 742 1102 nullo
785 1048 988 1110 minus.
1039 1049 1306 1119 quidquid
1354 1050 1652 1120 deliquerit
1699 1069 1798 1121 per
1880 1048 2156 1115 potestmd
2177 1049 2484 1101 radendum
2505 1049 3475 1104 etmutandumhabitumeducatur.

176 1139 600 1208 eorreptionem
635 1137 1045 1198 dim-immatur.
1087 1144 1149 1191 ut
1179 1139 1224 1190 si
1261 1153 1456 1191 revera
1501 1140 1792 1192 Hominum
1881 1138 2035 1199 Quod
2066 1137 2109 1188 si
2144 1155 2339 1191 rasura
2370 1156 2560 1192 eorum
2613 1140 2798 1208 aliqua
2855 1139 2922 1191 de
2968 1151 3135 1191 "causa
3196 1139 3481 1208 paulisper

178 1237 417 1298 quax-at,
451 1227 870 1297 comprobatur.
904 1227 1058 1280 Sicut
1088 1227 1133 1279 si
1173 1229 1308 1280 ordo
1339 1235 1542 1280 nostra!
1571 1245 1799 1282 consue-
1882 1225 1970 1278 est
1999 1227 2326 1287 differenda.
2361 1227 2629 1296 magister
2655 1229 2953 1297 praedic‘us
2982 1227 3038 1279 in
3081 1227 3279 1279 cellam
3324 1228 3480 1280 novi-

177 1317 395 1370 tudinis
427 1318 485 1369 vi
519 1317 727 1386 aliquid
763 1317 928 1385 sapit,
963 1330 996 1368 a
1021 1317 1226 1369 domno
1251 1317 1469 1378 abbate,
1521 1325 1797 1386 quatenus
1880 1315 2088 1366 tiorum
2114 1332 2207 1367 eos
2234 1316 2403 1376 ducit.
2439 1316 2624 1386 ibique
2669 1331 2767 1386 per
2816 1317 3106 1382 spirituale
3139 1316 3478 1384 colloquium

178 1407 281 1458 sibi
314 1407 734 1476 professionem
783 1407 966 1458 facere
992 1406 1278 1458 concedat.
1311 1423 1412 1458 suo
1460 1414 1677 1476 sponte.
1711 1407 1795 1458 vel
1881 1403 2204 1472 aliquandiu
2229 1404 2501 1467 detentus,
2542 1406 2620 1456 vel
2657 1406 2767 1456 illic
2797 1405 3104 1466 dimittens.
3132 1405 3213 1456 vel
3237 1405 3292 1458 in
3309 1404 3480 1456 ποίει

180 1495 232 1548 in
262 1496 526 1565 capitulo
553 1511 676 1548 cum
710 1496 892 1557 venia,
929 1497 1010 1548 vel
1056 1496 1196 1547 alias
1243 1496 1365 1548 sine
1401 1497 1563 1548 venia
1606 1496 1744 1566 petit.
1779 1515 1788 1548 :
1878 1492 2017 1544 siam
2054 1493 2342 1548 reducens.
2376 1495 2567 1546 horam
2610 1494 2839 1546 radendi
2871 1501 3192 1563 exspectare
3242 1493 3389 1547 facit.
3419 1493 3480 1546 Si

177 1585 320 1653 quod
347 1592 408 1638 et
439 1585 684 1654 quilibet
708 1585 947 1637 novitius
979 1593 1134 1638 extra
1165 1586 1470 1654 capitulum
1498 1601 1596 1655 pro
1615 1602 1797 1638 susce-
1879 1587 2064 1633 autem
2096 1590 2402 1634 conventus
2439 1589 2562 1651 post
2587 1582 2726 1634 duos
2759 1583 2840 1634 vel
2865 1590 2979 1634 tres
3004 1583 3122 1635 dies
3154 1588 3237 1634 est
3278 1582 3479 1634 raden-

181 1673 368 1743 ptione
399 1675 591 1726 sancti
613 1673 829 1725 ordinis
873 1674 1020 1735 iacit.
1053 1673 1097 1726 si
1131 1674 1233 1725 hoc
1276 1673 1380 1726 sibi
1425 1675 1648 1726 animus
1685 1675 1794 1726 ter-
1815 1659 1856 1714 Π
1879 1670 2003 1732 dus,
2024 1670 2246 1723 interim
2273 1672 2314 1722 si
2344 1671 2580 1730 videtur.
2609 1688 2802 1723 rasura
2817 1671 2998 1723 clerici
3022 1677 3202 1740 potest
3221 1671 3432 1723 differri
3463 1689 3476 1735 ς

179 1769 373 1815 venter
404 1763 685 1831 suggerit.
722 1763 856 1825 Qua:
887 1767 1076 1815 tamen
1091 1763 1366 1816 confessio
1405 1771 1467 1816 ac
1496 1763 1671 1815 sam-ii
1703 1781 1795 1815 o'r-
1878 1758 2048 1810 laicus
2076 1775 2201 1811 vero
2234 1767 2362 1812 ante
2396 1762 2662 1829 majorem
2693 1761 3143 1812 missamirmsos
3173 1765 3484 1830 exspectat,

181 1851 322 1904 diuis
353 1852 650 1920 susceptio
681 1852 986 1904 secundum
1018 1852 1477 1904 consuetudinem
1509 1861 1564 1905 et
1601 1869 1796 1905 secun-
1878 1855 2007 1899 ante
2033 1849 2194 1914 cujus
2219 1849 2587 1918 pulsationem
2618 1850 2907 1902 ducendus
2930 1853 3015 1902 est
3044 1849 3099 1901 in
3132 1849 3386 1911 chorum.
3416 1854 3476 1901 et

179 1940 309 1992 dum
337 1940 606 2009 regulam
639 1940 921 1992 Benedicti
947 1947 1077 1993 ante
1103 1941 1384 2009 integrum
1416 1957 1624 1994 annum
1657 1942 1794 1994 nulli
1879 1937 1955 1988 ibi
1983 1938 2120 1989 sella
2149 1948 2304 1990 extra
2331 1939 2512 2006 majus
2543 1939 2720 1990 altare
2753 1938 2931 2007 posita
2959 1944 3046 1990 est
3084 1944 3213 1990 ante
3238 1937 3472 2006 gradus,

182 2027 286 2080 nisi
319 2045 426 2098 pro
454 2027 788 2080 infirmitate
813 2029 1166 2081 concedenda
1194 2037 1295 2082 est.
1325 2028 1555 2081 Interim
1577 2043 1797 2099 quoque
1883 2031 1993 2090 (ιτυ.
2039 2027 2196 2091 Var.)
2227 2027 2310 2079 Ad
2346 2029 2448 2079 hoc
2481 2027 2853 2080 ministerium
2889 2028 3040 2080 sellae
3090 2041 3311 2096 semper
3345 2032 3480 2079 sunt

181 2114 248 2166 ad
281 2114 558 2184 quaelibet
589 2113 789 2166 ofﬁcia.
819 2113 934 2166 sive
965 2114 1020 2166 in
1043 2114 1292 2176 ecclesia,
1323 2116 1438 2167 siv’e
1455 2116 1796 2168 extraeccle-
1880 2115 1937 2168 in
1968 2116 2220 2169 sacristia
2264 2116 2458 2186 posita:
2488 2135 2499 2180 ;
2539 2116 2733 2169 sedere
2777 2117 2985 2184 jussus,
3039 2116 3283 2168 abscissa
3318 2125 3481 2168 coma

185 2204 349 2265 siam,
392 2202 546 2256 sicut
577 2211 635 2256 et
661 2202 755 2255 alii
791 2203 1009 2266 fratres.
1044 2209 1275 2256 notatur
1308 2212 1571 2273 (excepto.
1619 2205 1663 2257 si
1714 2211 1799 2258 est
1879 2211 2199 2269 coronatur,
2239 2204 2522 2274 barbaque
2551 2211 2714 2258 tonsa
2765 2205 3021 2258 tirocinio
3079 2203 3287 2258 Christi
3340 2203 3478 2257 assi-

180 2292 520 2350 liueratusa.
553 2292 700 2362 quod
731 2307 830 2344 nec
861 2298 992 2344 ante
1034 2309 1132 2344 nec
1165 2298 1289 2362 post
1315 2292 1462 2346 diem
1495 2293 1794 2362 professio-
1877 2302 2105 2363 gnatur.

181 2383 286 2440 nis.
343 2382 468 2434 sive
519 2381 588 2433 ad
615 2381 862 2434 officium
893 2381 1092 2442 missae.
1123 2383 1205 2434 vel
1234 2382 1499 2451 epistolze.
1533 2383 1614 2434 vel
1637 2400 1798 2435 evan-
1953 2386 1972 2404 ⁴”
2012 2385 2125 2436 Hoc
2155 2384 2350 2436 ordine
2398 2383 2591 2436 eadem
2646 2389 2882 2436 tonsum
2935 2383 3140 2452 agitur.
3194 2383 3482 2440 Sacerdoti

177 2472 309 2541 gelii
343 2471 568 2540 absque
601 2471 870 2540 permissu
894 2471 1079 2522 domni
1104 2471 1291 2523 abbati
1319 2489 1377 2523 se
1399 2471 1670 2526 admittit.
1717 2471 1796 2524 Ad
1884 2473 2111 2525 missum
2142 2473 2490 2526 celebraturo
2519 2471 2681 2527 adest
2709 2474 2988 2526 armarius
3017 2489 3140 2526 cum
3173 2473 3334 2533 libro.
3365 2480 3482 2526 mt-

178 2560 495 2612 lectionem
531 2575 657 2611 vero
683 2574 890 2612 mensae
907 2565 965 2611 et
985 2559 1663 2613 hebdomadariicantoris
1682 2567 1802 2613 tan-
1879 2562 2055 2630 gistcr
2105 2563 2440 2615 n'ovitiorum
2475 2579 2600 2616 cum
2633 2559 2840 2632 ἴοιοαὶρο
2875 2570 2930 2616 et
2963 2564 3153 2626 linteo.
3189 2579 3312 2631 quae
3341 2581 3374 2615 a
3395 2578 3483 2616 cr-

180 2649 274 2701 diu
301 2665 420 2701 non
448 2647 792 2705 admittitur.
821 2648 996 2701 donec
1025 2649 1306 2701 armarius
1347 2649 1446 2700 12.3“
1481 2649 1527 2702 si
1559 2650 1624 2701 ad
1688 2651 1801 2703 huic
1886 2651 2126 2703 merario
2155 2651 2287 2704 data
2311 2653 2526 2720 jugitor
2555 2653 2623 2704 ad
2659 2653 2760 2704 hoc
2779 2668 2922 2720 opus
2947 2659 3246 2705 servantur
3291 2651 3349 2704 in
3387 2667 3480 2704 sua

179 2737 431 2790 idoneus
456 2737 549 2800 sit,
580 2737 914 2806 evperiatur.
941 2738 1022 2789 A'd
1057 2737 1230 2806 ipsius
1250 2753 1489 2806 namque
1503 2738 1799 2792 arbitrium
1883 2741 2088 2793 cristi-a.
2115 2739 2529 2802 Quod'linteum
2558 2740 2704 2792 idem
2731 2741 3000 2809 magister
3020 2741 3074 2792 in
3090 2757 3258 2793 manu
3279 2747 3479 2793 tenens

185 2827 444 2896 pertinet
477 2826 593 2879 haec
617 2826 805 2878 omnia
835 2826 885 2878 ei
916 2826 1216 2886 ascribere,
1239 2827 1382 2879 sicut
1405 2836 1464 2879 et
1493 2827 1560 2880 ad
1598 2827 1802 2881 l’riori's
1882 2830 1954 2882 de
1982 2843 2151 2882 manu
2200 2829 2504 2882 sacerdotis
2564 2829 2854 2881 rescissum
2930 2829 3129 2899 recipit
3187 2829 3478 2898 capillum;

184 2915 426 2968 cuilibet
454 2913 791 2967 obedienth
872 2931 994 2984 quae
1044 2915 1187 2967 infra
1236 2915 1540 2968 claustrum
1596 2916 1800 2984 agitur.
1887 2919 2030 2987 Ergo
2055 2919 2112 2971 in
2145 2917 2340 2987 primis
2367 2918 2672 2988 prtemisso.
2718 2921 2985 2970 Dominus
3016 2921 3310 2981 vobiscum.
3346 2933 3474 2971 cum

183 3005 520 3074 adjutorem
547 3018 672 3056 eum
701 3003 1059 3056 constituere.
1091 3003 1196 3066 Qui
1234 3003 1340 3056 etsi
1385 3004 1806 3072 quomodolibet
1885 3007 2138 3060 oratione
2175 3006 2397 3069 dicitur.
2434 3009 2650 3070 l’rarsta,
2702 3021 3034 3073 quamnim.
3083 3007 3293 3060 Deinde
3336 3023 3482 3077 aqua

180 3093 493 3154 novitium.
526 3092 732 3144 domno
765 3091 965 3144 abbate
997 3091 1248 3154 absente,
1291 3093 1472 3146 valeat
1500 3093 1799 3164 suscipere.
1820 3096 1860 3156 Ε
1883 3096 2173 3149 ben-edicta
2209 3113 2303 3149 eos
2333 3097 2582 3165 aspergit
2607 3102 2663 3148 et
2689 3095 2904 3151 tondet.
2932 3111 3062 3148 mox
3090 3112 3122 3148 a
3133 3096 3335 3164 juvene
3360 3093 3484 3165 ('25)

179 3189 384 3236 tamen
413 3182 465 3234 si
501 3197 610 3234 non
641 3181 758 3233 vult
787 3181 1102 3250 persistere.
1136 3181 1344 3250 absque
1395 3181 1610 3235 abbatis
1659 3199 1801 3252 prae-
1882 3185 2216 3238 indirectum
2252 3185 2493 3254 incoepta
2522 3185 2825 3254 antiphona
2871 3185 2942 3237 Tu
2970 3202 3045 3247 es,
3085 3187 3325 3249 Dmm'ne,
3359 3199 3418 3238 et
3446 3201 3482 3237 a

181 3281 352 3342 cepto
381 3287 498 3324 non
531 3275 718 3340 potest
767 3287 896 3323 eum
953 3271 1257 3323 dimittere.
1326 3271 1433 3324 Sed
1479 3287 1660 3339 neque
1700 3285 1800 3341 pro
1883 3280 2157 3326 conventu
2182 3273 2356 3334 ﬁnita.
2382 3274 2645 3340 adjuncto
2675 3290 2834 3326 versu
2861 3275 3128 3328 Conservz
3188 3289 3312 3326 cum
3362 3273 3483 3327 'Gio-

182 3358 524 3429 hujusmodi
554 3357 760 3411 mentis
789 3358 1172 3419 instabilitate,
1197 3359 1280 3411 vel
1310 3358 1464 3411 duris
1496 3359 1694 3420 verbis.
1719 3360 1801 3412 vel
1883 3365 1994 3419 ria.
2025 3363 2341 3431 iterumque
2372 3362 2566 3414 eadem
2589 3361 2894 3431 antiphona
2922 3361 3163 3415 canitur.
3201 3362 3333 3414 Post
3359 3367 3481 3414 ton.

183 3448 435 3518 ﬂagellis
457 3447 774 3516 castigare;
811 3447 958 3517 quod
992 3456 1047 3500 et
1078 3448 1256 3516 ipsum
1287 3447 1544 3500 abbatem
1581 3454 1802 3517 oportet
1883 3467 2073 3504 suram
2124 3451 2262 3503 dicit
2303 3450 2579 3504 sacerdos.
2627 3452 2872 3504 Oremus.
2925 3453 3110 3504 l’rcsta
3150 3466 3479 3517 (paramus.

186 3538 468 3590 devitarc,
509 3553 635 3588 cum
667 3536 853 3605 potius
884 3537 1004 3599 hoc,
1037 3537 1180 3605 quod
1215 3545 1438 3589 sanctus
1471 3537 1803 3590 Benedictus
1888 3541 2010 3602 Quo
2034 3541 2193 3601 facto,
2229 3541 2298 3592 ad
2332 3538 2560 3592 barbam
2584 3539 2924 3592 tondendum
2951 3538 3172 3592 dicitur.
3214 3541 3484 3592 Dominus

183 3627 454 3696 praecipit
485 3629 602 3693 (cap
655 3625 740 3689 58,
774 3625 883 3690 il),
922 3625 976 3677 in
1004 3625 1097 3678 illo
1136 3626 1421 3678 observari
1449 3625 1669 3688 debeat,
1721 3633 1802 3688 ut.
1887 3633 2179 3682 robi'scmn.
2217 3631 2353 3682 Deus
2383 3645 2539 3694 C‘lLJIlS
2568 3631 2736 3694 specie
2805 3629 2933 3680 Post
2985 3628 3129 3680 hanc
3173 3629 3485 3681 orationem

185 3717 338 3770 sicut
374 3716 518 3767 liber
543 3715 709 3775 venit,
743 3723 798 3766 et
819 3714 898 3767 ita
926 3714 1068 3766 liber
1099 3715 1373 3768 discedat.
1887 3735 1999 3770 non
2027 3719 2292 3787 aspergit.
2347 3717 2444 3770 sed
2496 3734 2619 3769 mox
2683 3717 2915 3769 tondere
2962 3716 3173 3786 incipit.
3219 3715 3382 3781 Quod
3437 3717 3487 3770 si

261 3806 322 3859 Si
360 3807 691 3874 quis-autem
710 3804 776 3855 de
795 3804 978 3855 alieno
1002 3805 1338 3856 monasterio
1361 3811 1618 3872 apostata
1635 3804 1802 3869 venit,

184 3894 513 3963 habituque
545 3893 849 3946 monastico
883 3892 1116 3960 abjecto.
1174 3893 1230 3944 in
1287 3892 1528 3945 clericali
1586 3893 1654 3945 ad
1708 3909 1808 3946 nos

183 3999 372 4036 causa.
397 3981 780 4035 conversionis
812 3982 1040 4047 venerit,
1075 3997 1186 4034 non
1225 3981 1509 4050 recipitur.
1557 3983 1650 4034 sed
1689 3999 1810 4051 per-

185 4073 498 4131 suadetur,
531 4077 591 4124 ut
623 4071 788 4140 digne
834 4071 1154 4140 paenitendo
1187 4076 1513 4123 revertatur.
1559 4071 1718 4133 Quod
1761 4071 1807 4124 si

183 4177 424 4215 reverso
457 4166 585 4230 post
614 4176 872 4229 congruae
929 4159 1323 4212 satisfactionis
1380 4159 1809 4229 promissionem

187 4251 495 4316 ingressus
527 4249 638 4302 illic
679 4249 1006 4318 denegatur.
1044 4254 1176 4301 tunc
1203 4249 1248 4302 si
1275 4248 1516 4318 petierit,
1549 4249 1635 4301 hic
1670 4249 1808 4302 reci-

185 4342 400 4409 pitur;
459 4337 619 4407 prius
670 4344 857 4389 tamen
900 4352 1066 4406 quam
1112 4337 1418 4390 claustrum
1477 4337 1668 4396 intrat.
1719 4356 1810 4392 cu-

1889 3807 2098 3860 fuermt
2125 3807 2312 3859 decem
2339 3807 2421 3858 vel
2444 3807 2650 3875 plures,
2698 3813 2834 3858 tunc
2883 3808 3177 3874 postquam
3227 3805 3486 3859 sacerdos

1890 3895 2105 3948 duobus
2135 3897 2215 3948 vel
2273 3895 2452 3948 tribus
2497 3911 2731 3947 coronas
2785 3893 3171 3962 assignaverit,
3220 3894 3486 3962 magister

1893 3985 2162 4054 quosdam
2197 3985 2444 4036 seniores
2467 3981 2716 4036 advocat.
2751 3982 2843 4052 qui
2879 3983 3031 4034 illum
3065 3981 3295 4034 tondere
3320 3982 3486 4050 adju-

1893 4081 2036 4127 vent.
2079 4075 2143 4126 Et
2174 4079 2468 4142 postquam
2529 4085 2724 4125 eorum
2777 4070 2982 4139 singuli
3019 4071 3092 4122 de
3136 4069 3486 4138 singulorum

1892 4161 2166 4230 capitibus
2187 4168 2244 4214 et
2282 4160 2467 4213 barbis
2497 4160 2726 4230 capillos
2772 4159 2988 4228 aliquot
3031 4157 3389 4221 absciderint,
3428 4157 3486 4210 in

1889 4251 2086 4304 eodem
2119 4251 2238 4303 loco
2268 4256 2608 4318 exspectant.
2653 4249 2827 4301 donec
2863 4253 2982 4299 tam
3021 4246 3286 4299 sacerdos
3317 4259 3488 4316 quam

1889 4340 1972 4393 iiii
2006 4339 2393 4409 unusquisque
2417 4353 2545 4391 eum
2565 4347 2734 4407 quem
2770 4335 3013 4389 totondit
3039 4335 3338 4387 osculetur.

193 4430 355 4481 culta
383 4425 494 4486 (24)
526 4433 585 4478 et
612 4426 760 4478 froco
781 4426 1030 4488 indutus,
1058 4432 1252 4495 postea
1282 4438 1407 4478 vero
1434 4433 1624 4478 nostro
1651 4444 1808 4481 more
1828 4417 1874 4473 D
1966 4429 2269 4482 Praedictus
2294 4429 2564 4493 magister
2590 4426 2841 4479 linteum.
2872 4424 3107 4493 forcipes
3142 4429 3198 4476 et
3227 4423 3392 4476 sellas
3428 4422 3488 4476 in

195 4517 499 4570 radendus
526 4532 590 4568 ac
613 4515 848 4574 ueteris.
884 4526 1006 4584 qua:
1050 4515 1186 4567 ordo
1232 4514 1420 4583 exigit.
1472 4515 1808 4579 induendus.

195 4607 302 4659 sed
335 4606 404 4658 ad
444 4605 847 4674 professionem
888 4604 1182 4674 plusquam
1225 4603 1428 4674 aliquis
1473 4604 1813 4659 novitiorum

195 4695 577 4749 differendus.

277 4799 402 4851 (un.
452 4784 591 4851 Var.)
637 4783 851 4836 Clerico
879 4788 938 4836 et
967 4782 1124 4845 laico,
1160 4781 1253 4851 qui
1290 4783 1537 4836 nondum
1569 4783 1648 4836 ita
1687 4791 1820 4838 sunt

191 4874 427 4945 experti
453 4872 622 4925 vitam
645 4879 918 4930 nostram.
937 4870 1266 4939 diligentius
1279 4877 1368 4923 est
1389 4870 1807 4934 insinuandum.

191 4974 272 5019 ut
295 4963 544 5018 habetur
572 4962 627 5014 in
650 4962 866 5030 regula.
899 4974 1066 5030 quam
1095 4960 1253 5018 dura.
1289 4976 1455 5028 quam
1487 4973 1687 5030 aspera
1710 4978 1813 5014 ne-

193 5052 462 5108 cessario
493 5051 801 5121 patiantur.
825 5049 872 5103 si
901 5050 967 5102 ad
991 5048 1394 5117 subjectio‘nem
1422 5057 1671 5102 nostram
1695 5067 1816 5120 pcn-

195 5141 502 5204 venerint;
538 5155 660 5210 quae
702 5140 966 5192 nimirum
999 5137 1288 5207 compellit
1325 5153 1420 5191 eos
1464 5139 1674 5192 nullam
1723 5157 1816 5210 po-

197 5236 477 5286 testatem
507 5229 750 5299 propriae
783 5227 1082 5282 voluntatis
1111 5226 1338 5290 habere,
1365 5227 1462 5280 sed
1502 5228 1571 5280 ad
1614 5234 1813 5283 nutum

289 5437 344 5490 «2
371 5445 400 5500 ')
430 5441 464 5491 Α
479 5440 728 5490 rmarius
760 5442 846 5489 est
877 5432 1207 5507 Bibliotheca?
1225 5434 1525 5507 prefectus,
1562 5437 1630 5490 de
1659 5437 1820 5507 cujus

205 5509 404 5563 ofﬁcio
433 5509 530 5562 lib.
564 5523 603 5561 ll
631 5509 912 5579 integrum
942 5509 1111 5574 caput
1141 5502 1485 5574 descriptum
1513 5509 1699 5563 habes.

1895 4518 2208 4571 sacristiam
2241 4517 2433 4586 reponi
2459 4521 2742 4585 procurat,
2777 4520 2840 4567 ut
2871 4514 2939 4566 ad
2970 4513 3082 4566 tale
3113 4512 3490 4565 ministerium

1891 4621 2118 4676 semper
2141 4619 2213 4658 ea
2235 4607 2289 4659 in
2318 4612 2583 4676 promptu
2613 4605 2829 4657 habeat.
2849 4603 3172 4657 Secundum
3199 4607 3493 4655 consuetis-

1895 4696 2085 4749 dinem
2126 4702 2313 4749 autem
2375 4695 2563 4747 nullus
2603 4694 2678 4746 ad
2731 4691 3149 4745 conversionem
3203 4691 3382 4745 hiemis
3427 4690 3495 4743 in

1897 4786 2208 4838 claustrum
2244 4783 2528 4855 recipitur,
2545 4781 2755 4853 'quinin
2785 4782 2883 4834 tali
2907 4788 3070 4835 aetate
3091 4781 3162 4834 sit
3185 4781 3489 4851 protectus,

1893 4881 1959 4929 ut
1983 4875 2068 4928 vel
2097 4880 2318 4927 tantum
2361 4873 2543 4926 barbae
2588 4871 2806 4936 habent,
2854 4870 2998 4940 quod
3037 4877 3288 4924 tonsum:
3326 4870 3494 4938 huius

1891 4963 2032 5016 ordo
2049 4963 2291 5033 impleri.
2323 4964 2523 5022 valeat.
2557 4961 2765 5030 quique
2794 4959 2864 5028 in‘,
2891 4966 3182 5029 posterum
3231 4957 3496 5011 custh

1895 5052 2187 5122 subjugari
2216 5065 2328 5104 non
2354 5050 2552 5104 debeat
2578 5069 2590 5114 ;
2623 5053 2850 5119 excepto
2877 5048 2927 5100 si
2950 5054 3065 5101 tam
3098 5048 3496 5100 incautus-esse

1895 5142 2144 5211 coeperit.
2179 5140 2396 5210 Itaque.
2427 5146 2725 5210 pestquam
2788 5137 2981 5190 novitii
3033 5137 3136 5197 ita,
3182 5142 3245 5188 ut
3279 5135 3496 5186 dictum

1893 5231 2083 5299 ‘est,i-n
2115 5231 2284 5283 choro
2317 5228 2704 5298 designantur.
2737 5227 2998 5280 eamdem
3047 5224 3382 5294 magistrum
3419 5221 3496 5274 ‘ud

1969 5433 2084 5506 (Ἡ)
2117 5439 2345 5494 Οτιειιῖιιι
2374 5437 2541 5491 vestis
2570 5440 2722 5500 nota,
2758 5450 2868 5504 qua
2899 5428 3107 5485 scilicet
3155 5434 3322 5500 caput
3366 5447 3500 5502 0pc"-

2204 5587 2316 5648 -est,
2350 5580 2472 5636 sine
2495 5577 2879 5634 modulatione
2905 5574 3068 5630 vocis.
