3872 6164
493 230 597 289 935

1533 239 1590 293 S.
1632 239 2027 298 GUILLELMI
2063 241 2369 301 ABBATIS
2406 245 2749 305 HIRSAUG.

3572 268 3652 337 θέε

494 356 909 412 calefactorium
938 362 1267 428 sequuntur,
1298 359 1430 430 quia
1460 361 1573 415 illic
1598 379 1629 416 a
1662 365 1945 434 provisere
1990 383 2082 419 ra-
2101 367 2237 427 Aad
2266 385 2393 423 eum
2421 370 2477 425 in
2509 375 2762 429 eamdem
2785 377 2983 434 cellam
3006 381 3247 439 veniunt.
3265 386 3390 444 Nam
3408 390 3454 446 in
3471 394 3657 455 histem-

492 447 790 505 soriorum,
825 445 1126 516 assumptis
1175 463 1275 516 per
1304 450 1633 519 magistrum
1663 453 1787 506 aliis
1817 454 2083 509 fratribus

491 536 585 608 qui
616 551 745 589 eum
773 534 1056 604 adjuvent,
1088 542 1221 589 sunt
1249 538 1500 592 radendi.
1535 541 1676 595 Nam
1699 542 1939 596 adillum
1962 562 2083 614 per-

489 623 634 677 tinet
652 627 715 676 ut
733 623 926 676 novitii
956 625 1292 694 regulariter
1322 627 1611 681 radantur.

561 713 748 767 Finita
777 730 906 767 vero
936 731 1153 771 rasura.
1182 717 1523 771 camerarius
1539 718 1734 773 adesse
1762 737 1872 774 non
1905 722 2083 792 negli-

489 802 593 873 git,
625 810 683 857 et
710 820 804 857 eos
830 804 898 857 ad
926 803 1247 858 vestiarium
1277 805 1451 860 ducit.
1483 805 1574 860 Illi
1600 825 1844 879 namque
1890 827 2084 865 omnes

489 897 621 947 sunt
645 893 914 947 vestiendi
948 909 980 946 a
1017 893 1243 947 famulis
1307 895 1485 965 ipsius
1537 900 1851 953 camerarii.
1907 900 2086 953 Vesti-

490 988 683 1037 menta
710 999 838 1035 vero
860 982 1061 1053 quibus
1093 987 1226 1036 tunc
1259 990 1559 1053 exuuntur,
1602 1003 1782 1058 usque
1833 988 1891 1041 in
1934 989 2084 1043 diem

487 1070 847 1143 professionis
878 1087 1067 1124 eorum
1091 1073 1488 1127 reconduntur.

561 1176 655 1216 UD.
692 1160 869 1214 Vestis
907 1177 1101 1214 eorum
1148 1168 1351 1215 nostrae
1385 1162 1551 1216 debet
1583 1164 1831 1219 omnimo
1879 1166 2080 1221 similis

490 1267 630 1314 esse,
660 1256 865 1320 praeter
894 1250 1060 1319 quod,
1097 1251 1345 1320 quandiu
1393 1259 1559 1306 erunt
1604 1253 1813 1324 absque
1858 1255 2081 1309 benedi-

488 1341 690 1402 ctione,
746 1339 862 1392 sola
910 1340 1128 1393 cuculla
1185 1341 1469 1395 carebunt.
1544 1346 1741 1397 Postea
1799 1347 2074 1416 capellum

488 1429 668 1483 frocco
696 1446 889 1482 eorum
921 1429 1185 1494 assuitur,
1221 1447 1291 1484 ne
1322 1431 1592 1485 notabiles
1623 1433 2080 1488 dissimilitudine

488 1517 774 1572 nobiscum
796 1526 1190 1572 conversantes
1230 1519 1539 1573 videantur.
1578 1524 1746 1586 (ναν.)
1794 1524 1935 1577 Nam
1966 1524 2080 1578 sive

489 1608 602 1660 sint
630 1607 808 1677 pauci,
844 1608 928 1661 vel
961 1608 1264 1664 multi.etsi
1294 1608 1348 1662 in
1367 1610 1671 1680 capitulum
1697 1618 1949 1665 nostrum
1968 1630 2078 1667 non

2163 457 2392 526 poribus
2420 461 2635 532 aliquos
2665 466 3002 522 novitiorum
3056 472 3324 529 venientes
3364 481 3464 548 ejus
3502 484 3658 542 doctri-

2164 561 2294 598 nam
2325 548 2401 601 ibi
2432 566 2631 621 capere
2659 553 2982 625 frequenter
3036 560 3389 620 inveniuntur.
3442 569 3551 626 Pnst
3585 594 3662 630 cte-

2166 650 2316 701 nam,
2345 639 2429 692 vel
2451 639 2590 695 intra
2620 645 3107 716 quadragesimam
3137 660 3254 722 post
3278 658 3665 727 pr.:niiun,nun-

2167 740 2332 793 quam
2369 744 2467 797 pro
2516 731 2620 785 hac
2676 750 2845 788 causa
2890 736 3023 791 illuc
3067 741 3357 807 accedunt;
3405 749 3515 816 quia
3543 768 3668 808 nemo

2166 815 2299 866 tunc
2328 813 2402 869 ibi
2426 816 2746 885 instruitur,
2797 824 2904 878 nisi
2935 827 3175 882 novitius
3199 831 3382 901 aliquis
3418 813 3547 889 infra
3583 846 3668 894 tres

2167 899 2285 954 dies
2331 906 2553 972 quando
2579 910 2869 979 recipitur.
2902 912 2967 967 In
2992 916 3267 970 auditorio
3288 899 3462 975 autem
3488 924 3671 981 fratrum

2166 991 2304 1043 nulli
2335 1008 2528 1048 eorum
2553 1014 2719 1051 causa
2750 1000 3062 1056 instruendi
3084 1005 3324 1076 alioquin
3343 1008 3662 1068 tacitverbum.

2166 1076 2310 1148 Ergo
2340 1097 2467 1135 cum
2493 1084 2737 1154 primum
2767 1087 2924 1154 hora,
2959 1106 3125 1159 quam
3156 1094 3499 1164 praediximus,
3527 1117 3675 1156 conve-

2165 1168 2351 1233 niunt,
2386 1171 2515 1225 licet
2542 1175 2850 1245 capitulum
2910 1195 3034 1233 cum
3084 1182 3196 1235 illis
3235 1183 3496 1248 habeatur,
3533 1194 3675 1245 tamen

2162 1273 2353 1313 versus
2385 1262 2625 1317 Pretiosa
2655 1265 2715 1319 in
2738 1274 2932 1337 aperto
2955 1269 3024 1322 ab
3043 1271 3123 1324 eis
3164 1272 3380 1327 minime
3413 1278 3680 1344 pronuntia-

2162 1350 2276 1412 tur,
2300 1350 2395 1402 sed
2443 1353 2713 1423 magister
2767 1372 2960 1411 eorum
3008 1364 3226 1414 tantum
3268 1362 3395 1417 dicit
3422 1366 3675 1418 Benedicite-

2162 1435 2306 1489 Nam
2343 1441 2728 1512 urusquisque
2760 1443 2980 1499 illorum
3016 1487 3029 1511 ,
3079 1449 3174 1519 qui
3224 1451 3462 1504 eumdem
3504 1468 3677 1505 versum

2165 1526 2372 1581 sciebat
2405 1545 2582 1600 usque
2629 1533 2688 1586 in
2728 1535 2868 1588 hanc
2917 1536 3116 1591 horam
3147 1555 3255 1594 non
3284 1540 3544 1594 dill‘erebat
3576 1536 3681 1610 :qui

2163 1622 2351 1670 autem
2383 1620 2685 1685 nesciebat,
2720 1624 3068 1680 Dominicam
3102 1629 3401 1682 orationem
3429 1630 3527 1683 vice
3551 1629 3681 1699 ipsius

487 1695 737 1752 veniunt.
758 1705 815 1749 et
838 1697 1164 1766 separatim.
1195 1697 1408 1751 scilicet
1453 1698 1508 1751 in
1553 1700 1693 1752 cella
1739 1702 2078 1755 novitiorum
2097 1686 2142 1745 Β
2162 1709 2250 1757 ter
2285 1706 2571 1763 recitabat.
2618 1711 2763 1765 Sane
2784 1713 2832 1766 si
2862 1722 2994 1768 sunt
3016 1716 3120 1770 XII
3149 1717 3508 1781 Lectiones,in
3534 1718 3684 1789 primis

486 1801 611 1840 cum
645 1787 912 1856 magistro
942 1786 1232 1839 dormiunt
1257 1787 1411 1856 (quia
1442 1803 1730 1857 nunquam
1754 1789 1985 1844 veniunt
2022 1791 2081 1845 in

485 1875 880 1929 dormitorium
936 1881 1189 1929 nostrum
1238 1875 1342 1930 nisi
1386 1876 1714 1944 benedicti):
1774 1886 1964 1933 tamen
2021 1883 2080 1934 in

485 1964 781 2018 refectorio
819 1972 874 2018 et
914 1964 971 2017 in
1028 1964 1151 2018 aliis
1196 1965 1332 2018 locis
1380 1965 1611 2020 minime
1665 1975 2000 2037 separantur
2047 1986 2079 2023 a

485 2053 665 2107 nobis.
700 2054 822 2107 Mox
853 2060 1041 2107 autem
1073 2059 1136 2107 ut
1159 2054 1491 2119 vestiuntur,
1528 2056 1794 2125 magister
1823 2074 1917 2111 eos
1937 2060 2079 2113 reci-

483 2143 644 2214 piens
669 2142 726 2196 in
748 2143 1071 2213 praedictam
1100 2144 1296 2198 cellam
1337 2144 1511 2199 ducit.
1544 2144 1730 2215 ibique
1755 2162 1850 2200 eos
1879 2163 2078 2218 pauca,

484 2249 606 2303 quae
632 2232 702 2286 ad
734 2248 978 2302 praesens
1006 2238 1138 2286 sunt
1183 2234 1517 2298 necessaria,
1567 2233 1799 2289 instruit
1827 2255 1839 2288 :
1880 2236 2080 2291 deinde

482 2322 713 2376 chorum
769 2338 897 2375 cum
954 2322 1033 2375 eis
1088 2321 1283 2375 adiens
1340 2322 1397 2375 in
1442 2323 1562 2377 loco
1597 2323 1797 2378 idoneo
1860 2326 2075 2380 statuit.

481 2409 698 2464 Deinde
724 2411 1080 2480 omniaquae
1107 2411 1177 2464 ad
1228 2411 1459 2465 lectulos
1507 2412 1714 2468 habere
1766 2413 1990 2481 debent,
2047 2433 2082 2470 a

482 2500 792 2553 camerario
842 2500 900 2553 in
935 2500 1131 2553 cellam
1171 2500 1444 2565 eamdem,
1475 2502 1685 2556 sciente
1716 2504 1987 2573 magistro
2024 2511 2081 2560 et

480 2588 785 2659 unicuique
824 2605 1071 2659 congrua
1107 2588 1455 2658 disponente,
1480 2598 1870 2661 apportautur.
1904 2595 2074 2648 simul

481 2683 538 2731 et
568 2678 816 2741 cucullis,
847 2677 895 2731 si
927 2678 1045 2731 fieri
1082 2683 1265 2748 potest
1290 2697 1302 2743 ;
1327 2696 1449 2749 quae
1479 2696 1655 2750 usque
1684 2682 1753 2734 ad
1779 2682 1928 2736 diem
1953 2700 2079 2754 pro-

480 2764 736 2820 fessionis
765 2783 981 2832 eorum,
1014 2766 1089 2819 ibi
1131 2774 1443 2831 serventur,
1487 2773 1542 2822 et
1571 2771 1799 2824 nomina
1833 2771 2078 2841 singulo~

480 2870 605 2909 rum
626 2855 684 2908 in
710 2855 943 2909 totidem
975 2854 1340 2910 breviusculis
1362 2856 1468 2921 (‘26)
1490 2875 1590 2929 per
1610 2860 1832 2913 eosdem
1847 2861 2071 2932 scripta,

480 2945 713 2999 cucullis
735 2945 971 3016 singulis
998 2962 1031 2998 a
1077 2946 1244 2999 dorso
1300 2947 1545 3002 exterius
1602 2966 1704 3020 per
1743 2952 2074 3022 semetipsos

2164 1810 2422 1849 sermone
2451 1797 2785 1868 Evangelico
2817 1802 3215 1872 admonentur,
3251 1806 3343 1875 qui
3390 1812 3441 1859 et
3472 1822 3529 1859 eo
3553 1806 3623 1860 die
3644 1806 3685 1859 in

2163 1884 2408 1954 capitulo
2434 1887 2637 1956 agitur.
2674 1889 2779 1953 Qui
2805 1908 2931 1946 cum
2956 1896 3062 1947 Per
3086 1898 3280 1948 omnia
3311 1899 3492 1949 sarcula
3524 1899 3689 1949 saculo-

2165 1990 2316 2038 rum,
2338 1977 2689 2033 concluditur
2718 1988 2779 2034 et
2802 1982 2873 2036 ab
2902 1983 3160 2039 omnibus
3179 1986 3348 2041 Amen
3365 1985 3685 2056 respondetur.

2165 2062 2230 2117 In
2270 2064 2502 2134 privatis
2532 2066 2729 2122 diebus
2756 2070 3058 2142 aliquando
3084 2090 3214 2128 cum
3266 2074 3689 2138 admonitiuncula,

2164 2176 2285 2230 quae
2316 2162 2427 2216 illis
2459 2172 2749 2235 congruat,
2781 2168 2920 2222 utin
2952 2171 3151 2225 melius
3175 2172 3475 2242 proficiant,
3500 2170 3688 2224 incitan-

2162 2253 2274 2302 tur.
2303 2252 2593 2307 lnterdum
2621 2255 2791 2308 etiam
2823 2259 3078 2327 quaedam
3121 2261 3191 2315 de
3230 2261 3435 2332 regula,
3491 2275 3593 2331 quze
3634 2256 3694 2310 eis

2164 2341 2479 2410 expediant,
2531 2345 2925 2415 praedicantur.
2970 2350 3101 2405 Post
3146 2368 3277 2407 vero
3321 2352 3387 2405 de
3421 2350 3590 2405 ordine
3629 2347 3695 2399 in-

2163 2431 2478 2484 struuntur.

2234 2517 2292 2571 Si
2314 2519 2438 2588 quis
2466 2522 2579 2577 tale
2608 2525 2743 2595 quid
2782 2527 3080 2587 commisit.
3111 2534 3178 2583 ut
3201 2531 3286 2584 vel
3316 2529 3384 2584 ab
3410 2527 3579 2583 eodem
3604 2538 3697 2577 ma-

2158 2602 2355 2672 gistro,
2389 2609 2471 2661 vel
2518 2611 2588 2664 ab
2647 2613 2758 2667 alio
2802 2616 2920 2684 ejus
2972 2617 3351 2689 condiscipulo
3399 2616 3696 2675 inclametur,

2159 2693 2379 2748 veniam
2409 2698 2635 2767 quidem
2666 2703 2825 2771 petit,
2845 2704 2938 2756 sed
2955 2705 3233 2773 judicium
3256 2723 3415 2761 suum
3444 2720 3543 2758 non
3562 2700 3698 2755 subit.

2158 2780 2359 2838 Nullus
2407 2792 2594 2842 autem
2629 2807 2728 2860 pro
2757 2793 3007 2862 qualibet
3034 2795 3201 2866 culpa
3234 2795 3311 2848 ibi
3339 2793 3541 2847 veniam
3574 2788 3700 2860 petit,

2158 2871 2265 2926 nisi
2288 2872 2358 2927 ab
2379 2876 2489 2930 alio
2522 2878 2692 2933 fuerit
2721 2880 3073 2937 inclamatus.
3123 2885 3185 2939 Si
3208 2884 3333 2954 quis
3358 2883 3498 2937 inter
3523 2896 3605 2933 eos
3627 2892 3703 2930 ne-

2153 2962 2372 3031 gligens
2410 2964 2468 3018 in
2499 2966 2763 3022 discendo
2793 2971 3007 3034 ordine,
3042 2973 3128 3026 vel
3186 2973 3411 3044 tepidus
3459 2970 3513 3024 in
3554 2966 3703 3036 aliquo

476 3033 702 3089 interim
732 3041 1056 3101 assuuntur,
1084 3042 1141 3089 et
1170 3038 1227 3091 in
1259 3037 1397 3090 hora
1436 3039 1869 3093 consecrationis
1899 3057 2073 3095 unus-
2098 3051 2480 3141 Chujusmodi
2515 3055 2645 3110 vitio
2667 3060 3125 3128 reprehensibilis
3151 3078 3279 3117 esse
3299 3056 3704 3133 deprehenditur,

477 3124 713 3194 quisque
742 3140 806 3177 ea
821 3141 943 3195 quae
964 3124 1067 3178 sibi
1084 3126 1372 3197 competit,
1393 3127 1679 3182 induatur.
1707 3129 1923 3184 Caetera
1944 3147 2075 3185 vero
2099 3124 2141 3141 υ
2158 3139 2203 3191 si
2238 3140 2482 3209 primum
2505 3143 2722 3214 aliquot
2748 3146 2957 3201 vicibus
2986 3165 3087 3219 per
3134 3150 3472 3221 magistrum
3522 3148 3708 3216 propter

477 3318 672 3355 eorum
703 3318 738 3354 a
766 3303 1075 3356 camerario
1124 3304 1364 3374 requirit
1415 3306 1551 3359 Post
1594 3312 1706 3360 tres
1760 3314 1947 3361 autem
1987 3309 2072 3361 vel

477 3397 719 3461 quatuor
746 3391 864 3444 dies
889 3391 1160 3445 adventus
1192 3410 1406 3457 eorum,
1441 3394 1527 3447 his
1558 3396 1897 3465 quilitterati
1922 3398 2072 3452 inter

476 3496 571 3532 eos
601 3485 751 3539 sunt,
775 3479 1042 3548 magistro
1071 3481 1424 3545 admonente,
1452 3483 1666 3537 codices
1684 3485 1752 3537 ad
1772 3486 2067 3540 lectionem

476 3568 545 3621 ab
574 3567 817 3621 armario
842 3568 1065 3632 dantur,
1094 3570 1191 3622 sed
1221 3574 1409 3624 tamen
1440 3572 1509 3625 ad
1531 3589 1626 3626 eos
1646 3590 1756 3627 non
1778 3580 2065 3641 notantur,

475 3655 622 3709 sicut
659 3655 757 3708 alii
786 3656 1005 3722 fratres,
1048 3660 1143 3728 qui
1183 3676 1284 3730 pro
1313 3661 1428 3715 suis
1458 3660 1614 3715 libris
1641 3662 1700 3716 in
1730 3664 1911 3734 capite
1936 3682 2070 3736 qua-

474 3743 804 3814 dragesimae
834 3745 1274 3802 ascribebantur.

1088 3872 1321 3929 CAPUT
1360 3874 1461 3930 III.

471 3998 743 4065 Quomodo
759 4014 812 4051 se
830 3998 1064 4076 habeant
1088 4002 1149 4076 in
1175 4004 1309 4055 cella
1332 4006 1690 4072 noritiorum,
1727 4012 1773 4062 cl
1805 4010 2068 4076 quomodo

1018 4073 1097 4124 ibi
1119 4074 1500 4130 instruantm‘.
1738 4086 1745 4097 '

539 4175 889 4241 Novitii,sive
916 4178 1032 4232 sint
1060 4179 1361 4248 pauci.sive
1378 4182 1622 4248 multi,in
1644 4185 1908 4255 praedicta
1923 4188 2065 4242 cella

468 4264 845 4320 instruuntur.
865 4266 1125 4329 Quotidie
1143 4286 1385 4340 namque
1401 4271 1631 4326 docendi
1646 4274 1923 4329 omnesibi
1939 4293 2066 4331 con-

469 4355 720 4408 veniunt.
738 4355 993 4410 videlicet
1008 4357 1065 4410 in
1080 4358 1223 4411 festo
1245 4358 1354 4413 XII
1375 4360 1697 4427 lectionum,
1722 4370 1779 4417 et
1796 4364 1852 4417 in
1873 4372 2065 4420 octava

465 4441 789 4495 Nativitatis
819 4444 1054 4509 Domini,
1084 4452 1141 4500 et
1181 4447 1425 4511 Paschae,
1462 4456 1519 4504 et
1551 4450 1907 4508 Peutecostes
1936 4442 2125 4525 postD

466 4529 735 4598 primam.
784 4529 849 4583 In
881 4532 1110 4601 privatis
1148 4552 1278 4590 vero
1324 4537 1522 4592 diebus
1561 4547 1687 4609 post
1723 4541 2060 4599 oblationem

466 4617 669 4686 prioris
700 4618 899 4682 missae,
941 4636 1068 4674 curn
1101 4624 1302 4693 quibus
1334 4626 1504 4680 etiam
1557 4628 1732 4700 aliqui
1762 4634 2061 4688 monacho-

464 4721 590 4759 rum
630 4707 814 4761 adhuc
840 4707 899 4761 in
917 4710 1113 4764 ordine
1138 4716 1322 4778 rudes,
1359 4732 1485 4769 cum
1532 4717 1761 4772 licentia
1792 4722 2055 4791 veniunt;

463 4793 561 4847 sed
592 4794 826 4849 redituri
859 4798 1081 4867 quando
1111 4800 1325 4856 scillam
1358 4804 1426 4857 ad
1462 4806 1767 4876 capitulum
1798 4811 2053 4867 audiunt:

463 4889 693 4954 excepto
730 4884 777 4938 si
808 4886 948 4940 tales
977 4894 1127 4954 sunt,
1177 4891 1271 4961 qui
1301 4893 1526 4947 aliunde
1558 4896 1841 4953 venientes
1867 4899 2059 4956 domui

460 4970 680 5027 abbatis
712 4974 984 5044 permissu
1013 4977 1152 5032 illud
1181 4981 1429 5035 nondum
1463 4985 1796 5055 acceperint.
1824 4988 2059 5044 Praeter—

458 5077 543 5125 ea,
576 5062 623 5116 si
653 5063 749 5133 qui
771 5065 1128 5127 novitiorum,
1160 5069 1290 5139 quid
1330 5070 1699 5143 interrogare,
1732 5077 1814 5129 vel
1843 5078 2057 5133 discere

454 5152 669 5218 volunt,
711 5154 1159 5227 quandocunque
1199 5158 1424 5230 aliquod
1456 5160 1810 5218 intervallum
1865 5167 1923 5220 in
1967 5169 2057 5223 die

2154 3315 2293 3370 dure
2324 3323 2381 3372 et
2407 3335 2623 3390 aspere,
2659 3329 2824 3392 prout
2854 3331 3081 3380 sanctus
3125 3326 3462 3381 Benedictus
3503 3319 3710 3394 praecipit

2153 3406 2295 3474 (cap.
2324 3406 2377 3473 ‘2,
2408 3407 2519 3464 22L
2554 3426 2667 3464 non
2694 3413 2875 3466 solum
2909 3415 2979 3468 ad
3028 3432 3283 3485 praesens
3313 3415 3384 3470 ab
3408 3415 3500 3469 illo
3519 3410 3714 3480 corripi-

2150 3499 2264 3557 tur,
2298 3496 2395 3549 sed
2425 3499 2732 3568 asperiora,
2758 3501 2812 3554 id
2842 3508 2929 3556 est
2945 3520 3154 3567 carcer,
3195 3506 3362 3576 Baga:
3403 3501 3502 3571 (“27)
3532 3514 3713 3554 excom-

2152 3584 2455 3640 municatio
2494 3594 2545 3641 et
2582 3590 2802 3659 ﬂagella
2827 3592 2876 3644 ei
2910 3602 3329 3664 proponuntur,
3366 3610 3487 3664 quae
3512 3587 3716 3663 quando'

2152 3689 2260 3743 que
2282 3674 2429 3729 inter
2458 3676 2660 3732 fratres
2704 3682 2896 3750 procul
2936 3681 3105 3737 dubio
3135 3684 3217 3738 sit
3268 3699 3551 3755 passurus,
3592 3679 3631 3733 si
3672 3677 3715 3729 in

2153 3769 2344 3817 sancta
2375 3767 2795 3821 conversatione
2822 3785 2922 3840 pro
2952 3786 3114 3841 posse
3144 3789 3252 3827 suo
3283 3789 3399 3826 non
3428 3769 3589 3825 fuerit
3631 3766 3720 3820 fer-

2153 3852 2332 3907 vidus.
2368 3854 2547 3917 Quem
2575 3872 2703 3910 vero
2730 3857 3009 3912 intentum
3040 3859 3111 3912 ad
3135 3877 3205 3913 ea
3233 3878 3363 3931 quae
3391 3858 3560 3916 audit,
3600 3860 3649 3908 et
3676 3852 3721 3905 in

2150 3941 2410 3996 omnibus
2439 3960 2562 4013 quae
2605 3945 2673 3998 ad
2718 3946 3042 4016 hujusmodi
3076 3950 3436 4021 propositum
3476 3943 3723 4018 pertinent

2149 4029 2431 4089 sedulum.
2462 4034 2830 4104 prospexerit,
2864 4050 2967 4088 nec
2995 4034 3053 4088 in
3082 4035 3189 4089 hac
3214 4037 3354 4100 vice,
3388 4036 3485 4090 sed
3506 4034 3725 4102 aliquan-

2148 4117 2237 4179 do,
2265 4134 2388 4173 cum
2417 4128 2755 4190 oportunum
2804 4122 2991 4188 fuerit,
3050 4131 3344 4180 semotum
3383 4124 3456 4178 ab
3492 4121 3629 4181 aliis,
3672 4120 3725 4168 ut

2145 4213 2337 4261 contra
2352 4209 2528 4263 hostis
2557 4217 2909 4266 tentamenta
2935 4212 3157 4268 fortiter
3178 4215 3519 4280 luctetur,et
3538 4218 3597 4266 ut
3615 4222 3726 4279 quo-

2146 4297 2283 4350 tidie
2313 4298 2371 4351 in
2404 4299 2602 4353 melius
2623 4300 2898 4370 proﬁciat,
2922 4303 3279 4361 adhortetur.
3306 4297 3729 4375 Ergo,sicutdic-

2147 4391 2266 4439 tum
2290 4394 2394 4443 est.
2424 4389 2647 4458 quando
2678 4390 2803 4444 illos
2829 4392 3133 4446 secundum
3168 4395 3327 4464 quod
3357 4394 3465 4448 sibi
3507 4401 3634 4446 tunc
3665 4386 3733 4438 vi-

2146 4474 2312 4529 detur
2334 4477 2683 4542 instruxerit,
2699 4478 2757 4531 in
2774 4479 3252 4549 capitulum,licet
3281 4499 3354 4537 ex
3384 4486 3545 4554 parte
3564 4486 3728 4533 tmns-

2142 4569 2351 4629 actum,
2384 4566 2554 4621 vadit.

2211 4654 2403 4710 Potuit
2423 4657 2629 4727 aliquis
2666 4657 2910 4713 novitius
2932 4659 3048 4714 sive
3076 4660 3134 4714 in
3151 4656 3734 4723 conventu,sivealias,

2141 4742 2311 4797 talem
2356 4745 2660 4816 aliquando
2691 4747 2977 4801 incurrere
3007 4748 3259 4819 culpam,
3292 4754 3363 4802 ut
3395 4764 3496 4820 pro
3527 4764 3593 4801 ea
3624 4750 3743 4799 tunc

2142 4831 2225 4885 vel
2256 4831 2326 4885 ab
2347 4833 2536 4903 aliquo
2566 4833 2827 4898 fratrum,
2852 4835 2937 4888 vel
2957 4835 3029 4888 ab
3048 4836 3171 4906 ipso
3226 4837 3512 4906 magistro
3565 4835 3622 4887 in
3658 4847 3741 4885 ca-

2142 4919 2319 4989 pitulo
2351 4921 2642 4976 clametur.
2699 4923 2768 4976 Et
2793 4923 2839 4977 si
2885 4923 3181 4994 aliquoties
3243 4924 3578 4979 admonitus
3630 4936 3743 4975 eam

2141 5008 2440 5073 emendare
2470 5010 2732 5079 neglexit,
2771 5011 2841 5064 ad
2872 5012 3180 5082 capitulum
3228 5012 3465 5077 ductus,
3495 5012 3579 5065 vel
3602 5011 3742 5064 clau-

2140 5097 2296 5149 strali
2322 5098 2514 5167 priori,
2548 5100 2633 5152 vel
2655 5100 2776 5168 ejus
2795 5100 3055 5170 adjutore
3081 5101 3231 5154 infra
3260 5102 3418 5156 idem
3448 5098 3743 5173 capitulum

2138 5184 2270 5239 illuc
2298 5186 2529 5253 directo,
2562 5204 2662 5258 per
2704 5205 2933 5242 manum
2961 5189 3213 5260 magistri
3249 5191 3481 5261 virgam
3504 5188 3743 5260 rxpeiia-

454 5242 713 5308 occurrit,
750 5244 895 5297 sicut
923 5250 1007 5298 est
1037 5252 1162 5316 post
1191 5248 1417 5302 missam
1459 5256 1515 5304 et
1560 5259 1687 5322 post
1732 5255 2048 5325 cymbalum

2158 5289 2246 5327 ur.
2279 5274 2536 5329 Forsitan
2574 5283 2631 5330 et
2660 5277 2828 5331 talem
2866 5276 3087 5347 culpam
3113 5279 3349 5349 juvenis
3392 5278 3635 5333 novitius
3662 5275 3742 5329 in-

452 5345 799 5399 percussum,
831 5333 917 5386 vel
938 5333 994 5386 in
1014 5334 1199 5390 hieme
1224 5344 1350 5407 post
1379 5340 1699 5409 prandium,
1726 5351 1923 5415 sponte
1948 5363 2049 5401 sua

527 5435 632 5505 (2(3)
667 5439 978 5495 Schedulis.

521 5496 632 5576 (‘27)
695 5512 863 5579 Baga),
906 5529 1005 5567 seu
1062 5516 1221 5584 Bojze,
1267 5533 1446 5587 genus
1504 5521 1870 5592 vinculorum,
1930 5532 2045 5583 tam
2073 5528 2268 5586 ferreas
2287 5547 2453 5602 quam
2477 5496 2676 5603 lignea:
2701 5531 2965 5589 dicuntur
2993 5534 3323 5607 compedes.
