3872 6164
157 265 235 325 937

1164 255 1586 315 CONSTITUT.
1628 256 1969 314 HIRSAUG.
2010 294 2077 306 —
2114 261 2251 319 LIB.
2294 264 2338 321 Ι.

3285 278 3391 342 938

146 389 333 446 terdum
361 387 717 443 committere
754 389 959 458 potest,
990 402 1099 476 pro;
1121 386 1279 456 cujus
1310 380 1706 476 emendatione
1724 385 1944 458 Aloqui
1971 404 2083 442 non
2112 389 2457 460 prohibetur.
2479 393 2544 448 In
2564 395 2667 450 XII
2689 402 2877 451 autem
2908 398 3241 458 lectionibus
3265 411 3395 476 post

147 496 235 534 non
271 478 554 532 multoties
583 477 956 530 admoneatur
1009 474 1106 529 sed
1156 491 1298 529 mox.
1332 480 1398 527 ut
1439 472 1709 527 inclama-
1793 477 2778 554 capitulumexspectantmagistrum
2797 489 2876 541 vel
2896 489 3210 559 adjutorem
3225 472 3392 550 suum

146 575 218 622 tus
244 567 406 621 tuerit
431 572 563 621 ante
600 566 818 620 finitum
850 564 1178 636 capitulum.
1212 581 1311 635 pro
1344 579 1429 626 eo,
1464 570 1528 617 ut
1567 580 1709 634 prte-

1793 565 1978 620 denuo
2021 568 2293 637 docendi;
2342 570 2389 624 si
2433 578 2519 625 est
2562 573 2617 627 in
2658 575 2966 633 minoribus
3018 580 3173 636 festis
3218 583 3397 639 donec

148 659 321 713 dictum
352 664 461 721 est,
493 657 825 726 corrigatur.
866 656 935 710 Ut
979 655 1026 709 si
1066 672 1117 707 v.
1151 671 1206 725 g.
1240 654 1312 708 ad
1342 653 1514 707 alium
1548 655 1709 723 juve-
1794 655 2029 709 audiant
2059 657 2282 727 signum
2314 659 2384 713 ad
2415 661 2638 716 tertiam
2676 682 2687 717 :
2721 664 2767 718 si
2802 683 2927 719 vero
2959 676 3045 723 est
3086 670 3391 738 Dominica,

147 764 248 802 nem
288 746 345 800 in
406 745 667 799 custodia
702 744 969 816 positum,
1017 744 1285 814 quiddam
1332 743 1597 813 loquitur,
1635 750 1721 803 vel

147 835 322 902 riserit,
349 835 441 889 vel
466 835 689 904 signum
713 834 940 905 aliquod
968 833 1188 895 fecerit;
1222 833 1268 885 si
1289 838 1479 886 tamen
1506 830 1723 903 praesci-

147 926 223 983 vit.
252 924 397 996 quod
431 922 502 976 ab
542 923 867 993 hujusmodi
911 939 1107 976 cavere
1155 921 1366 976 debuit.
1415 920 1719 990 Postquam

152 1020 215 1081 (ut
230 1015 436 1068 dictum
458 1015 568 1073 est)
597 1012 868 1082 magister
892 1012 1229 1066 novitiorum
1258 1010 1504 1082 capitulo
1525 1026 1719 1064 eorum

148 1105 293 1165 ﬁnito,
345 1103 411 1156 in
450 1106 784 1156 conventum
835 1100 1000 1165 redit,
1041 1101 1114 1154 ibi
1166 1099 1555 1171 recapitulant,
1599 1114 1722 1169 quae

150 1193 463 1247 didicerunt.
499 1190 605 1255 Qui
636 1189 785 1244 inter
816 1207 911 1244 eos
938 1190 996 1244 in
1027 1189 1322 1244 discirlina
1350 1188 1564 1243 ordinis
1590 1192 1723 1241 sunt

150 1281 499 1353 provectiores
550 1294 802 1333 seorsum
833 1278 1120 1333 instruunt
1150 1278 1207 1332 in
1238 1294 1302 1331 eo
1333 1276 1514 1331 adhuc
1545 1275 1723 1329 imbe-

150 1371 399 1425 cilliores:
439 1369 615 1423 fervet
649 1369 798 1422 enim
848 1367 905 1421 in
936 1368 1004 1421 iis
1033 1366 1356 1436 hujusmodi
1404 1364 1589 1436 operis
1634 1364 1723 1416 in-

152 1459 374 1519 structio,
399 1457 566 1512 venia
593 1456 665 1511 ab
695 1457 762 1511 iis
786 1456 1194 1527 frequentatur,
1219 1462 1275 1509 et
1298 1452 1727 1529 consuetudina-

150 1549 206 1603 lis
237 1546 548 1604 inclinatio.
589 1546 959 1600 addiscuntur
999 1551 1055 1599 et
1096 1552 1316 1606 caetera,
1365 1560 1487 1615 quae
1533 1542 1589 1595 in
1629 1540 1729 1595 tali

1804 743 1860 797 in
1888 761 1997 815 qua
2029 745 2084 798 in
2115 745 2269 800 Albis
2299 764 2408 802 non
2434 756 2567 804 sunt
2596 753 2882 811 vestiendi.
2911 773 3084 828 usque
3103 761 3170 813 ad
3201 779 3396 832 asper-

1802 834 2017 887 sionem
2048 851 2208 905 aquie
2250 836 2551 893 benedicta:
2583 850 2596 885 ε
2625 841 2673 894 si
2715 848 2902 896 autem
2938 854 3071 901 sunt
3103 851 3393 918 vestiendi,

1803 939 1982 993 usque
2014 929 2139 993 post
2175 925 2535 995 Evangelium
2567 929 2769 999 prioris
2800 932 2997 988 Missae.
3042 937 3147 991 Sed
3191 938 3248 993 in
3289 940 3393 1006 his,

1803 1011 1850 1065 si
1882 1018 2034 1083 post
2088 1013 2419 1083 capitulum,
2478 1018 2639 1071 Verba
2689 1036 2825 1082 mea,
2871 1023 2954 1076 vel
3009 1024 3253 1083 ofﬁcium
3300 1029 3399 1085 de-

1804 1100 2121 1155 functorum
2183 1119 2312 1156 cum
2374 1104 2690 1174 pulsatione
2754 1111 3027 1181 sequitur,
3088 1122 3215 1185 post
3277 1119 3400 1189 ejus

1805 1190 2173 1261 expletionem
2193 1190 2325 1245 item
2350 1209 2448 1261 pro
2471 1193 2839 1252 instructione
2860 1208 3402 1271 revertunturQnod

1805 1278 1852 1333 si
1878 1286 1964 1333 est
1991 1278 2192 1333 festum
2221 1278 2423 1345 (‘29.,in
2447 1299 2558 1352 quo
2579 1285 2646 1338 ad
2670 1293 2974 1343 nocturnos
2988 1292 3307 1362 antiphonae
3329 1297 3403 1350 ιν

1807 1368 1990 1422 solent
2034 1368 2268 1429 cantari,
2326 1378 2452 1440 post
2502 1373 2692 1426 Venite.
2750 1392 2876 1430 mox
2936 1388 3061 1449 post
3096 1383 3405 1454 capitulum

1808 1457 2038 1520 factum,
2085 1474 2181 1512 eos
2222 1459 2290 1511 ad
2340 1459 2627 1514 ecclesiam
2677 1463 2760 1517 ire
2807 1468 3105 1523 convenit:
3155 1480 3403 1545 excepto.

1812 1545 1860 1599 si
1907 1546 2126 1617 aliquos
2155 1547 2406 1601 'novitios
2446 1551 2729 1606 venientes
2756 1554 2887 1623 quid
2920 1558 3050 1612 velit
3086 1560 3311 1620 docere.
3352 1563 3413 1619 Si

156 1638 369 1693 exerceri
402 1637 588 1691 solent
615 1635 822 1689 schola.
867 1636 925 1689 Si
966 1635 1057 1689 cui
1108 1651 1300 1689 eorum
1332 1651 1366 1687 a
1395 1633 1601 1686 domno
1631 1629 1730 1684 ab-
1813 1652 1948 1689 vero
1980 1636 2049 1689 ad
2082 1636 2327 1699 ofﬁcium
2369 1637 2780 1708 defunctorum,
2827 1645 2911 1697 vel
2954 1646 3025 1699 ad
3072 1649 3233 1704 Verba
3263 1669 3385 1706 mea

156 1728 259 1781 hate
275 1726 357 1781 vel
380 1725 572 1798 priore
600 1724 883 1796 ﬂagellum
907 1724 975 1778 ad
1002 1723 1389 1796 paenitentiam
1415 1721 1731 1791 injunctum
1750 1710 1793 1769 Β
1817 1730 1942 1795 post
1960 1724 2266 1795 capitulum
2299 1697 2540 1796 pulsatio
2560 1697 2847 1799 signorum
2876 1697 3405 1808 tuncisequiwdebvet:

156 1814 314 1871 fuerit.
346 1824 493 1870 tunc
538 1813 807 1886 temporis
848 1831 882 1868 a
929 1812 1218 1868 sacerdote
1257 1812 1464 1882 aliquo.
1497 1810 1541 1864 si
1586 1810 1732 1863 inter

158 1923 235 1960 eos
260 1923 289 1959 a
316 1905 599 1973 magistro
639 1904 707 1957 ad
751 1904 852 1957 hoc
890 1902 1125 1957 idoneus
1166 1901 1402 1956 inveniri
1442 1906 1641 1971 potuit,
1675 1898 1731 1952 in

158 1995 257 2048 loco
275 1996 367 2056 qui
401 1992 726 2062 hujusmodi
759 1993 983 2063 negotio
1012 1992 1314 2062 deputatus
1342 2001 1446 2047 est.
1475 1987 1727 2060 percipit.

158 2083 289 2147 Quod
317 2084 365 2137 si
398 2083 533 2137 talis
565 2080 641 2136 ibi
665 2082 840 2144 deest,
864 2081 1209 2135 sacerdotem
1233 2080 1302 2133 de
1330 2083 1603 2132 conventu
1634 2091 1732 2146 pro

159 2172 245 2226 hac
267 2190 439 2227 causa
464 2171 535 2225 ad
568 2171 826 2225 eumdem
856 2170 1040 2224 locum
1072 2186 1173 2224 suo
1202 2168 1262 2222 in
1292 2175 1542 2239 tempore
1563 2166 1736 2219 addu-

159 2277 263 2315 cere
287 2261 480 2316 debet.
514 2261 577 2315 ln
604 2276 669 2313 eo
697 2275 918 2330 quoque
949 2266 1220 2330 tempore.
1256 2257 1302 2311 si
1332 2255 1447 2309 bini
1476 2256 1559 2309 vel
1588 2253 1735 2308 terni

158 2366 387 2405 seorsum
420 2351 493 2404 de
521 2347 719 2403 ordine
747 2349 1075 2419 loquuntur,
1108 2352 1339 2419 propter
1372 2346 1473 2398 hoc
1502 2361 1611 2398 non
1648 2360 1738 2397 re-

156 2441 588 2511 prehenduntur.
605 2437 663 2492 Si
679 2437 803 2508 quis
823 2438 992 2492 etiam
1015 2436 1147 2508 quid
1169 2436 1237 2489 de
1261 2433 1603 2490 vestimenti;
1624 2432 1741 2486 suis

157 2530 261 2583 vult
298 2529 534 2593 sarcire,
570 2527 652 2580 vel
689 2526 896 2582 lectum
927 2526 1035 2581 sibi
1075 2530 1347 2591 sternere,
1389 2532 1523 2578 tunc
1561 2528 1746 2594 potest

157 2617 316 2673 facere

211 2708 270 2762 ln
290 2706 519 2779 Vigiliis
540 2704 864 2762 Nativitatis
883 2702 1111 2758 Domini
1138 2708 1195 2757 et
1224 2703 1276 2757 in
1300 2699 1741 2756 Annuntiatione

152 2795 242 2866 ipsi
265 2815 362 2868 pro
387 2796 634 2869 petenda
654 2795 816 2849 venia
844 2793 901 2847 in
928 2793 1173 2864 capitulo
1200 2792 1432 2846 fratrum
1462 2790 1743 2844 intersunt

150 2892 200 2938 et
218 2887 363 2942 dicto
391 2904 429 2940 a
460 2886 649 2957 priore
678 2884 980 2953 loquimini
1008 2883 1071 2935 de
1101 2883 1296 2934 ordine
1317 2880 1573 2933 redeunt.
1601 2879 1668 2931 Et
1695 2876 1742 2931 si

1814 1814 2001 1868 nullus
2032 1831 2223 1868 eorum
2254 1814 2331 1868 ibi
2371 1826 2640 1871 remanet.
2675 1819 2781 1883 Qui
2811 1822 3055 1878 novitius
3079 1826 3147 1879 ad
3177 1844 3410 1883 conver-

1814 1903 2027 1957 sionem
2055 1903 2226 1966 venit,
2268 1903 2432 1957 alicui
2463 1905 2603 1960 bene
2631 1909 2932 1965 exeruit-ato
2961 1918 3408 1986 commendatur,

1816 1991 1910 2061 qui
1968 1990 2284 2061 ubicunque
2327 1994 2548 2063 poterit,
2589 2012 2781 2051 curam
2840 2001 2962 2068 ejus
3012 2011 3195 2072 gerat,
3247 2013 3302 2061 et
3353 2008 3412 2063 in

1816 2080 2049 2134 ecclesia
2097 2081 2260 2149 juxta
2312 2099 2440 2136 eum
2495 2085 2805 2140 orationem
2854 2089 3040 2145 faciat.
3087 2093 3194 2147 Per
3247 2113 3414 2152 omne

1815 2176 2059 2241 tempus,
2110 2187 2221 2240 quo
2269 2170 2324 2224 in
2373 2172 2566 2225 eadem
2615 2175 2754 2229 cella
2800 2179 3132 2245 consistunt,
3185 2193 3415 2256 excepto

1819 2265 1949 2311 ante
1999 2256 2146 2311 diem
2194 2258 2553 2328 professionis
2599 2278 2730 2323 suae,
2782 2264 2993 2336 absque
3045 2267 3150 2337 ‘30)
3198 2273 3416 2343 capitiis

1826 2344 2104 2417 [caputiis]
2136 2346 2397 2401 incedunt
2451 2349 2781 2423 Quicunque
2805 2353 2955 2408 inter
2982 2373 3077 2411 eos
3116 2358 3302 2415 idonei
3344 2363 3417 2418 ad

1822 2431 1927 2485 hoc
1979 2431 2256 2495 videntur,
2311 2434 2531 2487 custodi
2588 2437 2852 2502 ecclesiae,
2909 2441 2995 2495 vel
3057 2444 3417 2503 refectorario

1825 2520 2112 2590 adjutores
2149 2537 2183 2573 a
2223 2521 2407 2591 priore
2437 2523 2817 2594 deputantur;
2857 2529 2951 2581 sed
2985 2535 3174 2587 tamen
3206 2504 3433 2608 absque,

1826 2610 1947 2679 ejus
1997 2609 2272 2687 permissu
2324 2612 2641 2666 sacerdotes
2687 2615 2757 2668 ad
2810 2617 3170 2676 celebrandas
3218 2624 3418 2680 missas

1827 2698 2094 2767 adjuvare
2117 2704 2369 2769 possunt.
2393 2700 2475 2753 Ad
2502 2701 2796 2772 coquinum
2824 2712 2879 2759 et
2900 2707 3088 2763 lumen
3107 2710 3166 2764 in
3186 2713 3421 2769 ecclesia

1824 2786 2255 2855 deportandum,
2273 2786 2342 2841 ab
2371 2788 2615 2842 armario
2647 2807 2772 2844 cum
2804 2794 2929 2847 aliis
2956 2801 3260 2853 notantur:
3286 2817 3419 2856 nam

1825 2874 1875 2928 ei
1906 2874 2126 2928 illorum
2162 2875 2392 2929 nomina
2419 2892 2449 2929 a
2488 2880 2715 2947 praefato
2746 2883 3013 2952 magistro
3049 2886 3260 2956 pridem
3292 2907 3420 2960 per-

152 2989 351 3045 magna:
378 2973 775 3030 aestimationis
803 2971 1051 3043 hospites
1077 2986 1178 3042 pro
1199 2968 1552 3023 fraternitate
1572 2967 1744 3022 susci-
1770 3031 1803 3045 Α
1823 2964 2028 3034 scripta
2042 2966 3426 3044 praesentabanturJpsequoquemagisterinstruit

148 3031 338 3132 pieiida
390 3065 527 3118 illuc
554 3062 859 3133 aliquando
899 3031 1033 3115 sunt
1069 3031 1328 3119 ducendi,
1378 3065 1608 3129 propter
1647 3073 1741 3111 eos
1765 3031 1804 3085 (ἶ
1823 3070 1918 3108 eos
1936 3031 2143 3124 postea
2169 3054 2238 3107 de
2268 3054 2516 3124 quolibet
2536 3031 2737 3124 officio,
2762 3031 2831 3113 ad
2856 3031 3424 3136 quodvprtenominati

150 3153 486 3208 advocamur
513 3151 574 3206 in
614 3153 723 3205 fine
752 3148 1009 3220 capituli.
1055 3148 1123 3202 Et
1153 3154 1448 3219 postquam
1497 3145 1742 3216 hospites
1823 3149 1955 3196 sunt
1984 3141 2042 3196 in
2072 3141 2319 3212 capitulo

147 3240 214 3305 (si
257 3249 450 3297 tamen
494 3247 631 3295 sunt
673 3238 858 3294 clerici
903 3237 986 3291 vel
1026 3237 1168 3303 laici)
1203 3237 1333 3290 inde
1370 3236 1738 3299 deducantur,
1897 3231 2353 3302 Quandocunque
2381 3232 2585 3288 fratres
2609 3240 2738 3290 ante
2767 3239 3096 3296 mandatum
3121 3245 3426 3314 praelavant

146 3328 380 3403 incepta
414 3329 753 3402 psalmodia,
800 3328 960 3381 Verba
991 3344 1132 3387 mea,
1162 3325 1271 3397 ipsi
1309 3343 1436 3380 cum
1469 3330 1743 3379 conventu
1829 3320 1884 3374 in
1917 3321 2246 3375 occidentali
2284 3327 2443 3392 parte
2472 3324 2720 3389 claustri,
2751 3343 3004 3384 seorsum
3037 3332 3145 3387 hoc
3190 3333 3419 3391 faciunt.

151 3422 539 3490 egrediuntur.
579 3418 735 3482 Quod
785 3433 898 3470 non
940 3415 1069 3482 erit,
1103 3415 1327 3486 quando
1372 3424 1499 3486 post
1531 3414 1748 3485 capitu-
1830 3411 1895 3464 In
1923 3417 2115 3464 testate
2161 3426 2289 3464 vero
2330 3418 2454 3482 post
2498 3428 2722 3479 nonam,
2754 3418 2977 3486 quando
3019 3420 3212 3478 tabula
3260 3424 3429 3480 debet

148 3507 253 3562 lum
283 3510 401 3578 (‘28)
436 3508 692 3563 tabulam
726 3506 982 3563 audiunt,
1011 3504 1094 3557 vel
1121 3503 1494 3576 pulsationem
1526 3504 1594 3556 ad
1625 3502 1747 3555 ofﬁ-
1830 3499 2065 3570 percuti,
2107 3498 2303 3552 novitii
2363 3506 2420 3553 et
2475 3502 2731 3556 monachi
2784 3505 3028 3575 capitulo
3081 3510 3264 3566 adhuc
3315 3529 3427 3568 non

151 3597 286 3652 cium
310 3599 734 3661 defunctorum,
762 3595 846 3648 vel
874 3595 941 3648 ad
976 3593 1219 3664 psalmos
1254 3594 1412 3647 Verba
1435 3608 1574 3657 mea,
1601 3592 1749 3662 quod
1831 3587 2456 3650 adunati,transeuntes
2475 3591 2782 3660 capitulum
2806 3594 2861 3647 in
2889 3598 3177 3654 ecclesiam
3196 3602 3425 3670 vadunt,

147 3685 426 3741 interdum
460 3685 586 3740 fieri
615 3685 759 3739 solet
787 3701 888 3755 pro
918 3683 1107 3754 aliquo
1138 3682 1428 3747 defuncto;
1462 3698 1591 3735 nam
1624 3697 1749 3733 mox
1831 3677 2021 3746 ibique
2049 3677 2208 3746 juxta
2238 3677 2530 3732 introitum
2562 3696 2688 3734 cum
2719 3681 2891 3742 libris.
2920 3685 2966 3738 si
3004 3704 3142 3758 quos
3169 3689 3247 3744 ibi
3271 3690 3427 3748 inve-

146 3774 199 3828 in
223 3784 566 3831 conventum
601 3790 796 3828 omnes
825 3772 1075 3827 veniunt.
1107 3771 1165 3826 ei
1194 3779 1381 3825 autem
1414 3777 1500 3824 est
1528 3770 1581 3823 in
1605 3770 1751 3833 Qua-
1833 3765 2038 3832 norint,
2071 3767 2285 3831 sedent,
2317 3766 2494 3823 donec
2522 3775 2650 3839 post
2689 3774 3105 3841 percussionem
3135 3779 3340 3836 tabula:
3368 3783 3428 3837 in

141 3864 465 3935 dragesima
492 3864 551 3918 in
585 3864 694 3917 illis
723 3862 954 3934 privatis
977 3860 1192 3926 diebus,
1220 3859 1443 3932 quando
1464 3859 1746 3913 silentium
1832 3868 2169 3908 conventum
2200 3862 2416 3910 exeant.
2455 3857 2511 3911 Si
2544 3859 2669 3927 quis
2710 3876 2901 3915 eorum
2938 3865 3219 3922 scribendi
3255 3872 3336 3924 vel
3366 3872 3428 3927 li-

144 3952 197 4006 in
227 3955 485 4009 claustro
514 3952 846 4007 observatur
877 3971 888 4004 ι
925 3956 1059 4004 tunc
1100 3948 1416 4013 conventui,
1454 3954 1745 4019 postquam
1833 3943 1960 3997 bros
1985 3944 2191 4014 ligandi
2224 3951 2307 3998 est
2326 3946 2548 4012 sciolus,
2578 3947 2632 4000 in
2660 3948 2800 4002 cella
2830 3953 3164 4009 novitiorum
3191 3964 3429 4028 potesta

142 4042 299 4097 ﬁnito
330 4043 587 4114 capitulo
608 4040 678 4095 ad
707 4040 1005 4094 lectionem
1031 4039 1262 4096 sederit,
1287 4039 1630 4108 junguntur;
1666 4036 1749 4089 vel
1832 4033 2103 4103 magistro
2132 4032 2242 4086 illis
2273 4032 2487 4103 injungi
2519 4034 2624 4088 hoc
2648 4052 2789 4106 Opus
2815 4056 2826 4091 :
2857 4039 2902 4092 si
2932 4048 3120 4096 tamen
3148 4048 3429 4115 rogaverit

142 4131 188 4184 si
205 4142 295 4187 est
318 4134 527 4187 festum
557 4131 660 4185 ΧΠ
678 4129 1027 4194 Lectionum,
1051 4128 1274 4200 quando
1297 4134 1421 4198 post
1441 4125 1749 4197 capitulum
1831 4139 1957 4177 eum
1989 4121 2288 4176 arinarius.
2327 4122 2581 4177 Novitius
2604 4124 2905 4185 litteratus.
2930 4129 3023 4199 qui
3042 4131 3099 4184 in
3120 4132 3219 4186 tali
3232 4134 3428 4203 juven-

141 4235 265 4275 cum
299 4220 540 4293 psalmis
573 4220 735 4274 Verba
758 4235 897 4280 mea,
922 4218 979 4272 in
1006 4218 1271 4286 majorem
1296 4215 1585 4269 ecclesiam
1614 4214 1746 4281 itur,
1830 4217 1953 4266 tute
1982 4216 2085 4271 est,
2123 4210 2461 4265 admonente
2490 4213 2613 4283 ejus
2644 4214 2930 4283 magistro,
2969 4218 3025 4272 in
3056 4223 3364 4278 custodiam
3393 4242 3428 4279 a

142 4316 196 4363 et
234 4314 657 4382 consequenter
693 4307 843 4362 XXX
880 4307 1080 4378 psalmi
1124 4313 1256 4360 sunt
1310 4303 1565 4367 canendi,
1617 4310 1750 4357 tunc
1771 4301 2038 4394 Ddomno
2067 4299 2267 4353 abbate
2292 4301 2552 4362 traditur,
2582 4308 2639 4356 et
2666 4302 2763 4356 alii
2793 4305 3000 4360 novitio
3031 4310 3427 4369 custodiendus

139 4406 454 4472 antequam
474 4397 818 4469 incipiantur
836 4396 1008 4450 iidem
1032 4395 1259 4470 psalmi:
1281 4400 1337 4448 et
1356 4394 1403 4448 si
1421 4394 1490 4447 ad
1510 4410 1753 4464 praesens
1771 4389 1806 4394 ⁷
1834 4389 2223 4444 committitur.
2247 4389 2305 4443 Si
2336 4406 2464 4444 vero
2494 4390 2587 4444 ille
2616 4408 2725 4446 non
2750 4393 2927 4460 adest,
2957 4413 3138 4469 neque
3166 4417 3266 4471 per
3289 4419 3432 4457 ῃιιιι-

137 4489 356 4561 aliquis
384 4487 635 4544 novitius
661 4486 839 4547 adest,
860 4485 955 4557 qui
976 4485 1128 4539 intra
1148 4490 1265 4538 tres
1288 4483 1408 4538 dies
1427 4483 1496 4537 ad
1522 4498 1752 4536 conver-
1832 4480 1977 4534 tium
2010 4479 2211 4550 prioris
2238 4480 2427 4551 aliqua
2469 4482 2865 4537 commoditate
2908 4487 3190 4543 conveniri
3222 4498 3426 4561 potest,

140 4579 367 4633 sionem
389 4577 568 4643 venit,
601 4593 729 4630 eum
761 4575 1033 4644 magister
1061 4575 1202 4645 ejus,
1237 4580 1362 4644 post
1401 4579 1754 4643 percontatos
1835 4575 1952 4623 tam
2008 4569 2249 4623 novitius
2291 4569 2511 4639 juvenis
2567 4587 2734 4640 quam
2775 4573 2920 4628 alius
2966 4576 3129 4647 hujus
3174 4583 3359 4636 aetatis
3395 4601 3431 4638 a

136 4668 183 4722 Χ
210 4669 500 4739 psalmos,
525 4666 596 4720 ad
625 4664 1019 4719 instruendum
1052 4663 1288 4717 educere
1310 4668 1507 4734 potest.
1540 4661 1596 4716 Si
1626 4677 1754 4715 vero
1836 4658 2022 4730 priore
2069 4658 2334 4712 custodite
2376 4660 2784 4730 mancipantur.
2834 4663 3074 4729 Novitio,
3111 4669 3206 4738 qui
3246 4671 3431 4728 frocco

137 4756 257 4810 dies
285 4755 513 4811 silentii
540 4755 627 4821 (de
650 4771 762 4826 qua
780 4753 994 4807 dictum
1016 4759 1119 4820 est)
1140 4758 1275 4807 tunc
1298 4752 1489 4814 instat,
1512 4751 1601 4804 hic
1624 4750 1754 4803 talis
1835 4748 2065 4801 indutus
2093 4746 2445 4817 recipiendus
2470 4748 2660 4818 aliqua
2680 4748 2749 4801 de
2779 4750 2917 4803 cella
2943 4753 3251 4819 advenerit,
3283 4762 3433 4815 aute-

132 4848 514 4919 magistrum,
554 4844 679 4898 aliis
707 4842 1063 4906 abeuntibus,
1099 4841 1169 4895 ab
1199 4858 1264 4896 eo
1289 4842 1500 4912 jussus,
1531 4840 1590 4894 in
1615 4840 1756 4895 cella
1835 4837 2072 4893 rendum
2101 4842 2187 4890 est
2207 4836 2491 4907 caputium
2524 4844 2679 4891 extra
2707 4837 3036 4907 claustrum,
3062 4844 3111 4898 si
3139 4862 3206 4901 ea
3233 4855 3321 4906 est
3344 4851 3437 4909 die

133 4940 462 5009 exspectat.
477 4934 542 4989 In
560 4932 981 5004 omnitempore
1000 4930 1569 5002 loquendiconventui
1586 4929 1757 4984 inter-
1836 4925 2174 4982 benedicend
2185 4943 2267 4991 us,
2291 4942 2403 4997 qua
2426 4926 2744 4997 suscipitur,
2772 4934 2872 4983 aut
2893 4929 2940 4983 si
2961 4931 3134 5004 aliqui
3161 4939 3349 4993 novitii
3376 4942 3433 4996 in

130 5034 295 5083 sunt.
328 5024 451 5081 nisi
481 5023 706 5094 quando
729 5021 936 5094 capitia
968 5021 1046 5075 eis
1071 5020 1261 5076 ablata
1288 5026 1455 5074 sunt:
1492 5017 1751 5088 Sparsim,
1838 5018 1978 5073 cella
2016 5015 2350 5070 novitiorum
2400 5015 2602 5071 ablatis
2654 5018 2894 5088 caputiis
2949 5026 3086 5076 tunc
3121 5035 3428 5083 morantur.

129 5116 375 5172 mixtim
405 5114 556 5168 inter
581 5116 784 5168 fratres
809 5112 1136 5183 loquuntur.
1166 5111 1364 5165 Frater
1390 5125 1516 5165 cum
1548 5107 1755 5163 novitio
1842 5105 2137 5162 Sciendum
2172 5110 2258 5159 est
2285 5110 2495 5169 autem,
2522 5105 2672 5176 quod
2711 5106 2898 5162 nullus
2926 5124 3175 5181 unquam
3205 5116 3436 5171 novitio-

201 5277 341 5349 (28)
353 5273 584 5349 Tabula
594 5274 802 5349 lignea,
823 5273 986 5349 cujus
1000 5273 1357 5349 percussione
1373 5270 1760 5349 excitabantur
1841 5274 2081 5349 quatuor
2116 5267 2438 5349 antiphome
2464 5267 2649 5349 solent
2672 5268 2887 5349 cantari
2926 5274 3065 5349 post
3089 5273 3284 5331 Venite.

130 5339 446 5411 monachi,
478 5339 736 5401 malleblo
772 5339 984 5400 scilicet
1000 5339 1269 5399 "tabulam
1305 5345 1596 5400 tundente.
1627 5344 1761 5397 Haec
1857 5339 1877 5343 ⁷
1914 5339 3097 5414 (30,Caputiislegendumquazsuntcapitis
3111 5350 3439 5414 tegumenta

126 5424 357 5478 adem
408 5417 596 5491 tabula
641 5416 971 5491 pulsabatur
1008 5432 1109 5491 seu
1154 5416 1574 5491 percutiebatur
1626 5414 1760 5469 dum
1843 5414 2033 5491 cappis
2056 5418 2284 5491 assuta;
2312 5412 2454 5464 Nam
2477 5414 2769 5491 capitium,
2793 5427 2888 5491 seu
2920 5412 3193 5491 οᾳρίσιςιιηῐ
3216 5428 3439 5491 partem

128 5494 416 5550 dﬁcium
444 5481 667 5559 aliquod
698 5487 976 5560 agendum
1006 5481 1271 5542 instabat.
1360 5557 1370 5560 _
1844 5481 1979 5540 azdis
2000 5500 2171 5540 sacrae
2200 5482 2361 5553 vulgo
2388 5483 2809 5552 przsbyterium
2833 5481 3204 5553 signiﬁcabat.

204 5564 343 5637 (‘29)
381 5557 814 5617 Reetituendum
843 5563 980 5635 puto
1013 5577 1026 5613 :
1068 5561 1139 5616 In
1167 5576 1273 5629 quo
1301 5557 1373 5615 ad
1406 5564 1701 5615 nocturnos
1726 5573 1763 5613 α

416 5661 679 5747 Paeon.
725 5660 844 5723 CL.

3132 5654 3216 5719 30
