3872 6164
1997 77 2022 98 Ι

499 221 607 278 939

1533 222 1590 292 ες
1623 220 2015 298 φριμιειινμ
2051 220 2358 321 sanans
2394 222 2743 320 mnsam-

3591 233 3671 310 940

500 365 628 406 rum
657 343 1110 408 communicabit,
1141 343 1466 415 priusquam
1497 347 1870 415 consecratus.
1905 342 2011 413 nisi
2041 341 2098 406 in
2117 343 2296 422 Atres
2342 345 2625 418 orationes
2657 347 2978 420 sequentes,
3013 347 3072 396 et
3097 341 3166 414 de
3193 344 3401 439 reliqqu
3430 353 3603 434 ῼμοῇρδ
3631 356 3674 422 in

497 437 740 494 summis
791 435 1036 506 quinque
1082 431 1494 495 festivitatibus,
1543 437 1600 485 et
1652 432 1708 485 in
1757 431 1867 485 illis
1921 431 2098 499 tribus

499 528 698 582 diebus
729 533 860 579 ante
905 523 1160 581 Pascha:
1207 521 1252 576 si
1293 521 1420 575 talis
1461 520 1757 592 infirmitas
1787 538 1832 574 ei
1867 521 2097 574 minime

498 613 906 686 supervenerit,
938 629 1060 682 quae
1086 610 1190 664 sibi
1221 609 1610 664 necessitatem
1651 609 2098 680 communicandi

495 706 685 759 faciat.
707 703 868 767 Quod
893 709 1082 755 tamen
1115 699 1354 753 novitius
1375 699 1681 752 monachus
1704 714 1814 751 non
1833 697 2096 768 observa-

497 794 601 859 bit,
640 791 860 847 etiamsi
903 789 1150 844 nondum
1183 787 1389 840 domno
1417 785 1628 853 abbati,
1657 786 1740 839 vel
1761 785 1934 856 priori
1963 803 2097 840 con-

494 883 793 938 fessionem
819 896 976 934 suam
999 877 1208 930 fecerit.
1228 875 1492 945 Quisquis
1508 875 1655 928 inter
1669 891 1764 928 eos
1779 875 1849 928 de
1863 875 2096 930 ecclesia

497 973 570 1027 ad
598 971 793 1026 cellam
823 975 991 1023 noctu
1028 965 1216 1020 venire
1246 981 1357 1019 non
1389 963 1696 1035 prasumit,
1730 963 1838 1017 nisi
1865 965 1952 1018 vel
1981 981 2092 1034 uno

495 1061 648 1117 socio
682 1062 970 1128 assumpto
1009 1061 1066 1109 et
1113 1070 1226 1108 non
1276 1053 1395 1108 sine
1443 1052 1674 1106 lumine.
1705 1053 1848 1106 Nam
1879 1053 2094 1128 aliquot

497 1151 811 1214 Absconsas
840 1149 944 1214 r31)
967 1148 1127 1216 juxta
1162 1145 1338 1198 altare
1366 1147 1423 1197 et
1461 1143 1603 1196 ostio
1629 1143 1874 1196 ecclesiae
1904 1144 2089 1215 proxi-

423 1249 428 1253 ’
495 1258 650 1296 mum
702 1238 932 1296 invenit.
968 1251 1203 1305 quarum
1244 1249 1415 1286 unam
1463 1232 1712 1318 accipere
1759 1223 1983 1302 poterit.
2031 1233 2089 1287 Si

495 1335 722 1402 propter
741 1325 1126 1385 infirmitatem
1153 1329 1284 1376 ante
1306 1321 1533 1374 chorum
1567 1313 1781 1394 sedere,
1807 1322 1893 1374 vel
1923 1329 2089 1376 noctu

493 1435 596 1492 pro
634 1415 1039 1487 exstinguenda
1081 1411 1170 1466 siti
1216 1411 1283 1464 ad
1329 1410 1698 1464 infirmariain
1730 1409 1829 1472 ire,
1867 1411 1950 1464 vel
1991 1427 2090 1481 pro

493 1509 616 1565 solo
643 1507 845 1579 pedum
875 1503 1066 1557 dolore
1103 1510 1404 1554 nocturnos
1437 1498 1650 1573 calceos
1670 1497 1725 1551 in
1749 1497 1838 1552 die
1866 1506 2090 1571 portare

487 1615 628 1669 opus
649 1597 744 1663 sit,
765 1594 834 1648 ad
855 1594 961 1646 hoc
987 1589 1268 1644 licentiam
1292 1605 1326 1642 a
1345 1589 1610 1656 magistro
1635 1587 1886 1660 accipere
1913 1589 2074 1642 valet.

2181 433 2414 492 ecclesia
2441 434 2822 504 convenimus.
2856 433 2938 506 vel
2980 431 3037 502 in
3077 431 3322 504 capitulo.
3355 439 3426 509 vel
3446 431 3674 509 'refectorio

2179 519 2398 602 agimus
2429 541 2551 594 eam
2584 531 2642 577 et
2669 524 2740 576 ad
2786 523 3098 594 introitum,
3133 533 3188 594 et
3214 525 3274 594 ad
3305 505 3504 601 esitare:
3531 505 3680 592 Sed'iﬁ

2180 612 2414 666 ecclesia
2444 613 2731 672 Dominica
2761 613 3016 682 oratione
3041 611 3192 685 prius
3215 615 3483 688 przeniissa,
3508 627 3680 693 eice.th

2181 701 2404 792 quando
2428 701 2867 772 Complctorium
2894 700 3182 772 incipitur.
3211 693 3264 754 et
3291 705 3484 792 quando
3510 722 3538 772 a
3561 726 3684 780 ριιρη-

2179 779 2270 851 dio
2303 790 2387 844 vel
2416 807 2449 843 a
2477 807 2635 862 cmna
2663 789 2812 844 imns
2837 789 2893 844 in
2923 789 3230 862 ecclesiam,
3259 779 3379 864 tunc
3406 793 3608 864 nonnisi
3632 799 3682 864 ad

2179 879 2406 948 exitum.
2429 879 2542 948 sive
2564 879 2703 938 hora
2725 879 3000 950 regularis
3031 887 3312 952 sequatur.
3336 881 3437 946 sive
3454 900 3562 952 non.
3578 885 3683 950 Item

2176 969 2242 1022 ad
2276 969 2541 1040 officium,
2566 967 2612 1021 si
2644 967 2700 1022 in
2721 969 2812 1021 die
2839 973 3120 1030 cantatur.
3155 985 3260 1040 non
3285 969 3686 1046 inclinamus,qi§i

2175 1057 2242 1110 ad
2275 1058 2463 1122 finem,
2498 1063 2554 1110 et
2597 1055 2816 1136 quoties
2861 1056 3116 1111 venimus
3149 1057 3217 1127 ad
3249 1059 3503 1134 ecclesiam
3529 1070 3684 1136 sancta

2174 1137 2363 1221 lilarize
2415 1146 2876 1218 Quandocunque
2912 1153 3102 1199 autem
3131 1153 3260 1213 ante
3289 1149 3492 1218 missam
3519 1167 3686 1221 proces-

2172 1236 2254 1290 sio
2283 1233 2414 1292 illuc
2441 1237 2648 1308 agitur,
2683 1223 2864 1308 neque
2888 1236 2956 1290 ad
2991 1238 3157 1307 finem
3191 1237 3469 1312 inclinatur
3494 1259 3504 1310 ς
3531 1241 3587 1312 de
3606 1257 3688 1312 qua

2171 1333 2298 1397 post
2320 1311 2570 1386 Psalmos
2601 1314 3062 1396 anniversatiales
3083 1327 3181 1396 [αἱ.
3204 1311 3581 1400 anniversaleﬂ.
3596 1311 3688 1404 vim}

2173 1404 2508 1470 revertimur
2535 1413 2595 1488 in
2643 1412 2972 1484 capitulum,
3025 1430 3092 1467 ea
3137 1415 3272 1476 vice,
3311 1431 3412 1488 non
3442 1416 3532 1488 nisi
3559 1417 3688 1488 semel

2172 1501 2526 1573 inclinamus,
2559 1502 2770 1556 scilicet
2811 1508 2943 1576 apte
2989 1503 3391 1590 percussionem
3432 1503 3618 1576 tabula.
3646 1505 3690 1576 lii

2171 1591 2341 1645 choro
2373 1608 2613 1674 quoque,
2647 1591 2948 1650 stationem
2979 1591 3238 1672 quotiens
3267 1601 3539 1664 mutamus,
3559 1593 3613 1660 ad
3638 1593 3692 1664 2i]-

485 1687 568 1742 Ad
601 1681 970 1739 infirinariam
1021 1686 1208 1732 autem
1239 1693 1339 1742 pro
1380 1693 1548 1746 supra
1575 1675 1724 1730 dicta
1753 1693 1921 1730 causa
1957 1659 2136 1747 ἱμεοΒ
2163 1659 2550 1750 terutrainque
2577 1679 2804 1737 missam
2835 1659 3194 1753 inclinamus.
3221 1681 3300 1750 Ad
3333 1681 3536 1753 missam
3561 1682 3693 1753 enim,

485 1775 711 1848 quidem
741 1774 980 1832 ducente
1009 1768 1192 1821 venit:
1217 1766 1312 1819 sed
1343 1766 1400 1819 in
1433 1765 1674 1818 crastino
1697 1765 1802 1819 nisi
1834 1783 1868 1818 τι
1896 1767 2082 1836 priore

483 1865 534 1919 ei
564 1860 908 1918 infirmarius
938 1858 1204 1927 impetret
1226 1855 1527 1912 licentiam.
1559 1854 1689 1928 inde
1721 1871 1828 1927 non
1854 1848 2075 1925 redibit.

553 1953 612 2007 Si
643 1967 781 2022 opus
810 1947 980 2002 habet
1002 1945 1265 1999 balneare
1295 1943 1361 1996 ad
1381 1943 1742 1997 Nativitatem
1771 1943 1990 1996 Domini
2023 1950 2078 1998 et

477 2041 722 2100 Baschae.
742 2053 870 2091 cum
886 2035 1134 2105 ejusdem
1155 2033 1407 2102 magistra
1429 2031 1658 2085 scientia
1684 2031 1887 2102 potius.
1906 2049 2074 2102 quam

476 2128 703 2182 licentia
741 2127 844 2179 hoc
889 2123 1064 2176 facit:
1112 2121 1222 2174 alio
1268 2128 1520 2190 tempore
1567 2105 1754 2173 autem
1808 2137 1918 2174 non
1966 2121 2073 2175 nisi

472 2215 696 2272 licentia
725 2217 951 2283 accepta
971 2229 1002 2264 a
1031 2212 1231 2282 priore.
1257 2209 1515 2284 Qnandiu
1537 2209 1656 2262 sine
1686 2209 2072 2278 benedictione

469 2305 656 2368 fuerit,
690 2320 800 2358 non
833 2310 916 2356 est
945 2299 1310 2356 consuetudo.
1347 2307 1410 2352 ut
1443 2300 1579 2352 fiant
1618 2298 1666 2352 ci
1696 2308 1953 2368 cocturaz.
1987 2301 2071 2353 vel

466 2395 582 2449 ulla
604 2389 925 2462 hujusmodi
949 2389 1241 2452 medicina,
1270 2394 1473 2457 praeter
1497 2387 1788 2456 sanguinis
1807 2388 2071 2454 minutio-

465 2498 616 2546 nem,
676 2479 778 2534 nisi
833 2479 978 2532 forte
1027 2484 1187 2530 tanta
1243 2476 1318 2528 sit
1371 2475 1694 2531 necessitas.
1757 2493 1854 2544 pro
1908 2477 2070 2545 cujus

465 2568 855 2641 magnitudine
878 2566 1138 2637 impietas
1166 2565 1439 2620 videmur.
1473 2580 1583 2617 non
1613 2563 1918 2633 infringere
1943 2582 2070 2632 ουη-

466 2659 839 2715 suetudinem.
867 2643 1092 2710 Interim
1117 2655 1310 2712 etiam.
1329 2653 1460 2706 dum
1486 2670 1592 2706 non
1614 2659 1700 2706 est
1721 2653 2064 2715 benedictus,

465 2750 511 2804 si
547 2748 759 2820 fugerit
794 2746 864 2800 de
913 2744 1271 2805 monasterio,
1313 2760 1424 2796 non
1465 2749 1549 2796 est
1596 2744 2012 2818 persequendus
2051 2761 2062 2816 ς

466 2839 596 2910 quia
617 2837 864 2892 nondum
882 2840 968 2888 est
984 2833 1305 2887 monachus.
1333 2849 1512 2902 neque.
1537 2832 1842 2902 professus;
1873 2835 1918 2886 si
1940 2850 2064 2898 vero

464 2935 663 3000 sponte
696 2925 940 2981 redierit.
977 2941 1086 2977 non
1119 2931 1202 2976 est
1247 2921 1403 2974 Facile
1433 2914 1838 2991 suscipiendus.
1872 2922 1965 2974 secl
1996 2922 2064 2975 de

463 3015 736 3070 industria
762 3009 1203 3066 contemnendus
1247 3008 1302 3062 Si
1334 3007 1610 3078 patienter
1639 3008 1741 3060 hoc
1769 3007 1978 3065 tule'it.
2009 3013 2064 3060 et

465 3121 532 3160 ex
582 3103 750 3157 corde
803 3099 1146 3171 pceuituerit.
1191 3114 1300 3151 non
1350 3103 1436 3150 est
1489 3096 1543 3149 in
1594 3095 1839 3166 capitulo
1879 3095 2063 3150 nudus

464 3191 885 3266 praesentandus
927 3208 938 3242 :
983 3189 1112 3259 quia
1167 3203 1268 3240 nec
1313 3185 1589 3240 cucullam
1639 3201 1740 3237 nec
1777 3187 2061 3258 caputium

464 3282 654 3342 habet,
689 3279 786 3341 sed
820 3285 1040 3332 tantum
1079 3275 1296 3330 abbatis
1345 3281 1618 3344 praecepto
1653 3273 1707 3345 in
1753 3274 2061 3347 claustrum

463 3371 706 3426 ducitur.
739 3377 796 3422 et
819 3365 1115 3422 conventui
1145 3365 1444 3418 adunatur.
1474 3363 1537 3416 ln
1563 3363 1950 3432 aegritudinem
1979 3363 2060 3416 in-

461 3461 650 3514 sidens
677 3475 902 3513 carnem
935 3471 1042 3508 non
1073 3454 1388 3508 manducat.
1416 3451 1635 3505 etiamsi
1667 3453 1718 3504 in
1748 3451 2058 3506 infirmaria

461 3549 534 3604 sit
565 3549 802 3602 multum
835 3545 1054 3601 debilis.
1090 3543 1196 3597 nisi
1229 3542 1338 3595 alio
1366 3540 1488 3595 cibo
1517 3541 1665 3594 relici
1695 3549 1954 3611 nequeat.
1991 3543 2056 3595 Et

461 3639 512 3698 si
565 3635 918 3696 convalescit.
960 3641 1188 3704 propter
1226 3633 1328 3684 hoc
1381 3630 1598 3682 veniam
1648 3647 1755 3700 non
1807 3632 1962 3700 petit.
1998 3631 2056 3685 Si

461 3725 586 3796 quis
641 3722 948 3776 monachus
1009 3720 1156 3772 inter
1223 3717 1460 3771 novitius
1533 3713 1834 3788 instruitur
1912 3718 2056 3788 hanc

461 3813 772 3868 doctrinam
807 3827 914 3864 non
957 3807 1184 3866 deserit.
1220 3806 1325 3860 nisi
1358 3823 1482 3859 cum
1531 3805 1798 3876 magistro
1836 3813 2058 3878 tempus

460 3917 582 3956 esse
615 3901 850 3954 videtur.
889 3897 1005 3957 llis.
1039 3913 1162 3966 quae
1203 3899 1536 3966 sequuntur,
1579 3893 1775 3948 novitii
1805 3904 2056 3968 tempore

460 3989 804 4063 probationis
831 4004 945 4042 suae
973 3987 1351 4040 instruuntur.

1075 4075 1312 4130 CAPUT
1350 4074 1442 4128 IV.

1013 4166 1084 4218 De
1117 4167 1229 4217 incl
1237 4166 1500 4216 mitione.

2164 1767 2259 1846 qui
2289 1773 2422 1828 sunt
2451 1767 2716 1830 seniores,
2744 1776 2895 1838 stant
2927 1768 3092 1838 primi
3128 1775 3186 1825 et
3211 1768 3437 1842 proximi
3463 1769 3693 1838 principali

2161 1856 2322 1926 altari
2351 1875 2362 1909 :
2389 1855 2456 1910 ad
2493 1857 2782 1926 regulares
2812 1856 2978 1913 horas
3009 1857 3292 1911 novissimi
3320 1857 3376 1928 in
3405 1857 3693 1928 extremitate

2159 1944 2334 2016 chori.
2373 1953 2573 2014 praeter
2601 1945 2668 1998 ad
2703 1945 2954 2019 'l‘ertiam
2987 1945 3042 1998 in
3077 1945 3364 2018 duodecim
3406 1945 3691 2016 lectionibus,

2159 2033 2217 2086 in
2249 2021 2466 2104 quibus.
2501 2033 2632 2104 quia
2669 2035 2814 2106 solet
2861 2034 3114 2087 eamdem
3171 2035 3358 2104 horam
3409 2033 3694 2104 matutinalis

2159 2122 2325 2178 missa
2370 2122 2702 2197 praecedere,
2737 2129 2794 2176 et
2835 2121 3015 2192 major
3042 2123 3235 2177 statim
3277 2124 3563 2196 succedere.
3599 2139 3695 2192 pro:

2159 2220 2282 2283 pter
2317 2203 2421 2264 hoc
2470 2217 2620 2282 puto.
2665 2211 2811 2280 quod
2868 2211 3039 2282 statio
3082 2229 3193 2286 non
3249 2219 3486 2284 mutatur
3531 2212 3596 2266 De
3621 2211 3695 2280 hoc

2155 2308 2342 2354 autem
2375 2304 2636 2378 praelatus
2678 2299 2884 2354 Christi
2931 2302 3202 2384 scholaris
3253 2305 3361 2376 non
3403 2309 3510 2376 tam
3545 2299 3698 2372 auditu

2155 2398 2426 2462 quantum
2463 2389 2580 2443 visu
2613 2389 2933 2456 instiuitur.

2173 2469 2186 2480 ‘
2797 2479 3031 2536 CAPUT
3058 2482 3125 2550 v,

2258 2569 2330 2622 De
2357 2571 2596 2630 silentio.
2630 2570 2692 2622 in
2726 2570 2926 2636 quibus
2953 2570 3199 2637 officinis
3228 2574 3300 2622 sit
3333 2570 3616 2634 tenendum.

2220 2661 2360 2734 (01).)
2385 2657 2538 2728 Opus
2564 2673 2786 2728 quoque
2809 2657 2980 2715 habet
3008 2665 3071 2717 ut
3101 2658 3264 2730 signa
3287 2659 3566 2730 dilignter
3585 2653 3704 2712 addi.

2148 2752 2282 2803 scat.
2331 2745 2532 2816 quibus
2587 2750 2778 2816 tacens
2828 2746 3246 2817 quodammodo
3291 2745 3554 2818 loquatur,
3601 2742 3703 2814 quia

2150 2835 2472 2904 prliis-quam
2515 2833 2796 2904 adunatus
2843 2834 3013 2896 fuerit
3047 2835 3115 2887 ad
3160 2844 3488 2907 conventum
3525 2831 3638 2901 licet
3666 2829 3705 2902 ei

2149 2922 2434 2986 rariSsime
2462 2921 2634 2990 loqui.
2663 2921 2728 2974 Et
2756 2923 2896 2975 tales
2917 2923 3151 2994 officinis
3177 2923 3385 2996 suntin
3411 2923 3641 2992 rlaustro,
3663 2917 3704 2984 in

2085 2977 2128 3035 Ο
2147 3010 2347 3082 quibus
2376 3017 2463 3064 est
2486 2977 2754 3063 triulitum
2777 3027 2808 3063 a
2833 2983 3100 3065 Patribus‘
3117 2981 3348 3072 nostris.
3373 3019 3427 3064 et
3441 2989 3704 3082 iprzefisum,

2146 3087 2209 3154 ut
2251 3108 2582 3170 perpetuum
2630 3099 2914 3167 silentium
2963 3107 3249 3166 teneatur,
3301 3101 3355 3154 id
3389 3108 3470 3158 est
3497 3099 3706 3171 ecclesiis,

2145 3183 2558 3260 dormitorium.
2586 3187 2962 3259 refectorium,
2988 3191 3233 3262 coquina
3261 3188 3542 3274 regularis.
3563 3187 3618 3258 ln
3640 3184 3708 3236 his

2144 3277 2379 3348 singulis
2408 3284 2523 3332 tam
2579 3279 2633 3330 in
2679 3278 2790 3341 die.
2824 3296 2992 3349 quam
3037 3279 3092 3341 in
3139 3277 3418 3350 noctessi
3466 3277 3542 3350 vel
3570 3289 3710 3344 unum

2142 3367 2370 3431 verbum
2393 3383 2674 3437 quoquam
2707 3367 2974 3428 audiente
3011 3368 3283 3436 loiluitur.
3309 3373 3502 3438 sponte
3530 3363 3709 3434 veniam

2141 3456 2300 3528 petit.
2349 3456 2453 3510 Sed
2497 3453 2540 3508 si
2583 3455 2727 3526 hanc
2760 3456 3162 3526 negligentiam
3196 3454 3530 3534 aliquotiens
3565 3453 3713 3538 iIlClll‘:

2142 3545 2295 3612 rerit,
2325 3543 2608 3597 interdum
2630 3544 2906 3614 judicium
2936 3561 3047 3597 non
3069 3545 3281 3614 evadit.
3313 3547 3336 3567 '
3359 3543 3510 3617 Alias
3532 3556 3656 3600 VPI‘O-
3676 3545 3712 3588 δι

2141 3633 2269 3703 quid
2321 3633 2586 3702 loquitur.
2638 3633 2741 3698 nisi
2794 3632 3131 3695 int-laniatus
3168 3633 3392 3688 veniam
3437 3647 3543 3704 non
3569 3627 3710 3697 facit;

2137 3721 2234 3774 sed
2261 3733 2394 3776 tunc
2420 3739 2544 3775 raro
2572 3721 2845 3792 judicium
2880 3723 3085 3776 evadit.
3115 3727 3263 3784 (ιῖυ.)
3297 3723 3364 3776 Et
3391 3721 3435 3775 si
3468 3719 3542 3792 vel
3570 3731 3710 3789 una";

2139 3809 2506 3881 antiphonam
2542 3798 2623 3864 vel
2655 3795 3094 3880 re-sponsoriuin,
3126 3811 3219 3864 vel
3265 3809 3418 3873 aliud
3468 3805 3589 3887 quid
3623 3803 3714 3878 ῳιε

2138 3899 2350 3970 absque
2399 3899 2538 3966 libro
2577 3900 2968 3964 nominaverit,
3019 3908 3076 3954 et
3123 3900 3184 3976 in
3233 3900 3382 3958 libro
3431 3895 3586 3966 simul
3613 3907 3715 3966 curn

2139 3988 2436 4058 emissione
2467 3989 2616 4042 verbi
2647 4005 2758 4042 non
2789 3988 3008 4054 viderit.
3039 3988 3102 4042 de
3125 3988 3236 4054 hoc
3259 4005 3374 4052 non
3405 3984 3550 4059 aliud
3579 3996 3720 4056 quam

2137 4075 2302 4147 plane
2329 4077 2614 4145 silentium
2657 4085 2920 4144 censetur
2949 4075 3272 4154 infregisse.
3311 4081 3338 4104 *
3371 4075 3438 4130 In
3477 4069 3720 4142 auditorio

2139 4181 2249 4218 non
2278 4163 2408 4218 licet
2437 4165 2486 4230 ei
2519 4164 2668 4235 loqui
2702 4165 2970 4231 sedendo,
2993 4165 3100 4218 nisi
3131 4182 3264 4244 cum
3298 4165 3506 4228 domno
3525 4159 3716 4230 abbate,

503 4252 1388 4326 (un.car.lSaneimprimisetsiid
1403 4251 2121 4323 parvummecmentioneD
2144 4251 2222 4304 vel
2258 4253 2463 4322 priore,
2507 4244 2608 4305 aut
2645 4252 2931 4306 claustrali
2979 4253 3164 4324 priore
3217 4255 3469 4328 pleniter
3497 4250 3719 4316 ordinen}

457 4347 686 4417 dignum
702 4343 915 4398 censeri
927 4341 1180 4413 possitab
1193 4342 1400 4410 aliquo,
1417 4346 1604 4394 tamen
1619 4357 1744 4393 cum
1759 4357 1869 4393 non
1884 4357 2053 4413 parvo

455 4433 662 4496 studio,
689 4431 920 4502 quilibet
943 4429 1186 4483 novitius
1219 4435 1305 4481 est
1330 4429 1712 4492 instruendus,
1743 4435 1806 4502 ut
1835 4423 2052 4501 regula-

455 4520 596 4574 riter
623 4518 766 4586 sciat
791 4517 1079 4578 inclinare,
1109 4515 1318 4570 scilicet
1359 4533 1470 4569 non
1500 4516 1666 4568 dorso
1696 4517 1953 4576 allevato.
1988 4523 2050 4570 ut

454 4608 789 4680 quibusdam
825 4605 1234 4676 negligentibus
1261 4613 1347 4659 est
1374 4605 1650 4660 familiare
1683 4623 1694 4658 :
1727 4605 1824 4658 sed
1855 4604 1954 4670 ita,
1987 4611 2049 4679 ut

453 4699 681 4752 dorsum
716 4695 790 4750 sit
813 4691 1146 4748 submissius
1172 4709 1338 4764 quam
1366 4692 1561 4751 lumbi.
1593 4699 1645 4747 et
1675 4699 1844 4764 caput
1871 4694 2046 4769 subli-

451 4787 600 4842 mius
629 4801 796 4856 quam
845 4783 1091 4838 dorsum.
1139 4783 1315 4847 Quam
1366 4782 1784 4836 inclinationem
1817 4799 1918 4836 nos
1948 4801 2048 4859 per

450 4890 613 4934 usum
657 4875 809 4928 Amm
851 4887 919 4926 ET
961 4887 1130 4924 neruo
1162 4871 1268 4937 (32;
1301 4869 1668 4940 appellamus,
1701 4886 1822 4940 quae
1851 4875 2048 4924 contra

447 4963 736 5022 Orientem
760 4959 974 5032 incipit,
1005 4967 1060 5013 et
1086 4959 1209 5013 ﬁnit
1234 4965 1426 5012 contra
1455 4959 1835 5012 Occidentem.
1865 4960 2045 5024 Quam

443 5053 614 5110 etiam
653 5050 872 5120 agimus
901 5049 1082 5120 primo
1111 5055 1242 5106 ante
1273 5049 1589 5101 Nocturnos
1618 5055 1742 5118 post
1771 5055 1885 5101 tres
1915 5065 2042 5102 ora-

438 5142 642 5207 tiones,
675 5143 734 5196 et
761 5149 886 5210 post
910 5136 1349 5207 tompletorium
1387 5135 1633 5202 finitum,
1666 5146 1724 5190 et
1747 5137 1883 5190 item
1915 5143 2042 5208 post

513 5281 623 5351 (3|)
649 5284 918 5356 descensu
949 5295 1093 5356 czeca
1119 5278 1356 5356 interna.
1389 5294 1500 5356 qua
1530 5277 1784 5356 monachi
1816 5287 1879 5334 ut
1909 5281 2035 5352 plu-

435 5349 878 5422 rin'i‘um‘u'teban
909 5368 980 5417 ur.
1003 5352 1057 5404 in
1085 5350 1355 5410 obeundis
1381 5349 1745 5421 dormiturus.

763 5412 924 5495 voces
951 5429 1078 5489 ante
1108 5431 1155 5478 et
1184 5427 1348 5482 retro.
1390 5412 1714 5492 tl'equcnter
1737 5430 2035 5494 recurrunt

517 5493 623 5549 hoc
745 5495 986 5549 dinario.
1033 5507 1258 5549 seinoer
1292 5497 1484 5549 tamen
1521 5493 1842 5549 sianiﬁcant
1868 5493 2031 5549 iacti-

431 5497 490 5550 in
517 5493 623 5551 Hoc
649 5493 986 5569 magna.
1033 5507 1258 5574 semper
1292 5497 1484 5566 tamen
1521 5493 1842 5566 signiﬁcant
1868 5493 2031 5550 iacti;

735 5553 902 5569 .v-~0N\

2136 4337 2382 4404 tenente.
2419 4342 2525 4416 Sed
2558 4348 2616 4412 et
2644 4358 2930 4415 nunquam
2965 4331 3022 4415 in
3049 4343 3356 4414 duodecim
3393 4337 3718 4415 lectionibus,

2135 4445 2316 4500 neque
2358 4429 2415 4483 in
2461 4435 2653 4500 aestate
2699 4430 2930 4501 privatis
2959 4431 3156 4506 diebus
3187 4439 3503 4506 antequam
3551 4426 3722 4494 litaniq

2131 4518 2378 4583 ﬁniatur,
2413 4536 2594 4590 neque
2625 4519 2682 4572 in
2713 4519 2914 4590 hyeme
2956 4523 3087 4594 ante
3116 4503 3368 4574 tertiani
3397 4518 3470 4594 ibi
3503 4517 3584 4592 vel
3607 4509 3722 4568 alibi

2129 4607 2188 4661 in
2220 4608 2464 4682 claustro
2491 4603 2796 4679 quidquam
2823 4609 3086 4686 loquitur.
3117 4609 3240 4664 Hoc
3263 4617 3325 4675 et
3354 4610 3412 4676 in
3438 4607 3574 4662 cella
3595 4601 3724 4660 novi-

2130 4697 2337 4752 tiorum
2397 4695 2744 4770 observatur,
2789 4694 3016 4770 excepto
3055 4699 3208 4770 quod
3266 4699 3514 4770 domnus
3550 4692 3721 4766 abbas.

2131 4787 2214 4839 vel
2249 4786 2424 4858 Prior,
2456 4787 2541 4841 vel
2587 4787 2856 4860 Magister
2884 4786 3248 4860 novitiorurn,
3287 4787 3460 4856 solito
3495 4794 3727 4860 tempore

2129 4883 2313 4947 potest
2339 4875 2415 4946 ibi
2442 4877 2678 4946 alicujus
2709 4875 2904 4930 novitii
2929 4877 3350 4950 confessionem
3383 4861 3626 4950 audire;

2599 4959 2604 4966 ·
2752 4961 2986 5033 CAPUT
3023 4965 3118 5032 Ἦ.

2615 5053 2689 5106 De
2727 5055 2901 5120 signis
2943 5055 3228 5124 loquendi.

2191 5141 2272 5196 De
2291 5139 2428 5212 ipsis
2451 5147 2638 5196 autem
2661 5141 2856 5212 signis,
2878 5151 2943 5196 ut
2961 5133 3150 5214 aliqua
3172 5158 3416 5214 ponam,
3439 5159 3492 5199 ν.
3516 5161 3580 5216 g.
3604 5138 3722 5210 (33).

2116 5283 2401 5338 nationem
2428 5285 2695 5355 corporis.
2727 5301 2847 5354 qua:
2873 5291 3067 5355 contra;
3099 5285 3395 5356 Oris-(item
3427 5288 3643 5355 incipit,
3673 5287 3718 5356 et

2116 5360 2244 5422 ﬁuit
2272 5364 2416 5409 ιτυιιιο
2435 5373 2470 5409 a
2501 5359 2858 5432 acciderim-:2,
2884 5363 2949 5410 ut
2971 5357 3028 5410 in
3055 5356 3188 5428 0rd.
3223 5355 3493 5432 Ciuniac,
3517 5355 3722 5431 monui-

2115 5443 2296 5570 ulla?”
2329 5498 2468 5554 Vide
2496 5515 2618 5592 οαρ,
2658 5497 2742 5568 17,
2771 5505 2918 5572 part.
2949 5513 2990 5554 ι.
3022 5498 3462 5582 (iw—0.1mm“.-
