3908 6168
479 220 586 306 9543
1512 244 1571 300 s.
1605 242 1999 300 GUILLELMI
2035 243 2340 303 ABBATIS
2379 246 2720 304 HIRSAUG.
3595 254 3678 311 944

478 362 628 429 eam.
663 387 786 444 qum
812 369 1047 426 inferior
1071 373 1158 423 est
1197 368 1487 440 paululum
1514 368 1570 422 in
1600 384 1786 423 aerem
1815 385 2067 428 movens.
2097 375 2145 453 Α)
2161 371 2279 425 lum
2308 387 2471 443 pone.
2505 372 2711 427 Eodem
2743 371 2908 425 modo
2949 387 3051 441 pro
3094 371 3290 426 minori
3318 389 3499 443 pruna,
3527 376 3681 431 addita

481 462 688 517 Eodem
717 460 899 521 modo.
928 459 973 513 si
1005 475 1171 530 poma
1199 458 1378 512 assari
1420 458 1632 528 cupias.
1669 459 1774 512 Pro
1808 458 1967 528 signo
1998 459 2076 513 la-
2158 461 2465 515 elevatione
2494 461 2714 514 minimi
2740 461 2921 531 digiti.
2959 461 3066 514 Pro
3097 461 3251 532 signo
3278 479 3591 523 cerasorum;
3609 483 3684 536 ge-

478 550 601 613 ctis,
637 566 831 603 omnes
859 548 1066 619 digitos
1095 547 1336 601 dextera
1363 563 1566 600 manus
1585 546 1815 600 minimo
1840 548 2076 603 alterius
2158 550 2336 603 nerali
2365 549 2526 620 signo
2557 550 2841 620 praemisso
2869 549 3105 619 digitum
3137 550 3190 602 in
3219 567 3357 620 gena
3398 568 3540 620 pone,
3565 557 3683 625 quod

481 655 685 695 manus
727 638 903 710 digito
936 638 1324 708 circumponas
1379 642 1437 690 et
1463 636 1544 691 sic
1571 636 1628 690 in
1645 653 1833 690 aerem
1856 637 2068 700 trahas,
2161 638 2396 693 rubeum
2426 655 2651 710 semper
2676 639 2917 693 colorem
2948 639 3228 709 exprimit.
3248 639 3349 693 Pro
3372 640 3685 713 signo'frago-

479 727 663 798 ipsum
684 727 771 782 lac
784 726 1163 796 emulgentem
1186 723 1600 778 simulans.Pro
1611 724 1771 794 signo
1784 723 2071 794 placentae;
2158 743 2305 792 rum,
2326 727 2501 781 trium
2526 727 2894 782 maximorum
2915 727 3267 783 summitates
3290 729 3561 799 digitorum
3577 747 3688 787 cnn-

478 817 731 888 generali
749 817 910 886 signo
933 815 1221 887 praemisso
1234 814 1397 885 panis
1417 818 1473 866 et
1494 813 1660 870 casei,
1684 812 1754 866 de
1768 829 1882 866 una
1903 828 2074 866 manu
2151 816 2347 886 jungc,
2383 816 2617 887 reliquis
2646 833 2868 888 quoque
2898 817 3116 871 duobus
3144 818 3465 888 compositis,
3492 820 3687 890 applica-

482 921 677 960 omnes
707 905 914 975 digitos
949 904 1191 958 inﬂecte.
1222 909 1279 956 et
1305 901 1385 956 ita
1410 919 1581 955 manu
1610 917 1744 956 cava
1765 900 1823 954 in
1850 900 2078 955 interio-
2156 906 2342 975 tisque
2359 904 2567 960 dextrae
2588 906 2973 960 manustribus
2985 905 3524 976 digitis.vellicantem
3540 925 3686 964 moros

481 1010 604 1049 rem
643 993 995 1066 superﬁciem
1026 992 1259 1049 alterius
1288 1008 1491 1046 manus
1543 1007 1707 1062 pone.
1762 991 1872 1044 Pro
1918 989 2078 1060 signo
2160 994 2366 1048 simula
2405 1009 2416 1042 :
2449 994 2850 1066 sciendumque
2901 1000 2991 1049 est
3033 995 3223 1049 omnia
3268 995 3423 1067 nigri,
3465 996 3687 1069 rubeique

480 1082 992 1154 crispellarum(f16)
1006 1084 1093 1137 vel
1119 1081 1506 1151 frigdolarum,
1530 1097 1656 1136 cum
1681 1096 1869 1151 pugno
1892 1079 2081 1151 accipe
2162 1082 2363 1137 coloris
2397 1082 2573 1153 fraga,
2607 1100 2896 1154 unumque
2940 1084 3203 1155 idemque
3242 1084 3451 1155 signum
3478 1085 3681 1140 habere:

481 1175 687 1241 crines,
709 1173 870 1245 quasi
890 1172 1084 1243 cupias
1110 1188 1205 1225 eos
1225 1170 1305 1224 ita
1325 1170 1538 1241 crispos
1558 1170 1758 1223 facere.
1785 1169 1894 1221 Pro
1914 1168 2074 1238 signo
2158 1178 2409 1243 excepto,
2443 1173 2591 1242 quod
2637 1172 2795 1242 nigra
2840 1173 3043 1228 tunica
3070 1174 3253 1244 signo,
3291 1175 3399 1229 alia
3424 1192 3537 1229 vero
3562 1175 3686 1231 rubei

479 1263 826 1317 raseolarum
856 1261 1013 1333 (47);
1063 1259 1311 1331 generali
1351 1260 1511 1329 signo
1558 1257 1844 1328 praemisso
1890 1257 2069 1327 panis,
2157 1261 2358 1315 coloris
2386 1261 2548 1332 signo
2576 1262 2799 1316 diﬁ‘erre
2828 1262 3019 1316 facins.

480 1351 682 1406 simula
712 1368 838 1406 cum
870 1350 1089 1405 duobus
1117 1349 1308 1420 digitis
1337 1349 1464 1402 illas
1496 1346 1743 1400 minutas
1780 1344 2075 1399 involutio—
2761 1349 2995 1407 CAPUT
3044 1351 3144 1407 ΧΙ,

480 1457 600 1505 nes,
634 1458 759 1512 quae
787 1440 844 1494 in
876 1441 957 1494 eis
999 1447 1132 1494 sunt
1167 1442 1326 1492 tactae
1373 1454 1437 1490 ex
1485 1453 1551 1491 ea
1598 1442 1775 1507 parte.
1805 1450 1917 1505 qua
1943 1438 2075 1488 sunt
2404 1443 2478 1496 Dc
2509 1444 2684 1508 signis
2720 1457 3011 1509 pomorum
3050 1445 3481 1509 peregrinorum.

454 1531 826 1602 complicata:
853 1536 911 1584 et
941 1529 1099 1600 quasi
1130 1527 1404 1582 rotundae.
1443 1526 1551 1580 Pro
1580 1525 1739 1596 signo
1772 1523 1953 1596 panis,
1978 1523 2074 1594 qui
2228 1532 2251 1553 '
2277 1531 2385 1584 Pro
2406 1530 2568 1601 signo
2594 1530 2745 1601 pomi
2774 1530 2985 1585 cedrini
3011 1549 3023 1588 ;
3055 1532 3304 1601 generali
3328 1531 3582 1601 praemisso
3604 1533 3685 1586 hoc

476 1621 537 1673 in
566 1620 850 1690 sartagine
878 1619 1140 1686 οοαυῖιιιν
1165 1636 1177 1683 ἱ
1219 1615 1543 1687 ΡΓεθεοΓίΡίο
1573 1614 1737 1668 ωοάο
1767 1622 1964 1667 contra
1994 1613 2077 1665 ἀί·
2156 1622 2738 1687 adde,utinteriorem
2765 1630 2980 1694 partem
3008 1624 3220 1694 pollicis
3237 1631 3416 1678 mento
3434 1641 3683 1695 supponas.

475 1709 657 1780 gitum
691 1709 876 1775 suffla,
908 1709 1249 1777 signumque
1276 1703 1571 1776 sagiminis
1597 1703 1741 1757 adde
1780 1703 1889 1756 Pro
1910 1695 2134 1773 signoB
2158 1711 2266 1765 Pro
2286 1712 2446 1782 signo
2468 1713 2626 1777 ﬁcus,
2647 1712 2898 1782 generali
2925 1713 3210 1783 praemisso
3235 1713 3510 1784 utriusque
3528 1730 3688 1768 manus

474 1798 752 1869 pulmenti
783 1796 1028 1852 oleribus
1058 1795 1290 1850 confecti
1317 1814 1329 1862 ;
1376 1810 1503 1847 cum
1552 1792 1733 1846 indice
1772 1792 1966 1845 dextro
2014 1791 2073 1846 in
2156 1800 2363 1871 digitos
2392 1802 2682 1873 complica.
2712 1802 3037 1873 junctisque
3058 1803 3126 1855 ad
3150 1803 3378 1857 invicem
3404 1802 3625 1856 manibus
3644 1804 3687 1855 in

471 1888 800 1943 summitate
824 1885 997 1959 pugni
1028 1884 1242 1939 sinistri
1256 1883 1459 1937 simula
1483 1882 1820 1936 incidentem
1846 1881 2072 1935 easdem
2154 1891 2429 1961 superiori
2460 1908 2682 1946 rursum
2712 1891 2993 1961 disjunge,
3026 1892 3197 1946 veluti
3224 1892 3317 1952 qui
3348 1909 3456 1946 rem
3487 1892 3688 1963 aliquam

473 1975 699 2030 herbas.
735 1976 842 2029 Pro
872 1975 1033 2044 signo
1079 1972 1524 2035 διινδίοίυηουιεεν
1580 1970 1639 2024 id
1693 1976 1798 2036 est.
1845 1970 1951 2024 Cibi
2007 1986 2072 2024 ex
2152 1979 2484 2034 dividitPro
2505 1980 2664 2051 signo
2692 1987 2988 2035 castaneae.
3009 1997 3236 2035 manum
3259 1981 3317 2035 in
3333 1997 3541 2036 manum
3558 1997 3688 2051 pone,

468 2064 682 2130 herbis,
715 2068 849 2130 etc.,
871 2069 929 2118 et
958 2062 1203 2118 oleribus
1233 2060 1469 2116 confecti
1493 2079 1506 2126 ;
1556 2065 1757 2114 contra
1790 2065 2073 2113 extentam
2153 2066 2238 2121 bis
2265 2068 2351 2122 vel
2381 2074 2467 2122 tcr
2496 2085 2622 2123 eam
2652 2068 3070 2124 circumferens,

472 2169 706 2208 manum
728 2152 1015 2207 sinistram
1038 2169 1241 2224 gyrum
1269 2169 1395 2205 cum
1427 2152 1622 2205 dextro
1650 2150 1831 2204 indice
1860 2149 2031 2202 facias
2056 2166 2069 2216 ;
2749 2158 2837 2212 CA
2848 2158 2983 2213 PUT
3025 2157 3151 2213 ΧΠ,

470 2259 576 2313 pro
606 2260 672 2298 eo
703 2242 851 2314 quod
881 2248 936 2297 et
962 2242 1146 2314 ipsum
1178 2241 1257 2296 ita
1289 2240 1683 2294 cirrumfertur
1713 2240 1771 2293 in
1801 2238 1930 2293 olla.
1963 2238 2073 2291 Pro
2657 2246 2725 2299 Dc
2777 2249 2953 2314 signa;
3005 2250 3246 2304 olerum,

472 2331 636 2402 signo
666 2331 828 2395 milii,
862 2331 969 2385 isto
999 2331 1194 2385 eodem
1236 2329 1523 2402 praemisso
1556 2329 1660 2382 hoc
1686 2327 1849 2389 adde,
1873 2332 1939 2381 ut
1959 2326 2076 2397 pol-
2220 2335 2242 2355 θ
2274 2333 2548 2388 Generalc
2575 2334 2798 2405 signum
2827 2336 3041 2390 clerum
3070 2337 3420 2401 est.,indiccm
3451 2335 3683 2397 deorsum,

471 2420 634 2476 licem
664 2421 723 2475 in
754 2420 1082 2475 summitate
1113 2419 1333 2473 minimi
1372 2418 1534 2490 digiti
1578 2417 1859 2471 modicum
1893 2415 2072 2487 prosi-
2152 2420 2208 2475 id
2239 2428 2342 2487 est,
2367 2429 2563 2477 contra
2588 2430 2797 2478 terram
2817 2426 3136 2489 extendere,
3166 2427 3245 2481 sic
3276 2434 3454 2481 tamen
3496 2430 3549 2478 ut
3570 2437 3686 2476 sum-

467 2508 573 2565 lire
621 2510 815 2565 facias.
866 2510 976 2564 Pro
1023 2508 1184 2577 signo
1210 2507 1575 2573 comedendi;
1608 2507 1748 2561 duos
1778 2522 2068 2576 supremos
2151 2512 2403 2567 mitatem
2427 2513 2806 2585 pollicisillius
2829 2515 3013 2569 medio
3034 2516 3273 2570 articulo
3288 2510 3684 2587 apponas.Quod,

467 2599 676 2669 digitos
704 2600 1031 2669 conjunctos
1052 2597 1120 2652 ad
1150 2614 1212 2651 os
1239 2597 1413 2651 semel
1446 2596 1687 2667 porrige,
1711 2595 1927 2650 caeteris
1960 2612 2065 2665 pu-
2150 2601 2254 2655 etsi
2284 2603 2545 2657 omnibus
2576 2603 2821 2658 oleribus
2850 2604 3032 2675 primo
3062 2605 3184 2658 loco
3214 2604 3509 2665 conveniat,
3535 2607 3686 2654 tamen

464 2688 601 2759 gillo
633 2687 932 2759 implicatis
983 2688 1091 2741 Pro
1119 2687 1280 2757 signo
1319 2686 1504 2740 carnis
1533 2702 1661 2740 cum
1712 2684 1903 2754 digitis
1933 2684 2066 2737 duo-
2146 2706 2373 2760 porrum
2401 2692 2719 2763 specialiter
2744 2699 2798 2747 et
2824 2694 3048 2764 proprie
3077 2694 3282 2765 signat.
3312 2695 3414 2748 Pro
3432 2693 3687 2761 signncepc

465 2776 574 2833 bus
620 2778 863 2832 dexterae
901 2793 1102 2831 manus
1158 2776 1216 2830 in
1270 2775 1534 2831 exteriori
1587 2775 1883 2847 superﬁcie
1921 2773 2064 2827 alte-
2148 2779 2396 2848 generali
2439 2782 2726 2851 praemisso
2753 2783 2858 2837 hoc
2886 2783 3050 2839 adde.
3101 2790 3166 2838 ut,
3209 2783 3458 2839 omnibus
3490 2780 3686 2834 sinistra:

465 2867 587 2922 rius
628 2876 813 2924 cutem
860 2873 1050 2937 tange,
1104 2865 1294 2920 addito
1339 2865 1502 2936 signo
1552 2863 1899 2918 comedendi.
1956 2863 2064 2916 Pro
2148 2884 2349 2923 manus
2376 2870 2566 2940 digitis
2592 2871 2817 2926 insimul
2845 2872 3346 2941 iunctis,dextrum
3380 2870 3687 2937 indicemper

464 2957 627 3030 signo
655 2957 969 3029 sagiminis.
1004 2955 1239 3010 extende
1265 2971 1492 3009 manum
1525 2953 1834 3016 sinistram,
1867 2958 1925 3006 et
1949 2958 2065 3007 tres
2086 2972 2343 3032 Ceorum
2372 2960 2670 3014 sumitates
2716 2960 2930 3016 trahas.
2978 2962 3256 3016 simulans
3299 2977 3442 3023 eum,
3475 2957 3559 3029 qui
3584 2969 3685 3008 cum

465 3048 685 3103 medios
708 3047 914 3118 digitos
945 3045 1178 3100 alterius
1207 3061 1406 3098 manus
1435 3044 1492 3097 in
1519 3043 1672 3097 illius
1708 3042 1962 3097 interiori
1988 3042 2063 3095 le-
2144 3046 2324 3099 cultro
2355 3046 2565 3117 aliquid
2600 3048 2828 3103 incidat.
2854 3049 2961 3103 Pro
3002 3050 3163 3120 signo
3193 3049 3441 3122 peponis,
3470 3043 3687 3118 praedicto

463 3138 615 3192 nitar
640 3138 822 3199 trahe,
873 3136 1033 3207 quasi
1080 3142 1383 3204 ungentem
1440 3132 1688 3187 simules.
1743 3132 1851 3185 Pro
1901 3131 2061 3202 signo
2144 3134 2312 3189 modo
2341 3135 2549 3206 digitos
2577 3138 2870 3209 conjunge,
2893 3144 2950 3192 et
2978 3138 3220 3194 indicem
3250 3156 3351 3210 per
3363 3140 3626 3207 juncturas
3641 3130 3687 3183 il-

464 3226 574 3282 olei
603 3226 896 3289 naturalis,
930 3224 1078 3296 quod
1135 3241 1201 3278 ex
1259 3222 1495 3277 nucibus
1540 3220 1661 3276 ﬁeri
1718 3221 1877 3283 solet,
1925 3236 2063 3290 prae-
2144 3224 2327 3279 lorum
2357 3226 2619 3281 deorsum
2647 3228 2828 3291 trahe,
2861 3244 2926 3282 ac
2964 3228 3011 3281 si
3057 3229 3257 3289 lineas,
3290 3244 3408 3299 quae
3433 3226 3486 3280 in
3511 3240 3568 3278 eo
3592 3234 3685 3275 esse

463 3315 635 3371 misso
657 3316 815 3370 nucis
834 3315 1015 3386 signo,
1040 3313 1184 3367 addo
1207 3314 1430 3383 signum
1454 3310 1881 3381 sagiminis.l’ro
1902 3309 2064 3381 signo
2147 3310 2347 3375 solent,
2381 3311 2518 3365 velis
2565 3312 2885 3383 depingere.
2933 3313 3041 3366 Pro
3070 3313 3232 3384 signo
3282 3321 3416 3367 rutae
3439 3330 3451 3374 ;
3476 3304 3685 3381 generali

464 3405 667 3465 mellis,
701 3404 988 3476 paulisper
1014 3403 1100 3456 fac
1128 3402 1381 3473 linguam
1424 3416 1715 3472 apparere,
1762 3405 1820 3453 et
1863 3398 2065 3470 digitos
2146 3401 2434 3471 praemisso
2466 3400 2572 3455 hoc
2596 3401 2758 3465 adde,
2787 3408 2850 3455 ut
2880 3418 3006 3455 cum
3038 3408 3158 3456 tota
3187 3420 3358 3456 manu
3388 3400 3685 3454 vellicantem

464 3493 701 3566 applica,
737 3492 897 3564 quasi
927 3491 1173 3547 lambere
1205 3491 1367 3548 velis.
2149 3506 2274 3544 eam
2303 3489 2553 3544 simules.
2578 3491 2685 3544 Pro
2711 3491 2872 3561 signo
2888 3491 3136 3553 feniculi,
3156 3492 3396 3562 signum,
3418 3505 3517 3560 quo
3538 3486 3684 3556 splen-

1097 3616 1331 3672 CAPUT
1370 3616 1437 3670 χ,
2145 3578 2437 3672 dococuli
2485 3580 2833 3672 designatur,
2888 3580 3050 3672 adde.
3088 3581 3198 3635 Pro
3244 3581 3399 3652 signo
3449 3578 3682 3651 panocets:

2146 3668 2541 3724 Rheinovianae
2572 3667 2656 3728 (48
2686 3671 2752 3737 '),
2774 3669 3027 3739 generali
3056 3674 3362 3742 praemisso,
3392 3683 3594 3723 manum
3619 3679 3687 3716 cx-

947 3743 1023 3798 Πε
1050 3744 1227 3811 δίθηίε
1254 3755 1571 3827 Pomorum.
2145 3761 2365 3810 tensam
2393 3757 2607 3828 pectori
2641 3774 2879 3828 appone,
2911 3758 3104 3813 addito
3133 3758 3263 3814 boni
3286 3759 3457 3830 signo,
3487 3773 3545 3811 eo
3567 3749 3683 3824 quod

536 3855 560 3880 ⁴
589 3855 699 3910 Pro
729 3852 891 3924 signo
919 3850 1072 3924 pomi
1121 3849 1378 3921 pollicem
1426 3864 1553 3901 cum
1601 3846 1727 3901 aliis
1772 3845 2060 3901 conclude.
2145 3860 2236 3899 res
2267 3844 2404 3899 satis
2432 3847 2726 3900 commoda
2753 3847 2827 3901 sit
2854 3847 3112 3901 inﬁrmis.
3139 3848 3251 3903 Pro
3271 3849 3426 3919 signo
3447 3844 3597 3901 aneti.
3615 3856 3690 3911 ge-

463 3945 574 4000 Pro
600 3944 759 4015 signo
809 3941 938 4013 piri,
968 3936 1221 4010 generali
1280 3937 1441 4008 signo
1489 3937 1775 4009 praemisso
1822 3934 2063 3989 indicem
2147 3933 2325 3987 nerali
2347 3935 2928 4007 praemisso,pollicem
2952 3953 3078 3991 cum
3108 3936 3297 3991 indice
3316 3935 3548 4009 proximo
3571 3928 3687 3985 nari-

466 4034 720 4090 extende.
752 4032 859 4086 Pro
889 4029 1048 4100 signo
1065 4027 1251 4082 cotani
1280 4025 1424 4093 (48):
1456 4025 1705 4096 generali
1736 4023 1897 4095 signo
1920 4041 2060 4094 prze-
2143 4021 2248 4077 bus
2278 4023 2531 4082 admove.
2564 4026 2753 4080 addito
2798 4026 3062 4097 praedicto
3108 4027 3383 4098 cujusque
3428 4023 3501 4079 rei
3538 4021 3685 4090 signo.

464 4124 638 4179 misso
660 4122 885 4191 signum
908 4118 1110 4190 lapidis
1131 4117 1295 4171 adda.
1320 4117 1427 4170 Pro
1443 4116 1604 4185 signo
1620 4113 1867 4186 persicae,
1887 4129 2060 4183 gene—
2143 4113 2253 4167 Pro
2283 4114 2442 4184 signo
2459 4114 2589 4186 apii.
2607 4115 2855 4186 generali
2886 4115 3193 4186 praemisso,
3225 4117 3441 4187 signum
3472 4108 3687 4166 minutio-

465 4212 571 4268 rali
597 4211 759 4282 signo
791 4207 1097 4280 praemisso,
1131 4205 1360 4277 pellicia:
1389 4204 1611 4275 signum
1661 4204 1824 4257 adde.
1850 4202 1959 4256 Pro
1984 4202 2065 4256 si-
2144 4201 2233 4255 nis
2258 4203 2420 4257 adde.
2457 4205 2563 4257 I’ro
2592 4204 2752 4274 signo
2787 4204 2989 4259 salvite.
3031 4206 3285 4275 generali
3316 4202 3595 4277 praemisso,
3623 4193 3684 4249 si-

463 4319 575 4374 gno
603 4300 848 4371 nespilaz,
873 4295 1123 4369 generali
1153 4295 1312 4366 signo
1344 4293 1631 4365 praemisso
1660 4292 1807 4362 regis
1836 4291 2060 4362 signum
2083 4308 2321 4390 D’gnum
2336 4292 2469 4347 salis
2489 4293 2765 4347 adde.Pro
2781 4293 2944 4363 signo
2965 4293 3465 4365 porcioli.generali
3486 4286 3687 4390 premis:

465 4370 627 4445 adde.
657 4370 765 4444 Pro
786 4389 947 4458 signo
968 4385 1201 4456 majoris
1238 4384 1415 4446 nucis,
1448 4381 1830 4437 summitatem
1864 4380 2062 4435 indicis
2086 4370 2129 4390 υ
2148 4397 2225 4434 so.
2254 4381 2476 4451 signum
2503 4382 2653 4453 porci
2688 4382 2849 4436 adde.
2874 4383 2983 4437 Pro
3021 4384 3187 4452 signo
3218 4386 3459 4438 lactucae.
3479 4370 3685 4451 generali

466 4480 527 4534 in
558 4478 671 4532 oris
699 4476 1110 4532 extremitatem
1145 4489 1307 4544 pone.
1334 4471 1545 4526 Eodem
1576 4488 1677 4543 pro
1699 4470 1899 4524 minori
1924 4487 2065 4525 nuce
2146 4470 2434 4540 praemisso
2454 4471 2658 4540 digitos
2677 4488 2875 4525 manus
2893 4471 3099 4526 dextrae
3119 4489 3314 4527 omnes
3333 4467 3625 4540 comprime.
3644 4466 3686 4514 et

466 4567 659 4623 addita
689 4565 999 4621 elevatione
1029 4561 1248 4616 minimi
1279 4560 1459 4631 digiti,
1495 4559 1644 4631 quod
1674 4574 1898 4630 semper
1945 4575 2063 4612 rem
2147 4559 2440 4612 confestim
2472 4559 2752 4630 disjunge,
2782 4559 2941 4631 quasi
2972 4561 3264 4615 mollitiem
3291 4568 3348 4615 et
3376 4561 3488 4630 ejus
3526 4551 3686 4609 latitu-

464 4673 693 4729 parvam
725 4655 1021 4725 significat.
1067 4653 1174 4706 Pro
1224 4650 1384 4720 signo
1415 4648 1560 4703 botri
1590 4664 1785 4702 omnes
1821 4647 2064 4703 sinistrae
2146 4647 2335 4702 dinem
2357 4649 2655 4704 simulans.
2680 4649 2787 4703 Pro
2819 4648 2979 4719 signo
3009 4650 3295 4715 ceraafolii,
3318 4644 3549 4718 generali
3575 4654 3688 4711 pra!-

465 4763 669 4802 manus
697 4744 902 4815 digitos
945 4741 1237 4813 mqualiter
1280 4740 1579 4810 conjunge,
1623 4729 1947 4808 cunctisque
1994 4738 2064 4792 de
2146 4736 2317 4791 misso
2329 4753 2469 4792 cerae
2489 4738 2712 4808 signum
2727 4739 2989 4809 adjunge.
3013 4739 3123 4793 Pro
3144 4740 3305 4810 signo
3324 4736 3479 4792 cauli.
3496 4741 3687 4787 manum

463 4852 640 4890 manu
669 4835 849 4888 altera
866 4828 1277 4902 circumpositis
1297 4829 1356 4883 in
1376 4830 1543 4883 ﬁnem
1568 4827 1841 4898 praedictae
1862 4827 2066 4881 leniter
2146 4825 2853 4898 complicatam.przemisso
2867 4827 3141 4897 generali,
3165 4843 3356 4882 versus
3375 4832 3565 4880 terram
3581 4830 3688 4887 pau-

465 4923 755 4980 contrahe.
788 4919 950 4991 quasi
976 4918 1329 4990 colligentem
1362 4934 1498 4974 uvas
1523 4916 1817 4971 simulans.
1845 4916 1955 4971 Pro
1986 4916 2065 4971 si—
2145 4914 2322 4969 lulum
2350 4914 2620 4986 impinge,
2654 4914 2813 4987 quasi
2835 4915 2931 4986 qui
2957 4916 3194 4988 plantat.
3226 4917 3334 4971 Pro
3363 4914 3513 4984 signo
3530 4914 3687 4980 petro-

461 5029 578 5086 gno
628 5010 859 5082 majoris
915 5025 1129 5080 prunas,
1174 5006 1426 5079 generali
1476 5005 1765 5078 praemisso
1822 5004 2064 5060 indicem
2146 5002 2317 5066 silini,
2338 5004 2589 5075 generali
2609 5003 2913 5075 praemisso,
2936 5005 3160 5076 signum
3193 5004 3393 5077 lapidis
3422 5000 3568 5056 adde.
3597 4995 3685 5049 Pro

465 5118 637 5177 super
660 5100 938 5166 dextrum,
970 5097 1220 5153 medium
1246 5112 1374 5150 vero
1401 5112 1570 5166 super
1597 5094 1890 5150 sinistrum
1928 5110 2061 5148 ocu-
2145 5091 2307 5163 signo
2332 5092 2615 5157 nasturtii,
2646 5094 2794 5165 quod
2818 5093 3127 5163 vulgariter
3162 5110 3332 5148 cressa
3355 5090 3469 5162 (49)
3494 5086 3681 5145 dicitur:

537 5244 652 5315 (46)
677 5241 964 5312 Grispclla.
1010 5238 1226 5315 Rustici
1256 5237 1423 5315 apud
1446 5238 1823 5315 .Normannos
1865 5240 2065 5315 vocant
2152 5305 2188 5315 Α
2217 5230 2630 5315 (ξξὸιζᾳιαῃμνη
2652 5279 2666 5300 ,
2697 5236 3008 5315 cotoneum
3040 5237 3271 5315 malam1
3300 5235 3479 5314 Germ.
3510 5230 3680 5315 Kjlioff,

461 5294 649 5387 Graii};
1012 5294 1139 5367 cum
1164 5294 1347 5365 farina
1385 5308 1578 5375 mixta,
1607 5315 1664 5363 et.
1696 5308 1755 5362 in
1778 5308 2063 5378 sartagine
2145 5294 2476 5387 Ga.l.l.'..c°'ip'
2511 5294 2718 5387 00“?“
2746 5307 2952 5387 dicm":
2978 5308 3125 5378 apud
3155 5307 3215 5387 ·
3248 5294 3409 5387 Ῑ⁴³¹Ξ¹Ῐ’
3443 5303 3501 5387 .in

464 5377 645 5445 frix'af
810 5377 831 5387 ’
1244 5389 1247 5392 ’

2182 5378 2351 5450 (48Ἷ
2400 5379 2685 5450 Panoceta,
2755 5378 2980 5450 panacis
3016 5377 3270 5446 species,
3326 5377 3676 5433 Rheinoviann,

530 5460 645 5530 (47)
677 5460 926 5523 Ηαςεοιισθ,
956 5455 1096 5530 alias
1111 5455 1370 5530 fin/cola,
1390 5455 1449 5505 et
1475 5450 1867 5530 defetigyon
1889 5451 2054 5530 longe
2137 5449 2306 5530 dicta,
2347 5450 2492 5520 quod
2526 5449 2674 5530 circa
2699 5451 2974 5530 Rhenum,
3010 5449 3231 5530 facilius
3252 5459 3475 5503 crescat.
3513 5512 3546 5530 ﬂ

460 5519 724 5586 videatur
742 5519 967 5584 differre
984 5527 1055 5582 ab
1075 5519 1297 5581 oblatis.
1319 5538 1419 5577 seu
1439 5520 1621 5587 obliis,
1648 5520 1794 5579 Gali.
1819 5519 2056 5592 Oubtiés,
2211 5520 2319 5584 (49)
2341 5519 2551 5592 Cressa,
2591 5521 2945 5590 Cat-damiue,
2994 5521 3333 5578 nasturtium
3373 5519 3675 5592 aquaticum.

465 5602 732 5670 σαυππε,
765 5600 956 5657 Germ.
986 5600 1222 5672 Hippen,
1251 5596 1301 5652 si
1327 5594 1442 5651 sint
1468 5593 1733 5666 majores.

1020 5600 1222 5672 iippen,
1251 5596 1301 5652 si
1327 5594 1442 5651 sint
1468 5593 1733 5666 majores.
2037 5591 2044 5592 ⁷
2138 5591 2286 5651 Gall.
2318 5591 2563 5652 Grasson.
