3872 6164
184 308 287 364 945

1236 311 1659 370 CONSTITUT.
1709 311 2055 369 HIRSAUG.
2099 342 2164 354 --
2202 313 2340 369 LIB.
2379 311 2428 369 Ι.

3366 314 3471 375 946

181 435 477 508 praemisso
501 434 753 507 generali
781 435 868 490 fac
898 452 1170 509 apparere
1197 436 1468 509 linguam.
1484 438 1789 511 applicato-
1804 443 1848 499 A
1871 439 2033 510 signo
2057 439 2220 505 aceti,
2239 438 2478 494 indicem
2507 440 2567 495 in
2595 439 2823 495 dextera
2842 444 3003 511 parte
3030 440 3279 511 gutturis
3297 442 3473 501 semel

182 541 289 597 que
313 525 507 578 indice
544 523 885 579 lambentem
915 526 1267 584 simula.Pro
1287 529 1447 598 signo
1478 529 1787 599 papaveris,

1873 534 2093 583 tantum
2117 528 2377 584 deorsum
2409 529 2589 584 trahe.
2627 531 2735 584 Pro
2783 530 2944 600 signo
2988 530 3103 583 vini
3133 530 3290 585 rubei
3328 532 3473 587 indi-

178 614 434 685 generali
457 613 747 685 praemisso
776 631 1024 686 pugnum
1054 632 1276 671 sursum
1306 617 1452 674 leva.
1493 616 1603 673 Pro
1631 617 1792 689 signo
1872 634 1992 672 cem
2018 618 2072 672 in
2104 635 2247 689 gena
2275 618 2569 673 trahePro
2599 619 2759 691 signo
2788 619 2904 675 vini
2932 618 3091 685 clari,
3112 619 3470 691 duosdigitos

178 703 281 758 lilii
322 703 887 774 pmmissogenerali
932 705 1223 760 straminei
1238 705 1459 777 signum
1489 708 1651 762 adde.
1678 708 1785 763 Pro

178 793 340 863 signo
362 809 529 857 rosae,
550 792 837 864 premisso
855 794 1132 865 generali,
1150 795 1372 866 signum
1396 795 1555 851 rubei
1583 797 1786 852 coloris

177 882 340 937 adde.
360 880 479 936 Pro
506 882 668 953 signo
696 882 1140 955 ysopi,generali
1174 885 1463 955 praemisso
1490 884 1597 940 hoc
1619 885 1782 952 adde,

177 977 239 1025 ut
264 970 547 1025 interiora
585 987 787 1026 manus
815 988 1073 1043 expansa:
1116 972 1377 1027 deorsum
1428 990 1583 1029 versa
1614 991 1787 1047 prope

176 1066 388 1114 terram
403 1067 622 1127 teneas;
656 1078 723 1115 eo
749 1061 895 1132 quod
926 1062 1157 1116 humilis
1188 1062 1361 1117 herba
1390 1070 1493 1121 est.
1527 1069 1585 1118 et
1609 1064 1790 1119 humi-

177 1149 394 1204 litatem
426 1166 654 1221 semper
673 1150 1018 1221 significans.
1060 1152 1168 1206 Pro
1188 1152 1347 1224 signo
1371 1153 1627 1207 abrotani
1658 1152 1785 1224 (50),

178 1240 324 1311 quod
353 1239 473 1293 alio
502 1239 731 1293 nomine
759 1242 1086 1295 slabr'umrtz
1132 1242 1467 1313 appellatur,
1502 1244 1787 1312 praemisso

174 1329 455 1399 generali,
491 1328 627 1399 ligni
657 1328 881 1399 signum
911 1330 1073 1384 adde.
1106 1331 1214 1384 Pro
1267 1331 1427 1402 signo
1481 1331 1784 1404 absynthii,

173 1416 424 1487 generali
461 1417 749 1488 praemisso
771 1418 873 1472 hoc
900 1418 1063 1479 adde,
1093 1427 1156 1473 ut
1177 1420 1317 1474 duos
1343 1420 1569 1491 digitos,
1602 1422 1657 1476 id
1679 1428 1782 1488 est,

174 1505 415 1559 indicem
442 1514 502 1559 et
541 1506 785 1560 medium
820 1514 878 1561 et
905 1524 939 1561 a
968 1508 1183 1563 caeteris
1204 1509 1516 1579 disjungas,
1552 1515 1609 1564 et
1636 1511 1785 1582 ipsos

176 1610 399 1665 quoque
431 1595 505 1648 ab
529 1595 764 1649 invicem
788 1596 1096 1666 disjunctos
1113 1597 1193 1651 ita
1225 1612 1466 1653 moveas.
1493 1598 1603 1653 Pro
1623 1599 1782 1670 signo

176 1683 308 1744 allii,
346 1684 644 1753 praemisso
671 1686 941 1768 generali,
967 1685 1202 1740 extende
1229 1687 1467 1757 digitum
1496 1698 1693 1743 contra
1721 1708 1783 1744 os

1871 707 2032 762 oculo
2048 707 2423 780 circumpone.

2457 798 2692 854 CAPUT
2719 800 2843 855 XV.

2360 889 2437 942 De
2463 890 2639 955 signis
2676 905 2955 945 casarum.

1944 989 2056 1043 (Im.
2089 976 2198 1031 Pro
2218 976 2379 1048 signo
2393 976 2656 1045 scutellae,
2680 994 2907 1033 manum
2947 978 3120 1043 eleva,
3146 977 3466 1052 digitosque

1870 1081 1983 1120 non
2009 1067 2336 1136 conjunctos
2366 1066 2777 1138 aliquantulum
2818 1068 3061 1133 inﬂecte,
3085 1085 3151 1124 eo
3173 1068 3323 1141 quod
3342 1070 3469 1140 ipsa

1869 1171 2110 1211 concava
2138 1156 2231 1210 sit.
2267 1156 2376 1210 Pro
2401 1156 2563 1227 signa
2592 1163 2799 1211 cavatae
2826 1156 2952 1221 (54.³,
2986 1158 3201 1228 pollicis
3238 1159 3471 1214 summi-

1868 1249 2041 1298 tatem
2072 1245 2128 1299 in
2150 1245 2391 1300 sinistrae
2416 1262 2615 1300 manus
2639 1245 2886 1299 medium
2916 1262 3060 1317 pone
3084 1264 3097 1312 ;
3121 1252 3364 1317 quatuor
3384 1262 3471 1302 se-

1870 1340 2107 1405 quentes
2135 1335 2341 1405 digitos
2373 1334 2650 1389 modicum
2683 1334 3124 1388 circumferendo
3153 1334 3466 1391 dimittens.

1867 1422 1977 1475 Pro
2007 1422 2166 1492 signo
2197 1422 2519 1484 cochlearis,
2538 1430 2760 1476 tantum
2783 1422 3088 1493 digitorum
3111 1422 3467 1478 summitates

1866 1513 2162 1581 conjunge,
2198 1517 2255 1566 et
2284 1512 2362 1566 sic
2376 1512 2650 1567 levantem
2679 1528 2806 1566 cum
2831 1512 2952 1583 ipso
2983 1512 3262 1566 cochleari
3293 1512 3472 1569 sorbi-

1864 1600 2172 1655 tiunculam
2202 1601 2424 1655 simula.
2444 1602 2553 1655 Pro
2581 1602 2742 1671 signo
2772 1601 3161 1671 scyphi,quem
3174 1602 3467 1670 justitiam

1868 1687 1975 1752 (55;
2006 1706 2288 1752 vocamus,
2310 1690 2516 1744 inclina
2538 1706 2767 1744 manum
2789 1690 3072 1757 deorsum,
3103 1696 3160 1745 et
3171 1690 3251 1744 ita
3270 1706 3466 1745 cavam

176 1774 477 1843 paululum
500 1781 758 1845 apertum
812 1775 920 1828 Pro
961 1774 1121 1845 signo
1177 1776 1310 1863 rafaa
1362 1777 1491 1847 t5l),
1530 1779 1781 1849 generali
1805 1785 1993 1854 Btene
2013 1779 2205 1849 digitis
2236 1780 2646 1851 aliquantulum
2678 1780 2914 1835 inﬂexis.
2946 1781 3055 1835 Pro
3074 1780 3236 1851 signo
3254 1786 3463 1851 paterae

174 1863 471 1933 praemisso
500 1864 736 1918 extende
763 1863 1001 1918 indicem
1034 1865 1276 1921 sinistrae
1302 1883 1521 1930 manus,
1546 1874 1603 1921 et
1630 1868 1778 1922 indi-

174 1968 291 2005 cem
324 1951 567 2006 alterius
593 1970 795 2007 manus
849 1953 906 2007 in
943 1971 1009 2007 eo
1046 1954 1237 2009 trahes
1263 1964 1460 2010 contra
1502 1963 1577 2019 te,
1621 1958 1779 2028 quasi

174 2040 470 2095 radentem
502 2042 752 2097 simules.
786 2042 894 2096 Pro
924 2044 1085 2114 signo
1135 2061 1306 2115 rapte,
1357 2046 1608 2115 generali
1642 2064 1778 2118 prte-

171 2131 363 2197 misso,
396 2132 729 2203 pmdictum
756 2131 995 2187 indicem
1021 2150 1191 2204 super
1218 2134 1391 2189 alium
1416 2135 1475 2190 in
1503 2137 1776 2192 annulum

173 2220 349 2275 trahe.

779 2314 1013 2370 CAPUT
1040 2315 1192 2369 XIII.

639 2404 716 2457 De
741 2407 916 2471 signis
945 2410 1282 2458 aromatum.

237 2489 351 2544 Pro
375 2490 544 2561 signo
569 2491 833 2562 gingibri,
854 2493 1107 2562 generali
1160 2493 1355 2549 itidem
1389 2494 1549 2565 signo
1573 2495 1777 2551 herba-

166 2596 290 2633 rum
323 2580 638 2650 praemisso,
664 2597 789 2635 cum
819 2598 1011 2652 pugno
1040 2581 1234 2636 dextro
1266 2582 1322 2637 in
1346 2584 1671 2639 summitate
1693 2587 1777 2639 al-

168 2671 343 2724 terius
374 2672 585 2725 simula
600 2672 1083 2726 circumferentem
1119 2672 1361 2736 molam;
1408 2672 1544 2727 item
1573 2672 1780 2727 simula

164 2761 684 2815 circumducentem
730 2762 936 2815 molam
962 2780 975 2829 ;
1026 2761 1227 2815 deinde
1258 2762 1345 2816 fac
1369 2778 1640 2834 apparere
1668 2762 1779 2816 lin-

161 2865 365 2919 guam,
398 2850 790 2920 applicatoque
819 2849 1020 2916 indice,
1052 2849 1391 2904 lambentem
1458 2849 1568 2904 Pro
1614 2850 1774 2921 signo

162 2939 376 3001 thuris,
404 2938 546 2993 fabae
579 2940 801 3010 signum
833 2940 1134 3010 praemitte,
1187 2947 1245 2993 et
1290 2946 1486 3011 postea
1517 2940 1774 3011 pollicem

162 3044 289 3081 cum
323 3027 439 3082 sibi
469 3029 720 3100 proximo
761 3028 991 3083 naribus
1017 3030 1271 3083 admove.

768 3117 1011 3173 CAPUT
1037 3117 1180 3173 XIV.

566 3206 649 3260 De
675 3209 850 3275 signis
878 3208 1085 3261 diversi
1112 3210 1367 3276 liquoris.

229 3302 253 3321 ⁹
282 3295 407 3351 Pro
438 3296 603 3367 signo
632 3313 811 3367 aquae,
844 3312 1039 3350 omnes
1066 3296 1307 3351 dexterae
1336 3313 1537 3351 manus
1566 3297 1770 3369 digitos

158 3390 463 3459 oonjunge,
499 3397 559 3441 et
587 3403 688 3457 per
713 3385 1001 3457 obliquum
1034 3401 1211 3440 move.
1244 3385 1352 3439 Pro
1401 3386 1558 3456 signo
1598 3387 1771 3442 bene-

156 3476 324 3531 dictae
378 3476 610 3548 [aquae],
680 3475 967 3546 praemisso
1011 3473 1263 3545 generali
1318 3480 1549 3529 extenta
1600 3493 1771 3531 manu

158 3565 386 3637 signum
419 3566 603 3621 crucis
628 3566 791 3620 adde.
821 3565 929 3619 Pro
957 3565 1118 3634 signo
1153 3564 1432 3620 cerevisias
1481 3566 1770 3636 praemisso

156 3656 322 3727 signo
355 3656 610 3719 bibendi,
643 3655 920 3709 modicum
948 3655 1111 3708 sufﬂa
1141 3662 1337 3708 contra
1381 3654 1667 3709 dexteram
1709 3656 1766 3710 in

158 3748 398 3817 longum
453 3751 763 3799 extensam.
799 3745 904 3798 Pro
943 3743 1105 3814 signo
1149 3743 1406 3797 medonis
1460 3743 1591 3813 (5‘2),
1632 3762 1768 3814 pree-

152 3836 336 3891 misso
364 3836 534 3906 signo
579 3833 822 3895 bibendi,
883 3849 1113 3886 manum
1151 3831 1233 3886 ori
1274 3832 1597 3903 applicabis,
1628 3834 1766 3887 lam-

151 3926 506 3996 bentemque
549 3923 860 3990 simulabis,
894 3922 1040 3993 quod
1089 3928 1147 3976 et
1173 3921 1358 3975 mellis
1406 3921 1627 3991 signum
1661 3928 1766 3977 est.

151 4016 265 4069 Pro
284 4016 456 4086 signo
485 4013 872 4075 vini,indicem
904 4011 1127 4065 inﬂecte
1151 4019 1207 4064 et
1227 4010 1305 4064 ita
1327 4009 1487 4064 labiis
1499 4011 1763 4082 adjunge.

151 4106 372 4160 Eodem
398 4103 570 4157 modo
591 4104 758 4156 etiam
784 4102 1008 4171 signum
1032 4099 1259 4154 bibendi
1287 4099 1589 4154 facies.Pro
1608 4100 1768 4171 signo

152 4195 410 4265 potionis
454 4193 836 4264 pigmentum,
888 4209 1009 4263 quae
1061 4191 1332 4244 claretum
1384 4188 1511 4257 (53),
1564 4189 1621 4243 id
1684 4196 1769 4244 est

149 4285 459 4337 tiittranch
489 4282 695 4335 dicitur
750 4298 782 4334 a
834 4280 1117 4351 pluribus;
1167 4276 1436 4333 conclude
1468 4285 1766 4350 utramque

1861 1885 1928 1923 ex
1960 1886 2071 1939 qua
2095 1868 2326 1935 bibitur,
2351 1877 2468 1925 tres
2530 1870 2735 1941 digitos
2792 1886 2990 1941 parum
3022 1869 3262 1935 inﬂecte,
3296 1876 3354 1925 et
3382 1870 3466 1924 sic

1859 1977 2085 2014 sursum
2110 1967 2259 2016 tene.
2312 1961 2420 2015 Pro
2466 1961 2626 2031 signo
2680 1960 2883 2015 cicothi
2914 1956 3039 2024 (56‘,
3073 1959 3268 2014 eodem
3299 1959 3464 2029 signo

1857 2050 2168 2120 praemisso,
2196 2050 2299 2104 hoc
2328 2050 2471 2105 adde
2521 2057 2585 2105 ut
2608 2050 2845 2121 digitum
2877 2049 3054 2119 digito
3080 2048 3462 2103 circumferas.

1856 2138 1965 2192 Pro
1990 2139 2151 2208 signo
2182 2139 2381 2209 phialae
2411 2139 2617 2204 vitreae,
2637 2138 2924 2211 praemisso
2944 2139 3105 2208 signo
3130 2144 3338 2208 patere
3358 2136 3466 2192 hoc

1857 2227 2021 2294 adde,
2048 2238 2111 2282 ut
2134 2228 2275 2282 duos
2304 2228 2511 2299 digitos
2534 2229 2681 2282 circa
2708 2228 2931 2282 oculum
2962 2243 3156 2298 ponas,
3183 2231 3249 2281 ut
3272 2226 3464 2297 splen-

1859 2315 1996 2370 dore
2020 2317 2188 2381 oculi,
2212 2318 2478 2389 splendor
2498 2317 2997 2388 vitrisigniﬁcetur.
3030 2317 3139 2370 Pro
3167 2315 3327 2386 signo
3338 2331 3465 2369 vas-

1859 2405 1989 2470 culi,
2018 2405 2075 2460 in
2099 2423 2209 2477 quo
2236 2408 2318 2461 sal
2348 2407 2606 2472 habetur,
2640 2406 2927 2478 praemisso
2956 2405 3117 2476 signo
3144 2404 3341 2459 itidem
3369 2420 3465 2476 pa-

1858 2500 2013 2561 terae,
2047 2496 2293 2566 adjunge
2328 2496 2550 2566 signum
2600 2495 2734 2549 salis
2816 2495 2925 2549 Pro
2971 2493 3132 2564 signo
3169 2493 3459 2564 sportulae,

1858 2586 2148 2654 praemisso
2179 2585 2339 2657 signo
2361 2584 2499 2655 ligni
2531 2584 2794 2654 cujusvis,
2815 2583 3055 2654 digitum
3087 2599 3311 2637 sursum
3334 2598 3461 2636 ver-

1861 2690 1983 2728 sum
2015 2674 2266 2744 incurva,
2299 2673 2501 2727 deinde
2530 2673 2751 2742 signum
2784 2672 2945 2743 panis
2964 2671 3156 2725 facias.
3186 2670 3459 2740 l’rosigno

1859 2770 2047 2817 autem
2080 2763 2214 2833 ligni
2246 2762 2507 2832 cujusvis.
2537 2777 2663 2815 cum
2705 2767 2929 2815 extenta
2959 2775 3131 2813 manu
3159 2758 3358 2813 dextra
3397 2760 3460 2815 in

1856 2852 2090 2907 alterius
2122 2868 2323 2905 manus
2342 2861 2400 2905 et
2421 2850 2629 2905 brachii
2654 2850 3003 2921 compagine,
3023 2849 3184 2920 quasi
3202 2847 3460 2903 inciden-

1855 2948 1971 2996 tem
2000 2958 2126 2996 cum
2153 2941 2383 2995 dolabro
2411 2940 2632 2995 fabrum
2686 2939 2907 2993 simula.
2955 2939 3064 2993 Pro
3092 2937 3254 3008 signo
3285 2937 3456 3005 vasis,

1854 3031 1913 3085 in
1938 3048 2048 3102 quo
2077 3037 2297 3085 acetum
2343 3030 2555 3102 portari
2584 3029 2745 3089 solet.
2778 3028 3065 3099 praemisso
3121 3027 3457 3098 praecedenti

1865 3121 2046 3190 signo,
2079 3120 2222 3174 adde
2281 3119 2503 3191 signum
2553 3117 2695 3172 aceti
2751 3119 2857 3172 Pro
2911 3120 3072 3188 signo
3099 3116 3268 3179 vasis,
3305 3117 3457 3187 quod

1848 3210 2014 3280 vulgo
2041 3211 2296 3264 Uannata
2332 3207 2436 3277 (57)
2462 3208 2686 3264 dicitur.
2718 3206 2967 3277 generali
3007 3205 3319 3276 praemisso,
3348 3206 3456 3260 hoc

1853 3299 2016 3362 adde,
2049 3306 2129 3364 ut,
2165 3300 2311 3353 sicut
2350 3298 2678 3369 prmdictum
2721 3302 2825 3358 est,
2878 3294 3117 3365 digitum
3176 3295 3452 3362 incurves,

1852 3388 2120 3459 adjuncto
2144 3388 2256 3441 vini
2282 3387 2461 3458 signo.
2495 3386 2702 3441 Eodem
2735 3385 2899 3439 modo
2926 3383 3094 3438 facies
3113 3384 3337 3455 signum
3364 3401 3454 3439 va-

1852 3477 1929 3531 sis
1957 3477 2186 3548 sinapis,
2220 3477 2412 3530 addito
2443 3475 2694 3547 ejusdem
2723 3472 2935 3545 sinapis
2958 3472 3141 3541 signo.
3166 3472 3275 3527 Pro
3291 3472 3453 3543 signo

1851 3567 1999 3621 vasis
2020 3565 2238 3629 vinarii,
2273 3565 2422 3637 quod
2473 3581 2507 3619 a
2536 3563 2695 3636 plebe
2737 3562 2908 3617 zuber
2938 3561 3042 3620 ‘58)
3071 3568 3450 3633 nuncupatur,

1848 3656 2100 3727 generali
2129 3655 2439 3725 praemisso,
2471 3670 2699 3708 rursum
2743 3652 2985 3706 indicem
3030 3657 3336 3723 utrumque
3361 3669 3454 3707 su-

1850 3763 1950 3816 pra
1975 3745 2123 3799 dicto
2152 3745 2318 3799 modo
2347 3742 2746 3813 incurva.quod
2780 3757 3078 3795 commune
3098 3748 3183 3794 est
3197 3741 3453 3796 omnium

1849 3851 2132 3894 vasorum,
2152 3851 2276 3905 quae
2310 3833 2470 3887 binas
2500 3848 2667 3886 aures
2685 3830 2892 3885 habere
2920 3830 3454 3899 videntur,signum-

1850 3940 1959 3995 que
1987 3923 2100 3977 vini
2129 3924 2199 3977 ad
2226 3922 2486 3977 ultimum
2515 3920 2687 3978 adde.
2720 3919 2811 3975 Sic
2838 3919 3008 3973 etiam
3043 3919 3207 3981 vasis,
3235 3918 3294 3973 in
3321 3920 3451 3991 qui-

1848 4012 1953 4067 bus
1982 4012 2142 4083 panis
2173 4010 2383 4083 portari
2413 4009 2575 4069 solet.
2602 4024 2824 4079 semper
2846 4006 3165 4083 addendum
3193 4013 3277 4061 est
3292 4007 3451 4078 panis

1850 4102 2093 4173 signum.
2125 4102 2235 4154 Pro
2264 4100 2424 4170 signo
2451 4098 2631 4157 fustis.
2665 4114 2775 4168 quo
2809 4096 2998 4150 vinum
3029 4095 3115 4149 vel
3155 4095 3307 4149 aliud
3338 4096 3448 4149 hu-

1842 4189 2091 4262 jusmodi
2114 4188 2324 4260 portari
2350 4189 2510 4249 solet,
2541 4185 2790 4257 generali
2817 4184 3106 4257 praemisso
3135 4182 3447 4253 signoligni

1847 4279 2049 4351 pugnis
2080 4279 2247 4332 etiam
2272 4275 2690 4349 superinvicem
2715 4274 2946 4345 junctis,
2974 4273 3321 4342 humeroque
3350 4272 3449 4327 ad-

146 4389 416 4435 manum,
444 4378 503 4425 et
525 4370 1036 4424 circumducentem
1087 4369 1311 4432 mulam,
1355 4368 1623 4440 adjuncto
1653 4368 1820 4440 vini_
1850 4369 2042 4423 hibitis
2072 4368 2254 4439 ipsum
2278 4373 2621 4438 portatorem
2651 4364 2870 4418 simula.
2910 4363 3018 4416 Pro
3046 4361 3208 4431 signo
3236 4361 3446 4415 scutel-

138 4463 345 4532 signo.
400 4434 513 4515 Pro
567 4461 727 4531 signo
769 4458 1029 4531 potionis,
1056 4475 1179 4529 quae
1228 4464 1313 4511 est
1363 4434 1488 4513 cu'm
1523 4458 1684 4511 melle
1708 4434 1830 4512 etD
1849 4459 1937 4513 lae.
1966 4458 2023 4511 in
2053 4434 2163 4528 qua
2183 4434 2336 4510 micae
2365 4453 2608 4524 recolligi
2629 4452 2826 4509 solent.
2857 4450 3101 4506 scutellze
3129 4450 3289 4520 signo
3309 4466 3448 4521 pra:—

140 4551 462 4623 absynthio
485 4550 755 4612 confecta,
790 4549 1042 4618 ejusdem
1095 4546 1379 4619 absynthii
1430 4550 1590 4617 signo
1619 4564 1761 4619 prae-

136 4641 351 4699 misso.
381 4641 579 4694 itidem
603 4639 715 4693 vini
746 4639 968 4709 signum
996 4638 1256 4707 adjunge.
1300 4638 1407 4691 Pro
1429 4638 1590 4707 signo
1618 4637 1765 4691 sina-

137 4731 249 4799 pis,
266 4747 533 4801 pugnum
556 4729 811 4782 dextrum
845 4728 899 4780 in
915 4727 1146 4781 alterius
1184 4727 1761 4781 summitatecircum-

132 4818 242 4882 fer,
279 4818 455 4889 quasi
514 4818 817 4871 molentem
870 4817 1118 4881 simules,
1168 4815 1373 4869 deinde
1403 4816 1657 4887 pollicem
1701 4816 1761 4872 in

135 4909 380 4963 minimi
412 4908 577 4979 digiti
608 4917 860 4962 extremo
888 4904 1126 4960 articulo
1147 4905 1403 4976 prosilire
1428 4905 1619 4960 facias.
1652 4906 1761 4961 Pro

208 5065 345 5134 (50)
367 5070 738 5130 Abrotanum,
775 5080 877 5137 pro
905 5067 1255 5137 abrotonum.
1292 5065 1438 5119 Gall.
1486 5068 1756 5137 Aurosnr.

208 5140 333 5209 (51)
362 5140 504 5204 llafa
523 5146 583 5191 et
608 5135 791 5209 Rapa;
814 5139 865 5190 in
916 5136 1022 5209 hoc
1056 5135 1342 5209 ditl'erunt,
1385 5136 1533 5207 quod
1563 5136 1661 5191 illa
1687 5138 1761 5193 sit

130 5207 422 5279 oblonga,
455 5210 571 5263 haec
594 5208 838 5261 rutunda
851 5215 907 5261 et
928 5208 1079 5279 alba.
1108 5207 1298 5262 Germ.
1325 5209 1524 5271 Retich,
1548 5209 1755 5263 Ruben.

206 5281 311 5337 ‘52
334 5277 523 5338 Nato.
548 5279 740 5347 Meda,
780 5294 928 5350 aqua
969 5277 1168 5350 mulsa,
1194 5279 1345 5348 potio
1375 5279 1539 5332 melle
1569 5279 1760 5334 mixta.

208 5352 337 5417 (33;
368 5351 513 5404 Vide
538 5359 732 5404 notam
771 5348 980 5421 inrcap.
1020 5348 1100 5405 13.
1132 5357 1275 5419 part.
1316 5367 1370 5404 ιι.
1404 5350 1674 5405 Bernard.
1705 5351 1765 5405 in

130 5421 261 5478 0rd
320 5421 579 5477 Cluniae.

206 5493 341 5555 704;
373 5499 596 5555 cavata,
624 5492 843 5546 catinus
874 5492 1218 5561 profundior.

208 5563 315 5627 (55
356 5567 604 5621 Iustitia.
632 5565 892 5635 poculum
923 5563 1223 5629 vinarium,
1254 5569 1526 5635 quantum
1561 5563 1762 5634 cuique

132 5637 370 5691 sufﬁcit
392 5641 591 5709 potum
619 5635 935 5702 continens,
957 5635 1085 5689 aliis
1101 5639 1279 5705 justo,
1306 5635 1434 5691 aliis
1452 5639 1706 5706 justetla.

1845 4548 2039 4602 misso.
2071 4546 2271 4599 deinde
2297 4561 2421 4599 cum
2456 4543 2652 4597 dextra
2697 4557 2865 4595 manu
2918 4540 2975 4594 in
3018 4539 3275 4594 interiori
3304 4539 3442 4594 alte-

1844 4636 1964 4691 rius
1993 4635 2196 4689 simula
2218 4633 2634 4703 recolligentem
2666 4630 2888 4684 easdem
2924 4646 3049 4683 cum
3081 4628 3300 4683 ﬂabello
3334 4626 3448 4699 (59)

1845 4725 1914 4780 ad
1950 4726 2053 4779 hoc
2102 4724 2282 4795 ipsum
2312 4732 2526 4793 aptato.
2576 4721 2686 4775 Pro
2729 4720 2889 4790 signo
2920 4718 3172 4790 praedicti
3213 4716 3443 4783 ﬂabelli,

1843 4814 2130 4886 praemisso
2159 4813 2319 4883 signo
2340 4811 2496 4882 ligni,
2522 4810 2669 4881 quod
2701 4815 3047 4880 postremum
3078 4811 3165 4861 est
3205 4806 3443 4873 dictum,

1843 4905 2106 4977 adjunge.
2147 4903 2258 4957 Pro
2295 4900 2456 4971 signo
2504 4899 2669 4964 follis,
2713 4913 2857 4968 pone
2895 4913 3147 4969 pugnum
3184 4896 3447 4954 dextrum

1912 5063 2028 5133 (56)
2062 5064 2329 5130 Cicothus,
2359 5067 2569 5135 patere
2587 5058 2820 5132 species,
2847 5057 2998 5131 apud
3020 5063 3301 5114 nostrates
3319 5073 3445 5113 mo-

1840 5137 2068 5191 nachos.

1915 5207 2023 5268 (57)
2056 5209 2329 5273 Cannata,
2355 5205 2616 5278 poculum
2634 5201 2910 5259 vinarium
2947 5201 3153 5271 majus,
3171 5197 3441 5270 oenopho-

1844 5296 1969 5335 rum
2014 5279 2281 5334 German.
2306 5278 2756 5341 Canne,00ntm.

1919 5349 2006 5427 (58
2050 5352 2245 5427 (uber,
2281 5366 2377 5427 vas
2403 5339 2678 5401 vinarium
2704 5346 2959 5427 ligneum
3004 5342 3095 5396 hic
3111 5339 3440 5427 signiﬁcat;
3520 5403 3525 5413 η

1846 5410 1958 5476 duo
1983 5410 2379 5492 hujusgeneris
2394 5435 2526 5473 vasa
2545 5410 2799 5492 nonnihil
2828 5410 3200 5492 majora_vino
3229 5410 3444 5492 repleta

1846 5494 1934 5546 vir
1953 5481 2215 5546 robustus
2240 5491 2511 5545 ambabus
2525 5488 2783 5543 manibus
2812 5481 3015 5556 portat.
3049 5482 3173 5536 Vox
3192 5489 3279 5535 est
3306 5481 3441 5536 Ger-

1844 5565 2029 5636 manis
2049 5570 2201 5627 nota,
2230 5563 2369 5617 alias
2403 5559 2921 5636 Biitschmﬁoltfn.
2958 5625 2971 5636 .
3140 5623 3155 5636 _
3322 5624 3334 5636 .

1917 5633 2021 5701 (59)
2053 5623 2358 5690 Flabettum
2387 5649 2491 5688 vox
2514 5634 2668 5695 nota,
2710 5628 2809 5684 sed
2841 5627 2932 5681 hic
2958 5623 3263 5697 legendum
3286 5624 3447 5693 vide-
