3872 6164
386 189 492 264 951

1422 210 1478 267 S.
1522 212 1912 271 GUILLELMI
1947 212 2252 269 ABBATIS
2290 208 2626 267 HIRSAUG.

3498 164 3505 169 ’
3550 200 3643 257 952

390 334 586 432 postea
602 331 789 404 profer
804 334 1222 432 omnes-digitos
1238 337 1534 432 utriusque
1560 342 1987 401 manus.deinde
2006 347 2048 404 Α
2072 359 2268 397 onmes
2292 340 2497 412 digitos
2524 339 2799 393 incurves.
2828 335 2936 389 Pro
2965 333 3124 404 signo
3142 329 3402 401 Regulae.
3414 328 3648 399 generali

393 421 657 487 Indicem,
696 439 820 476 cum
863 424 1067 487 medio.
1120 427 1338 481 caeteris
1384 428 1623 484 inflexis.
1671 432 1779 485 Pro
1827 432 1986 502 signo
2069 432 2377 503 przemisso.
2414 431 2516 484 hoc
2544 428 2705 491 adde.
2729 432 2791 480 ut
2817 424 3082 495 capillum
3111 418 3231 479 ‘76;
3264 436 3436 491 super
3467 435 3646 472 aurem

397 516 587 564 mattae
629 509 780 577 (73).
829 513 1077 581 generali
1119 514 1279 585 signo
1328 517 1627 573 herbarum
1679 521 1982 591 praemisso.

400 599 678 653 manicam
708 605 922 664 tene,et
952 602 1175 674 signum
1210 607 1560 676 expandendi
1582 609 1843 681 adjunge.

1002 692 1236 747 CAPUT
1262 695 1376 748 XX.

459 777 536 831 De
561 779 758 845 signis.
782 796 901 848 qua
921 782 994 833 ad
1020 783 1279 835 divinum
1306 785 1621 854 obsequium
1644 789 1943 855 pertinent.

472 867 498 890 *
527 865 636 919 Pro
669 867 829 938 signo
850 869 1124 935 lectionis,
1161 873 1351 926 manui
1384 878 1441 927 et
1476 875 1717 946 pectoris
1754 875 1993 945 digitum

400 953 642 1008 indicem
689 957 961 1028 impinge,
996 965 1053 1012 et
1098 961 1389 1030 paululum
1437 968 1740 1018 attractum
1779 964 1861 1019 ita
1910 965 1996 1018 iac

401 1043 638 1109 resnlire,
669 1046 828 1115 quasi
860 1048 954 1116 qui
984 1048 1177 1103 folium
1210 1051 1416 1105 codicis
1445 1054 1660 1108 evertit.
1698 1055 1806 1108 Pro
1835 1054 1994 1123 signo

401 1133 764 1202 responsorii,
814 1136 1051 1191 articulo
1096 1138 1293 1192 indicis
1329 1141 1585 1210 pollicem
1634 1160 1904 1215 suppone.
1940 1149 1997 1197 et

402 1220 485 1274 ita
510 1220 596 1275 fac
625 1238 751 1276 eum
797 1225 1078 1294 prosilire.
1134 1226 1243 1281 Pro
1287 1228 1448 1299 signo
1494 1247 1707 1294 versus.
1759 1235 1995 1291 articulo

2070 521 2406 593 pendentem
2429 534 2558 573 cum
2576 515 2793 570 duobus
2814 512 3004 584 digitis
3023 509 3654 583 apprehendas.pr0pter

2072 610 2183 665 duo
2205 608 2452 668 nomina.
2485 605 2687 679 quibus
2712 606 2874 657 abbas
2911 607 3143 655 vocatur
3172 606 3234 654 et
3260 600 3515 654 domnus;
3537 594 3655 666 quia

2073 705 2133 754 et
2152 700 2209 754 S.
2245 697 2578 753 Benedictus
2606 698 2804 748 auctor
2830 691 3040 762 regula:
3062 689 3238 759 hujus
3260 691 3385 741 erat
3410 690 3467 740 et
3483 683 3653 737 ofﬁcii.

2075 789 2184 842 Pro
2214 787 2373 858 signo
2422 783 2725 857 hymnarii.
2763 779 3015 852 generali
3056 777 3352 850 praemisso
3395 773 3552 836 adde,
3600 775 3659 826 ut

2076 876 2333 948 pollicem
2365 881 2423 929 et
2450 874 2691 928 indicem
2721 871 2927 926 dextra
2952 884 3154 924 manus
3188 865 3501 939 proferens.
3527 879 3659 918 sum-

2078 966 2301 1020 mitates
2321 980 2514 1018 eorum
2536 962 2863 1031 conjungas,
2899 975 3010 1030 quo
3040 973 3296 1030 prasens
3342 959 3560 1024 tempus
3584 952 3661 1004 vel

2080 1054 2224 1126 quod
2285 1053 2529 1125 primum
2580 1058 2680 1114 est,
2725 1048 3093 1119 signiﬁcatur,
3155 1051 3219 1101 et
3261 1045 3372 1099 hoc
3408 1042 3561 1113 signo
3598 1039 3661 1095 ad

2079 1143 2438 1214 bymnarium
2473 1147 2700 1213 propter
2726 1139 2832 1192 hoc
2876 1137 3056 1191 solum
3109 1133 3346 1189 verbum
3394 1132 3662 1185 inventum

2078 1239 2181 1291 est.
2213 1232 2268 1286 id
2297 1237 2400 1296 est,
2427 1233 2614 1285 Primo
2644 1228 2885 1282 dierum.
2921 1227 3030 1280 Pro
3059 1224 3227 1295 signo
3269 1219 3546 1284 Psalterii,
3575 1236 3662 1290 ge-

405 1309 625 1409 minimi
658 1310 820 1409 digiti
853 1314 1104 1409 pollicem
1132 1333 1404 1409 suppone.
1437 1325 1494 1374 et
1522 1321 1645 1385 hoc,
1677 1323 1821 1393 quod
1853 1342 1999 1396 prae-
2077 1323 2254 1379 nerali
2285 1321 2594 1394 praemisso.
2634 1319 2741 1372 hoc
2767 1316 2929 1379 adde.
2967 1321 3034 1370 ut
3066 1312 3437 1369 summitates
3478 1309 3661 1380 digito-

404 1402 640 1499 missum
663 1405 767 1499 est.
788 1402 858 1455 de
888 1403 1125 1499 saliente
1155 1406 1303 1499 adde.
1341 1408 1629 1499 Prosigno
1654 1413 1994 1484 antiphonae,
2079 1430 2204 1468 rum
2256 1411 2464 1471 dextrae
2506 1424 2641 1463 cava
2679 1422 2849 1460 manu
2902 1405 2960 1459 ίη
2997 1409 3168 1475 caput
3210 1417 3412 1473 P0035,
3461 1402 3665 1470 Ρτομῖθτ

406 1489 787 1585 summitatem
817 1491 1124 1585 pollicisac
1172 1495 1389 1550 minimi
1433 1498 1590 1569 digiti
1622 1504 2002 1573 conjunge.et
2080 1498 2504 1555 similitudinem
2562 1511 2800 1555 coronm.
2852 1509 3020 1564 quam
3076 1508 3175 1545 rex
3218 1489 3369 1543 solet
3416 1492 3661 1558 portare:

407 1590 729 1677 sicparum‘
739 1579 996 1677 pollicem
1027 1581 1287 1677 deorsum
1334 1587 1514 1641 trahe.
1566 1588 1675 1642 Pro
1715 1591 1874 1660 signo
1914 1593 2002 1646 In-
2083 1588 2217 1660 quia
2246 1585 2417 1642 David
2443 1590 2640 1640 auctor
2668 1583 3011 1655 psalmorum
3052 1597 3148 1634 rex
3198 1584 3330 1632 erat
3379 1577 3490 1631 Pro
3521 1574 3664 1643 signo

406 1664 630 1769 troitus,
642 1663 903 1768 pollicem
920 1679 988 1769 Aet
1018 1669 1068 1723 ei
1095 1672 1407 1741 proximum
1440 1676 1626 1746 profer
1655 1679 1998 1734 summitati-
2017 1664 2061 1722 Β
2083 1676 2210 1732 libri
2237 1676 2658 1748 prophetarum,
2688 1671 2939 1742 generali
2966 1668 3284 1741 praemisso,
3320 1667 3428 1720 hoc
3456 1663 3667 1719 adde.ut

407 1748 511 1855 bus
536 1768 759 1855 eorum.
773 1756 1006 1855 junctis.
1048 1768 1243 1814 contra
1287 1779 1347 1817 os
1396 1781 1624 1819 manum
1665 1768 1902 1839 applica.
1936 1787 2001 1823 ac
2085 1782 2316 1820 manum
2358 1764 2628 1818 directam
2660 1762 2853 1816 trahas
2884 1776 2983 1831 per
3010 1758 3251 1829 capillos
3280 1760 3480 1809 contra
3495 1767 3666 1806 aurem

406 1840 633 1942 QQ?“
686 1845 1129 1942 missae_3ignu'n
1160 1850 1423 1942 “diul'ge-
1458 1854 1566 1907 PI‘O
1596 1854 1756 1925 signo
1788 1857 2001 1927 Gloria,
2085 1856 2361 1913 dextram.
2395 1852 2541 1923 quod
2575 1855 2920 1905 senectutem
2943 1847 3248 1918 signiﬁcat.
3284 1845 3396 1899 Pro
3421 1842 3575 1912 signo
3601 1839 3666 1892 bi-

411 1930 617 2000 digitos
642 1949 837 2033 omnes
862 1934 1068 1990 dextrae
1091 1955 1288 2033 manus
1308 1940 1549 2002 inﬂecte.
1583 1945 1837 1999 eamdem
1889 1963 2004 2000 ma-
2085 1945 2395 2000 bliothecae.
2418 1939 2667 2012 generali
2686 1938 2996 2010 praemisso.
3029 1937 3135 1989 hoc
3157 1934 3329 1989 adde.
3358 1938 3423 1986 ut
3443 1930 3666 2002 proferas

374 2034 377 2035 ⁷
577 2036 658 2122 οξῚ
689 2023 927 2122 εξΡΡῘίοδν
961 2026 1104 2094 quod
1139 2034 1363 2082 cantum
1386 2030 1681 2100 significat.
1710 2034 1814 2088 Pro
1845 2035 2004 2105 signo
2087 2050 2282 2088 omnes
2311 2033 2516 2103 digitos
2564 2047 2763 2084 manus
2809 2028 3123 2098 utriusque.
3155 2027 3268 2079 Pro
3299 2023 3460 2093 signo
3488 2018 3665 2090 episto-

409 2110 670 2210 ﬁlleluia.
705 2110 829 2210 leva
863 2128 1087 2210 manum
1116 2121 1173 2210 et
1200 2118 1556 2172 summitates
1586 2120 1888 2191 digitorum
1916 2123 2005 2177 in-
2086 2124 2268 2177 larum
2304 2120 2479 2177 Pauli.
2510 2118 2796 2190 prwmisso
2819 2114 3249 2187 generali.adde
3281 2111 3504 2182 signum
3523 2107 3663 2161 calvi.

410 2195 601 2259 ﬂexas.
637 2198 797 2268 quasi
835 2200 904 2254 ad
946 2203 1240 2258 volandum
1274 2223 1431 2260 move
1466 2216 1696 2278 prOpter
1722 2212 2001 2281 Angelos;
2088 2212 2198 2266 Pro
2226 2211 2387 2280 signo
2424 2209 2699 2262 librorum
2736 2207 2859 2265 Job.
2891 2202 3143 2275 generali
3184 2199 3496 2273 praemisso.
3527 2210 3664 2250 men—

412 2284 555 2383 q'uod
592 2293 654 2383 lit
682 2288 948 2383 credi—tur.
982 2290 1052 2344 ab
1080 2294 1309 2363 Angelis
1354 2294 1407 2348 in
1429 2297 1566 2351 coelo
1595 2305 1869 2354 cantatur.
1901 2301 2007 2354 Pro
2088 2307 2208 2354 tum
2241 2316 2366 2352 cum
2398 2298 2591 2351 dextra
2610 2301 2757 2358 tene,
2791 2292 2992 2347 deinde
3022 2290 3285 2346 eamdem
3315 2288 3561 2342 dextram
3593 2298 3669 2336 ex-

410 2372 571 2477 ξίεηο
601 2375 781 2430 Prosae
811 2376 950 2477 (.71)..
968 2397 1134 2450 quam
1161 2383 1387 2452 quidam
1412 2385 1766 2454 Sequentz’am
1788 2395 2003 2456 vocant,
2090 2405 2323 2460 pansam
2370 2402 2538 2456 super
2574 2393 2766 2456 pectus
2807 2399 3001 2454 ponas.
3045 2380 3199 2452 quod
3239 2385 3329 2432 est
3359 2376 3571 2445 signum
3598 2372 3667 2425 in-

410 2461 536 2561 leva
565 2479 794 2564 manum
817 2466 1168 2564 inclinatam.
1203 2480 1261 2526 et
1291 2479 1511 2543 pectore
1541 2492 1662 2529 eam
1697 2480 2005 2532 amovendo
2093 2477 2396 2531 ﬁrmitatis.
2444 2475 2551 2527 Pro
2577 2474 2736 2543 signo
2762 2469 3056 2534 Glossarii,
3087 2465 3349 2539 generali
3385 2462 3663 2533 praemisso.

412 2557 646 2652 inverte.
670 2553 747 2607 ita
771 2561 833 2609 ut
861 2558 1006 2627 quod
1039 2559 1192 2652 prius
1214 2569 1336 2615 erat
1358 2566 1690 2625 sursum.sit
1719 2566 2003 2622 deorsum.
2090 2566 2233 2620 adde
2254 2565 2476 2635 signum
2508 2561 2780 2626 lectionis,
2803 2565 2999 2631 postea
3026 2574 3227 2611 omnes
3253 2554 3460 2626 digitos
3486 2552 3667 2605 dextne

413 2638 526 2693 Pro
564 2658 725 2711 Signo
756 2648 1129 2716 responsorii;
1174 2650 1335 2705 trahe
1366 2668 1596 2706 manum
1629 2671 1728 2724 per
1755 2666 2006 2710 ventrem
2091 2655 2149 2709 in
2179 2670 2354 2708 unum
2396 2653 2693 2721 conjunge.
2743 2649 2889 2721 quod
2929 2663 3123 2701 omnes
3163 2647 3379 2699 fratres
3418 2638 3669 2711 signiﬁcat

413 2727 701 2829 deorsum,
734 2732 880 2829 quod
911 2736 1133 2789 tractim
1168 2737 1289 2791 ﬁeri
1337 2756 1560 2811 semper
1586 2740 1933 2811 signiﬁcetur
1954 2751 2011 2799 et
2090 2743 2432 2798 convenisse.
2465 2742 2574 2795 Pro
2603 2740 2763 2811 signo
2790 2738 2918 2792 libri
2949 2736 3402 2808 sequendarum,
3445 2725 3668 2798 generali

415 2817 883 2919 {Tdictomodo
915 2839 1143 2919 manum
1189 2827 1372 2919 adhos
1411 2830 1649 2899 applica.
1700 2832 1807 2885 Pro
1849 2832 2009 2903 signo
2093 2828 2400 2904 praemisso.
2451 2830 2673 2901 signum
2717 2828 2860 2881 adde
2898 2825 3175 2897 Martyris.
3222 2824 3335 2878 Pro
3381 2821 3532 2890 signo
3557 2812 3667 2869 libri

418 2904 731 3007 Oﬁertorn,
747 2911 1039 3007 praemisso
1054 2916 1304 2984 generali
1330 2916 1700 2987 signocantus
1719 2920 2007 2985 oll‘erendi.
2036 2981 2078 3007 η
2100 2920 2388 2979 Breviarii.
2410 2917 2660 2989 generali
2680 2915 2990 2988 praemisso,
3017 2913 3266 2967 indicem
3289 2927 3391 2982 per
3406 2906 3669 2975 obliquum

415 3009 639 3095 mgf“?
664 2997 827 3053 adde’
858 3000 967 3095 ΡΟ
995 3001 1156 3073 Signo
1188 3005 1633 3073 communionis.
1665 3009 1802 3063 item
1848 3027 2014 3080 gene-
2036 2981 2268 3080 C'super
2295 3025 2460 3063 nares
2490 3008 2668 3067 trahe.
2698 3005 3086 3060 obtruncatam
3116 3018 3243 3056 rem
3273 2981 3555 3054 simulans.
3576 2992 3667 3046 Pro

418 3083 709 3154 rahsngno
741 3089 1028 3158 praemisso
1051 3097 1268 3160 cantus,
1301 3094 1525 3164 signum
1562 3098 2013 3153 communicandi
2096 3098 2258 3169 signo
2314 3097 2441 3151 libri
2500 3093 2994 3152 consuetudinum.
3066 3088 3326 3162 generali
3387 3081 3664 3157 praemisso.

417 3171 580 3227 adde'
1094 3210 1101 3217 ‘
2096 3202 2306 3241 vestem
2341 3193 2535 3240 contra
2579 3190 2772 3255 pectus
2814 3180 3140 3252 comprime.
3181 3180 3299 3233 Pro
3324 3175 3480 3245 signo
3501 3183 3668 3242 perga-

1013 3271 1246 3328 CAPUT
1271 3274 1418 3329 XXI.
2097 3277 2272 3337 meni.
2304 3276 2464 3347 signo
2491 3272 2742 3344 generali
2772 3271 3043 3326 librorum
3066 3268 3377 3341 praemisso.
3406 3264 3505 3317 hoc
3525 3257 3669 3322 adde,

496 3446 518 3467 ἡ
547 3445 649 3467 nu
693 3462 823 3467 MM
897 3360 1518 3467 iposignii'librorum.
1683 3454 1698 3467 ι
2097 3371 2164 3420 ut
2218 3364 2410 3435 digitis
2466 3363 2765 3433 utriusque
2820 3375 3020 3414 manus
3062 3355 3419 3427 conjunctis,
3464 3359 3666 3447 manum

547 3445 656 3499 Pro
685 3448 934 3516 generali
978 3448 1139 3519 signo
1170 3449 1459 3515 librorum,
1500 3454 1735 3508 extende
1763 3470 2013 3521 manum,
2100 3457 2291 3510 manui
2327 3453 2708 3508 circumferas.
2755 3449 2903 3521 quod
2934 3448 3102 3503 etiam
3130 3452 3221 3501 est
3257 3444 3474 3515 signum
3503 3436 3667 3506 signo-

424 3538 689 3633 ,τησοῖιῆ
719 3535 866 3633 sicut
892 3536 1086 3590 folium
1116 3539 1249 3633 libri
1285 3542 1492 3595 moveri
1528 3543 1689 3596 solet.
1716 3543 1823 3596 Pro
1858 3544 2016 3614 signo
2103 3562 2251 3600 rum.
2285 3545 2392 3599 Pro
2431 3544 2589 3614 signo
2611 3541 2807 3595 rotula:
2834 3541 2957 3605 (77),
2983 3537 3226 3607 digitum
3262 3532 3437 3604 digito
3465 3527 3669 3580 circum-

424 3620 579 3675 Librl
608 3623 863 3689 Missalis.
902 3626 1154 3694 generali
1200 3628 1360 3698 signo
1406 3630 1713 3700 praemisso.
1764 3632 1926 3697 adde.
1958 3640 2022 3687 ut
2102 3635 2203 3701 fer,
2229 3651 2293 3689 ac
2319 3634 2521 3688 deinde
2556 3630 2890 3685 scribentem
2927 3627 3151 3682 simula.
3203 3626 3317 3679 Pro
3356 3622 3509 3690 signo
3554 3613 3668 3667 Βωο

427 3726 661 3810 planum
691 3712 943 3810 dextram
967 3722 1246 3770 extentam
1266 3717 1416 3810 inter
1447 3720 1692 3774 medium
1721 3722 1939 3792 pollicis
1967 3729 2024 3775 et
2104 3725 2187 3778 vis
2218 3722 2350 3789 (78),
2383 3722 2593 3794 primos
2631 3719 2896 3774 articulos
2944 3723 3186 3788 quatuor
3212 3714 3511 3784 digitorum
3537 3703 3669 3758 intle-

428 3798 628 3852 indicis
666 3800 897 3856 alterius
939 3820 1138 3858 manus
1179 3807 1338 3876 quasi
1381 3808 1591 3862 ferrum
1621 3809 1870 3865 limando
1898 3818 2019 3865 tra-
2106 3818 2214 3870 cte.
2250 3812 2495 3882 itemque
2524 3808 2858 3863 scribentem
2876 3806 3100 3860 simula.
3124 3806 3232 3858 Pro
3255 3803 3413 3872 signo
3431 3798 3668 3864 Martyro-

429 3887 576 3989 baslz
607 3889 707 3989 hoc
735 3891 911 3989 etiarn
929 3894 1301 3989 cujusque-rei
1328 3902 1434 3952 est.
1476 3914 1643 3969 quam
1669 3899 1724 3953 in
1755 3900 2019 3971 fiequen-
2104 3900 2259 3971 logii.
2292 3898 2674 3954 summitatem
2698 3894 2912 3967 pollicis
2945 3910 3044 3965 per
3080 3892 3439 3947 summitates
3467 3890 3667 3938 caetero-

430 3977 513 4078 tia
542 3978 849 4078 habemus:
871 3981 980 4035 Pro
1010 3982 1171 4078 signo
1197 3984 1327 4039 libri
1373 3967 1720 4058 Epistolaris.
1769 3967 2022 4059 generali
2106 3967 2230 4044 rain
2259 3987 2562 4057 digitorum
2595 3985 2807 4039 dextra:
2844 3981 3007 4054 quasi
3036 3977 3414 4052 computando
3443 3967 3667 4027 celeriter

435 4067 725 4168 fgn‘lhoc
742 4071 906 4138 adde.
940 4079 1004 4127 ut
1034 4074 1255 4145 Signum
1286 4077 1466 4130 crucis
1501 4077 1559 4131 in
1579 4092 1802 4149 peetore
1832 4077 2020 4133 facias.
2110 4078 2290 4133 trahe.
2322 4056 2596 4146 incipiens
2619 4091 2651 4126 a
2682 4071 2935 4126 minimo.
2973 4070 3080 4123 Pro
3124 4068 3288 4139 signo
3319 4062 3442 4119 libri
3466 4056 3668 4114 saecula-

431 4156 542 4211 Pro
559 4157 720 4229 signo
733 4168 916 4215 textus
947 4162 1547 4236 Evangelii.przemisso
1567 4166 1818 4237 generali
1843 4166 2024 4237 signo,
2108 4164 2204 4225 ris.
2231 4181 2395 4234 quem
2424 4162 2626 4232 aliquis
2653 4158 2964 4231 composuit
2986 4158 3271 4227 Paganus.
3295 4147 3531 4226 generali
3555 4156 3667 4215 pﬁB'

434 4244 541 4347 hoc
585 4248 760 4355 addet
781 4255 852 4349 ut.
884 4250 1104 4321 signum
1157 4253 1338 4307 crucis
1386 4254 1556 4308 facias
1584 4255 1639 4309 in
1686 4231 2028 4309 fronteiPro
2048 4298 2093 4355 Ο
2113 4231 2285 4307 misso
2313 4252 2474 4323 signo
2506 4231 2651 4313 libri,
2685 4253 2789 4303 hoc
2815 4247 2978 4311 adde.
3029 4254 3095 4300 ut
3126 4261 3325 4300 aurem
3354 4257 3473 4296 cum
3517 4231 3667 4355 digit:

438 4351 477 4355 A_
493 4352 521 4355 ,4
539 4352 551 4355 Α
576 4354 585 4355 κ
1110 4341 1124 4355 ι
1291 4342 1305 4355 ι
1524 4349 1531 4355 .
1627 4344 1642 4355 θ
1691 4344 1739 4355 ι.
1818 4351 1824 4355 .
2119 4349 2127 4355 .
2397 4341 2407 4352 ι
2491 4347 2500 4355 .
2645 4339 2656 4350 ο
2932 4353 2943 4355 ,
2968 4336 3013 4355 ,I,
3054 4335 3205 4355 hung!
3225 4352 3312 4355 -__
3354 4330 3510 4355 ..-1.-6-
3540 4334 3634 4355 nun

435 4336 597 4407 signo
618 4337 783 4437 .libri.
836 4338 895 4392 in
944 4357 1065 4411 quo
1110 4341 1408 4412 legendum
1456 4349 1540 4397 est
1576 4344 1646 4398 ad
1690 4344 2026 4404 Nocturnos.
2050 4316 2332 4413 Utangas.
2365 4341 2510 4395 sicut
2537 4339 2690 4393 canis
2726 4354 2853 4392 cum
2884 4336 3023 4406 pede
3053 4335 3314 4407 pruriens
3352 4330 3510 4391 solet;
3540 4316 3665 4391 (ιιιοά

978 4431 1010 4437 .-
1090 4431 1101 4437 -
1463 4432 1474 4437 -
1609 4433 1621 4437 -
1720 4433 1730 4437 -
1817 4433 1827 4437 -
1926 4433 1940 4437 -
2244 4431 2254 4437 .
2452 4430 2481 4437 __
2574 4435 2579 4437 _
2628 4428 2662 4437 ..
2789 4427 2800 4437 .
2950 4426 2981 4437 _.
3046 4424 3057 4435 .
3112 4424 3177 4437 η,
3220 4423 3254 4437 ,,
3398 4417 3643 4437 “unm.

437 4425 728 4495 prmmisso
763 4431 1015 4499 generali
1059 4431 1219 4500 signo
1255 4437 1313 4485 et
1350 4431 1478 4486 libri
1521 4440 1578 4486 et
1608 4433 1879 4487 lectionis.
1926 4433 2032 4487 hoc
2115 4446 2216 4485 nec
2242 4430 2526 4485 immerito
2565 4428 2667 4482 tali
2712 4426 3017 4481 animantis
3045 4423 3288 4478 inﬁdelis
3317 4417 3665 4487 comparatur,

438 4512 602 4612 adde.
635 4521 947 4612 uti-nanum
975 4517 1043 4570 ad
1068 4519 1345 4572 maxillam
1379 4537 1571 4590 ponas.
1604 4521 1713 4575 Pro
1740 4521 1900 4592 signo
1930 4538 2034 4575 an-
2117 4520 2266 4593 quod
2305 4520 2473 4574 etiam
2528 4519 2752 4589 signum
2805 4522 2891 4570 est
2945 4515 3098 4569 canis
3173 4514 3283 4567 Pro
3325 4510 3476 4579 signo
3507 4497 3668 4555 διιείσ-

440 4600 768 4672 tiphonarii.
789 4606 1040 4674 generali
1072 4607 1355 4676 praemisso
1379 4583 1513 4662 libri
1547 4610 1706 4680 signo
1736 4583 1841 4664 hoc
1869 4610 2031 4675 adde,
2117 4583 2195 4681 gii
2225 4608 2350 4675 t79).
2377 4583 2662 4680 praemisso
2697 4606 2832 4677 ligni
2862 4605 3043 4675 signo,
3070 4600 3488 4674 conjunctisque
3512 4583 3669 4644 mani-

442 4697 508 4744 ut
537 4707 733 4744 omnes
770 4692 976 4763 digitos
1021 4711 1220 4748 manus
1271 4697 1478 4751 dextrae
1510 4699 1762 4753 inﬂectas
1809 4707 2037 4771 propter
2117 4698 2223 4753 bus
2253 4678 2422 4751 simul
2453 4704 2510 4752 et
2538 4696 2774 4757 inﬂexis.
2806 4694 3078 4749 interiora
3114 4693 3364 4763 ipsarum
3409 4678 3554 4740 faciei
3588 4688 3667 4741 oP‘

444 4796 681 4835 neumas
723 4778 853 4848 (75).
905 4781 960 4835 in
1002 4798 1067 4836 eo
1115 4783 1386 4852 inﬂexus;
1436 4792 1630 4857 postea
1672 4788 1931 4858 pollicem
1978 4788 2036 4842 in
2119 4804 2288 4859 pone.
2324 4787 2430 4841 Pro
2460 4787 2620 4858 signo
2647 4785 2786 4854 ligni
2825 4783 2897 4837 ad
2938 4783 3127 4859 lumen
3159 4776 3456 4835 tenendum
3478 4775 3667 4832 compo-

444 4869 859 4969 medioﬂind‘icis
906 4872 1145 4927 articulo
1190 4875 1449 4946 prosilire
1489 4875 1685 4932 facias.
1734 4876 1840 4931 Pro
1879 4877 2038 4947 signo
2120 4875 2234 4937 siti.
2266 4892 2494 4931 manum
2525 4875 2810 4929 sinistram
2835 4843 3088 4933 extendis,
3123 4869 3390 4924 interiora
3431 4860 3541 4930 ejus
3557 4865 3664 4905 sur-

845 4959 881 4969 ..
1024 4961 1038 4969 .
1290 4963 1301 4969 -
1705 4964 1741 4969 -_
2575 4965 2588 4969 _
2908 4962 2918 4969 .
2988 4963 2999 4969 -
3125 4966 3131 4969 Α
3422 4968 3453 4969 η
3482 4936 3660 4969 ιωηὶκῖἶ

445 4955 577 5013 libri
612 4955 913 5014 Gradualis
939 4961 1134 5015 eodem
1176 4936 1363 5030 modo,
1414 4980 1524 5034 quo
1573 4964 1899 5035 praedictum
1926 4936 2035 5031 est,
2120 4982 2243 5021 sum
2275 4971 2516 5026 vertens.
2539 4965 2889 5034 alteramque
2907 4962 2963 5016 in
2979 4963 3246 5031 junctura
3274 4968 3462 5012 manus
3482 4936 3662 5000 brachii

444 5083 849 5211 mggaua,
880 5093 1086 5147 storea.
1119 5093 1313 5158 teges;
1361 5087 1421 5142 in
1465 5087 1654 5142 mattis
1686 5089 2040 5144 dormiebant

516 5228 623 5308 (Ἠ)
658 5228 808 5311 Libri
854 5229 1107 5311 Rituales
1144 5229 1671 5311 Ecclesiastici__eam_
1704 5231 2035 5311 orationem,

488 5315 572 5381 uie
600 5302 851 5381 inmissa
876 5302 1097 5381 canitu_r
1121 5312 1252 5355 ante
1283 5303 1639 5381 livangelium
1660 5303 1715 5356 in
1733 5303 2042 5372 majoribus

472 5374 882 5455 'estjs‘Prosam.
914 5389 1022 5455 seu.
1041 5374 1393 5455 .quuentiam
1428 5382 1642 5427 vot-ant.

473 5440 892 5522 “375)1Veu_m_a.
933 5440 1173 5508 Jubilus,
1213 5444 1502 5515 productio
1548 5450 1747 5499 cantus
1785 5445 1844 5499 in
1884 5445 2039 5500 ﬁnali

447 5509 639 5565 littera
664 5513 1006 5570 antiohonze.

526 5579 641 5651 (76)
786 5579 898 5639 hoc
923 5585 1045 5671 loco
1084 5585 1311 5678 colliges
1354 5587 1757 5649 monachorum
1807 5587 2036 5669 capillos

2121 5107 2187 5144 ex
2207 5089 2424 5157 integro
2446 5104 2604 5141 rasos
2629 5102 2739 5140 non
2759 5085 2951 5139 fuisse.
2980 5084 3080 5139 Cui
3105 5083 3263 5137 adde.
3292 5065 3662 5157 quodpfﬁﬁnes

2122 5140 2295 5215 éi'siia
2323 5140 2491 5213 iisum
2513 5158 2976 5213 concedebantur.
3011 5164 3075 5210 ut
3097 5172 3161 5208 ex
3191 5140 3559 5224 seqqrpatebit.

2196 5230 2305 5296 (77)
2338 5232 2538 5284 liotqu
2582 5229 2835 5283 Rutulus.
2871 5226 3099 5295 scheda,
3123 5219 3324 5280 charta
3351 5222 3403 5274 in
3430 5219 3655 5284 δνθαθων

2125 5307 2317 5357 rotu’z
2345 5317 2442 5355 seu
2473 5307 2603 5354 rota:
2629 5300 2942 5353 convoluta.
3084 5312 3089 5317 '
3534 5350 3544 5361 ,
3597 5344 3627 5361 ..

2197 5372 2303 5441 (78)
2346 5375 2547 5435 Brevis,
2579 5371 2975 5436 inventarium,
3006 5368 3202 5423 charta
3240 5362 3510 5423 continens
3531 5345 3655 5405 indi”

2123 5462 2266 5509 cem.
2300 5450 2407 5499 etc.

2195 5508 2305 5586 (79)
2329 5514 2688 5587 Analogium,
2716 5511 3017 5586 pulpitum,
3048 5508 3233 5567 ambo.
