3908 6168
197 304 297 361 953

1248 292 1672 353 CONSTITUT.
1716 288 2056 352 HIRSAUG.
2099 327 2164 340 —
2205 297 2348 355 LIB.
2388 297 2435 353 Ι.

3370 296 3480 359 954

189 446 364 503 super
393 431 577 503 ipsam
603 428 932 500 erige.sicut
953 425 1106 480 vides
1135 424 1317 496 ipsum
1349 422 1787 477 instrumentum
1806 414 2020 488 Arum,
2073 424 2360 496 praemisso
2399 423 2671 495 generali.
2709 441 2960 496 pugnum
3009 441 3180 497 super
3224 442 3479 498 pugnum

190 537 309 574 esse
360 520 594 581 factum,
639 523 698 573 et
745 517 889 571 adde
924 514 1153 571 luminis
1199 513 1449 583 signum.
1489 511 1597 564 Pro
1626 507 1785 577 signo

189 608 491 674 Formulaa,
538 606 829 678 pmmisso
879 605 1014 675 ligni
1062 604 1244 674 signo,
1280 616 1510 655 manum
1560 599 1786 651 inanem

190 698 446 761 extende,
494 714 561 751 ac
596 696 676 751 sic
706 694 1107 767 procumbendi
1148 693 1206 746 in
1249 697 1461 745 terram
1504 687 1677 743 facias
1717 684 1791 739 si-

189 801 385 855 gnum,
416 784 567 858 quod
597 784 768 839 etiam
795 784 1018 853 signum
1053 786 1141 836 est
1168 780 1362 835 venire.

750 872 985 927 CAPUT
1009 870 1183 925 XXII.

609 964 685 1017 De
739 964 918 1030 signis
959 973 1354 1030 personarum.

256 1050 373 1105 Pro
401 1050 564 1122 signo
591 1050 784 1105 domni
806 1048 1043 1112 abbatis,
1079 1049 1166 1102 fac.
1198 1047 1348 1102 idem
1382 1042 1783 1115 signum.quod

191 1141 255 1195 de
274 1141 496 1210 Regula
522 1146 609 1194 est
634 1140 1007 1211 praemissum.
1036 1137 1148 1192 Pro
1176 1136 1340 1206 signo
1381 1132 1636 1188 monachi
1658 1147 1784 1185 cum

191 1245 360 1283 manu
414 1234 545 1282 tene
598 1228 865 1299 capillum
922 1227 1168 1281 cucullze.
1215 1226 1322 1279 Pro
1360 1223 1521 1293 signo
1560 1220 1781 1285 inclusi,

192 1317 330 1372 adde
351 1317 578 1387 signum
631 1317 907 1374 fenestrae.
965 1316 1020 1370 id
1070 1321 1153 1370 est
1193 1313 1415 1384 signum
1453 1309 1785 1383 splendoris.

192 1407 294 1461 Pro
319 1406 488 1475 signo
520 1407 797 1472 monachi,
821 1406 916 1478 qui
948 1411 1035 1460 est
1061 1404 1308 1459 nutritus
1339 1403 1397 1456 in
1426 1398 1785 1460 monasterio,

193 1496 442 1565 generali
500 1496 811 1567 praemisso.
848 1495 1087 1565 digitum
1139 1493 1435 1547 minimum
1483 1489 1647 1543 labiis
1685 1488 1787 1541 ad-

193 1600 362 1648 move,
416 1601 518 1656 pro
568 1601 635 1639 eo
682 1584 827 1656 quod
883 1584 965 1638 ita
1018 1582 1170 1654 sugit
1213 1581 1415 1635 infans.
1472 1580 1579 1633 Pro
1629 1576 1788 1647 signo

1872 528 2018 581 pone
2064 513 2326 575 vicissim,
2362 514 2523 585 quasi
2556 514 2788 568 simules
2816 521 3206 570 construentes
3228 532 3476 570 murum.

1871 599 2000 655 Pro.
2044 602 2204 672 signo
2264 603 2435 664 senis,
2484 603 2645 657 trahe
2684 620 2914 657 manum
2983 604 3254 659 directam
3308 620 3480 676 super

1873 691 2105 761 capillos
2149 703 2342 747 contra
2389 708 2586 746 aurem
2633 693 2910 749 dextram.
2950 693 3060 747 Pro
3091 693 3251 763 signo
3300 692 3484 748 Mare-

1874 780 2061 847 scalci,
2095 798 2222 836 cum
2266 782 2485 836 duobus
2510 781 2702 851 digitis
2731 792 2860 836 tene
2897 782 3128 852 capillos
3168 782 3480 836 anteriores

1873 876 2104 941 propter
2124 870 2457 942 jubas,quas
2488 870 2696 925 habent
2722 870 2941 925 caballi.
2959 871 3114 925 Idem
3144 876 3231 925 est
3250 872 3478 941 signum

1874 956 2093 1011 caballi.
2132 959 2241 1012 Pro
2279 959 2441 1029 signo
2470 958 2720 1021 asinarii,
2751 959 3134 1012 summitatem
3164 959 3380 1029 pollicis
3404 959 3477 1014 ad

1874 1062 2067 1100 aurem
2115 1064 2279 1117 pone.
2329 1053 2671 1119 czeterosque
2699 1047 2906 1122 digitos
2955 1054 3241 1119 porrectos
3294 1065 3473 1115 move,

1870 1134 2015 1190 sicut
2030 1137 2224 1191 asinus
2253 1154 2471 1203 aurem,
2503 1137 2694 1192 addito
2723 1138 2881 1207 signo
2912 1136 3154 1191 videndi.
3180 1138 3284 1191 Pro
3313 1137 3474 1208 signo

1868 1226 2250 1296 compatriotae
2278 1227 2361 1281 vel
2385 1226 2810 1294 consanguinei.
2860 1232 2991 1279 tene
3022 1242 3249 1279 manum
3279 1233 3476 1280 contra

1872 1312 2094 1383 faciem,
2114 1315 2196 1369 ita
2225 1322 2289 1370 ut
2316 1316 2562 1370 medium
2594 1315 2832 1386 digitum
2867 1331 3002 1368 naso
3033 1314 3308 1385 imponas,
3345 1331 3473 1385 pro-

1874 1409 1997 1473 pter
2019 1404 2371 1474 sanguinem,
2404 1406 2500 1476 qui
2552 1405 2683 1459 inde
2727 1419 3133 1474 nonnunquam
3178 1402 3321 1457 ﬂuit.
3366 1403 3475 1456 Pro

1870 1492 2029 1563 signo
2058 1495 2251 1564 patris,
2280 1494 2475 1548 eodem
2506 1494 2811 1565 praemisso.
2846 1493 2996 1547 senis
3031 1493 3257 1562 signum
3303 1491 3469 1546 adde.

1872 1582 1981 1636 Pro
2009 1583 2171 1653 signo
2223 1583 2433 1645 fratris,
2477 1584 2764 1654 praemisso
2792 1583 2927 1636 item
2973 1580 3476 1650 consanguinitatis

192 1673 410 1744 prioris,
458 1673 666 1728 simula
693 1690 821 1727 cum
856 1672 1075 1736 duobus
1099 1672 1294 1741 digitis
1319 1669 1534 1724 scillam
1571 1673 1785 1721 tenere.
1803 1671 2050 1753 Bsigno,
2077 1688 2259 1743 parva;
2290 1672 2370 1725 rei
2416 1672 2636 1741 signum
2672 1671 2835 1725 adde.
2887 1672 2996 1725 Pro
3034 1671 3195 1740 signo
3250 1669 3473 1737 matris,

192 1769 245 1817 et
271 1762 349 1816 ita
383 1778 507 1816 eam
540 1779 742 1817 sonare
807 1762 917 1816 Pro
956 1761 1117 1831 signo
1148 1759 1399 1830 Majoris,
1454 1773 1669 1828 magna:
1707 1755 1788 1809 rei

192 1851 409 1921 signum
440 1851 732 1907 adde.Pro
761 1851 923 1922 signo
950 1848 1265 1904 claustralis
1295 1847 1516 1919 prioris,
1539 1844 1789 1916 generali

192 1940 499 2011 praemisso,
547 1940 787 1995 indicem
826 1940 1088 1994 deorsum
1155 1944 1328 2003 verte,
1379 1941 1437 1991 et
1491 1934 1791 1990 circumfer

197 2027 347 2097 quasi
379 2028 657 2099 gyrando.
698 2028 807 2082 Pro
834 2027 993 2098 signo
1022 2026 1297 2096 adjutoris
1317 2026 1487 2088 illius,
1522 2025 1656 2079 item
1687 2041 1788 2093 ge-

193 2118 360 2170 nerali
423 2116 730 2188 praemisso,
784 2117 1024 2186 digitum
1066 2116 1363 2171 minimum
1419 2114 1673 2178 extende,
1723 2129 1789 2167 eo

193 2204 328 2276 quod
372 2222 476 2276 per
507 2221 636 2259 eum
683 2221 906 2276 semper
928 2221 1098 2276 parva
1131 2221 1220 2258 res
1269 2204 1620 2275 significetur
1679 2201 1788 2254 Pro

194 2293 344 2363 signo
375 2294 608 2348 armarii
648 2301 706 2348 et
748 2294 1129 2358 Praaccntoris,
1192 2293 1444 2364 generali
1477 2289 1785 2363 praemisso,

193 2382 324 2436 adde
378 2383 606 2453 signum
650 2383 914 2437 cantandi
950 2389 1009 2436 et
1046 2383 1339 2453 pulsandi;
1381 2381 1516 2452 quia
1570 2379 1689 2451 ipse
1728 2378 1786 2432 in

192 2469 478 2525 duodenm
522 2472 852 2526 lectionibus
887 2472 957 2525 ad
1002 2473 1274 2542 majorem
1324 2470 1576 2533 missam,
1620 2468 1783 2537 cujus

192 2560 427 2614 ofﬁcium
459 2567 563 2617 est.
607 2561 845 2631 primam
881 2561 1096 2614 scillam
1128 2560 1325 2631 incipit
1370 2558 1615 2629 pulsare.
1674 2556 1781 2609 Pro

191 2648 343 2719 signo
370 2647 479 2717 (80)
513 2650 830 2714 Circatoris,
865 2649 1028 2720 signo
1050 2648 1301 2719 generali
1348 2645 1603 2700 monachi
1639 2661 1784 2715 prie-

191 2738 374 2801 misso,
400 2738 686 2809 praedicto,
718 2739 884 2793 modo
930 2738 1170 2792 indicem
1203 2737 1407 2809 profer.
1459 2736 1567 2789 Pro
1618 2733 1780 2803 signo

194 2827 435 2881 custodis
486 2828 752 2893 ecclesiae,
799 2824 1050 2899 generali
1092 2828 1406 2899 praemisso,
1444 2841 1571 2881 cum
1612 2839 1784 2877 manu

194 2915 393 2971 simula
450 2933 781 2989 campanam
837 2934 1058 2972 sonare.
1110 2917 1220 2971 Pro
1274 2915 1435 2985 signo
1465 2911 1781 2975 camerarii,

1872 1761 2021 1815 idem
2050 1761 2138 1837 fac
2163 1762 2429 1831 adjuncto
2447 1762 2608 1832 signo
2638 1761 2908 1815 mulieris.
2937 1761 3045 1813 Pro
3076 1759 3235 1829 signo
3263 1758 3473 1812 sororis

1876 1851 2024 1905 idem
2051 1851 2138 1905 fac
2166 1851 2311 1921 quod
2336 1856 2395 1904 et
2421 1850 2639 1914 matris,
2671 1850 2934 1919 adjuncto
2964 1862 3146 1919 parvae
3176 1846 3257 1901 rei
3287 1846 3469 1917 signo.

1873 1940 1982 1994 Pro
2012 1940 2173 2010 signo
2194 1939 2391 1994 Clerici
2420 1940 2655 2010 digitum
2686 1939 2811 1993 auri
2839 1937 3153 2002 circumfer,
3179 1935 3338 2007 quasi
3364 1952 3489 2017 gy-A

1871 2030 2070 2087 rando.
2101 2035 2328 2100 propter
2351 2028 2775 2082 similitudinem
2803 2043 3042 2088 coronae.
3093 2041 3262 2097 quam
3289 2023 3349 2077 in
3374 2040 3470 2077 ca-

1872 2118 1987 2188 pite
2021 2118 2268 2172 Clericus
2317 2117 2503 2171 habet.
2538 2117 2646 2170 Pro
2676 2117 2836 2185 signo
2859 2116 3029 2177 Laici,
3054 2120 3306 2168 mentum
3335 2119 3465 2167 tene

1871 2224 1996 2261 cum
2031 2207 2229 2261 dextra
2254 2207 2410 2278 quasi
2427 2205 2656 2259 barbam
2685 2206 2932 2261 trahens.
2967 2206 3074 2258 Pro
3100 2204 3261 2273 signo
3286 2201 3473 2256 homi-

1870 2296 1976 2357 nis,
2009 2298 2102 2366 qui
2139 2296 2372 2349 alterius
2392 2301 2480 2349 est
2507 2295 2730 2364 linguae,
2747 2310 2873 2346 cum
2897 2292 3073 2362 digito
3102 2289 3250 2344 labia
3276 2294 3467 2359 tange,

1870 2392 2100 2455 propter
2120 2384 2399 2455 loquelam
2450 2384 2557 2437 Pro
2587 2383 2749 2452 signo
2779 2380 2988 2435 sutoris
3003 2379 3291 2450 praemisso
3306 2377 3469 2446 signo

1867 2474 2037 2535 Laici,
2060 2473 2296 2527 indicem
2329 2473 2586 2527 dextrum
2608 2488 2779 2542 super
2815 2470 3058 2524 indicem
3087 2467 3377 2521 sinistrum
3410 2466 3469 2519 in

1867 2563 2093 2616 modum
2116 2562 2295 2616 crucis
2318 2578 2476 2633 pone,
2511 2561 2702 2631 sicque
2728 2575 2953 2613 movens
2982 2556 3144 2629 quasi
3170 2556 3265 2626 qui
3297 2554 3465 2608 subu-

1865 2651 1920 2705 la
1949 2652 2211 2722 perforat,
2236 2658 2491 2705 suentem
2522 2649 2745 2703 simula.

2437 2741 2523 2793 CA
2536 2739 2671 2794 PUT
2702 2738 2910 2792 XXIII.

2213 2829 2288 2882 De
2312 2831 2487 2895 signis
2511 2829 2862 2881 diversarum
2894 2841 3110 2879 rerum.

1936 2916 2047 2971 Pro
2100 2916 2261 2987 signo
2311 2916 2585 2981 omnium,
2651 2914 3062 2987 comprehende
3119 2912 3350 2983 capillos
3406 2910 3466 2963 in

190 3006 432 3075 generali
463 3007 773 3078 praemisso,
808 3007 1011 3062 simula
1048 3006 1309 3060 denarios
1354 3009 1746 3059 numerantem
1763 3047 1775 3060 .
1800 3015 1845 3078 ο
1868 3004 2068 3060 fronte.
2098 3006 2205 3059 Pro
2230 3005 2390 3076 signo
2417 3004 2696 3076 loquendi,
2722 3010 2919 3057 contra
2943 3020 3005 3056 os
3032 3008 3161 3055 tene
3188 3000 3464 3065 dextram,

195 3093 300 3148 Pro
338 3095 499 3166 signo
530 3096 826 3161 cellerarii,
857 3096 1107 3166 generali
1138 3095 1445 3166 praamisso,
1480 3092 1685 3147 simula
1726 3092 1782 3145 in

191 3198 413 3237 manum
445 3184 658 3239 clavem
680 3191 891 3249 tenere,
905 3191 964 3238 et
977 3185 1136 3256 quasi
1167 3200 1305 3239 serae
1320 3183 1546 3237 inﬁxam
1570 3180 1784 3234 immit-

191 3276 326 3327 tere.
371 3273 478 3327 Pro
508 3273 669 3344 signo
714 3274 995 3334 Granarii,
1035 3274 1131 3344 qui
1163 3289 1445 3327 annonam
1494 3270 1693 3341 recipit
1729 3274 1788 3323 et

192 3370 391 3419 servat.
412 3362 622 3417 simula
646 3379 774 3417 cum
807 3362 1077 3417 ambabus
1117 3361 1399 3420 manibus.
1431 3359 1591 3431 quasi
1618 3358 1787 3412 alicui

192 3451 301 3503 vasi
337 3467 616 3505 annonam
640 3451 970 3506 immitteres
994 3452 1061 3505 ad
1095 3450 1463 3505 metiendum.
1499 3450 1606 3503 Pro
1626 3448 1787 3517 signo

193 3538 517 3601 Hortularii,
559 3539 807 3609 generali
842 3539 1148 3611 prmisisso,
1181 3539 1423 3593 indicem
1470 3538 1690 3591 inflecte
1730 3543 1787 3590 et

193 3629 592 3689 attrahe,sicut
620 3631 712 3700 qui
742 3638 986 3683 rastrum
1018 3629 1087 3682 de
1110 3636 1260 3683 terra
1284 3628 1475 3681 trahit.
1503 3630 1514 3676 l
1543 3642 1604 3679 ro
1626 3626 1787 3695 signo

193 3716 436 3770 custodis
483 3717 731 3788 hospitii.
780 3717 877 3771 ubi
915 3717 1186 3785 hospites.
1239 3716 1331 3786 qui
1368 3720 1502 3769 sunt
1532 3715 1784 3777 ditiores,

193 3805 558 3875 recipiuntur,
614 3806 865 3875 generali
922 3805 1231 3877 praemisso.
1262 3804 1468 3858 simula
1504 3802 1574 3857 de
1620 3818 1789 3856 manu

187 3894 432 3964 gladium
463 3896 704 3949 trahere.
743 3897 851 3949 Pro
872 3896 1033 3965 signo
1058 3894 1501 3965 eleemosynarii.
1530 3894 1624 3965 qui
1655 3894 1792 3947 reci-

189 3984 269 4054 pic
305 4002 600 4056 pauperes,
633 3986 795 4040 trahe
828 4002 1055 4039 manum
1083 3986 1151 4039 de
1192 3986 1425 4039 humero
1463 3985 1692 4040 sinistro
1731 3985 1790 4038 in

188 4071 443 4127 dextrum
473 4074 642 4133 latus,
674 4074 822 4128 sicut
848 4074 1091 4143 corrigia
1120 4089 1265 4144 perae
1293 4074 1437 4127 solet
1465 4089 1495 4127 a
1527 4072 1787 4143 pauperi-

190 4161 290 4215 bus
316 4163 545 4233 portari.
593 4162 703 4216 Pro
756 4163 915 4233 signo
958 4162 1273 4226 inﬁrmarii,
1322 4162 1416 4232 qui
1461 4162 1789 4232 obsequxtur

190 4247 442 4315 inﬁrmis,
474 4252 729 4323 generali
761 4256 1070 4323 praemisso,
1103 4252 1245 4305 adde
1285 4250 1505 4321 signum
1555 4250 1789 4305 infirmi-

1869 3101 1927 3148 et
1956 3094 2036 3148 ita
2083 3111 2206 3149 eam
2258 3111 2448 3159 move;
2496 3095 2601 3148 hoc
2629 3100 2715 3147 est
2742 3092 2968 3162 signum
2999 3091 3169 3145 etiam
3222 3087 3465 3156 legendi.

1870 3184 1978 3237 Pro
2028 3184 2189 3254 signo
2241 3182 2504 3237 audiendi
2571 3190 2699 3236 tene
2743 3180 2981 3234 indicem
3027 3184 3222 3233 contra
3250 3191 3467 3231 aurem.

1871 3273 1981 3327 Pro
1996 3273 2156 3342 signo
2177 3271 2481 3331 nesciendi,
2515 3288 2640 3325 cum
2682 3270 2863 3324 indice
2895 3281 3081 3322 erecto
3110 3266 3258 3321 labia
3275 3271 3468 3335 tange.

1870 3362 1980 3416 Pro
2008 3362 2168 3433 signo
2206 3361 2586 3423 obliviscendi,
2630 3359 2869 3413 indicem
2902 3358 2971 3411 de
3000 3373 3136 3411 aure
3163 3356 3361 3409 dextra
3398 3354 3469 3407 ad

1871 3450 2159 3505 sinistram
2207 3453 2467 3504 transter.
2520 3450 2627 3503 Pro
2656 3447 2817 3514 signo
2849 3445 3177 3502 mentiendi.
3224 3443 3468 3498 indicem

1871 3556 2041 3609 super
2096 3538 2246 3592 labia
2318 3538 2560 3610 positum
2650 3537 2832 3592 trahe.
2901 3537 3009 3589 Pro
3082 3534 3243 3604 signo
3316 3547 3476 3586 oscu-

1870 3628 2040 3683 landi.
2119 3627 2357 3681 indicem
2432 3627 2595 3681 labiis
2668 3626 2912 3696 impone.
2993 3624 3102 3677 Pro
3175 3622 3337 3692 signo
3374 3621 3474 3677 de-

1869 3717 2078 3771 relictae
2128 3716 2570 3779 consuetudinis,
2636 3715 2721 3769 vel
2789 3714 3024 3769 alterius
3091 3712 3175 3766 rei
3237 3709 3474 3764 interdi-

1871 3811 1996 3869 ctae,
2059 3807 2174 3859 sive
2217 3822 2341 3877 quae
2400 3806 2518 3875 jam
2566 3804 2851 3867 defecerit,
2900 3802 3141 3857 indicem
3181 3800 3473 3853 dexterum

1874 3901 2006 3948 ante
2079 3895 2491 3948 extremitatem
2557 3892 2770 3947 sinistri
2828 3892 3075 3959 dimitte,
3132 3888 3292 3960 quasi
3343 3904 3473 3942 cum

1874 3984 2053 4037 cultro
2127 3982 2338 4053 aliquid
2412 3987 2799 4052 amputantem
2860 3980 3111 4034 simules.
3152 3979 3261 4032 Pro
3311 3976 3472 4046 signo

1873 4072 2165 4135 vestiendi,
2214 4071 2453 4125 maxime
2489 4086 2614 4124 cum
2651 4069 2797 4133 alba,
2852 4086 2950 4140 per
2993 4074 3189 4140 pectus
3238 4080 3468 4120 manum

1870 4162 2031 4215 trahe
2050 4161 2310 4214 deorsum
2340 4160 2448 4214 Pro
2464 4159 2623 4229 signo
2635 4158 2872 4213 exuendi
2885 4154 3474 4226 vestem,quaindutus

1873 4266 1953 4309 es,
1983 4266 2109 4303 cum
2143 4249 2339 4320 pollice
2369 4256 2426 4302 et
2443 4247 2622 4302 indice
2648 4264 2683 4300 a
2714 4254 2936 4318 pectore
2964 4245 3146 4300 trahe.
3173 4245 3280 4297 Pro
3308 4241 3468 4312 signo

188 4341 462 4397 tatis.Pro
493 4344 656 4413 signo
696 4342 1059 4404 refectorarii.
1081 4343 1334 4413 generali
1365 4342 1671 4413 praemisso,
1701 4342 1856 4425 facD
1876 4338 2253 4394 discalciandi.
2281 4336 2565 4407 praemisso
2592 4336 2753 4405 signo
2782 4334 3053 4404 corrigiae,
3084 4332 3228 4386 adde
3247 4331 3474 4401 signum

186 4429 403 4501 signum
433 4431 770 4487 ret‘ectionis.
805 4435 912 4487 Pro
955 4433 1116 4502 signo
1157 4430 1452 4485 custodum
1482 4429 1786 4495 Juvenum,

186 4524 472 4590 praemisso
490 4522 765 4591 generali,
789 4522 1024 4575 admove
1044 4521 1283 4589 digitum
1311 4519 1626 4578 minimum.
1642 4518 1793 4590 quod

186 4616 269 4662 est
297 4627 521 4679 signum
565 4610 808 4680 juvenis,
862 4615 920 4664 et
959 4610 1203 4663 indicem
1248 4624 1390 4679 pone
1430 4608 1500 4662 ad
1541 4609 1787 4670 oculum,

185 4698 336 4767 quod
362 4704 449 4751 est
467 4698 694 4768 signum
724 4698 964 4754 videndi.
1014 4698 1124 4751 Pro
1155 4697 1315 4767 signo
1364 4696 1617 4766 magistri
1665 4698 1792 4751 novi

183 4784 269 4845 tii,
304 4788 465 4840 trahe
518 4803 748 4841 manum
798 4788 1081 4857 obliquam
1135 4803 1234 4857 per
1282 4785 1512 4856 capillos
1566 4794 1793 4840 contra-

181 4872 447 4939 frontem,
482 4875 633 4945 quod
665 4882 750 4929 est
789 4875 982 4929 novitii
1023 4875 1244 4945 signum
1277 4881 1335 4928 et
1361 4874 1599 4943 alicujus
1638 4890 1792 4929 novae

181 4963 283 5024 rei,
305 4969 365 5015 et
389 4962 537 5016 adde
565 4962 788 5032 signum
822 4964 1179 5018 videndi.Pro
1206 4962 1367 5032 signo
1398 4962 1634 5032 alicujus
1653 4962 1791 5019 bene

180 5048 440 5104 litterati.
498 5051 586 5104 vel
613 5053 782 5106 etiam
816 5069 916 5123 pro
950 5056 1109 5123 signo
1131 5051 1338 5105 sciendi
1396 5067 1523 5104 cum
1553 5053 1793 5107 summi-

178 5139 520 5192 tateindicis
540 5139 595 5192 in
627 5149 848 5210 pectore
867 5141 1279 5211 aliquantulum
1314 5139 1470 5193 friva.
1506 5140 1614 5197 Pro
1631 5142 1791 5213 signo

174 5226 498 5297 Pnepositi,
545 5230 794 5296 generali
843 5230 1145 5301 praemisso.
1184 5229 1272 5282 fac
1310 5227 1549 5282 indicem
1584 5232 1793 5301 premi-

178 5331 317 5369 nere
340 5332 394 5369 in
432 5315 639 5379 fronte,
674 5318 821 5389 quod
845 5328 932 5372 est
961 5319 1184 5389 signum
1216 5318 1387 5380 hovis,
1407 5333 1472 5370 eo
1494 5318 1640 5387 quod
1676 5319 1791 5390 ipse

176 5406 254 5460 sit
282 5404 486 5459 talium
520 5408 790 5475 provisor.
818 5409 925 5462 Pro
946 5408 1108 5478 signo
1138 5406 1392 5477 magistri
1421 5410 1792 5464 cementario-

1877 4426 2135 4481 exuendi.
2174 4427 2282 4481 Pro
2320 4426 2479 4496 signo
2524 4424 2747 4479 lavandi
2789 4423 2977 4494 pedes,
3018 4421 3311 4476 ambarum
3349 4434 3474 4472 ma-

1875 4531 2053 4569 nuum
2095 4514 2367 4568 interiora
2392 4514 2461 4567 ad
2495 4513 2728 4567 invicem
2759 4511 3072 4575 committe,
3093 4517 3151 4563 et
3178 4508 3473 4580 paululum
3512 4514 3529 4521 ‘

1876 4604 2034 4670 frica,
2063 4603 2223 4672 quasi
2252 4604 2526 4656 lavantem
2550 4602 2800 4655 simules.
2835 4601 2941 4654 Pro
2969 4601 3130 4670 signo
3159 4598 3287 4652 boni
3296 4597 3476 4669 ,quid-

1876 4691 2008 4763 quid
2040 4692 2115 4746 sit
2139 4699 2196 4745 et
2223 4692 2426 4746 bonum
2460 4697 2517 4745 et
2545 4690 2839 4761 pulchrum
2867 4689 3092 4753 dixeris,
3116 4687 3375 4759 p«'-llicem
3413 4686 3474 4741 in

1874 4782 2175 4843 maxillam,
2211 4787 2268 4835 et
2295 4787 2592 4850 sequentes
2622 4780 2762 4833 duos
2790 4778 2994 4847 digitos
3030 4777 3087 4832 in
3130 4777 3387 4840 alteram,
3418 4781 3476 4830 et

1873 4872 1954 4926 ita
1983 4872 2067 4925 fac
2105 4888 2200 4925 eos
2230 4870 2286 4925 in
2311 4870 2665 4923 extremitate
2695 4868 2871 4922 menti
2901 4866 3102 4921 blande
3130 4865 3345 4921 collabi.
3365 4865 3474 4919 Pro

1875 4960 2035 5032 signo
2066 4959 2219 5016 mali,
2240 4958 2432 5029 digitis
2461 4973 2717 5028 sparsum
2742 4956 2799 5010 in
2822 4956 3019 5010 faciem
3048 4953 3475 5026 positis,simula

1874 5065 2123 5119 unguem
2185 5046 2302 5101 avis
2348 5046 2562 5116 aliquid
2610 5045 2907 5099 laceranda
2963 5043 3318 5097 attrahentis.
3363 5042 3473 5094 Pro

1874 5139 2034 5208 signo
2079 5136 2367 5194 innuendi.
2418 5135 2532 5189 sive
2584 5134 2919 5204 apportanili
2966 5132 3199 5202 aliquid,
3233 5135 3475 5200 quatuor

1874 5227 2082 5298 digitos
2113 5243 2268 5279 more
2296 5224 2460 5279 solito
2488 5230 2687 5277 contra
2739 5222 2934 5277 faciem
2967 5237 3126 5275 move
3179 5221 3283 5272 Pro
3312 5218 3471 5288 signo

1875 5316 2210 5386 negationis.
2243 5314 2627 5370 summitatem
2662 5313 2831 5366 medii
2864 5311 3044 5381 digiti,
3086 5308 3273 5381 pollici
3304 5322 3467 5378 pone,

1874 5414 1932 5460 et
1958 5407 2034 5458 ita
2080 5404 2167 5459 fac
2214 5404 2499 5475 prosilere.
2550 5403 2658 5456 Pro
2688 5402 2852 5472 signo
2877 5398 3200 5464 celeritatis,
3234 5395 3470 5451 extende

248 5545 371 5623 «ξε»
389 5547 694 5623 (firmiores
715 5550 871 5617 dicti,
908 5549 979 5605 ad
1016 5565 1157 5623 quos
1189 5549 1597 5605 monasterium
1627 5550 1873 5612 obeundi
1902 5563 2037 5605 cura
2062 5545 2373 5620 spectabat,
2402 5562 2598 5603 eorum
2628 5544 2874 5599 ofﬁcium
2890 5543 2980 5598 hic
3008 5541 3105 5597 lib.
3140 5555 3184 5597 ιι
3217 5538 3473 5612 pluribus

176 5616 579 5691 explicabitur.
