3908 6168
220 269 327 328 961

1285 262 1706 319 CONSTITUT.
1746 261 2090 324 HIRSAUG.
2134 294 2193 306 --
2232 263 2371 321 LIB.
2412 264 2458 323 Ι.

3398 266 3502 325 962

220 401 463 461 cturnse,
506 400 564 450 et
609 394 680 449 ad
715 392 975 448 ultimum
1007 391 1066 446 in
1100 389 1399 446 Matutinis
1423 390 1668 461 psalmos
1694 404 1818 441 cum
1839 390 1885 448 Α
1904 389 2105 443 stando
2136 390 2222 444 vel
2254 390 2669 460 procumbendo
2699 390 2917 457 orandi,
2949 391 3176 447 interim
3203 393 3335 448 dum
3366 392 3504 465 prae-

223 484 678 540 eacircationem
700 484 848 537 facit.
880 481 984 537 Sed
1013 487 1148 535 tunc
1191 480 1434 552 primum
1469 479 1539 533 ad
1570 479 1691 532 illos
1730 477 1826 547 qui

218 574 282 629 in
316 574 523 628 minori
552 574 720 627 choro
745 581 895 633 sunt.
929 571 1132 625 deinde
1177 586 1306 624 eum
1355 567 1734 640 pertransiens
1756 565 1826 619 si-

219 663 563 718 nistrorsum
601 662 671 716 ad
717 661 816 715 illa
847 660 1067 723 altaria,
1097 659 1416 729 iterumque
1442 674 1542 728 per
1569 655 1824 710 eamdem

214 751 371 819 viam
400 752 627 806 rediens
667 750 735 804 ad
782 767 897 814 eos,
930 749 1025 819 qui
1063 755 1222 802 extra
1247 748 1479 801 chorum
1504 760 1825 816 usquequa-

218 858 330 912 que
360 847 516 895 sunt.
548 841 677 894 Hac
708 845 895 893 autem
942 838 1213 891 absconsa
1264 853 1376 890 non
1427 842 1514 890 est
1542 835 1656 893 illa.
1698 848 1827 887 cum

219 946 333 1001 qua
389 929 596 984 chorus
650 928 1029 999 perlustratur
1072 927 1226 981 inter
1274 925 1541 980 lectiones
1578 923 1677 978 sed
1705 923 1822 985 illa,

219 1036 396 1091 quam
446 1017 765 1072 claustralis
814 1016 970 1088 prior
1004 1022 1130 1088 post
1169 1014 1606 1087 Completorium
1638 1011 1827 1084 posuit

214 1109 383 1179 juxta
410 1107 605 1161 lumen
633 1105 780 1177 quod
829 1104 1223 1160 dormitorium
1272 1109 1330 1158 et
1357 1103 1502 1157 viam
1527 1102 1824 1157 ducentem

220 1197 293 1250 ad
320 1195 691 1261 necessarias,
723 1195 1035 1251 illuminat.

802 1284 1036 1339 CAPUT
1056 1282 1256 1337 XXIX.

222 1376 502 1442 Quomodo
543 1376 726 1440 frater
763 1391 816 1428 se
852 1374 1044 1427 habeat
1088 1373 1248 1439 infra
1288 1373 1546 1440 psalmos,
1576 1372 1677 1439 qui
1705 1372 1823 1439 post

531 1465 824 1532 pradictas
862 1464 1136 1516 orationes
1176 1463 1506 1516 recitantur.

287 1555 429 1607 Post
480 1553 776 1625 praedictas
822 1558 936 1606 tres
981 1551 1264 1605 orationes
1312 1550 1621 1604 recitantur
1659 1548 1824 1619 quin-

218 1645 401 1699 decim
434 1644 658 1697 Gradus
688 1644 774 1696 vel
800 1643 1034 1713 triginta
1073 1641 1292 1711 psalmi.
1322 1640 1369 1694 si
1400 1640 1530 1694 talis
1568 1645 1653 1694 est
1680 1639 1818 1701 dies,

1907 478 2040 532 dicti
2070 486 2370 533 cantantur
2399 480 2625 542 Psalmi,
2660 480 2835 534 frater
2874 481 2968 551 qui
2994 498 3219 536 necesse
3242 481 3505 537 habuerit

1907 567 1977 620 ad
2024 567 2414 622 dormitorium
2459 570 2562 635 ire,
2614 574 2671 622 et
2712 568 2759 623 si
2803 571 3039 624 voluerit
3073 571 3132 626 in
3162 588 3228 626 eo
3260 574 3503 629 transitu

1906 654 2159 710 tabulam
2190 662 2246 711 et
2282 657 2738 728 antiphonarium
2790 658 3082 730 inspicere,
3125 662 3353 731 poterit.
3396 662 3504 727 Qui

1905 750 2118 811 tamen,
2146 745 2194 800 si
2220 746 2511 800 inclamari
2543 746 2751 817 aliquid
2776 747 2956 811 timet,
3006 766 3134 803 raro
3176 750 3282 804 hoc
3318 753 3501 806 facere

1908 850 2263 905 summopere
2292 835 2499 890 studet.
2524 835 2703 890 Alicui
2740 853 2870 890 vero
2899 855 3114 903 eorum,
3143 840 3238 909 qui
3267 840 3370 894 sub
3404 858 3502 896 cu-

1907 924 2090 978 stodia
2120 922 2224 991 (92:
2247 936 2379 979 sunt
2406 924 2594 996 positi.
2628 941 2984 996 nequaquam
3016 934 3148 981 tunc
3193 928 3324 983 licet
3350 946 3505 1000 egre-

1907 1012 1983 1078 di,
2026 1012 2133 1067 nisi
2180 1018 2297 1067 tam
2353 1013 2692 1068 inevitabilis
2738 1016 3040 1070 necessitas
3078 1017 3131 1071 ‘ei
3159 1023 3386 1089 repente
3414 1019 3502 1074 in-

1905 1109 2223 1174 gruat,qute
2252 1104 2575 1158 nullatenus
2596 1110 2772 1176 usque
2794 1105 2862 1158 ad
2898 1106 3063 1160 ﬁnem
3086 1108 3337 1177 ejusdem
3360 1108 3505 1179 psal-

1908 1193 2109 1247 modiae
2160 1193 2372 1247 differri
2418 1195 2625 1248 valeat.
2672 1194 3130 1266 Quandocunque
3160 1203 3349 1251 autem
3386 1199 3505 1253 hac

1908 1282 2286 1353 superveniat,
2319 1283 2476 1353 prius
2505 1289 2693 1337 tamen
2726 1284 2795 1337 de
2834 1285 3002 1339 choro
3033 1301 3142 1339 non
3175 1286 3306 1350 exit,
3332 1303 3503 1356 quam

1907 1379 2211 1425 conventus
2259 1371 2442 1426 omnis
2489 1372 2794 1427 consideat.
2827 1374 2979 1427 Nulli
3002 1390 3224 1444 quoque
3253 1392 3353 1445 pro
3385 1376 3506 1429 sola

1907 1476 2078 1515 causa
2124 1460 2373 1515 tabulam
2422 1466 2522 1514 aut
2565 1461 2767 1515 librum
2800 1461 3148 1532 inspiciendi,
3184 1470 3318 1518 tunc
3353 1465 3506 1519 exire

1907 1549 2056 1608 licet,
2093 1549 2199 1603 nisi
2223 1551 2486 1605 armario.
2522 1555 2578 1604 et
2604 1550 2689 1604 his
2722 1552 2816 1621 qui
2848 1551 3155 1621 aliquando
3199 1553 3269 1606 ad
3300 1553 3507 1607 invita-

1908 1639 2114 1692 torium
2156 1638 2429 1692 vestiendi
2476 1638 2544 1691 ad
2590 1638 2810 1692 initium
2854 1640 3060 1694 Psalmi
3109 1644 3180 1695 De
3207 1644 3507 1710 profundis

218 1733 445 1805 quando
490 1750 603 1787 non
624 1734 831 1787 debent
860 1733 930 1786 ad
959 1731 1270 1786 orationem
1300 1728 1691 1800 procumbere.
1738 1728 1823 1782 Ad
1845 1734 2111 1801 Bexeunt
2139 1727 2208 1781 de
2235 1729 2403 1781 choro
2429 1745 2442 1791 ;
2492 1727 2589 1781 sed
2620 1727 2724 1798 ipsi
2757 1735 2890 1782 tunc
2918 1737 3220 1800 apportant
3249 1732 3507 1803 antipho-

220 1823 344 1876 illas
367 1822 696 1875 eorumdem
719 1820 1033 1892 quindecim
1060 1820 1340 1891 graduum
1390 1818 1476 1875 90)
1501 1817 1821 1883 incisiones,

216 1911 295 1977 hi,
330 1911 428 1981 qui
458 1927 629 1981 super
660 1911 857 1965 sedilia
889 1910 1105 1971 sedent,
1140 1916 1331 1963 exerta
1366 1924 1554 1970 manu,
1592 1914 1823 1977 promer

219 2001 322 2053 hoc
350 2016 554 2071 parum
585 2006 735 2053 retro
769 1999 910 2053 versi
932 1999 1116 2052 solent
1145 1998 1348 2052 leniter
1373 2014 1440 2051 ea
1468 1996 1705 2066 erigere,
1724 2012 1820 2050 eo-

221 2078 466 2159 denique
492 2089 655 2142 modo
687 2105 784 2159 pro
801 2087 987 2141 sonitu
1014 2087 1313 2141 devitando
1332 2088 1643 2158 deponere:
1673 2085 1821 2156 quod

220 2186 276 2233 et
317 2178 557 2249 quilibet
579 2194 773 2231 eorum
813 2176 1109 2231 observare
1152 2177 1335 2236 debet.
1380 2175 1822 2247 quotiescunque

220 2268 305 2320 vel
345 2267 521 2329 solus,
546 2267 629 2318 vel
660 2282 787 2320 cum
816 2267 943 2320 aliis
970 2266 1147 2320 sedet.
1182 2265 1271 2319 Illi
1304 2281 1450 2323 vero.
1496 2264 1591 2335 qui
1621 2265 1678 2318 in
1707 2280 1825 2317 sca-

223 2355 390 2419 mnis,
416 2372 541 2425 quae
575 2355 721 2409 infra
749 2356 817 2409 ad
843 2356 1051 2409 formas
1075 2355 1256 2427 posita
1282 2362 1435 2410 sunt.
1467 2355 1682 2409 sedent.
1712 2370 1823 2407 non

224 2451 359 2498 tunc
386 2460 468 2499 se.
495 2444 642 2499 sicut
671 2460 771 2498 nec
800 2444 1104 2516 aliquando
1146 2452 1297 2498 retro
1336 2450 1695 2505 sustentant;
1727 2442 1825 2496 sed

224 2534 307 2587 ita
356 2534 607 2587 sedendo
653 2534 707 2586 in
738 2533 1023 2587 anteriora
1053 2543 1325 2605 quantum
1350 2533 1551 2595 valent,
1586 2548 1646 2586 se
1676 2529 1827 2585 incli-

223 2629 387 2678 nant.
435 2623 892 2694 Quandocunque
938 2623 1065 2693 quis
1111 2640 1280 2694 super
1311 2623 1570 2676 sedilium
1608 2620 1826 2674 miseri-

222 2711 449 2766 cordias
477 2711 582 2777 (91-
628 2711 906 2765 habuerit.
941 2729 1002 2766 se
1041 2719 1321 2767 sustentat
1348 2712 1444 2776 ibi,
1473 2710 1617 2765 sicut
1646 2719 1732 2764 est
1757 2709 1829 2763 ad

222 2802 421 2855 Gioria
469 2802 645 2865 Patri,
679 2805 814 2854 tunc
856 2800 950 2853 alii
999 2801 1211 2872 absque
1256 2800 1637 2855 sustentaculo
1678 2803 1832 2853 stant

223 2888 503 2941 inclinati.
568 2889 804 2952 Quando
841 2897 1029 2944 autem
1069 2890 1255 2944 cuncti
1293 2890 1501 2943 debent
1527 2905 1650 2943 esse
1678 2887 1834 2942 incli-

224 2989 431 3031 nantes
462 2976 697 3047 longiori
731 2995 905 3041 mora,
938 2982 1085 3033 sicut
1115 2986 1199 3033 est
1228 2979 1295 3033 ad
1339 2995 1531 3050 preces
1559 2985 1617 3031 et
1634 2978 1830 3032 suffra-

223 3067 338 3136 gia,
366 3065 486 3127 isti.
518 3074 581 3120 ut
612 3067 937 3137 praedictum
987 3076 1090 3133 est,
1124 3069 1323 3123 sedent
1368 3083 1538 3138 super
1579 3082 1827 3123 scamna.

226 3155 366 3209 item
408 3154 746 3210 inclinantes
795 3156 852 3211 in
901 3158 1186 3212 anteriora
1226 3157 1492 3229 :quando
1533 3156 1616 3210 illi
1661 3172 1832 3226 super

226 3243 462 3309 formas,
510 3244 602 3298 isti
634 3246 727 3316 qui
758 3253 912 3300 stant
954 3253 1085 3301 ante
1132 3248 1362 3311 formas,
1403 3263 1574 3317 super
1591 3245 1832 3299 scabella

228 3342 361 3389 ante
391 3350 456 3388 se
490 3334 670 3405 posita
698 3336 906 3405 jaceat.
937 3336 1227 3407 Quotquot
1270 3343 1458 3390 autem
1497 3335 1566 3389 de
1595 3334 1700 3398 his,
1735 3333 1830 3404 qui

230 3425 452 3494 priores
474 3431 608 3478 sunt
633 3425 703 3477 ad
735 3425 940 3479 lineam
972 3428 1208 3496 positam
1234 3425 1565 3486 ascendunt,
1581 3431 1639 3479 et
1662 3439 1832 3495 super

230 3509 442 3566 formas
479 3522 829 3568 transversas
856 3522 1051 3569 contra
1081 3516 1259 3570 altare
1301 3515 1612 3585 procidunt,
1643 3511 1831 3568 caeteri

234 3602 326 3673 qui
354 3603 545 3656 adhuc
578 3610 883 3673 supersunt
924 3620 1093 3675 super
1141 3604 1395 3674 ejusdem
1446 3604 1608 3659 lineae
1634 3602 1832 3657 sedilia

231 3690 629 3762 procumbunt.
675 3691 733 3746 Si
776 3691 951 3763 aliqui
992 3693 1061 3746 de
1089 3692 1195 3758 his,
1229 3692 1323 3763 qui
1352 3700 1534 3747 certas
1563 3691 1832 3746 stationes

231 3782 462 3847 habent,
493 3782 677 3835 adhuc
709 3790 1028 3853 supersunt,
1071 3783 1125 3836 hi
1154 3783 1222 3836 ad
1261 3783 1498 3853 gradum
1538 3782 1736 3837 sedent
1775 3783 1834 3835 et

228 3870 641 3942 precumbunt.
673 3871 758 3924 Ad
804 3870 1122 3926 Nocturnos
1166 3888 1296 3926 vero
1346 3872 1391 3926 si
1422 3878 1737 3942 opportune
1773 3867 1832 3921 in

229 3960 398 4014 choro
419 3976 546 4014 esse
584 3975 701 4014 non
740 3967 993 4031 possunt,
1033 3965 1191 4014 extra
1231 3961 1501 4015 secedunt
1551 3960 1695 4014 Nam
1729 3958 1833 4011 hoc

228 4066 455 4120 semper
486 4055 821 4111 cavetur,ne
837 4055 986 4104 retro
1015 4050 1082 4104 ad
1114 4050 1322 4104 formas
1342 4057 1494 4104 stent
1512 4065 1697 4103 coram
1729 4045 1828 4111 eis,

230 4137 443 4191 scilicet
473 4135 570 4208 qui
621 4137 692 4191 ad
739 4137 979 4207 parietes
1015 4138 1198 4192 locum
1248 4138 1474 4193 habent.
1509 4136 1831 4192 Notandum

234 4235 420 4281 autem
453 4226 603 4298 quod
649 4227 835 4282 nullus
884 4227 1009 4282 illas
1055 4235 1173 4282 tres
1219 4230 1500 4284 orationes
1549 4245 1672 4300 quae
1713 4231 1839 4298 post

1908 1817 2127 1871 narium
2155 1817 2210 1870 in
2244 1816 2588 1881 vestiarium,
2612 1821 2675 1870 ut
2693 1817 3052 1888 przevideant,
3087 1820 3237 1890 quod
3262 1821 3343 1875 eis
3371 1828 3506 1876 tunc

1903 1913 1991 1961 est
2018 1906 2354 1960 canendum.

1975 1996 2252 2050 Caeterum
2279 1996 2409 2066 quia
2431 1995 2569 2049 nulli
2601 1996 2668 2049 ad
2692 1995 2918 2066 aliquod
2946 1997 3190 2051 officium
3221 1998 3502 2070 descripto

1903 2085 2034 2138 licet
2056 2084 2359 2154 negligere,
2394 2084 2528 2155 quin
2561 2084 2738 2154 pridie
2768 2086 3087 2155 praevideat,
3113 2086 3246 2156 quid
3276 2088 3347 2141 ad
3386 2088 3508 2142 No-

1904 2180 2131 2228 cturnos
2161 2174 2365 2228 debeat
2395 2191 2561 2243 agere
2596 2192 2607 2226 :
2642 2174 2770 2227 hinc
2818 2174 2863 2228 si
2917 2177 3045 2246 quis
3077 2192 3176 2245 pro
3209 2176 3297 2230 sui
3322 2176 3502 2247 negli-

1902 2263 2097 2333 gentia
2136 2263 2241 2317 hoc
2291 2279 2403 2317 non
2453 2279 2800 2334 procurasse,
2832 2264 2929 2317 sed
2960 2273 3232 2319 nocturno
3261 2265 3504 2336 tempori

1907 2368 2243 2411 reservasse.
2276 2358 2333 2405 et
2359 2352 2462 2405 hoc
2491 2352 2547 2404 in
2577 2369 2679 2406 usu
2709 2352 2912 2406 habere
2949 2353 3330 2424 deprehensus
3382 2355 3505 2409 fue-

1909 2440 2015 2507 rit;
2053 2440 2286 2511 publicze
2319 2440 2703 2509 redargutioni
2726 2441 2847 2494 sine
2872 2441 3042 2495 dubio
3077 2443 3504 2513 subjacebit.At-

1909 2535 2119 2593 tamen,
2154 2530 2199 2583 si
2231 2531 2337 2584 hoc
2365 2530 2580 2600 pridem
2630 2539 2793 2584 caute
2832 2531 2958 2601 quis
2998 2534 3296 2604 prospexit,
3326 2534 3505 2589 noctis

1909 2617 2226 2672 interventu
2269 2618 2527 2672 oblivioni
2569 2619 2801 2673 forsitan
2840 2620 3153 2678 tradiderit.
3207 2621 3289 2677 vel
3344 2623 3391 2677 si
3435 2622 3507 2677 ab

1912 2708 2022 2761 alio
2051 2709 2225 2762 fratre
2245 2708 2297 2762 in
2323 2709 2425 2762 hoc
2445 2712 2717 2763 nocturno
2735 2710 3002 2781 temporis
3021 2711 3255 2765 articulo
3275 2717 3506 2782 rogatus

1911 2796 2137 2867 aliquod
2159 2797 2401 2850 officium
2459 2814 2559 2867 pro
2589 2814 2653 2850 eo
2684 2814 2850 2868 agere
2881 2799 3117 2852 voluerit
3151 2817 3162 2853 :
3196 2799 3291 2870 qui
3314 2805 3507 2855 tamen

1912 2885 1982 2939 de
2014 2885 2137 2949 hoc,
2176 2884 2282 2938 nisi
2340 2885 2642 2940 necessitas
2685 2893 2929 2956 cogeret,
2960 2903 2993 2940 a
3023 2903 3305 2957 quoquam
3335 2886 3506 2941 inter-

1915 2974 2108 3044 pellari
2152 2991 2264 3027 non
2311 2973 2522 3028 debuit.
2573 2975 2662 3028 Sic
2707 2975 2789 3028 vel
2842 2974 2986 3028 infra
3027 2975 3345 3046 quindecim
3373 2992 3506 3045 gra-

1911 3063 2083 3117 duum
2114 3063 2357 3134 psalmos
2393 3080 2403 3114 :
2438 3080 2503 3117 eo
2545 3069 2735 3117 tamen
2768 3063 2983 3125 ordine,
3028 3081 3138 3134 quo
3175 3064 3507 3134 praedictum

1912 3159 2016 3217 est,
2050 3153 2133 3206 vel
2185 3159 2397 3223 postea,
2435 3153 2882 3224 quandocunque
2908 3158 3287 3239 opportunum
3316 3152 3509 3218 fuerit,

1912 3241 2154 3295 breviter
2181 3241 2387 3297 videre.
2415 3242 2564 3312 quod
2598 3242 2729 3300 vult.
2769 3243 2990 3313 poterit.
3025 3242 3129 3296 Sed
3164 3246 3221 3295 et
3267 3243 3371 3295 hoc
3402 3242 3512 3296 fre-

1914 3337 2189 3402 quentare
2224 3337 2399 3393 cavet,
2457 3331 2505 3384 si
2552 3330 3003 3385 inclamationem
3044 3332 3287 3401 effugere
3316 3347 3510 3385 curam

1911 3419 2083 3473 habet
2110 3419 2226 3473 Hoc
2253 3424 2442 3474 autem
2465 3435 2925 3490 unumquemque
2954 3419 3096 3474 scire
3117 3425 3338 3491 oportet
3362 3420 3510 3491 quod

1913 3508 1985 3562 ad
2013 3508 2306 3563 lectionem
2348 3508 2593 3580 aliquem
2634 3508 2900 3563 vicarium
2942 3508 3046 3563 sibi
3083 3509 3373 3581 acquirere
3397 3526 3510 3563 non

1912 3596 2097 3659 debet,
2135 3598 2242 3652 nisi
2274 3599 2442 3652 talem
2491 3598 2586 3669 qui
2617 3599 2685 3652 ad
2716 3606 2979 3653 neutrum
3009 3599 3209 3653 horum
3240 3604 3326 3653 est
3355 3604 3513 3653 nota-

1913 3692 2024 3741 tus.
2068 3687 2213 3741 Nam
2253 3688 2559 3742 secundum
2591 3688 3053 3743 consuetudinem
3103 3705 3267 3743 nemo
3292 3688 3511 3743 duobus

1914 3776 2002 3830 his
2031 3776 2228 3830 officiis
2260 3776 2318 3831 in
2350 3793 2462 3831 una
2494 3784 2653 3831 nocte
2684 3778 2914 3848 agendis
2944 3784 3029 3831 est
3052 3777 3364 3849 descriptus
3409 3795 3420 3829 :
3463 3776 3513 3831 si

1912 3871 2104 3919 tamen
2132 3866 2291 3936 copia
2318 3866 2450 3920 talis
2476 3866 2543 3919 ad
2573 3866 2836 3920 lectorem
2873 3871 2931 3921 et
2958 3871 3335 3921 cautorem...
3368 3865 3513 3930 Quia

1916 3970 2043 4008 vero
2074 3954 2370 4024 prmdictus
2402 3954 2544 4008 liber
2568 3960 2625 4008 et
2650 3953 2842 4007 tabula
2871 3954 2942 4007 ad
2972 3955 3305 4008 alterutrum
3337 3954 3516 4009 divisa

1913 4042 1971 4096 in
2030 4043 2269 4112 singulis
2315 4043 2449 4096 locis
2492 4058 2625 4096 sunt
2678 4042 2878 4113 posita,
2916 4043 3107 4097 tabula
3144 4043 3357 4097 scilicet
3380 4048 3513 4098 ante

1916 4132 2229 4189 ecclesiam.
2275 4131 2417 4185 liber
2461 4148 2591 4185 vero
2644 4130 2828 4185 infra:
2860 4132 2931 4186 ad
2988 4138 3248 4185 neutrum
3317 4148 3515 4185 eorum

1919 4220 2221 4292 aliquando
2245 4221 2430 4291 plures
2460 4237 2627 4291 quam
2648 4221 2759 4275 duo
2774 4220 2938 4275 simul
2953 4219 3266 4275 consistunt
3284 4220 3508 4285 fratres,

238 4314 680 4385 Completorium
705 4315 1044 4386 procidvndo
1060 4324 1309 4386 aguntur
1328 4323 1484 4371 extra
1508 4316 1718 4371 formas
1736 4321 1902 4386 aut“
1917 4326 2098 4381 neque
2135 4309 2193 4363 hi
2230 4309 2463 4364 inVicem
2511 4316 2631 4364 tam
2678 4326 2867 4381 prope.
2899 4314 2961 4363 ut
2982 4309 3169 4369 simul.
3199 4308 3348 4380 quod
3368 4324 3513 4379 prai-

234 4403 481 4474 parietes
509 4404 664 4464 facit.
710 4405 819 4459 nisi
849 4406 1002 4460 Solus
1042 4407 1193 4477 prior
1220 4423 1344 4460 cum
1367 4405 1584 4459 duobus
1612 4374 2151 4459 collate-Ddictum.
2195 4400 2417 4453 valeant
2460 4398 2771 4469 inspicere;
2805 4398 2902 4453 sed
2932 4415 3059 4453 cum
3098 4414 3247 4453 unus
3275 4413 3515 4452 recesse-

232 4491 469 4545 ralibus.
513 4492 726 4546 Similis
759 4510 981 4565 quoque
1009 4494 1145 4548 ordo
1183 4495 1252 4547 ad
1282 4501 1579 4564 utramque
1606 4491 1832 4545 missam

229 4579 385 4633 infra
435 4580 748 4646 Canonem,
797 4588 853 4635 et
892 4583 960 4636 ad
1006 4599 1251 4644 versum,
1284 4582 1379 4653 qui
1422 4581 1679 4652 sequitur
1712 4584 1837 4651 post

227 4669 557 4741 prandium,
582 4670 667 4723 vel
698 4670 768 4723 ad
799 4671 1108 4725 orationem
1139 4687 1379 4742 quoque,
1413 4687 1535 4742 quae
1559 4670 1609 4723 in
1633 4675 1835 4741 quarta

228 4769 287 4814 et
314 4765 481 4813 sexta
520 4758 663 4812 feria
701 4766 833 4813 ante
862 4760 1270 4831 processionem
1310 4760 1519 4830 agitur,
1560 4760 1630 4814 ab
1658 4758 1832 4813 omni-

223 4848 335 4902 bus
359 4853 448 4902 est
472 4847 852 4902 observandas
896 4849 1011 4903 Hoc
1038 4866 1261 4921 quoque
1289 4849 1695 4904 observandum
1727 4853 1831 4914 est,

220 4944 289 4992 ut
337 4938 561 5009 quoties
610 4937 689 5005 hi,
735 4937 832 5009 qui
875 4938 942 4992 ad
993 4940 1269 4994 cancellos
1298 4945 1354 4993 et
1383 4938 1626 5010 parietes
1658 4941 1829 5002 stant,

220 5044 400 5100 super
428 5026 640 5081 formas
687 5027 1084 5098 procumbunt,
1117 5028 1352 5084 extremi
1390 5028 1539 5084 inter
1563 5043 1658 5082 eos
1687 5025 1834 5081 tanti

222 5115 452 5171 aliasad
473 5116 951 5187 procumbendum
982 5118 1269 5174 secedunt.
1299 5124 1364 5173 ut
1394 5117 1608 5189 priores
1638 5132 1833 5171 eorum

224 5220 405 5276 super
428 5204 638 5259 formas
654 5205 844 5276 jacere
867 5208 1109 5261 valeant.
1143 5207 1274 5261 Sive
1297 5211 1488 5261 autem
1516 5206 1591 5260 sit
1614 5212 1837 5276 tempus

304 5363 426 5440 (90)
449 5371 742 5425 Incisionis
789 5367 1081 5428 sectiones.
1106 5366 1368 5439 capitula.

308 5435 415 5504 (91'
452 5441 858 5497 Misericordiae.
890 5440 1100 5494 sellula:
1125 5435 1323 5493 erectis
1354 5440 1663 5494 formarum
1703 5437 1840 5493 sub-

230 5509 418 5567 selliis
444 5509 1236 5583 appositaaquibusstantibus
1248 5511 1474 5583 senibus
1493 5511 1574 5566 vel
1598 5506 1841 5583 infirmis

219 5598 344 5652 pro
407 5581 793 5640 misericordia
846 5582 1095 5637 insidere
1148 5582 1490 5652 conceditur,
1549 5582 1687 5638 dum
1742 5581 1847 5638 alii

1916 4488 2009 4547 rit.
2041 4487 2186 4542 alius
2216 4488 2267 4542 ei
2298 4488 2369 4542 ad
2396 4488 2694 4542 videndum
2727 4488 2990 4542 succedit.

1986 4577 2306 4631 Lectionum
2341 4594 2509 4648 quam
2539 4577 2610 4631 ad
2632 4578 2947 4631 Nocturnos
2975 4577 3165 4646 legere
3179 4576 3304 4646 quis
3325 4576 3511 4642 debet,

1917 4667 1976 4721 in
2007 4666 2109 4720 hoc
2137 4673 2391 4737 tempore
2421 4682 2775 4737 nequaquam
2810 4665 3075 4736 praevidet
3122 4663 3356 4719 Interim
3386 4682 3516 4720 cum

1917 4762 2045 4828 post
2099 4756 2358 4827 praefatos
2422 4756 2667 4827 psalmos
2732 4756 2843 4810 duo
2902 4756 2986 4809 vel
3051 4755 3214 4826 plura
3263 4755 3335 4809 ad
3398 4756 3515 4810 No-
3608 4773 3612 4776 '

1917 4852 2147 4900 cturnos
2178 4845 2339 4916 signa
2367 4846 2684 4917 pulsantur.
2725 4844 2805 4907 hi,
2849 4843 2945 4916 qui
2984 4853 3166 4899 certas
3210 4844 3362 4915 leges
3412 4845 3517 4899 ha-

1916 4934 2068 4994 bent,
2092 4933 2296 4989 ibidem
2330 4932 2772 5005 persistunt.Qui
2805 4940 2996 4987 autem
3024 4933 3094 4987 ad
3121 4933 3334 5004 gradus
3361 4932 3518 5004 prius

1917 5023 2205 5080 sedebant.
2249 5022 2296 5077 si
2323 5022 2451 5077 talis
2471 5027 2558 5077 est
2584 5021 2702 5076 dies
2754 5021 2866 5075 illic
2895 5022 2954 5076 in
2984 5023 3181 5077 ordine
3208 5039 3310 5076 suo
3343 5026 3515 5087 stant,

1917 5131 2096 5185 usque
2127 5113 2259 5167 dum
2294 5112 2507 5183 pariter
2546 5110 2915 5182 procumbant
2945 5110 3170 5175 ibidem,
3195 5116 3252 5164 et
3280 5116 3414 5163 tunc
3434 5108 3520 5162 vel

1919 5219 2130 5269 omnes,
2168 5202 2253 5255 vel
2301 5201 2530 5273 quidam
2579 5217 2796 5268 eorum,
2845 5201 2893 5254 si
2941 5199 3093 5254 intus
3141 5207 3291 5253 stare
3324 5196 3520 5267 nequi-

1922 5370 2103 5507 είῗὲἒ)
2124 5435 2238 5490 Sub
2265 5435 2508 5507 custodia
2544 5435 2727 5507 positi.
2754 5431 2850 5503 qui
2878 5428 3332 5507 magisterioseu
3353 5424 3514 5484 disci-

1924 5500 2097 5582 plinae
2119 5506 2366 5563 veterani
2387 5500 2683 5578 cujusdam
2714 5500 2971 5558 monachi
2992 5500 3250 5556 subsunt.
