3872 6164
164 123 244 178 965

1189 118 1616 200 coNs'rI'rU'r.
1658 113 1996 196 HlRSAUG.
2042 147 2103 158 —
2143 119 2280 174 LIB.
2322 120 2366 173 1.

3315 123 3419 197 996

161 262 308 303 mam.
331 261 454 326 qua:
474 243 784 314 capitulum
810 242 1089 313 praecedit,
1120 244 1348 297 chorum
1372 244 1623 305 intrabit,
1647 229 1728 299 vel
1750 248 1788 304 Α
1811 249 2032 298 tantum
2064 245 2358 307 inclinans,
2393 246 2464 299 ad
2503 247 2685 316 locum
2717 261 2884 312 suum
2913 245 3082 309 vadit,
3115 247 3231 301 sive
3263 248 3415 304 intus

158 336 204 389 in
245 334 412 404 priori
459 350 686 403 vespere
729 334 1022 386 duodecim
1074 335 1403 390 lectionum.
1445 335 1501 388 Si
1547 341 1732 388 autem

161 424 280 477 infra
303 423 629 494 praedictum
656 428 879 492 tempus
900 423 1198 476 inhrmitas
1217 425 1338 491 ejus
1357 425 1586 484 venerit,
1605 433 1736 478 tunc

159 513 304 584 prior,
341 512 424 564 vel
455 512 575 581 ipso
605 511 829 564 inﬁrmo
856 511 1204 580 aegritudinis
1229 529 1342 565 sua:
1364 519 1727 581 augmentum

160 603 204 655 in
228 601 464 671 capitulo
502 617 603 670 per
633 601 850 653 veniam
884 601 966 652 vel
1010 601 1149 652 alias
1186 602 1232 653 ei
1273 601 1612 662 insinuante,
1646 604 1729 655 vel

158 707 241 744 sua
263 696 478 759 sponte.
507 689 589 742 vel
610 688 680 740 ab
703 689 890 758 aliquo
913 689 1084 741 fratre
1112 690 1177 742 ad
1189 691 1451 749 monitus,
1471 691 1729 743 eumdem

159 786 404 848 aegrotum
435 778 501 831 ad
535 778 903 831 inﬁrmat-iam
938 794 1036 847 per
1064 779 1236 831 alium
1268 780 1503 832 fratrem
1529 780 1731 833 adduci

159 867 402 938 praecipit.

689 963 922 1017 CAPUT
959 963 1185 1018 ΧΧΧῘΙ.
1233 1010 1244 1017 .

160 1058 218 1109 Ile
243 1071 313 1114 eo,
355 1057 454 1122 qui
477 1059 599 1122 post
626 1056 867 1130 gloriam
897 1055 1074 1120 primi
1101 1057 1309 1130 psalmi
1335 1056 1409 1106 ad
1438 1057 1737 1122 quamlibet

715 1125 910 1178 horam
940 1125 1169 1177 verterit.

218 1225 235 1244 θ
260 1222 415 1284 Quod
447 1221 493 1278 si
524 1222 714 1290 aliquo
739 1221 905 1274 modo
930 1222 1251 1290 contigerit.
1288 1227 1351 1274 ut
1387 1221 1590 1291 aliquis
1620 1228 1734 1274 tam

160 1327 324 1363 eorum
372 1310 472 1378 qui
517 1316 696 1376 extra,
747 1325 914 1378 quam
962 1309 1054 1379 qui
1095 1310 1244 1362 intra
1287 1310 1516 1363 chorum
1557 1310 1738 1362 solent

160 1416 274 1458 esse,
307 1415 492 1468 neque
538 1399 606 1450 ad
642 1398 864 1451 initium
909 1404 1308 1452 nocturnorum
1355 1416 1599 1468 praesens
1641 1399 1729 1461 sit,

159 1505 312 1557 neque
341 1494 537 1558 postea
561 1496 692 1540 ante
725 1488 972 1544 G/Toriam
1004 1489 1202 1557 psalmi
1247 1491 1437 1549 Venite,
1477 1489 1533 1541 in
1565 1489 1733 1542 choro

1818 333 1931 386 sive
1962 341 2118 387 extra
2146 335 2218 387 sit
2247 335 2431 387 statio.
2465 333 2616 387 Infra
2645 334 2836 386 horam
2871 340 3056 387 autem
3101 336 3224 389 aliis
3254 338 3417 404 ineli-

1817 423 2082 476 nantibus
2111 424 2227 492 ipse
2261 440 2368 476 non
2402 423 2505 475 nisi
2556 429 2750 475 contra
2807 423 2984 475 altare
3025 423 3257 489 inclinat
3289 446 3299 480 :
3344 428 3415 498 ad

1816 528 2008 580 preces
2040 513 2152 565 sive
2200 513 2582 582 procumbunt,
2621 511 2736 564 sive
2776 511 2889 564 sint
2921 511 3271 577 inclinantes,
3309 515 3415 568 ibi-

1812 600 1937 652 dem
1995 618 2088 654 eos
2129 601 2401 654 imitatur.
2439 599 2539 653 Hic
2593 600 2720 668 talis
2773 600 3216 671 quandocunque
3273 604 3418 658 infra

1813 690 2058 759 psalmos
2113 691 2342 749 venerit,
2393 690 2461 742 ad
2505 690 2714 758 gradus
2768 689 2933 744 venit.
2980 691 3035 743 Si
3069 698 3258 759 autem
3291 699 3417 764 post

1819 778 2082 847 psalmos,
2131 778 2262 830 foris
2306 779 2535 830 chorum
2584 776 2912 846 remanebit,
2962 784 3018 843 et
3054 785 3284 849 propter
3314 781 3416 842 hoc

1821 865 2036 919 veniam
2065 865 2122 918 in
2149 867 2392 936 capitulo
2425 867 2583 936 petit.
3163 855 3168 860 ’

2359 973 2592 1041 CAPUT
2630 973 2881 1041 ΧΧΧΙΠ.

1818 1064 1893 1115 De
1922 1079 2000 1130 co,
2032 1065 2132 1132 qui
2156 1065 2432 1140 sanguine
2457 1064 2520 1117 de
2551 1065 2802 1140 naribus,
2839 1067 2921 1117 υίιι
2948 1066 3013 1117 de
3043 1071 3240 1140 erupta
3273 1084 3414 1137 vena

2545 1136 2688 1202 ﬂuit.

1891 1224 1910 1244 ⁴”
1936 1222 1992 1276 Si
2016 1239 2181 1291 quem
2207 1228 2394 1274 autem
2414 1222 2498 1274 vel
2526 1221 2593 1274 de
2617 1221 2842 1274 naribus
2867 1223 2948 1292 vel
2970 1223 3038 1276 de
3057 1230 3256 1295 erupta
3278 1244 3416 1295 vena

1819 1311 1998 1363 fluens
2043 1311 2272 1380 sanguis
2315 1311 2564 1380 impedit.
2616 1328 2685 1363 ne
2733 1311 2798 1363 ad
2849 1312 3046 1365 horam
3088 1316 3416 1385 tempestive

1817 1414 2107 1451 occurrere
2149 1399 2342 1468 possit,
2383 1399 2847 1469 quandocunque,
2881 1406 3181 1471 antequam
3219 1404 3416 1472 psalmi

1819 1488 2104 1548 finiantur,
2138 1480 2450 1541 intraverit.
2489 1496 2714 1557 propter
2754 1489 2854 1542 hoc
2899 1489 2967 1541 ad
3019 1483 3259 1558 gradum
3305 1509 3415 1546 non

161 1578 356 1647 quidem
391 1577 462 1629 ad
504 1577 680 1630 sedile
709 1593 894 1633 suum.
926 1584 1080 1629 extra
1111 1594 1237 1629 vero
1277 1579 1345 1630 ad
1377 1579 1618 1648 aliquem
1652 1579 1733 1630 ιυ-
1754 1601 1796 1658 B
1817 1578 1992 1639 vadit;
2030 1577 2122 1629 sed
2148 1577 2272 1630 aliis
2306 1578 2374 1629 ad
2410 1578 2508 1629 hoc
2535 1595 2660 1629 eum
2697 1578 3047 1631 hortantibus
3075 1597 3297 1632 causam
3332 1581 3418 1634 sui

159 1683 259 1718 cum
289 1682 546 1723 vacuum,
584 1664 676 1717 ubi
705 1681 830 1716 cum
881 1664 1005 1716 aliis
1046 1673 1427 1735 competenter
1466 1667 1733 1718 ii‘i'elinare
1766 1681 1768 1684 '

162 1753 324 1822 possit,
362 1753 445 1805 vel
494 1753 563 1806 de
605 1751 877 1812 sacristia,
916 1752 1006 1806 ubi
1039 1754 1299 1808 custodes
1328 1755 1570 1807 ecclesiae
1603 1755 1730 1807 dor-

162 1842 333 1904 miunt,
365 1842 616 1902 veniens,
644 1841 795 1893 intra
834 1840 1106 1900 minorem
1138 1843 1366 1895 chorum
1407 1843 1729 1906 orcurrerit,

159 1932 350 1985 intrans
383 1933 619 1991 chorum
653 1937 707 1982 et
737 1930 966 1986 veniens
990 1931 1057 1984 ad
1089 1932 1325 2000 gradum
1359 1932 1589 1984 honeste
1617 1939 1736 1985 tra-

158 2021 377 2091 ctimque
411 2021 554 2090 petit
592 2020 831 2076 veniam,
864 2036 1034 2089 super
1071 2037 1268 2073 manus
1295 2027 1349 2074 et
1381 2037 1565 2090 genua
1599 2039 1736 2091 pau-

159 2110 307 2162 lulum
338 2109 794 2179 procumbendo;
843 2108 1228 2161 summitatem
1263 2111 1447 2169 frocci,
1481 2117 1541 2164 ut
1571 2127 1739 2180 super

160 2216 259 2254 eam
286 2206 478 2252 teneat
509 2214 738 2252 manus:
775 2205 831 2250 et
860 2213 1097 2266 surgens
1126 2205 1322 2251 crmtra
1360 2200 1538 2251 altare
1568 2201 1736 2252 altius

156 2287 391 2350 inclinat;
429 2288 580 2358 quod
603 2294 660 2340 et
683 2288 753 2340 ad
777 2288 1112 2342 matutinum
1137 2288 1286 2346 facit,
1312 2288 1354 2340 si
1383 2295 1506 2358 post
1526 2291 1732 2352 Gloria,

157 2379 225 2431 vel
246 2386 365 2448 post
389 2381 526 2432 θεας
553 2380 884 2429 missi-ramr
904 2376 1121 2429 venerit
1145 2395 1155 2428 :
1183 2384 1316 2431 tunc
1341 2379 1513 2430 frater
1537 2378 1738 2448 aliquis

154 2483 344 2526 eorum.
380 2466 474 2536 qui
511 2467 566 2518 in
600 2465 883 2518 vicinitate
912 2465 1033 2534 ejus
1057 2471 1186 2519 stat.
1224 2466 1534 2535 providens,
1572 2474 1633 2519 ut
1668 2467 1738 2519 ad

153 2555 319 2609 fratris
358 2557 532 2617 illius,
565 2572 733 2624 quam
767 2562 960 2614 contra
994 2559 1331 2607 conventum
1376 2558 1621 2608 tacturus
1653 2561 1738 2608 est

151 2646 576 2706 inclinationem,
597 2645 677 2696 vel
699 2643 767 2695 ad
790 2644 960 2695 finem
980 2644 1170 2713 hymni
1195 2645 1274 2698 vel
1296 2645 1494 2713 psalmi
1517 2653 1735 2714 tempus

153 2736 449 2788 conveniat.
465 2734 650 2797 Tales,
666 2733 916 2802 inquam,
936 2740 1155 2801 tempus
1169 2741 1552 2803 competenter
1567 2734 1738 2786 stanti

152 2823 191 2876 ei
235 2825 504 2887 insinuat,
536 2840 571 2875 a
602 2839 712 2892 quo
743 2838 842 2891 per
875 2821 1148 2874 modicam
1178 2823 1376 2891 capitis
1418 2823 1737 2875 inclinatio-

1819 1683 1916 1734 per
1945 1666 2164 1733 signum
2199 1667 2477 1736 patefacit.
2517 1667 2570 1719 Si
2606 1673 2688 1719 est
2715 1667 3012 1734 litteratus,
3049 1669 3191 1736 lianc
3221 1671 3417 1738 lion-am

1817 1770 2003 1806 secum
2054 1760 2280 1807 cantare
2336 1772 2444 1807 non
2494 1755 2760 1823 negligit;
2811 1755 2854 1807 si
2909 1756 3250 1824 illitteratus,
3305 1775 3416 1811 non

1817 1842 2006 1902 aliam,
2036 1860 2200 1912 quam
2229 1861 2352 1913 qua:
2383 1843 2435 1895 in
2469 1831 2686 1911 publico
2717 1850 2940 1896 cantata
2973 1851 3074 1897 est.
3099 1847 3274 1898 audit.
3309 1846 3416 1908 Qui

1821 1940 1878 1984 et
1900 1932 1967 1983 ad
2001 1932 2335 1985 lavatorium
2368 1932 2567 1984 stando
2602 1933 2740 1985 hanc
2768 1933 2982 2001 audire,
3011 1940 3067 2002 et
3093 1934 3138 1986 si
3173 1935 3418 2004 psalmos

1820 2020 2064 2087 ejusdem
2104 2021 2252 2073 horae
2289 2021 2464 2077 scivit.
2499 2021 2658 2084 illos;
2695 2021 2777 2073 sin
2812 2027 2999 2074 autem
3034 2014 3196 2074 Pater
3237 2030 3420 2076 noster

1820 2109 2155 2178 aliquotiens
2182 2126 2366 2162 secum
2407 2109 2640 2161 recitare
2669 2110 2890 2162 interim
2927 2110 3124 2178 potuit.
3163 2111 3249 2164 Fit
3278 2127 3417 2180 quo-

1820 2214 1927 2268 que
1951 2199 2270 2268 aliquando,
2293 2209 2354 2252 ut
2375 2199 2440 2251 ad
2465 2207 2644 2251 nortu:
2663 2216 2762 2251 nos
2780 2199 3001 2268 quidem
3028 2206 3153 2269 post
3174 2201 3420 2269 Gloriam

1821 2286 2016 2358 psalmi
2049 2273 2269 2348 'Vcnilt',
2316 2287 2382 2339 ad
2429 2287 2568 2339 alias
2610 2304 2736 2339 vero
2787 2287 2952 2340 horas
3001 2293 3126 2357 post
3171 2290 3420 2358 Gloriam

1822 2374 1983 2445 primi
2017 2376 2234 2445 psalmi,
2271 2376 2492 2446 aliquis,
2535 2376 2628 2446 qui
2663 2377 2816 2446 prius
2850 2394 2957 2429 non
3006 2377 3112 2429 fuit
3143 2377 3195 2430 in
3229 2379 3417 2451 choro,

1822 2465 1914 2516 sed
1945 2471 2162 2518 tantum
2195 2473 2324 2518 ante
2358 2466 2609 2527 chorum,
2638 2466 2706 2518 ad
2740 2465 2960 2518 initium
2997 2467 3244 2533 ejusdem
3270 2468 3421 2522 horae

1824 2570 1932 2606 non
1960 2554 2155 2611 defuit,
2183 2563 2314 2607 tunc
2337 2555 2577 2607 introeat
2608 2574 2617 2607 ε
2645 2572 2743 2607 nec
2767 2563 2954 2608 tamen
2984 2561 3211 2632 pmpter
3231 2556 3333 2609 hoc
3349 2557 3420 2610 ad

1817 2641 2055 2710 gradum
2091 2642 2276 2695 veniat
2317 2661 2326 2694 :
2369 2652 2424 2694 et
2459 2643 2558 2694 hoc
2589 2642 2694 2693 isto
2733 2643 2894 2694 modo
2929 2663 2938 2694 :
2974 2643 3020 2695 si
3050 2645 3272 2713 qUando
3302 2661 3426 2698 eve-

1822 2730 1986 2783 nerit.
2019 2737 2082 2782 ut
2110 2731 2280 2800 aliqui
2313 2747 2703 2783 conversurum
2729 2748 2841 2800 prae
2871 2732 3230 2785 multitudine
3249 2725 3418 2787 choro

1822 2818 2091 2871 interesse
2139 2836 2247 2872 non
2292 2819 2524 2890 possint.
2562 2827 2694 2872 tunc
2741 2820 2876 2872 foris
2920 2821 3080 2890 positi
3121 2821 3420 2891 diligenter

153 2929 261 2965 nem
297 2923 379 2970 tut
428 2911 604 2964 moris
649 2918 750 2977 est)
796 2910 1021 2963 licentia
1066 2910 1197 2963 data
1238 2911 1306 2962 ad
1338 2906 2136 2974 absolvendumcobservant,
2193 2907 2237 2960 si
2293 2907 2416 2977 quis
2473 2925 2687 2960 eorum.
2737 2908 2830 2977 qui
2888 2907 3056 2961 choro
3113 2909 3415 2976 intersunt,

150 3004 369 3056 ﬁatrem’
399 3001 562 3055 redit.
609 3000 716 3063 Qui
747 3015 870 3052 cum
908 3016 1097 3060 manu,
1151 3016 1306 3052 more
1347 2999 1629 3052 licentiam
1661 3000 1737 3051 εἱσι

149 3092 468 3160 gniﬁcantis,
494 3089 753 3143 innuenti
777 3087 1066 3158 paululum
1092 3088 1343 3150 inclinat,
1361 3097 1418 3141 et
1441 3088 1586 3140 facto
1608 3096 1738 3141 ante

151 3188 197 3233 et
221 3189 366 3239 retro
398 3181 608 3234 recedit
634 3179 705 3231 ad
736 3179 1036 3231 stationem
1060 3194 1251 3230 suam:
1280 3177 1326 3229 si
1357 3177 1486 3230 talis
1512 3184 1614 3236 est,
1643 3177 1737 3247 qui

151 3271 195 3323 in
213 3271 381 3324 choro
405 3279 541 3323 tunc
561 3276 713 3321 stare
737 3267 912 3337 possit
933 3273 988 3319 et
1014 3266 1196 3319 debet.
1225 3266 1296 3318 ibi
1324 3283 1545 3319 rursum
1569 3266 1738 3319 aliam

146 3369 325 3430 petens
359 3360 581 3413 veniam
612 3367 674 3411 ut
705 3358 878 3427 prius,
918 3357 1010 3409 sed
1039 3356 1207 3408 aliam
1239 3364 1429 3426 postea
1461 3372 1569 3408 non
1602 3356 1738 3426 peti-

146 3454 310 3515 turus,
343 3450 519 3502 etiam
563 3448 608 3500 si
641 3447 760 3499 dies
804 3447 878 3499 sit
909 3445 1270 3515 procidiendi,
1302 3461 1427 3498 cum
1463 3455 1737 3498 conventu

149 3539 456 3598 inclinante,
492 3544 550 3590 et
599 3553 720 3606 ipse
771 3536 982 3605 pariter
1029 3533 1262 3594 inclinat
1324 3533 1378 3586 Si
1413 3541 1600 3586 autem
1633 3534 1736 3586 ali-

145 3631 352 3696 quando
385 3629 507 3690 hOe,
542 3626 690 3696 quod
725 3623 1052 3694 praedictum
1089 3628 1190 3684 est,
1232 3623 1302 3674 de
1336 3622 1528 3674 eodem
1562 3622 1740 3674 inter-

145 3719 325 3770 nuntio
348 3717 649 3789 praevisum
684 3731 793 3766 non
824 3713 991 3765 tuerit
1041 3713 1125 3764 vel
1156 3712 1201 3776 si
1226 3711 1338 3765 ille.
1371 3711 1464 3781 qui
1493 3719 1626 3763 tunc
1653 3728 1738 3763 or-

142 3807 314 3860 dinem
367 3811 545 3870 tenet,
581 3805 772 3856 videns
803 3819 930 3856 eum
981 3801 1047 3854 ad
1095 3801 1356 3870 gradum,
1390 3817 1493 3852 sua.
1539 3807 1738 3869 sponte

145 3912 258 3948 mox
284 3897 444 3949 abire
470 3912 572 3966 per
596 3893 857 3947 nuntium
882 3892 1116 3960 jusserit
1163 3889 1438 3960 (quamvis
1471 3895 1524 3942 et
1575 3906 1739 3959 quos:

139 3982 275 4046 dam,
302 3985 410 4038 hoc
431 3984 630 4036 vitium
657 3981 711 4034 in
736 3997 840 4032 usu
868 3978 1156 4037 habentes.
1175 3977 1458 4030 interdum
1480 3976 1737 4030 dissimu-

141 4072 208 4126 let
250 4074 328 4127 ibi
359 4074 572 4138 videre)
605 4078 742 4124 tunc
788 4069 885 4130 ille
921 4069 1096 4120 frater
1124 4073 1251 4136 post
1293 4065 1510 4118 veniam
1542 4075 1738 4129 contra

139 4172 463 4218 conventum
513 4161 767 4223 inclinat,
819 4164 876 4211 et
912 4162 1217 4210 conventus
1264 4163 1459 4208 contra
1497 4171 1644 4207 eum.
1681 4155 1738 4208 Si

1821 2995 2013 3047 eodem
2041 2996 2222 3056 modo,
2250 3013 2358 3065 quo
2380 2997 2449 3048 sit
2474 2997 2774 3052 rediturus.
2801 3007 2990 3060 exeat;
3018 2997 3416 3068 utquicunque

1821 3091 1954 3137 tunc
1985 3085 2131 3139 inter
2160 3102 2254 3137 eos
2294 3085 2503 3138 intrare
2531 3085 2720 3154 eligat,
2756 3103 2817 3138 ex
2849 3086 3135 3139 occasione
3165 3087 3420 3156 exeuntis

1823 3173 2000 3226 locum
2031 3173 2180 3226 intus
2217 3173 2420 3226 habere
2454 3174 2650 3226 valeat.

1893 3263 2037 3331 Ergo
2069 3262 2135 3314 ad
2185 3270 2488 3314 nocturnos
2536 3267 2661 3331 post
2698 3264 2943 3317 Gloriam
2977 3264 3177 3334 psalmi
3217 3266 3416 3332 Venite,

1821 3349 2130 3419 cuicunque
2149 3351 2422 3419 ejusmodi
2446 3351 2660 3404 occasio
2677 3350 2921 3405 intrandi
2945 3354 3158 3426 copiam
3180 3355 3417 3423 dederit,

1823 3438 1964 3491 infra
1989 3439 2195 3508 primos
2221 3440 2462 3508 psalmos
2490 3457 2588 3509 per
2615 3439 2886 3493 minorem
2910 3442 3138 3495 chorum
3164 3443 3418 3511 intrabit,

1824 3544 1894 3580 ne
1923 3544 1966 3579 si
1996 3545 2096 3597 per
2123 3529 2490 3581 universalem
2523 3529 2675 3580 chori
2705 3529 2918 3582 aditum
2952 3537 3084 3583 tunc
3113 3519 3421 3603 ingressus,

1821 3616 1891 3668 ab
1920 3617 2043 3669 aliis
2073 3624 2206 3670 tunc
2239 3618 2481 3686 primum
2513 3618 2801 3670 ecclesiam
2847 3619 3056 3673 intrare
3087 3627 3422 3693 putaretur;

1822 3711 1878 3757 et
1898 3705 2020 3758 ideo
2039 3706 2106 3758 ad
2129 3706 2366 3774 gradum
2391 3707 2470 3759 ire
2495 3708 2920 3776 propelleretur.
2938 3709 3078 3761 Nam
3093 3704 3422 3782 quicunque

1821 3811 1920 3864 pro
1951 3795 2113 3847 tardo
2143 3811 2375 3848 occursu
2408 3801 2488 3861 (ut
2521 3796 2732 3848 dictum
2766 3803 2864 3854 est)
2894 3797 2962 3849 ad
2991 3799 3229 3870 gradum
3262 3801 3424 3854 satis-

1819 3883 1968 3941 facit.
2001 3900 2287 3954 nunquam
2315 3901 2381 3937 ea
2411 3884 2526 3936 vice
2559 3901 2658 3954 per
2693 3885 2963 3938 minorem
2989 3887 3219 3940 chorum
3253 3889 3425 3942 intra-

1822 3971 2385 4042 bit.Quandocunque
2398 3979 2583 4025 autem
2605 3979 2729 4043 post
2750 3990 2941 4026 versus
2959 3975 3156 4043 psalmi
3175 3972 3424 4030 intrandi.

1820 4061 2036 4114 occasio
2086 4061 2137 4114 ei
2183 4061 2426 4125 dabitur,
2461 4078 2559 4131 per
2612 4046 2955 4131 superiorem
3006 4063 3160 4115 chori
3203 4065 3422 4131 aditum

1820 4150 2166 4219 ingreditur;
2201 4149 2331 4218 quia
2360 4149 2429 4202 de
2457 4165 2522 4202 eo
2556 4149 2708 4202 nulla
2740 4149 2981 4219 suspicio
3010 4167 3135 4203 sero
3168 4151 3422 4223 veniendi

139 4267 254 4304 vero
284 4263 453 4306 extra
500 4251 735 4304 chorum
769 4247 937 4301 statio
976 4247 1095 4314 ejus
1127 4244 1319 4312 fuerit,
1361 4245 1430 4296 de
1457 4243 1637 4314 gradu
1667 4243 1736 4308 ad
1757 4235 1954 4292 Dtunc
1977 4239 2101 4291 erit.
2124 4238 2396 4292 Similiter
2417 4238 2486 4290 ad
2508 4237 2846 4290 matutinum
2869 4238 3073 4306 agitur.
3091 4239 3173 4292 Ad
3191 4240 3422 4294 diurnas

136 4341 361 4395 chorum
393 4357 558 4394 suum
581 4339 822 4393 tendens
847 4337 1029 4389 locum
1049 4335 1168 4396 dat,
1197 4333 1293 4403 qui
1319 4332 1390 4384 ibi
1414 4333 1646 4388 ultimus
1666 4331 1736 4384 ad

133 4428 332 4483 lineam
370 4431 455 4483 vel
485 4430 553 4482 ad
595 4431 834 4481 formam
863 4431 994 4488 stat,
1038 4424 1214 4476 donec
1243 4421 1461 4474 veniam
1491 4429 1548 4474 et
1575 4420 1739 4473 incli-

133 4521 438 4583 nationem,
466 4519 615 4572 sicut
659 4515 1011 4588 prasmissum
1056 4519 1159 4576 est,
1204 4511 1390 4564 faciat.
1425 4511 1546 4574 Quo
1593 4509 1735 4563 facto

128 4623 278 4664 extra
307 4609 544 4670 secedit,
574 4608 658 4660 vel
687 4606 734 4659 si
755 4605 884 4658 talis
913 4610 1018 4667 est,
1049 4619 1142 4672 qui
1176 4601 1332 4654 item.
1361 4601 1508 4653 sicut
1532 4599 1736 4668 praedi-

129 4707 270 4753 ctum
304 4709 417 4761 est,
448 4700 603 4752 intus
633 4705 785 4749 stare
817 4693 1009 4764 possit,
1047 4689 1379 4750 remanebit.

191 4791 408 4844 Eodem
441 4788 608 4850 modo
638 4785 829 4855 agitur
857 4783 928 4835 ad
959 4781 1194 4834 diurnas
1235 4780 1400 4832 horas
1423 4793 1556 4847 erga
1587 4791 1734 4839 eum,

127 4879 214 4948 qui
236 4887 382 4933 ante
398 4880 647 4934 Gloriam
669 4873 838 4946 primi
863 4871 1063 4942 psalmi
1085 4870 1141 4922 in
1168 4867 1444 4938 praedictis
1471 4866 1603 4920 locis
1630 4881 1739 4922 non

124 4969 324 5034 aderit,
357 4973 610 5037 excepto,
634 4963 786 5034 quod
813 4961 858 5014 si
890 4961 1014 5030 quis
1047 4960 1150 5012 hoc
1177 4957 1372 5010 vitium
1400 4953 1742 5025 negligentia

125 5059 322 5128 magis,
359 5073 532 5128 quam
576 5052 912 5108 necessitate
954 5049 1158 5118 saepius
1195 5045 1532 5108 incurrerit;
1577 5042 1648 5095 ab
1676 5059 1741 5095 eo

124 5151 212 5217 qui
255 5141 407 5203 tunc
451 5146 710 5200 ordinem
751 5146 910 5195 tenet
959 5137 1238 5191 licentiam
1271 5135 1344 5187 de
1376 5132 1554 5203 gradu
1587 5146 1744 5184 rece-

123 5237 287 5291 dendi
320 5253 442 5296 non
469 5233 744 5305 accipiet;
799 5229 896 5284 sed
936 5235 1228 5299 postquam
1273 5222 1350 5276 ibi
1392 5222 1629 5288 veniam.
1681 5225 1744 5274 ut

123 5327 459 5395 pradictum
499 5333 604 5380 est.
637 5320 851 5385 iecerit,
902 5317 1033 5381 inite
1071 5333 1132 5370 se
1176 5330 1287 5368 non
1321 5317 1502 5378 movet
1544 5324 1745 5379 usque.

123 5423 250 5470 dum
300 5417 452 5469 hora
476 5413 756 5484 regularis
797 5409 872 5463 sit
915 5407 1093 5460 ﬁnita.
1123 5405 1280 5458 Tunc
1327 5405 1524 5456 contra
1566 5399 1744 5453 altare

1820 4345 1946 4380 vero
1978 4328 2144 4386 haras
2177 4335 2301 4396 post
2330 4327 2576 4380 Gloriam
2611 4326 2773 4395 primi
2810 4326 3007 4397 psalmi
3036 4345 3049 4394 ;
3102 4329 3422 4400 quicunque

1821 4433 1882 4470 ex
1905 4416 1984 4469 eis
2003 4433 2104 4469 sua
2127 4425 2324 4485 sponte
2351 4415 2566 4484 ingredi
2593 4414 2846 4480 voluerit,
2873 4415 3003 4468 item
3030 4413 3126 4496 per
3149 4414 3423 4490 minorem

1819 4506 2048 4558 chorum
2087 4505 2336 4558 intrabit.
2374 4505 2431 4558 Si
2481 4510 2667 4558 autem
2716 4505 2784 4558 ab
2814 4522 2899 4569 eo,
2935 4505 3030 4575 qui
3059 4512 3195 4560 tunc
3237 4509 3422 4562 ordini

1820 4594 2045 4665 praeerit
2073 4615 2082 4647 :
2118 4594 2198 4647 vel
2229 4594 2275 4646 si
2309 4594 2494 4647 nullus
2523 4594 2673 4664 prior
2695 4594 2764 4647 ad
2788 4611 3030 4664 praesens
3053 4596 3235 4665 aderit
3257 4598 3424 4668 (quod

1821 4698 2106 4752 nunquam
2139 4682 2258 4735 ﬁeri
2290 4682 2470 4744 debet;
2503 4669 2573 4734 ab
2603 4683 2792 4752 aliquo
2823 4682 3111 4746 circatore,
3141 4685 3236 4756 qui
3265 4678 3422 4740 seor-

1822 4788 1945 4824 sum
1981 4771 2194 4840 ingredi
2231 4772 2423 4840 jussus
2470 4771 2655 4824 fuerit.
2691 4779 2826 4826 tunc
2856 4773 2988 4842 quia
3018 4769 3426 4846 item'suspicio

1822 4859 1878 4913 in
1907 4877 2032 4914 eum
2065 4877 2175 4913 non
2203 4861 2330 4923 erit,
2362 4877 2460 4930 per
2491 4860 2836 4930 superiorem
2881 4862 3096 4916 aditum
3147 4864 3420 4928 introibit,

1823 4949 2070 5020 alioquin
2099 4949 2146 5002 si
2177 4958 2311 5003 tunc.
2351 4949 2608 5012 intraret,
2643 4951 2826 5016 vellet,
2860 4951 3050 5024 nollet,
3086 4954 3157 5006 ad
3183 4953 3425 5025 gradum

1823 5038 1951 5092 iret.
3193 5037 3208 5040 ”

2363 5126 2602 5183 CAPUT
2640 5129 2886 5183 XXXIV.

2145 5217 2417 5284 Quomodo
2444 5233 2499 5267 se
2521 5218 2712 5270 habent
2745 5219 2901 5283 infra
2930 5218 3113 5272 horas.

1898 5307 2011 5372 (uo.
2035 5310 2180 5373 var)
2207 5305 2289 5358 Ad
2314 5305 2558 5358 Gloriam
2585 5303 2929 5372 singulorum
2960 5305 3303 5372 psalmorum
3328 5304 3424 5374 qui

1825 5401 1959 5450 sunt
2005 5393 2065 5449 in
2112 5392 2465 5474 regularibus
2507 5393 2663 5447 horis
2703 5397 2819 5454 tam
2866 5398 3057 5461 nocte,
3099 5409 3268 5477 quam
3311 5392 3423 5463 die,
