3908 6168
159 314 268 376 969

1213 317 1637 375 CONSTITUT.
1680 320 2021 381 HIRSAUG.
2065 351 2131 363 —
2169 319 2308 377 LIB.
2348 319 2395 375 Ι.

3332 322 3441 380 970

158 441 421 504 chorum,
462 455 498 493 a
523 438 840 494 senioribus
870 439 1098 511 quidem
1128 440 1421 514 incipiens,
1442 448 1500 498 et
1526 444 1607 499 ita
1640 462 1757 513 eos,
1779 449 1822 507 A
1840 464 1942 518 per
1960 446 2236 501 minorem
2273 446 2508 500 chorum
2540 445 2848 501 Conventui
2881 445 3041 516 quasi
3088 452 3435 512 occurentes,

161 529 258 601 qui
287 545 467 600 super
481 529 723 599 gradum
751 529 810 583 in
840 528 1036 583 dextra
1064 536 1222 601 parte
1249 533 1404 586 chori
1434 539 1492 587 et
1519 551 1620 605 per
1643 551 1764 589 me-
1846 536 2231 607 egrediuntur.
2276 536 2533 600 Econtra,
2584 535 2806 605 quando
2852 540 2977 606 post
3019 535 3326 606 capitulum
3368 536 3440 591 ad

161 620 321 673 dium
348 618 593 685 rediens,
625 617 681 671 id
711 623 798 672 est
825 618 882 672 in
929 619 1114 674 medio
1162 637 1357 674 eorum
1398 622 1494 692 qui
1539 623 1609 676 ad
1650 624 1765 677 for-

166 723 321 761 mam
344 708 470 778 ejus
488 706 645 762 chori
664 712 722 760 et
742 707 810 761 ad
842 707 1048 762 lineam
1079 709 1336 764 sedentes
1356 711 1426 764 ad
1446 728 1507 765 se
1531 711 1768 766 invicem

167 796 502 867 respiciunt,
525 812 638 851 uno
666 795 928 863 transitu,
953 813 1102 851 nunc
1112 798 1220 864 his,
1242 815 1392 854 nunc
1410 799 1521 854 illis
1543 800 1771 855 abscon-

170 902 295 939 sam
321 886 699 952 demonstrat,
730 891 789 940 et
814 902 879 940 co
897 892 1093 941 tenore
1121 888 1356 942 chorum
1388 890 1662 943 minorem
1692 890 1773 943 in-

174 974 461 1046 grediens,
493 980 553 1029 et
576 974 636 1028 in
663 975 850 1029 medio
878 976 1237 1031 occidentalis
1286 978 1447 1033 linem
1479 979 1769 1050 incipiens,

177 1065 436 1119 dextram
480 1065 602 1134 ejus
641 1070 884 1135 partem,
932 1081 1171 1137 moxque
1214 1083 1310 1120 eos
1356 1067 1452 1137 qui
1487 1068 1651 1138 juxta
1694 1067 1778 1121 in-

179 1154 416 1209 troitum
446 1154 700 1225 ejusdem
730 1160 881 1218 sunt,
896 1154 1102 1209 deinde
1122 1156 1409 1210 sinistram
1423 1163 1638 1228 partem
1656 1174 1779 1229 per-

180 1246 407 1309 lustrat,
429 1243 735 1299 novissime
761 1244 1044 1298 redeundo
1061 1244 1130 1298 ad
1150 1245 1442 1300 sinistrum
1459 1247 1690 1300 chorum
1712 1264 1777 1301 eo

180 1352 276 1406 per
294 1334 493 1389 omnia
508 1333 878 1400 ordine,sicut
896 1333 1052 1403 prius
1071 1332 1351 1401 dextrum,
1375 1335 1529 1389 nullo
1552 1336 1778 1389 interim

180 1428 558 1496 praesumente
579 1424 743 1493 juxta
769 1439 829 1476 se
849 1422 1083 1476 forsitan
1111 1422 1484 1477 dormientem
1514 1426 1776 1479 excitare.

188 1526 273 1567 un.
330 1512 393 1567 Si
444 1528 611 1583 quem
636 1510 842 1566 viderit
866 1510 1233 1578 obdormisse,
1273 1517 1409 1567 tunc
1436 1519 1631 1567 contra
1662 1514 1782 1583 ejus

184 1600 371 1656 oculos
402 1601 598 1655 lumen
627 1605 714 1653 ter
738 1599 1017 1654 intendit:
1052 1599 1101 1653 si
1129 1600 1297 1654 tertia
1329 1599 1445 1653 vice
1474 1617 1583 1654 non
1617 1600 1785 1670 evigi-

186 1690 401 1755 laverit,
430 1690 593 1760 ponit
620 1696 752 1744 ante
779 1705 910 1743 eum
941 1689 1238 1755 latemam,
1256 1695 1321 1743 ut
1335 1690 1405 1743 ab
1421 1690 1541 1760 ipso
1561 1706 1784 1761 quoque

1848 626 2117 695 majorem
2164 624 2452 678 ecclesiam
2495 625 2737 686 venitur,
2778 640 2970 677 omnes
3008 629 3163 678 extra
3207 624 3442 680 chorum

1850 718 2161 773 remanent,
2196 712 2291 783 qui
2321 718 2379 766 et
2404 712 2481 766 ibi
2513 713 2693 767 locum
2720 712 2928 767 habent
2947 712 3018 767 ad
3050 714 3360 785 capitulum
3387 719 3447 768 et

1851 810 1974 875 post
2005 801 2470 872 completorium;
2506 802 2602 872 qui
2638 802 2841 855 fratres
2879 820 2913 856 a
2950 802 3259 873 majoribus
3303 803 3447 857 inci-

1852 892 2091 964 pientes,
2123 907 2223 963 per
2250 890 2503 945 ordinem
2537 890 2606 944 de
2647 891 2816 945 choro
2859 891 3228 962 egrediuntur
3260 893 3448 947 cuncti

1856 981 2176 1044 exteriores,
2239 980 2460 1049 quando
2504 980 2574 1033 ad
2623 980 2928 1051 capitulum
2980 981 3256 1052 pulsatur.
3316 982 3451 1035 Post

1858 1069 2286 1141 completorium
2323 1085 2455 1122 vero
2482 1085 2628 1135 mox,
2665 1074 2728 1122 ut
2767 1074 2898 1123 ante
2946 1075 3004 1123 et
3049 1075 3199 1124 retro
3239 1069 3445 1140 agitur,

1858 1176 1959 1231 per
2006 1157 2281 1212 minorem
2334 1158 2568 1211 chorum
2624 1159 2893 1228 majorem
2947 1158 3325 1229 ingredientes
3390 1159 3452 1213 in

1860 1248 2055 1302 ordine
2084 1264 2185 1300 suo
2216 1246 2346 1300 inde
2373 1251 2609 1313 exeunt;
2642 1252 2870 1317 excepto
2895 1247 3042 1318 quod
3060 1253 3186 1318 post
3214 1233 3456 1319 comple-

1860 1336 2066 1391 torium
2091 1334 2515 1406 phlebotomati,
2540 1335 2693 1404 siqui
2707 1335 2848 1389 forte
2872 1336 3097 1401 adsunt,
3120 1343 3457 1391 conventum

1862 1426 1932 1480 de
1962 1424 2196 1479 ecclesia
2222 1424 2562 1494 praecedunt.
2597 1424 2671 1478 Ut
2694 1431 2882 1478 autem
2924 1425 3135 1479 sciatur
3183 1425 3281 1496 qui
3325 1424 3456 1493 sint,

1864 1515 2067 1586 quibus
2096 1514 2152 1567 in
2180 1512 2378 1591 eodem
2407 1512 2575 1566 choro
2612 1529 2842 1566 manere
2876 1514 3234 1579 concedatur,
3276 1514 3334 1567 hi
3364 1515 3460 1585 qui

1865 1604 2015 1658 inter
2038 1603 2291 1657 literatos
2336 1601 2407 1655 ad
2445 1601 2728 1679 standum,
2766 1603 2851 1655 vel
2889 1603 3061 1656 etiam
3110 1603 3181 1657 ad
3227 1608 3457 1657 cantan-

1867 1693 2001 1747 dum
2033 1707 2144 1745 non
2174 1689 2314 1743 adeo
2336 1694 2470 1743 sunt
2496 1689 2666 1743 validi
2698 1708 2710 1755 ;
2744 1695 2809 1743 ut
2838 1689 2908 1743 ab
2930 1690 3009 1743 eis
3036 1690 3135 1744 alii
3171 1689 3228 1743 in
3259 1691 3463 1760 majori

188 1780 424 1833 excitato
443 1778 707 1833 similiter
724 1784 999 1849 portetur.
1032 1778 1092 1833 Si
1111 1783 1299 1833 autem
1326 1779 1405 1832 ita
1422 1778 1780 1848 evigilaverit,
1807 1783 2037 1862 Bchoro
2066 1780 2288 1833 valeant
2315 1778 2568 1849 adjuvari
2593 1797 2605 1845 ;
2638 1784 2695 1833 et
2730 1784 2918 1833 tamen
2970 1779 3030 1833 in
3084 1784 3359 1833 conventu
3405 1780 3465 1834 iu

188 1873 248 1922 ut
272 1874 475 1922 contra
500 1867 660 1921 illum
690 1866 940 1928 inclinet,
968 1870 1275 1938 antequam
1303 1883 1363 1921 se
1392 1866 1674 1932 averterit,
1715 1865 1787 1920 ab

190 1957 304 2028 ipso
328 1956 639 2011 auferenda
666 1961 770 2022 est,
804 1955 900 2026 qui
930 1971 1055 2009 eam
1083 1955 1367 2026 apposuit.
1394 1955 1555 2019 Quod
1574 1955 1621 2008 si
1642 1956 1786 2010 tanti

190 2046 245 2100 in
283 2045 620 2101 dormiendo
665 2044 875 2099 fuerint
913 2044 1264 2116 deprehensi,
1314 2045 1431 2098 haec
1475 2043 1789 2114 deportatio

192 2136 540 2207 protrahitur
574 2149 754 2204 usque
773 2132 844 2187 ad
874 2134 1121 2188 Gloriam
1150 2132 1511 2204 responsorii,
1553 2133 1697 2203 quod
1729 2133 1788 2186 in

195 2241 256 2279 eo
280 2230 563 2279 nocturno
595 2228 681 2278 est
711 2221 996 2277 ultimum.
1029 2221 1087 2276 Si
1117 2221 1262 2292 quis,
1308 2222 1403 2292 qui
1443 2222 1513 2276 ad
1544 2238 1789 2292 praesens

1870 1868 1996 1923 aliis
2024 1868 2161 1921 locis
2201 1872 2433 1938 possunt
2461 1867 2686 1928 morari,
2720 1867 2777 1920 hi
2823 1868 2964 1921 tales
2994 1873 3224 1938 propter
3253 1868 3469 1921 miseri-

1870 1957 2118 2013 cordiam
2143 1956 2202 2010 in
2223 1956 2496 2010 minorem
2522 1957 2754 2010 chorum
2783 1963 2914 2010 sunt
2938 1956 3210 2027 deputati.
3241 1956 3385 2011 Sunt
3414 1961 3472 2010 et

1872 2046 1971 2101 alii
1992 2063 2104 2117 prae
2128 2046 2301 2100 nimio
2320 2045 2604 2099 servitutis
2632 2045 2733 2100 Dei
2755 2044 2945 2100 labere
2966 2045 3242 2110 exhausti,
3269 2044 3470 2116 quibus

1874 2135 2047 2190 etiam
2084 2135 2142 2189 in
2173 2134 2369 2188 eodem
2428 2135 2597 2188 choro
2635 2134 2854 2188 tamdiu
2907 2150 3228 2205 repausare,
3276 2135 3362 2187 vel
3400 2133 3472 2187 ad

1871 2229 2122 2279 sanctam
2146 2222 2377 2278 Mariam
2409 2229 2527 2277 tam
2553 2222 2770 2277 diurnis
2800 2211 2968 2293 quam
2999 2222 3290 2277 nocturnis
3319 2222 3473 2276 horis

196 2313 376 2383 legere
395 2312 484 2366 vel
512 2316 741 2366 cantare
764 2309 949 2377 debet,
963 2326 1092 2364 cum
1113 2326 1180 2364 ea
1198 2310 1581 2381 deprehensus
1599 2309 1786 2375 fuerit,
1872 2314 2163 2377 interesse,
2196 2318 2254 2366 et
2283 2317 2410 2383 post
2440 2312 2781 2365 matutinum
2813 2311 3117 2366 dormitum
3138 2311 3219 2365 ire
3238 2310 3474 2382 permit-

198 2401 462 2473 evigilans
506 2400 589 2455 illi
626 2399 946 2470 bajulatori,
996 2399 1043 2453 si
1085 2399 1267 2455 adhuc
1306 2404 1425 2453 tam
1474 2415 1647 2470 prope
1684 2404 1788 2464 est,
1873 2404 2033 2467 titur,
2068 2417 2358 2473 quousque
2386 2399 2596 2454 viribus
2624 2399 2876 2471 pristinis
2907 2400 3297 2453 restituantur.
3333 2400 3477 2453 Sunt

198 2506 421 2545 causam
446 2488 616 2544 officii
644 2488 733 2543 sui
762 2488 1034 2554 insinuat,
1078 2493 1145 2542 ut
1184 2487 1512 2542 absconsum
1552 2487 1786 2541 auferat.
1877 2492 2060 2545 adhuc
2080 2490 2317 2545 forsitan
2346 2495 2402 2543 et
2421 2489 2538 2553 alii,
2571 2489 2667 2559 qui
2698 2489 2897 2558 majori
2926 2488 3475 2559 aliquainfirmitate,

200 2579 253 2633 Si
274 2596 408 2633 vero
446 2578 627 2633 adhuc
643 2577 801 2643 abiit,
815 2577 888 2631 idi
896 2593 1058 2648 psum
1075 2593 1177 2631 suo
1190 2576 1501 2631 collaterali
1525 2575 1791 2645 injungit,
1877 2580 2023 2634 sicut
2043 2585 2130 2633 est
2159 2579 2402 2649 podagra
2416 2577 2826 2641 ,imbecilliores
2848 2584 3000 2641 sunt,
3023 2578 3106 2631 vel
3118 2578 3256 2631 adeo
3269 2578 3475 2643 claudi,

198 2672 251 2722 et
276 2668 358 2721 ita
380 2667 475 2722 ille
506 2667 678 2721 vicem
704 2666 868 2720 istius
886 2666 947 2720 in
970 2666 1368 2720 circumeundo
1399 2664 1704 2734 agit.Nulli
1738 2663 1793 2716 in
1877 2676 1939 2722 ut
1979 2667 2175 2721 baculo
2205 2682 2396 2720 carere
2438 2671 2740 2735 nequeant,
2774 2670 2831 2718 et
2856 2671 3045 2718 tamen
3076 2665 3215 2719 alias
3235 2666 3358 2719 sani
3385 2667 3477 2719 in-

199 2756 379 2811 reditu
428 2757 614 2811 denuo
654 2754 981 2826 porrigitur,
1013 2756 1121 2809 etsi
1173 2754 1460 2808 dormiens
1501 2769 1534 2807 a
1573 2757 1799 2823 prater—
1882 2762 2105 2811 tersunt
2140 2754 2436 2810 conventui
2464 2772 2477 2819 ;
2510 2753 2640 2819 illis,
2682 2754 2814 2824 quia
2844 2753 3381 2807 consuetudinaliter
3422 2753 3482 2806 in

200 2850 364 2900 eunte
393 2845 733 2911 inveniatur,
764 2844 873 2899 nisi
902 2845 1049 2899 infra
1070 2846 1231 2915 juxta
1264 2845 1475 2899 exitum
1518 2842 1696 2897 chori.
1739 2842 1798 2897 Si
1883 2845 2148 2916 praedicto
2179 2844 2348 2897 choro
2377 2858 2605 2896 manere
2633 2858 2743 2895 non
2789 2847 3044 2912 possunt,
3074 2841 3398 2895 conceditur
3422 2840 3481 2895 in

204 2933 270 3000 ei,
302 2936 401 3005 qui
431 2934 491 2988 in
526 2933 730 3005 majori
783 2934 1038 2988 custodia
1069 2938 1174 2999 est,
1218 2933 1399 3004 posita
1443 2931 1632 2996 fuerit,
1678 2931 1799 3001 ipse
1882 2932 2195 2988 inﬁrmaria
2226 2932 2308 2985 vel
2339 2931 2395 2985 in
2421 2931 2561 2985 cella
2582 2929 2922 2984 novitiorum
2952 2930 3219 2996 dormire,
3250 2929 3321 2984 ad
3350 2945 3483 2983 san-

204 3040 327 3077 cum
365 3040 434 3077 ea
478 3023 754 3093 majorem
808 3022 1162 3077 solummodo
1216 3023 1447 3077 chorum
1503 3037 1569 3075 eo
1634 3020 1800 3074 modo
1882 3029 2028 3078 ctam
2056 3021 2291 3076 Mariam
2317 3020 2407 3074 die
2434 3024 2714 3089 noctuque
2741 3018 2894 3072 horis
2931 3018 3225 3085 interesse,
3254 3022 3485 3089 excepta

201 3112 343 3167 sicut
370 3112 585 3168 dictum
608 3116 711 3178 est,
765 3112 1090 3184 perlustrat,
1123 3117 1181 3165 et
1209 3111 1257 3165 si
1287 3112 1570 3165 neminem
1600 3108 1677 3164 ibi
1707 3109 1859 3177 de-C
1881 3111 1997 3177 illa,
2027 3126 2197 3181 quam
2227 3108 2437 3163 infirmi
2486 3113 2618 3161 ante
2665 3106 2964 3178 prandium
3020 3123 3184 3161 suum
3232 3106 3484 3179 proxime

202 3202 577 3273 prehenderit,
605 3204 769 3272 juxta
793 3201 1136 3272 analogium,
1186 3201 1333 3273 quod
1375 3206 1462 3255 est
1508 3200 1565 3253 in
1618 3198 1802 3253 medio

203 3291 399 3361 gradu,
442 3307 567 3345 eam
594 3291 772 3362 ponit.
799 3289 883 3345 Ibi
911 3290 1099 3362 aliquo
1144 3307 1409 3345 converso
1456 3293 1701 3359 accepta,
1746 3290 1805 3341 et

206 3380 284 3434 ita
311 3381 549 3435 chorum
586 3379 1030 3434 circumferenda
1066 3380 1341 3435 aufertur.

722 3469 957 3524 CAPUT
994 3467 1269 3523 XXXVII.

307 3561 417 3627 Qui
444 3559 670 3613 debeant
694 3574 757 3618 in
786 3559 1084 3612 intervallo
1112 3560 1688 3625 absconsamportarc.

271 3650 317 3703 Δ
344 3647 630 3703 conversis
659 3652 869 3714 autem,
889 3646 986 3717 qui
1005 3651 1139 3701 sunt
1161 3651 1319 3701 extra
1341 3646 1593 3709 chorum,
1619 3642 1808 3715 primi-

207 3742 293 3791 tus
314 3741 594 3808 portatur,
627 3742 685 3790 et
733 3751 847 3790 non
890 3752 991 3806 per
1019 3735 1295 3800 ordinem,
1345 3734 1443 3788 sed
1487 3733 1806 3804 quicunque

207 3826 403 3880 melius
435 3830 637 3896 potest,
670 3824 842 3878 alium
861 3822 1149 3894 anticipat.
1166 3823 1243 3878 .Si
1264 3828 1453 3877 autem
1477 3820 1690 3893 portari
1713 3836 1805 3873 ne-

205 3914 457 3984 gligitur,
487 3915 547 3968 hi
576 3929 772 3967 omnes
803 3929 905 3984 per
933 3913 1040 3966 hoc
1068 3912 1467 3966 inclamantur.
1512 3909 1577 3964 In
1599 3909 1806 3964 duode-

207 4002 310 4055 cim
337 4002 672 4057 lectionibus
700 4017 830 4055 mox
856 4001 927 4054 ad
965 4000 1189 4055 initium
1215 4006 1288 4055 te:
1304 4000 1415 4065 tiae,
1447 3998 1718 4070 septimae,
1750 4001 1808 4051 et

207 4090 513 4145 undecimae
541 4090 800 4146 lectionis
828 4090 999 4144 choro
1028 4089 1287 4144 infertur.
1321 4089 1379 4144 Si
1413 4104 1631 4152 novem,
1664 4087 1808 4141 sicut

208 4186 338 4233 ante
368 4180 606 4245 Pascha,
626 4179 698 4234 ad
727 4178 1053 4241 secundam,
1083 4179 1339 4250 quintam
1368 4182 1426 4231 et
1450 4181 1723 4231 octavam.
1748 4174 1809 4229 Si

211 4273 323 4322 tres
352 4269 554 4339 longae,
606 4268 680 4323 ad
713 4282 1193 4339 unamquamque.
1238 4267 1298 4323 Si
1343 4266 1558 4332 breves,
1606 4264 1678 4319 ad
1718 4280 1811 4318 se-

216 4356 476 4411 cundam.

723 4445 958 4501 CAPUT
990 4444 1298 4501 XXXVIII.

668 4535 744 4589 De
763 4535 872 4603 lege
899 4536 1139 4589 minoris
1167 4535 1339 4589 chori.

282 4626 306 4648 θ
334 4623 482 4689 Quia
510 4623 703 4678 minor
726 4622 933 4678 chorus
963 4623 1165 4694 majori
1203 4622 1436 4678 inferius
1464 4622 1546 4676 ita
1595 4625 1682 4675 est
1716 4619 1818 4674 ad-

206 4713 461 4784 junctus,
486 4718 554 4767 ut
578 4711 804 4784 pervius
828 4713 904 4766 sit
925 4712 1165 4767 eundem
1188 4713 1459 4783 majorem
1485 4710 1715 4763 chorum
1740 4708 1822 4762 in-

209 4801 623 4872 gredientibus,
654 4817 770 4856 non
792 4801 976 4856 solum
996 4801 1068 4856 ad
1096 4807 1419 4861 nocturnos,
1451 4798 1549 4853 sed
1572 4796 1820 4869 quoties-

208 4906 455 4962 cunque,
479 4895 711 4962 exeepto
731 4896 860 4962 post
885 4890 1246 4945 refectionem
1267 4895 1324 4943 et
1353 4886 1683 4959 capitulum,
1706 4885 1825 4939 fra-

213 4983 332 5033 tres
360 4979 421 5034 in
449 4978 746 5035 ecclesiam
786 4979 1040 5045 veniunt,
1100 4978 1348 5033 seniores
1402 4975 1699 5045 ceterique
1752 4972 1823 5027 ad

211 5068 464 5139 parietes
488 5068 551 5123 in
580 5067 836 5123 inferiori
888 5072 1052 5140 parte
1095 5066 1326 5137 majoris
1357 5064 1512 5119 chori
1554 5062 1824 5118 stationes

211 5155 496 5212 habentes
520 5173 625 5228 per
652 5157 931 5211 minorem
959 5156 1193 5211 chorum
1222 5155 1457 5209 intrant.
1489 5152 1596 5208 Ubi
1626 5157 1679 5207 et
1711 5167 1827 5205 om-

211 5243 271 5299 ni
297 5250 565 5318 tempore
594 5251 820 5313 exeunt,
852 5245 962 5301 nisi
991 5245 1215 5317 quando
1242 5260 1366 5299 cum
1395 5243 1521 5297 aliis
1552 5242 1622 5297 de.
1658 5241 1827 5294 choro

212 5350 314 5405 per
329 5334 594 5389 ordinem
608 5335 988 5392 recedunt.De
1008 5333 1300 5389 refectorio
1312 5338 1521 5399 autem,
1546 5334 1829 5387 Conventu

215 5424 520 5490 redeunte,
547 5424 737 5478 nullus
765 5429 898 5478 ante
924 5422 1304 5490 chorum,nisi
1326 5421 1420 5492 qui
1452 5419 1725 5490 sanguine
1746 5422 1833 5471 est

216 5512 505 5579 minutus,
535 5514 606 5568 de
635 5513 991 5585 processione
1012 5512 1259 5579 divertit,
1287 5510 1386 5566 sed
1409 5526 1604 5565 omnes
1622 5508 1835 5579 pariter

213 5601 357 5658 illuc
386 5600 810 5674 ingrediuntur,
839 5617 1082 5676 moxque
1105 5599 1167 5657 hi
1187 5599 1457 5674 quijuxta
1466 5602 1616 5653 stare
1630 5595 1831 5663 solent,

509 5701 776 5768 Panos.
804 5700 926 5768 CL.

1884 3206 2144 3267 cantant;
2176 3199 2320 3252 hanc
2345 3197 2494 3252 enim
2516 3196 2624 3267 ipsi
2652 3196 2710 3249 in
2730 3196 2963 3250 ecclesia
2992 3195 3195 3265 majori
3221 3195 3480 3250 audiunt.

1885 3289 2082 3359 Itaque
2111 3287 2218 3352 his,
2255 3285 2478 3357 quibus,
2513 3290 2577 3338 ut
2600 3284 2810 3338 dictum
2841 3289 2945 3349 est,
2980 3284 3041 3338 in
3075 3284 3280 3339 minori
3306 3284 3477 3339 choro

1885 3379 2039 3431 locus
2080 3376 2294 3446 jugiter
2341 3373 2688 3440 conceditur,
2735 3373 2986 3427 illiterati
3035 3390 3094 3427 se
3130 3390 3241 3427 non
3303 3373 3484 3427 intro-

1886 3465 2140 3531 mittunt,
2174 3463 2286 3519 nisi
2315 3463 2499 3517 locum
2525 3467 2813 3516 vacantem
2839 3461 3101 3528 viderint,
3133 3467 3191 3516 et
3216 3466 3352 3516 tunc
3403 3461 3489 3517 illi

1887 3553 2187 3625 praecipue,
2220 3551 2318 3622 qui
2347 3550 2627 3605 cantando
2658 3550 2795 3607 alios
2824 3551 3048 3603 valeant
3065 3550 3279 3621 aliquid
3316 3550 3486 3619 adju-

1887 3657 2037 3695 vare.
2081 3638 2337 3694 Ecclesiae
2380 3643 2569 3692 tamen
2613 3638 2895 3709 portarius
2939 3637 3014 3691 ibi
3050 3638 3212 3708 juxta
3258 3637 3485 3704 ostium,

1889 3728 2037 3799 quod
2062 3728 2210 3781 foras
2227 3726 2473 3797 respicit,
2507 3726 2689 3779 locum
2720 3725 2906 3791 habet,
2939 3726 3053 3779 sive
3080 3726 3156 3779 sit
3178 3727 3484 3792 litteratus,

1888 3818 2002 3871 sive
2038 3833 2170 3871 non.
2195 3815 2365 3885 Ergo,
2398 3815 2541 3868 sicut
2572 3814 2782 3868 dictum
2814 3813 3142 3875 est,literati
3164 3814 3484 3884 quicunque

1886 3911 2021 3960 sunt
2045 3905 2397 3969 valentiores,
2420 3903 2489 3957 ad
2521 3903 2768 3973 ejusdem
2797 3903 2952 3956 chori
2976 3902 3249 3973 parietem
3267 3906 3420 3955 stant
3432 3906 3491 3955 et

1886 3996 1993 4049 hoc
2030 3994 2346 4057 observant,
2379 3996 2444 4046 ut
2462 4008 2589 4045 cum
2619 3991 2813 4045 eadem
2836 3990 3151 4061 disciplina,
3172 4006 3285 4059 qua
3301 3995 3358 4043 et
3384 3989 3485 4053 illi,

1889 4083 1985 4155 qui
2015 4083 2073 4137 in
2105 4080 2304 4152 majori
2333 4085 2467 4135 sunt
2493 4080 2681 4146 choro,
2705 4096 2764 4133 se
2793 4078 3134 4132 contineant.
3166 4077 3274 4141 Qui
3299 4082 3490 4130 tamen

1890 4173 1995 4227 hoc
2061 4170 2269 4225 habent
2326 4170 2660 4234 relevamen,
2708 4167 2928 4237 quoties
2974 4183 3111 4237 opus
3170 4165 3489 4232 habuerint,

1891 4276 2189 4317 conversos
2219 4259 2277 4313 in
2302 4258 2481 4312 vicino
2507 4257 2717 4329 positos
2745 4273 2846 4327 pro
2888 4273 2948 4310 se
2977 4256 3047 4309 ad
3077 4254 3491 4309 interstandum

1892 4351 1979 4405 vel
2000 4349 2142 4404 alios
2166 4349 2224 4402 in
2253 4350 2515 4419 promptu
2532 4344 2757 4408 habere,
2777 4350 2835 4398 et
2860 4344 2967 4414 ipsi
2994 4360 3166 4414 super
3194 4342 3412 4407 sedilia,
3444 4342 3493 4396 si

1830 4432 2022 4512 unae
2050 4438 2128 4493 ibi
2157 4453 2328 4491 vacua
2361 4435 2625 4500 viderint,
2681 4433 2866 4487 denuo
2902 4436 3139 4503 possunt
3175 4432 3489 4502 quiescere.

1900 4530 2044 4584 Sunt
2074 4542 2318 4597 namque
2349 4525 2405 4579 in
2435 4524 2632 4578 eodem
2661 4523 2830 4576 choro
2861 4527 2918 4575 et
2943 4521 3065 4575 alia:
3086 4520 3267 4586 sedes,
3287 4520 3346 4574 in
3377 4520 3501 4591 qui-

1899 4618 2005 4672 bus
2030 4616 2371 4671 infirmiores
2395 4630 2496 4684 pro
2537 4610 2833 4665 devitanda
2869 4609 3056 4664 standi
3096 4608 3496 4676 vicissitudine,

1898 4706 2113 4777 jugiter
2140 4704 2355 4758 sedent.
2388 4704 2543 4757 Inter
2591 4716 2730 4772 quas
2759 4705 2816 4754 et
2844 4700 3025 4754 forma
3054 4698 3126 4753 ad
3156 4698 3306 4752 idem
3359 4714 3501 4769 Opus

1904 4800 1991 4849 est
2020 4793 2220 4865 posita,
2262 4791 2361 4846 sed
2386 4791 2466 4844 ita
2499 4806 2676 4853 versa,
2707 4794 2771 4843 ut
2803 4790 2900 4860 qui
2929 4805 3099 4860 super
3126 4804 3250 4842 eam
3278 4787 3500 4857 sedent,

1906 4881 2106 4937 faciem
2121 4881 2179 4935 in
2193 4880 2429 4935 eundem
2453 4878 2723 4933 minorem
2739 4878 2970 4932 chorum
2992 4893 3211 4932 versam
3230 4876 3496 4941 habeant;

1907 4971 2004 5043 qui
2034 4975 2092 5024 et
2120 4969 2179 5023 in
2203 4974 2458 5039 tempore
2488 4966 2891 5039 procumbendi
2919 4966 3127 5021 ibidem
3151 4966 3339 5035 jacent
3363 4984 3375 5019 :
3397 4963 3505 5020 nisi

1907 5059 2080 5131 aliqui
2110 5058 2258 5113 inter
2285 5074 2382 5113 eos
2420 5073 2521 5129 pro
2540 5056 2852 5111 reverentia
2879 5056 3063 5111 locum
3089 5054 3166 5110 ibi
3195 5060 3331 5110 tunc
3350 5054 3501 5124 prio-

1907 5149 2063 5204 ribus
2100 5148 2218 5202 suis
2246 5147 2419 5213 dent;
2448 5146 2592 5207 aliis,
2625 5145 2720 5217 qui
2750 5145 2819 5199 ad
2846 5145 3121 5216 parietem
3143 5148 3298 5197 stant
3336 5154 3506 5211 super

1909 5237 2109 5293 sedilia
2135 5241 2193 5291 et
2216 5252 2385 5306 super
2404 5240 2613 5289 terram
2643 5233 2869 5287 interim
2901 5227 3505 5304 procumbentibus.In

1911 5325 2190 5399 prtedictis
2219 5324 2447 5378 sedibus
2480 5327 2754 5394 quotquot
2793 5321 2988 5375 sedere
3018 5319 3221 5380 valent,
3270 5331 3370 5387 pro
3415 5313 3507 5368 in-

1913 5415 2070 5470 dulta
2098 5412 2484 5468 misericordia
2500 5410 2866 5466 continuatim
2888 5408 3097 5477 absque
3115 5402 3383 5475 surgendi
3403 5419 3509 5457 ne-

1914 5504 2174 5559 cessitate
2185 5518 2487 5575 repausare
2500 5501 2713 5555 licitum
2733 5498 2957 5552 habent.
2983 5494 3294 5565 Aliquando
3311 5492 3506 5560 etiam,

1918 5592 2015 5665 qui
2046 5591 2232 5648 subito
2260 5591 2320 5647 in
2349 5590 2440 5646 die
2468 5589 2789 5644 infirmatur
2809 5584 2882 5641 ad
2908 5583 3158 5652 missam,
3180 5582 3269 5638 vel
3304 5580 3376 5636 ad
3403 5580 3511 5636 ali-

3182 5679 3256 5744 3i
