3908 6168
488 292 584 358 971
1515 296 1575 350 δέ
1615 294 2006 353 GUILLELMI
2043 298 2346 354 ABBATIS
2384 294 2721 357 HIRSAUG.
3585 313 3663 371 9i!

486 430 654 496 quam
693 425 888 477 horam
928 409 1049 475 sine
1087 415 1313 473 licentia
1362 412 1651 490 (exceptis.
1669 422 1971 489 juvenibus
2015 424 2068 476 in
2091 426 2228 482 Aad
2260 426 2383 480 illos
2411 427 2743 497 ingreditur,
2791 428 3079 497 inclinant,
3120 434 3253 485 tunc
3287 439 3549 490 conventus
3581 445 3667 493 nan

483 513 685 583 majori
703 511 949 565 custodia
965 510 1180 580 positis)
1206 510 1335 563 illuc
1351 509 1543 562 intrat.
1569 516 1623 562 et
1647 515 1833 563 tamen
1856 513 2074 569 veniam
2156 515 2413 573 inclinat.

480 618 593 656 non
624 601 785 671 petit,
816 615 997 669 neque
1042 598 1116 652 ab
1146 600 1334 669 aliquo
1366 599 1722 664 inclamatur,
1756 601 1845 653 cui
1865 607 1921 654 et
1948 618 2073 655 mox

479 684 682 761 aliquis
710 704 904 745 eorum
937 688 1117 742 locum
1146 687 1377 741 sedendi
1409 688 1523 741 dat.

1020 777 1254 831 CAPUT
1291 776 1539 830 XXXIX.

2761 607 2996 663 CAPUT
3033 610 3146 664 XL.

2158 695 2275 761 Qua
2305 696 2603 773 disciplina
2627 698 2807 764 frater
2827 703 2943 773 post
2971 703 3271 753 matutinos
3287 704 3591 757 recollocatus
3604 709 3671 773 ja-

2226 772 2359 831 ceat,
2390 773 2471 819 ret
2497 784 2616 837 quae
2643 772 2876 836 tempore
2904 771 3175 837 hyemalis
3215 771 3618 841 intonaturith

478 869 751 936 Quomodo
776 868 1110 936 podagricus
1138 871 1186 919 et
1217 867 1452 918 claudus
1476 881 1528 919 se
1557 866 1792 920 habeant
1839 868 1902 921 in
1942 886 2015 922 co:

2227 855 2345 925 (vn.
2387 862 2528 923 var.)
2558 856 2642 910 Ad
2673 857 2877 911 lectum
2903 864 3030 929 post
3058 860 3354 914 matutinos
3378 862 3569 916 rediens
3592 864 3673 917 ite.

1171 960 1361 1010 υθηιυ,
2152 960 2276 997 rum
2309 961 2369 997 se
2398 946 2631 999 collocat
2659 963 2785 999 cum
2817 946 3110 1017 disciplina
3137 949 3327 1002 eadem
3354 965 3453 1019 qua
3487 956 3536 1004 et
3573 957 3676 1021 post

546 1050 566 1080 θ
595 1046 671 1102 Ut
697 1050 885 1101 autem
917 1043 987 1097 ad
1017 1043 1175 1097 illum
1201 1044 1446 1107 redeam,
1480 1044 1573 1113 qui
1626 1044 1892 1114 podagra,
1926 1045 2015 1101 εἰει

2151 1034 2598 1103 completorium,
2633 1034 2741 1087 nisi
2768 1035 2955 1089 videat
2982 1041 3206 1106 tempus
3234 1037 3452 1093 faciendi
3500 1039 3673 1094 sonitus

366 1144 373 1153 '
470 1137 683 1192 dictum
708 1140 810 1198 est,
845 1132 1075 1194 laborat,
1110 1132 1240 1185 huic
1279 1132 1603 1186 conceditur
1644 1134 1712 1186 ad
1757 1134 2015 1204 capitulm

2143 1122 2263 1191 jam
2295 1139 2419 1176 esse
2446 1123 2782 1193 proximum.
2813 1125 2970 1178 Tunc
3010 1125 3157 1178 enim
3195 1126 3465 1183 diurnales
3502 1128 3674 1182 calceos

468 1226 638 1281 etiam
662 1225 708 1278 si
735 1221 951 1276 altioris
980 1222 1044 1276 ﬁt
1065 1220 1296 1281 ordinis,
1328 1220 1523 1273 sedere
1549 1237 1718 1290 super
1733 1221 2058 1288 scabellum,
2144 1210 2347 1275 ίηάυίῐν
2383 1218 2439 1265 et
2458 1213 2539 1266 ita
2556 1230 2616 1267 se
2637 1214 2897 1267 vestitum
2935 1214 2995 1267 in
3016 1214 3161 1268 lecto
3195 1215 3432 1269 collocat.
3478 1220 3499 1251 π
3540 1217 3673 1271 Nullo

466 1315 599 1385 quia
627 1309 1167 1367 consuetudinaliter
1193 1309 1421 1362 sedendi
1451 1309 1587 1362 ordo
1622 1310 2057 1379 hujusmodiest,
2145 1301 2309 1354 τηοάο
2338 1308 2529 1355 autem
2567 1320 2625 1357 se
2656 1303 2965 1364 COllocabit.
2995 1304 3042 1358 si
3069 1309 3155 1358 est
3181 1308 3296 1359 tam
3326 1306 3466 1358 clara
3484 1305 3600 1370 dies,
3624 1312 3675 1360 ut

464 1410 530 1458 ut
578 1390 672 1472 qui
719 1406 850 1454 sunt
888 1397 1102 1451 altioris
1149 1397 1358 1450 ordinis
1399 1397 1633 1450 sedeant
1676 1399 1840 1466 juxta
1890 1398 2058 1468 pedes
2142 1389 2329 1458 legere
2351 1392 2546 1461 possit.
2579 1395 2653 1445 At
2680 1393 2725 1445 si
2746 1399 2969 1462 tempus
3011 1393 3267 1464 hyemale
3306 1394 3509 1464 quando
3534 1395 3673 1448 inter-

461 1490 653 1546 domni
702 1477 922 1542 abbatis
952 1487 1038 1539 vel
1067 1485 1297 1556 prioris:
1328 1485 1529 1538 deinde
1555 1492 1616 1539 ut
1629 1487 1815 1540 sintin
1837 1488 2052 1549 ordine,
2139 1478 2345 1531 Vallum
2378 1480 2585 1548 agitur,
2620 1481 2882 1551 praetersi
2902 1498 3042 1550 Opus
3061 1482 3235 1536 habet
3259 1482 3326 1535 ad
3339 1483 3674 1545 dormitorium

458 1580 646 1643 medii,
684 1579 767 1631 vel
791 1576 957 1647 primi
982 1594 994 1641 ;
1020 1575 1116 1628 sed
1145 1574 1216 1627 ad
1246 1574 1599 1628 refectorium
1626 1576 1680 1628 in
1704 1577 1897 1629 ordine
1927 1594 2048 1643 suo;
2138 1566 2240 1633 ire,
2271 1567 2329 1621 in
2352 1569 2637 1623 θοοὶθείεῐη
2672 1571 2990 1637 revertitur.
3026 1576 3083 1624 et
3130 1578 3417 1641 postquam
3455 1571 3676 1624 0003640‘

451 1668 511 1722 in
541 1670 782 1722 claustro
813 1670 1000 1719 autem
1041 1664 1110 1716 ad
1131 1664 1425 1717 lectionem
1468 1663 1801 1734 ubicunque,
1832 1683 2050 1736 compe-
2070 1698 2115 1757 B
2136 1656 2227 1719 Fit.
2278 1664 2446 1727 caput
2484 1659 2683 1728 operit,
2740 1664 2806 1757 et
2832 1659 2912 1712 ita
2952 1660 3221 1757 iii-sedili
3253 1677 3350 1715 suo
3406 1660 3674 1757 matutinali

451 1763 637 1812 tenter
665 1756 915 1810 sedeant.
950 1753 1056 1816 Qui
1084 1769 1215 1806 vero
1244 1753 1325 1805 ita
1347 1753 1642 1814 claudicat.
1672 1760 1735 1807 ut
1772 1762 2049 1809 sustenta-
2070 1749 2113 1757 ”
2132 1751 2453 1815 exspectat;
2478 1754 2727 1818 excepto,
2763 1749 2809 1801 si
2842 1753 2928 1802 est
2970 1749 3290 1815 illiteratus,
3323 1754 3376 1803 et
3395 1755 3562 1803 castos
3601 1749 3676 1801 ali-

450 1847 574 1901 culo
604 1861 795 1899 carere
834 1859 947 1897 non
975 1844 1175 1901 valeat.
1208 1841 1346 1894 nulli
1371 1842 1708 1911 processioni
1744 1842 1997 1898 intererit
2028 1865 2041 1912 ;
2128 1835 2536 1904 eujllsjuvenis
2564 1860 2573 1890 :
2600 1844 2735 1891 tunc
2758 1838 2951 1892 relicta
2980 1855 3083 1892 sua
3112 1839 3267 1900 sede.
3301 1838 3393 1892 ubi
3430 1838 3561 1891 infra
3595 1854 3674 1890 n0-

445 1936 504 1990 in
541 1934 786 2005 capitulo
816 1934 873 1986 et
899 1932 957 1985 in
987 1928 1280 1984 reiectorio
1341 1930 1498 1983 sedet
1534 1931 1591 1984 in
1639 1932 1865 1985 ultimo:
1914 1932 2042 1987 inde
2125 1930 2352 1978 CtUPDOS
2373 1926 2549 1988 stetit.
2572 1925 2642 1979 ad
2674 1928 2933 1980 eumdem
2956 1929 3248 1997 juvenem,
3277 1926 3373 1981 ubi
3392 1927 3456 1979 ad
3476 1926 3675 1979 formam

444 2034 570 2079 cum
604 2023 821 2076 reditur
846 2021 967 2090 ipse
1016 2020 1249 2073 ultimus
1287 2035 1465 2088 usque
1522 2020 1579 2073 in
1632 2023 2039 2077 monasterium
2123 2015 2207 2068 Vel
2228 2014 2297 2066 ad
2326 2015 2535 2070 lineam
2564 2015 2739 2082 εθάθῢν
2764 2017 2934 2079 Vadit.
2969 2017 3085 2082 illo,
3114 2017 3210 2088 qui
3249 2016 3401 2087 Prius
3422 2031 3576 2068 0³11⁸⁸
3610 2014 3675 2066 in-

443 2110 821 2181 subsequitur.
853 2109 958 2172 Qui
1001 2108 1059 2161 in
1102 2107 1305 2160 minori
1353 2109 1523 2161 choro
1559 2109 1771 2178 jugiter
1815 2111 2030 2175 sedens,
2119 2104 2393 2157 terstandi
2423 2105 2545 2173 ejus
2563 2104 2900 2163 collateralis
2926 2105 3055 2173 fuit,
3095 2106 3282 2159 locum
3311 2105 3490 2158 dante.
3517 2103 3672 2157 Bian-

441 2204 671 2271 propter
722 2198 1125 2250 increscentem
1171 2196 1560 2265 aegritudinem
1614 2197 1684 2249 ad
1726 2199 2036 2253 matutinos
2118 2198 2230 2246 tem
2259 2197 2344 2246 est
2370 2193 2645 2257 literatuS,
2694 2200 2753 2247 et
2789 2194 2857 2248 ad
2895 2195 3166 2265 parietem
3210 2195 3390 2249 locum
3434 2192 3671 2253 habuerit.

438 2295 596 2343 extra
624 2286 850 2350 secedit,
893 2291 1122 2356 propter
1151 2285 1253 2337 hoc
1283 2284 1499 2337 veniam
1533 2301 1642 2338 non
1672 2286 1810 2355 petit
1837 2305 1849 2352 ;
1893 2288 2037 2341 sicut
2117 2283 2327 2335 scilicet
2357 2283 2439 2335 vel
2464 2283 2694 2347 orando,
2712 2283 2797 2336 vel
2817 2300 2990 2339 sacrae
3010 2285 3365 2338 meditationi
3383 2280 3672 2345 insisteado,

435 2393 539 2431 nec
562 2391 859 2429 conversus
903 2380 1033 2426 ante
1086 2373 1321 2426 chorum
1367 2378 1522 2426 stans
1579 2390 1681 2443 pro
1722 2374 1906 2431 subito
1953 2377 2035 2430 in-

432 2466 658 2536 gruenti
690 2463 1019 2517 infirmitate
1049 2462 1198 2524 facit,
1231 2462 1277 2515 si
1318 2478 1417 2532 pro
1453 2462 1785 2531 aegritudine
1833 2480 1936 2517 sua
1976 2466 2031 2519 in

431 2554 737 2609 remotiora
754 2551 979 2606 recedit.
999 2550 1234 2614 Quando
1256 2566 1471 2611 omnes,
1497 2548 1707 2620 absque
1727 2553 2030 2621 conversis,

346 2687 359 2692 -
431 2644 576 2698 albis
603 2644 686 2696 vel
722 2640 909 2711 cappis
938 2640 1270 2699 induuntur.
1312 2644 1590 2709 quotquot
1626 2640 1833 2693 literati
1876 2642 2030 2710 prius

421 2734 488 2787 iri
510 2731 713 2786 minori
747 2731 917 2783 choro
946 2728 1331 2792 morabantur,
1365 2733 1501 2781 tunc
1541 2730 1812 2797 majorem
1839 2730 2029 2799 ingre-

426 2821 698 2887 diuntur;
731 2819 828 2873 sed
860 2818 957 2888 qui
998 2817 1227 2870 invalidi
1274 2822 1423 2879 sunt,
1474 2818 1859 2888 cujuscunque
1914 2819 2029 2872 sint

2116 2372 2185 2425 ad
2219 2372 2419 2425 altaria
2440 2376 2629 2425 tamen
2659 2388 2827 2426 causa
2857 2374 3154 2443 peculiaris
3179 2374 3445 2429 orationis
3469 2391 3569 2429 non
3598 2390 3672 2429 ao-

2114 2460 2281 2524 cedit,
2307 2461 2416 2514 nisi
2451 2461 2522 2514 de
2557 2461 2907 2529 gravioribus
2955 2464 3211 2532 personis
3244 2464 3339 2517 sit.
3379 2464 3674 2534 Priusquam

2114 2549 2183 2603 de
2204 2548 2363 2603 sedili
2395 2550 2595 2619 surgit,
2628 2557 2797 2621 caput
2820 2552 3033 2620 capelle
3062 2552 3336 2607 denudat.

2703 2638 2941 2694 CAPUT
2976 2639 3119 2696 XLI.

2205 2729 2480 2793 Quomodo
2508 2745 2671 2781 manu
2701 2734 2917 2795 surgat,
2949 2735 2999 2783 et
3029 2732 3171 2798 quid
3194 2735 3390 2787 statim
3415 2735 3592 2802 faciat.

2186 2820 2317 2879 tuo.)
2332 2817 2415 2869 Ad
2437 2817 2703 2882 sonitum,
2729 2818 2825 2888 qui
2841 2818 3085 2872 diluculo
3106 2820 3365 2889 agiturin
3384 2819 3674 2874 dormitorio

429 2910 662 2975 ordinis,
693 2913 819 2979 post
841 2907 1106 2967 seniores,
1135 2907 1207 2959 ad
1254 2906 1522 2976 parietem
1564 2913 1718 2960 stant
1756 2913 1813 2960 et
1857 2909 2088 2992 conti-0
2112 2903 2182 2956 ad
2208 2905 2529 2959 excitandos
2576 2907 2798 2973 fratres,
2854 2908 3335 2977 quemadmodum
3377 2911 3445 2964 ad
3485 2911 3676 2980 signum

423 2999 640 3054 nuatim
668 2998 881 3062 sedent,
916 3003 973 3050 et
1001 2995 1257 3066 quisquis
1272 2995 1422 3051 inter
1447 3010 1541 3048 eos
1568 2995 1900 3049 imbecillior
1918 3004 2021 3071 est,

424 3088 473 3142 si
501 3088 615 3142 tale
645 3091 731 3141 est
757 3087 989 3153 festum,
1021 3084 1266 3137 sacristze
1297 3100 1501 3154 cappas
1540 3083 1901 3141 distribuenti
1946 3088 2024 3140 si-

420 3193 594 3248 gnum
616 3175 962 3229 inﬁrmitatis
991 3190 1106 3227 suae
1136 3179 1475 3235 monstrans,
1508 3188 1739 3243 cappam
1771 3174 2025 3244 accipere

418 3266 711 3321 humiliter
735 3267 975 3318 recusat.
1010 3263 1068 3317 Si
1096 3278 1228 3316 vero
1276 3276 1470 3314 omnes
1516 3260 1658 3314 albis
1689 3262 2017 3321 induuntur.

417 3356 703 3410 interdum
724 3355 909 3407 locum
941 3351 1252 3404 senioribus
1300 3344 1455 3411 dant,
1502 3350 1596 3418 qui
1641 3356 1773 3403 ante
1814 3368 1908 3405 eos
1949 3354 2019 3406 ad

417 3445 657 3499 formam
683 3440 854 3504 stant,
882 3445 938 3494 et
965 3439 1071 3510 ipsi
1095 3438 1390 3492 stationem
1424 3437 1649 3491 illorum
1696 3439 1765 3491 ad
1810 3439 2018 3494 formas

417 3530 643 3586 interim
658 3530 938 3600 supplent,
973 3527 1119 3597 quod
1147 3533 1338 3579 tamen
1364 3543 1473 3579 non
1497 3526 1725 3594 faciunt,
1753 3527 1801 3579 si
1832 3528 1915 3581 illi
1946 3530 2017 3583 ad

416 3621 625 3674 formas
657 3619 716 3672 in
746 3617 953 3688 cappis,
991 3622 1048 3670 et
1075 3615 1157 3668 illi
1186 3615 1256 3668 ad
1286 3615 1527 3683 parietes
1577 3615 1635 3668 in
1680 3615 1821 3669 albis
1859 3623 2012 3672 sunt.

417 3706 618 3764 Nullus
648 3708 743 3778 qui
765 3722 943 3777 uappa
961 3704 1216 3758 induitur
1243 3703 1546 3774 aliquando
1593 3703 1739 3756 infra
1784 3705 2015 3759 missam

419 3798 491 3852 ad
539 3796 812 3870 parietem
871 3798 1002 3848 stat.
1048 3792 1111 3847 In
1143 3791 1393 3864 quolibet
1419 3792 1519 3845 tali
1558 3792 1756 3859 officio,
1790 3795 2015 3864 quando

420 3886 698 3958 processio
738 3901 851 3939 non
894 3883 1097 3953 agitur,
1138 3881 1391 3935 conversi
1440 3881 1754 3947 validiores,
1804 3888 1860 3936 et
1917 3884 2011 3954 qui

418 3976 562 4032 forte
593 3974 723 4046 quid
748 3976 978 4028 cantare
1013 3972 1213 4029 sciunt.
1233 3970 1503 4023 minorem
1537 3971 1767 4024 chorum
1797 3988 1909 4026 non
1930 3990 2013 4026 re-

416 4065 622 4129 vestiti,
652 4063 1065 4134 ingrediuntur,
1123 4074 1305 4130 neque
1351 4059 1553 4129 aliquis
1606 4059 1733 4113 alba
1779 4060 2011 4116 indutus

414 4150 563 4209 intra
589 4153 837 4217 missam,
862 4154 1091 4221 excepto
1112 4149 1220 4202 nisi
1248 4149 1423 4202 lector
1466 4148 1616 4202 inter
1657 4166 1752 4203 eos
1791 4149 1867 4203 ibi
1900 4168 2015 4205 mo-

412 4248 592 4298 ratur.

2111 2998 2535 3057 nocturnorum,
2584 2996 2948 3065 quantociens
2990 2998 3190 3068 surgit,
3241 3005 3295 3053 et
3347 2999 3536 3053 eadem
3578 2998 3674 3050 vico

2108 3098 2219 3138 non
2249 3082 2389 3136 alios
2417 3085 2652 3151 calceos,
2674 3102 2842 3156 quam
2873 3085 2968 3156 qui
2993 3087 3064 3139 ad
3094 3087 3246 3142 diem
3279 3088 3410 3143 tacti
3443 3092 3580 3150 sunt,
3604 3087 3679 3139 ia-

2107 3171 2267 3237 duit;
2300 3172 2406 3226 nisi
2435 3174 2577 3227 forte
2603 3174 2875 3243 sanguine
2906 3177 3156 3229 minutus
3198 3177 3296 3231 sit.
3344 3176 3559 3232 Cultelli
3604 3173 3677 3228 sui

2107 3277 2296 3314 secum
2313 3263 2570 3332 portendi
2591 3269 2747 3317 cavet
2771 3263 3017 3321 oblivisci
3080 3265 3259 3320 Lavat
3307 3281 3519 3329 manus,
3555 3269 3606 3318 et
3638 3261 3677 3316 si

2104 3350 2239 3413 vult,
2273 3350 2470 3404 faciem
2507 3370 2518 3417 ;
2562 3368 2689 3405 cum
2734 3360 2974 3422 quatuor
3018 3354 3381 3425 manutergia
3422 3354 3674 3426 pendeant

2101 3438 2267 3491 simul
2300 3440 2357 3493 in
2386 3440 2646 3504 claustro,
2680 3457 2790 3494 non
2815 3442 2984 3512 tergit
3017 3442 3085 3496 ad
3118 3443 3297 3509 aliud,
3350 3459 3513 3514 quam
3552 3437 3678 3512 quod

2100 3527 2215 3580 suis
2243 3528 2599 3598 comparibus
2624 3532 2909 3601 competit,
2944 3532 3076 3601 quia
3090 3532 3207 3585 duo
3236 3531 3609 3587 sacerdotibus
3631 3532 3677 3581 et

2099 3614 2425 3670 diaconibus
2453 3617 2778 3672 diﬁcrcnter
2803 3619 3090 3690 deputata,
3123 3622 3363 3675 tertium
3413 3619 3676 3675 subdiaco-

2099 3703 2265 3758 nibus
2295 3710 2352 3758 et
2382 3705 2571 3760 idiotis
2597 3706 2732 3778 (94),
2766 3714 3031 3778 quartum
3070 3709 3178 3770 his.
3219 3711 3325 3780 qui
3355 3724 3552 3764 manus
3583 3722 3679 3762 non

2099 3808 2265 3846 sanas
2305 3793 2532 3847 habent.
2557 3796 2737 3849 Pectit
2781 3802 2952 3867 caput
2991 3794 3125 3866 495),
3180 3799 3410 3869 spargit
3450 3815 3509 3852 se
3551 3810 3679 3867 aqua

2096 3880 2408 3939 benedicta.
2460 3884 2618 3946 Quod
2649 3884 2695 3937 si
2733 3892 2818 3937 est
2845 3884 3145 3942 illiteratus
3191 3903 3302 3942 nec
3345 3888 3419 3942 ad
3462 3887 3680 3957 aliquem

2093 3986 2315 4025 sacrum
2341 3972 2594 4025 ordinem
2637 3979 2928 4043 promotus
2944 3991 3366 4048 quemcumque
3385 3993 3447 4030 se
3464 3974 3679 4045 ibispar—

2090 4064 2319 4129 gentem
2374 4061 2666 4124 invenerit,
2724 4061 2796 4115 ab
2860 4062 2959 4117 illo
3003 4065 3266 4119 eamdem
3319 4066 3681 4137 aspersionem

2095 4148 2315 4218 accipit,
2350 4150 2495 4203 sicut
2549 4156 2607 4204 et
2654 4150 2912 4213 literatus
2951 4169 2989 4206 a
3033 4153 3250 4224 quovis,
3298 4155 3399 4226 qui
3446 4155 3503 4207 in
3543 4165 3682 4206 sacro

2094 4237 2289 4291 ordine
2319 4237 2423 4291 sibi
2455 4244 2541 4293 est
2570 4239 2768 4294 similis
2791 4242 2877 4295 vel
2919 4242 3205 4312 praelatus.
3237 4244 3301 4299 Si
3343 4244 3471 4315 quia
3510 4245 3679 4297 autem

488 4330 547 4387 Si
585 4331 808 4402 quando
837 4333 1027 4383 autem
1066 4326 1347 4398 processio
1375 4329 1461 4378 est
1489 4326 1705 4395 agenda
1733 4325 1791 4380 in
1819 4327 2075 4427 hujus-D
2093 4324 2226 4378 dum
2246 4343 2305 4379 se
2334 4328 2621 4397 sparserit,
2654 4329 2899 4399 aliquem
2927 4330 2983 4383 in
3006 4346 3164 4384 sacro
3196 4332 3405 4386 ordine
3423 4333 3678 4400 majorem

416 4416 570 4475 modi
605 4419 767 4483 festo,
815 4408 919 4487 ipsi
959 4432 1179 4487 quoque
1218 4415 1276 4467 in
1327 4412 1467 4467 albis
1517 4418 1738 4468 tantum
1797 4416 2001 4471 vestiti.
2028 4408 2203 4466 utam
2235 4432 2407 4486 prope
2427 4417 2833 4485 supervenisse,
2851 4418 2937 4472 vel
2976 4417 3147 4472 etiam
3178 4426 3360 4491 caput
3401 4419 3474 4475 ad
3517 4433 3683 4490 asper-

413 4507 653 4562 eundem
699 4506 934 4558 chorum
967 4504 1053 4568 (ut
1090 4503 1303 4556 dictum
1353 4506 1458 4569 est)
1515 4508 1829 4573 occupant;
1873 4520 2002 4557 nam

410 4594 602 4667 cappis
631 4606 919 4668 nunquam
969 4591 1340 4645 communiter
1386 4591 1716 4646 vestiuntur.
1775 4592 1833 4646 Si
1881 4593 2005 4663 quis

413 4696 542 4738 vero
570 4696 635 4737 ex
664 4672 923 4736 omnibus
951 4681 1033 4733 ita
1057 4678 1351 4732 imbecillis
1380 4684 1483 4745 est,
1516 4680 1666 4749 quod
1687 4697 1796 4734 non
1823 4686 2007 4751 potest

409 4772 483 4826 ad
508 4771 736 4825 missam
773 4769 1067 4824 revestitus
1124 4768 1449 4838 perdurare,
1503 4775 1731 4840 accepta
1779 4770 2005 4825 licentia

404 4860 662 4934 exuendi,
720 4865 876 4913 extra
921 4858 1047 4911 illos
1088 4856 1301 4910 sedebit
1354 4857 1449 4927 qui
1492 4858 1548 4911 in
1592 4858 1794 4912 minori
1834 4860 2002 4913 choro

399 4926 547 5012 sunt.
574 4926 796 5005 Lectori
829 4947 903 5000 ad
930 4951 1231 5000 nocturnos
1271 4944 1341 4998 ad
1391 4946 1716 5016 analogiam
1756 4948 2002 5002 venienti

397 5061 510 5101 non
548 5038 840 5099 inclinant,
872 5040 1012 5089 sicut
1044 5042 1145 5088 nec
1176 5034 1271 5088 ille
1292 5034 1452 5104 ipsis.
1478 5036 1552 5088 At
1571 5035 1615 5088 si
1635 5037 1857 5105 quando
1873 5053 2002 5090 cono

392 5124 593 5197 ventus
620 5124 855 5182 inclinat
874 5124 1036 5177 fratri
1063 5124 1337 5191 majorem
1367 5123 1599 5176 chorum
1631 5124 1993 5193 ingredienti,

388 5229 525 5278 tunc
559 5218 617 5274 et
643 5216 725 5271 illi
749 5214 1043 5270 inclinant.
1077 5212 1335 5276 Econtra,
1362 5227 1491 5265 cum
1522 5210 1628 5282 ipsi
1658 5213 1843 5279 alicui,
1900 5213 1999 5284 qui

2085 4503 2332 4572 gendum
2366 4504 2472 4558 sibi
2488 4505 2786 4560 inclinasse
2820 4507 3039 4571 viderit,
3075 4507 3160 4562 illi
3184 4509 3489 4580 spongiam
3514 4506 3678 4579 porri-

2085 4592 2188 4662 git,
2213 4609 2390 4664 eaque
2416 4610 2529 4648 non
2554 4600 2775 4665 recepta
2805 4594 2940 4651 abit.
2973 4597 3205 4651 Juvenis
3250 4598 3473 4669 Spargit
3517 4600 3680 4652 cunc-

2087 4680 2213 4734 dem
2239 4699 2405 4736 suum
2435 4683 2481 4736 si
2502 4700 2617 4737 non
2638 4690 2721 4741 est
2738 4684 3015 4747 literatus,
3043 4690 3101 4739 et
3116 4687 3413 4749 neminem
3431 4685 3677 4756 amplius.

2087 4772 2198 4837 (un.
2227 4786 2378 4825 var.»
2407 4772 2633 4825 latrans
2680 4773 2913 4827 chorum
2943 4773 3079 4828 facit
3100 4781 3225 4830 tres
3240 4777 3549 4837 orationes,
3573 4786 3679 4827 ma-

2086 4860 2236 4913 xime
2267 4859 2313 4912 si
2345 4861 2595 4930 potuerit
2637 4877 2759 4915 esse
2789 4862 2847 4914 in
2898 4862 3023 4917 loco
3068 4864 3169 4933 qui
3195 4880 3309 4921 suo
3331 4865 3521 4920 ordini
3547 4877 3682 4921 eom-

2083 4946 2244 5016 petit,
2278 4953 2425 5001 sicut
2450 4948 2622 5002 etiam
2652 4948 2721 5002 ad
2770 4955 3109 5017 nocturnos;
3157 4952 3253 5005 sia
3295 4959 3511 5017 autem,
3560 4949 3681 5005 abi-

2084 5051 2303 5106 cunque
2331 5036 2436 5090 sibi
2469 5037 2631 5108 copia
2656 5038 2789 5099 data
2815 5039 2982 5092 fuerit
3011 5044 3128 5102 tam
3150 5045 3319 5095 extra
3344 5058 3521 5113 quam
3545 5039 3679 5094 inﬂa

2082 5124 2313 5188 formas,
2348 5124 2454 5178 nisi
2484 5127 2646 5196 juxta
2683 5128 2977 5194 cancellos,
3021 5128 3116 5183 ubi
3164 5136 3399 5185 tantum
3439 5130 3676 5184 seniores

2079 5218 2261 5266 orant.
2314 5214 2434 5268 Hoc
2464 5215 2616 5269 enim
2664 5214 2942 5281 observat,
2983 5233 3055 5272 ne
3090 5223 3229 5275 tunc
3277 5226 3448 5275 extra
3476 5220 3675 5279 ﬁrma

459 5388 569 5469 (911)¹
597 5392 967 5473 Idiotedicti,
1000 5390 1095 5473 qui
1122 5389 1337 5473 litteras
1386 5406 1498 5446 non
1536 5391 1765 5446 fuerunt
1815 5391 1982 5459 docti,
2075 5408 2245 5462 supra
2261 5393 2544 5473 dedimus;
2569 5412 2777 5470 nempe
2791 5398 3196 5455 monachorum
3225 5400 3426 5473 capita
3447 5415 3519 5455 ex
3542 5397 3677 5453 itm-

381 5463 489 5528 nec
512 5463 687 5524 sacris
713 5465 1011 5527 ordinibus
1031 5463 1308 5534 insigniti.

454 5539 674 5612 aliis:
708 5539 827 5598 hoc.
856 5534 1263 5605 WJWHM
1298 5533 1557 5603 clarescit
1601 5538 1761 5605 eote...
1809 5551 1983 5608 eum

2068 5481 2170 5536 δυο
2199 5481 2316 5535 θοις
2341 5466 2517 5525 fuime
2539 5486 2695 5527 rasa.
