3908 6168
225 293 334 350 973

1253 287 1671 343 CONSTlTUT.
1716 286 2052 340 HlRSAUG.
2094 316 2166 326 —-
2203 286 2337 339 LlB.
2380 288 2424 340 1.

3407 291 3516 352 9⁸74

227 429 378 470 oret.
415 418 640 487 quando
669 417 909 485 spatium
946 416 1091 466 inter
1119 415 1327 465 firmas
1367 414 1544 464 sufliri
1573 431 1649 462 ns
1673 429 1838 478 appa-

1938 411 2134 460 srli-bra
2274 411 2385 460 sine
2448 428 2577 462 nim.
2623 429 2746 462 mox
2801 419 2855 464 ut
2910 431 2936 464 a
2995 417 3155 468 venia.
3187 422 3510 480 surrexerit,

228 520 327 558 ret.
382 511 540 569 (ρει-ιιι
574 508 616 557 Si
653 506 875 558 interim
916 506 1134 570 signum
1171 505 1238 553 nil
1277 504 1505 568 itl'l'lll'l'll
1563 503 1831 568 piiimlut'.

227 596 350 663 ipse
389 612 500 647 non
529 595 767 663 amplius
802 611 851 644 Ill
889 593 1098 643 orando
1125 601 1391 642 moratur.
1419 592 1513 642 sed
1544 609 1668 642 mox
1697 595 1836 640 tacto

227 691 366 737 ante
389 693 450 737 et.
478 693 627 737 retro
658 684 726 736 ad
762 684 941 735 locum
976 699 1136 733 suum
1171 680 1395 733 recedit.

819 772 1050 824 CAPUT
1101 771 1267 823 XLII.

589 863 860 928 Quomodo
885 862 1058 912 sedeat
1090 862 1172 911 ait
1195 863 1496 911 lectionem.

302 954 456 1017 (ωλι
494 951 702 1005 Sedens
735 950 800 1002 ad
835 949 1154 1007 lectionem.
1203 948 1283 1000 ita
1312 947 1489 1009 sedet,
1523 951 1587 999 ut
1612 962 1724 998 una
1768 945 1844 997 sit

231 1042 374 1094 ulna
415 1041 570 1094 inter
597 1047 749 1101 se,et
763 1039 932 1091 alium
950 1039 1110 1105 juxta
1133 1053 1191 1090 se
1204 1037 1514 1088 sedentem.
1545 1035 1843 1088 Anteriora

232 1129 407 1182 frocci
441 1130 529 1182 sui
559 1144 780 1198 semper
809 1128 887 1180 ita
935 1127 992 1179 in
1037 1126 1318 1195 gremium
1357 1125 1564 1187 trahit,
1589 1131 1650 1176 ut
1677 1124 1842 1193 pedes

232 1217 381 1271 bene
439 1218 615 1270 videri
667 1216 882 1286 possint
909 1216 1044 1282 (96).
1087 1215 1324 1267 Girones
1367 1230 1588 1283 quoque
1635 1212 1848 1280 colligit

235 1307 608 1377 utrinque,ut
630 1322 742 1358 non
771 1305 1008 1375 sparsim
1029 1305 1255 1372 jaceant
1279 1303 1334 1355 in
1368 1309 1535 1356 terra.
1568 1305 1585 1323 '
1611 1301 1844 1363 Quando

236 1397 534 1449 sedentem
564 1394 779 1447 invenit
806 1399 937 1446 ante
983 1409 1062 1455 se,
1098 1393 1352 1454 inclinat,
1377 1398 1434 1445 et
1466 1392 1569 1444 hoc
1596 1391 1731 1443 item
1763 1390 1845 1441 illi

239 1485 480 1544 iaciunt,
517 1485 612 1554 qui
649 1483 898 1553 proxime
941 1482 1020 1534 illi
1053 1482 1406 1534 collaterales
1437 1487 1584 1540 sunt,
1624 1477 1846 1532 etiamsi

2005 523 2011 532 ‘
2037 502 2174 548 ititt'l'
2298 501 2450 549 .'..£lfl.
2482 520 2527 549 ‘il
2580 521 2668 550 .121
2699 522 2724 550 ,ι
2758 528 2783 550 Il
2824 505 3072 556 ἰιῗῖιυῐιί,
3128 509 3173 554 lg
3211 529 3310 575 Tum
3344 513 3507 562 ,τί-ΜΗ

1927 588 2195 654 ινιιιιηηικίδ
2249 591 2314 638 ab
2369 590 2471 639 isto
2521 591 2588 638 sit
2641 603 3001 656 sustentatus
3066 613 3170 648 lion
3222 616 3279 650 se
3328 603 3511 666 erigit,

1923 677 2248 744 priusquam
2285 687 2338 728 et
2371 678 2447 728 illi
2480 678 2866 743 il’iterroganti,
2905 699 3017 733 mro
3063 693 3242 750 (ru/pa,
3291 704 3328 737 ri
3354 705 3516 756 spon-

1922 765 2204 827 derit.Qui
2241 773 2296 817 et
2326 767 2393 817 ad
2425 768 2682 818 ultimum
2705 778 2995 838 postquam
3021 772 3098 824 illi
3131 778 3515 842 pcemtentiam

1923 872 2024 924 pro
2055 855 2321 906 confessis
2355 855 2571 916 indixit,
2608 857 2777 907 etiam
2811 875 2868 908 se
2902 859 2968 910 de
3001 862 3238 930 propriis
3279 866 3516 919 excessi-

1925 943 2027 995 bus
2050 959 2319 995 accusans
2352 942 2420 994 ab
2453 943 2546 994 illo
2564 945 2772 1012 aliquid
2802 963 2897 1014 pro
2916 949 3246 1015 pcrnitentia
3263 954 3516 1024 accipiet.

1927 1033 2082 1086 Hanc
2107 1038 2296 1084 tamen
2319 1032 2712 1084 discretionem
2741 1033 2797 1086 in
2825 1035 2928 1087 hac
2948 1045 3141 1091 mutua
3170 1042 3518 1097 confessione

1927 1119 2156 1181 habens,
2187 1128 2249 1173 ut
2281 1121 2325 1173 si
2359 1121 2448 1174 ille
2500 1122 2759 1175 sacerdos
2799 1139 2833 1174 a
2873 1124 3078 1178 domno
3122 1127 3322 1183 abbate
3373 1133 3522 1188 inter

1928 1210 2067 1263 alios
2097 1211 2440 1263 confessores
2473 1218 2800 1264 numeratus
2830 1219 2934 1276 est,
2958 1214 3060 1268 iste
3093 1219 3395 1274 occultiora
3420 1240 3523 1278 sua

1929 1315 2028 1367 pro
2059 1305 2122 1350 ut
2147 1307 2279 1350 tunc
2306 1298 2410 1351 sibi
2443 1299 2618 1351 visum
2651 1301 2841 1354 fuerit.
2870 1301 2952 1354 illi
2977 1305 3186 1371 pandat
3212 1326 3223 1371 ;
3256 1309 3302 1360 si
3333 1316 3524 1366 tamen

1926 1396 2060 1440 tunc
2099 1388 2502 1440 confessionem
2535 1388 2714 1441 facere
2744 1390 2899 1459 prius
2929 1408 3116 1446 secum
3147 1395 3516 1458 deliberabat.

1931 1476 1987 1529 Si
2034 1483 2222 1528 autem
2272 1477 2420 1529 idem
2469 1478 2728 1530 sacerdos
2782 1479 2848 1531 ad
2905 1481 3228 1549 hujusmodi
3279 1486 3528 1543 ofﬁcium

238 1574 589 1642 velulerque
605 1573 692 1624 vel
711 1571 983 1624 alteruter
1003 1587 1195 1624 eorum
1215 1577 1461 1622 remotus
1482 1569 1556 1621 sit
1576 1585 1674 1637 per
1693 1567 1848 1620 aliud
1929 1565 2230 1634 deputatus
2276 1582 2386 1618 non
2434 1572 2535 1629 est,
2579 1567 2685 1619 iste
2731 1571 3054 1622 summatim
3104 1578 3160 1624 et
3199 1572 3441 1630 breviter
3470 1578 3532 1632 in

239 1661 661 1730 longiusculum
694 1661 942 1730 spatium
1005 1660 1163 1723 Quod
1197 1676 1306 1711 non
1340 1659 1522 1711 solum
1567 1657 1844 1720 observat,
1864 1731 1901 1736 _
1932 1654 2122 1707 multis
2165 1654 2465 1723 deliquisse
2495 1672 2681 1708 coram
2724 1657 2961 1711 Domino
2982 1676 3041 1712 se
3063 1668 3307 1726 accusat,
3335 1665 3528 1736 sicque

239 1751 471 1820 quando
504 1749 783 1819 imprimis
807 1749 883 1801 ibi
917 1748 1248 1812 consederit,
1279 1749 1378 1801 sed
1406 1731 1910 1816 quotiescunqueB
1933 1741 2002 1794 ab
2033 1759 2097 1794 eo
2131 1742 2341 1811 aliquid
2371 1743 2474 1794 sibi
2502 1760 2602 1812 pro
2633 1745 2962 1813 pcenitentia
2997 1749 3119 1801 dari
3163 1759 3341 1821 rogat,
3379 1731 3530 1824 quod

239 1839 370 1891 inde
395 1839 692 1892 discedens
726 1837 980 1892 redierit.
1024 1838 1275 1906 Idipsum
1316 1837 1386 1888 ad
1433 1836 1744 1905 capitulum
1794 1839 1852 1887 et
1933 1837 1989 1883 et
2017 1830 2556 1884 consuetudinaliter
2596 1848 2629 1884 a
2679 1832 2913 1887 diacono
2963 1837 3083 1889 ﬁeri
3133 1840 3293 1895 valet.
3338 1843 3534 1898 Potest.

240 1927 606 1980 collationem
632 1925 782 1988 facit,
816 1926 1265 2012 quandocumque
1294 1925 1350 1977 in
1379 1925 1574 1978 ordine
1607 1940 1708 1976 suo
1738 1939 1851 1976 non
1934 1919 2101 1971 etiam
2133 1919 2362 1971 cuilibet
2390 1936 2640 1988 personae
2663 1928 2788 1990 post
2808 1921 3050 1976 breviter
3069 1931 3532 1998 comprehensam

242 2015 544 2088 ingressus
565 2021 760 2086 postea
781 2015 1185 2084 supervenerit.

825 2104 1056 2156 CAPUT
1081 2102 1280 2156 XLIII.

246 2195 501 2259 Quando,
536 2195 645 2254 cui,
682 2198 731 2245 et
776 2193 1038 2260 quomodo
1085 2195 1271 2244 veniat
1320 2193 1392 2244 ad
1439 2193 1846 2256 confessionem,

313 2267 517 2331 quidve
545 2267 596 2316 ei
615 2281 716 2332 pro
741 2264 1060 2330 prrnitcntia
1095 2264 1452 2329 injungatur.
1490 2280 1600 2314 ιω).
1635 2271 1777 2326 ναν.)

315 2357 336 2374 ⁹
369 2353 585 2406 Horam
612 2351 976 2404 confessionis
997 2351 1212 2404 noverit
1242 2368 1361 2404 esse
1395 2351 1622 2420 privatis
1653 2349 1849 2402 diebus

246 2442 303 2495 in
328 2442 538 2510 hyeme
558 2448 688 2494 ante
709 2442 957 2505 tertiam,
985 2441 1130 2494 sicut
1149 2441 1258 2494 alio
1299 2447 1550 2509 tempore
1568 2446 1698 2492 ante
1731 2439 1846 2508 pri-

244 2546 422 2593 mam,
476 2546 699 2598 semper
747 2546 969 2599 quoque
1021 2534 1147 2599 post
1201 2529 1528 2598 capitulum,
1581 2528 1851 2598 quamdiu

243 2617 453 2688 psalmi
499 2619 660 2670 Verba
687 2635 803 2670 mea
831 2635 930 2688 pro
958 2618 1194 2671 fratrum
1239 2618 1620 2670 anniversario
1656 2617 1852 2669 dicun-

248 2712 364 2760 tur.
401 2706 510 2760 Ubi
556 2715 744 2760 tamen
795 2712 928 2759 tunc
969 2713 1119 2760 stare
1168 2706 1310 2760 nulli
1368 2707 1712 2770 conceditur,
1747 2705 1854 2758 nisi

249 2796 471 2858 statim,
507 2794 597 2848 cui
625 2795 1030 2848 confessionem
1077 2795 1267 2861 faciat,
1319 2795 1665 2848 sacerdotem
1702 2795 1854 2846 inve-

247 2885 390 2951 niat.
429 2884 538 2937 Sed
569 2901 826 2952 egressus
858 2902 984 2938 cum
1030 2891 1326 2948 conventu,
1358 2884 1402 2936 si
1427 2883 1608 2935 redire
1636 2883 1769 2940 vult.
1804 2887 1858 2934 et

250 2980 562 3042 antequam
586 2980 890 3026 conventus
920 2979 1078 3026 exeat
1094 2973 1160 3026 de
1179 2973 1428 3036 ecclesia,
1455 2971 1856 3024 confessionem

1933 2015 2290 2078 peccatorum
2329 2025 2558 2062 suorum
2583 2010 3003 2066 universitatem
3027 2014 3085 2067 in
3108 2018 3390 2073 orationes
3408 2023 3533 2091 ejus

1934 2114 1991 2149 se
2021 2097 2414 2150 commendare
2440 2115 2453 2160 ;
2478 2098 2574 2150 sed
2604 2099 2743 2151 nihil
2767 2117 2864 2169 pro
2887 2101 3217 2170 pmnitentia
3244 2109 3522 2178 accipere.

2005 2185 2418 2238 Providcndum
2468 2192 2656 2240 autem
2687 2188 2909 2258 utrique
2956 2197 3042 2245 est
3089 2210 3304 2259 eorum,
3337 2214 3408 2250 ne
3452 2199 3536 2254 ita

1934 2275 2275 2343 conjunctim
2321 2275 2570 2338 sedeant,
2609 2281 2672 2328 ut
2700 2286 2880 2331 vestes
2907 2296 3102 2334 eorum
3147 2283 3334 2352 aliquo
3365 2289 3536 2343 modo

1933 2365 2002 2416 ad
2033 2364 2264 2416 invicem
2300 2364 2659 2434 pertingant;
2695 2383 2854 2420 voces
2896 2385 3114 2438 quoque
3154 2372 3212 2424 in
3253 2369 3532 2444 loquendo

1935 2469 2100 2522 quam
2135 2453 2374 2504 maxime
2415 2454 2788 2523 supprimant,
2817 2463 2872 2508 et
2903 2474 2971 2509 ne
3004 2457 3161 2528 prius
3199 2463 3269 2516 ad
3310 2466 3529 2521 confes-

1935 2542 2147 2593 sionem
2179 2541 2530 2602 conveniant,
2567 2560 2735 2611 quam
2784 2546 2968 2598 caeteri
3019 2548 3219 2603 fratres
3267 2551 3324 2605 in
3377 2554 3537 2610 libris

1936 2631 2084 2682 clare
2107 2631 2325 2682 valeant
2352 2632 2553 2698 legere.
2595 2631 2894 2700 Postquam
2915 2651 3042 2687 vero
3065 2639 3253 2692 omnia
3275 2657 3397 2711 quae
3437 2661 3533 2698 vo-

1938 2719 2107 2771 luerit
2134 2719 2408 2771 sacerdoti
2423 2736 2555 2781 mon
2575 2720 2812 2773 nimium
2847 2730 3037 2776 tamen
3069 2741 3133 2778 ea
3165 2729 3526 2801 prologanda)

1938 2808 2191 2878 protulit,
2227 2808 2296 2860 ad
2348 2807 2642 2860 arbitrium
2691 2810 2814 2877 ejus
2862 2811 3249 2880 paenitentiam
3292 2834 3392 2887 pro
3444 2821 3536 2875 his

1940 2897 2190 2966 recipiet.
2230 2898 2417 2949 Potest
2447 2897 2574 2948 talis
2597 2913 2718 2949 esse
2751 2915 3026 2963 excessus,
3066 2905 3212 2972 quod
3245 2905 3537 2965 Dominica

1942 2986 2121 3038 oratio
2153 2985 2450 3054 aliquoties
2481 2985 2530 3036 ei
2565 2986 2789 3038 recitari
2826 2990 3164 3060 praecipitur,
3199 2995 3281 3048 vel
3327 2998 3536 3069 aliquis

253 3063 440 3119 facere
471 3079 584 3114 non
613 3062 957 3131 prohibetur.
990 3063 1053 3115 In
1075 3062 1271 3115 diebus
1303 3061 1644 3115 solemnibus
1677 3076 1854 3130 usque
1877 3048 1918 3104 Ο
1944 3075 2210 3144 psalmus,
2249 3048 2346 3126 ’νει
2401 3080 2641 3142 utraque
2695 3048 2880 3141 simul,
2939 3048 3038 3132 alit
3101 3048 3273 3138 etiam

255 3151 326 3205 ad
357 3151 550 3204 missae
577 3151 866 3204 matutinae
895 3151 1273 3220 Evangelium,
1307 3168 1408 3203 nec
1430 3152 1579 3204 ultra
1632 3151 1694 3202 ln
1721 3165 1862 3219 qua-

257 3239 582 3308 dragesima
613 3246 728 3294 tres
752 3241 890 3304 dies,
923 3257 1023 3310 per
1061 3257 1200 3310 quos
1228 3240 1515 3293 silentium
1546 3245 1771 3292 tenetur
1801 3238 1858 3290 in

255 3330 511 3382 claustro
553 3345 729 3398 usque
749 3329 818 3382 ad
841 3334 1074 3382 sextam.
1111 3329 1167 3383 Si
1195 3346 1318 3398 qua:
1353 3330 1622 3382 festivitas
1651 3328 1854 3397 agitur,

250 3434 436 3487 usque
463 3417 534 3469 ad
581 3419 825 3470 tertiam.
864 3419 932 3470 Et
961 3418 1247 3472 sciendum
1281 3423 1381 3481 est,
1418 3419 1564 3487 quod
1593 3424 1721 3469 ante
1752 3416 1858 3486 pri—

251 3521 428 3567 mam,
463 3513 763 3575 postquam
794 3507 1004 3575 pulsari
1045 3509 1292 3577 cmperit,
1335 3507 1738 3559 confessionem
1770 3506 1854 3557 fa-

249 3611 374 3647 cere
423 3595 564 3647 nulli
606 3595 815 3658 licebit,
859 3595 965 3647 nisi
1013 3596 1082 3660 ei,
1134 3597 1228 3664 qui
1260 3603 1389 3648 ante
1436 3595 1738 3653 inchoavit,
1772 3595 1855 3646 vel

247 3684 454 3735 saltem
503 3683 812 3752 capitulum
867 3691 1096 3753 propter
1158 3685 1261 3737 hoc
1311 3685 1561 3747 intravit,
1619 3682 1855 3736 breviter

249 3774 523 3840 perlicere
569 3772 792 3840 poterit.
847 3772 1116 3825 Similiter
1144 3779 1200 3824 et
1247 3779 1376 3826 ante
1433 3773 1677 3826 tertiam.
1731 3776 1856 3840 post

247 3860 515 3912 auditum
561 3861 785 3929 signum
815 3861 882 3913 ad
917 3861 1236 3923 lavandum,
1271 3861 1334 3920 is,
1383 3862 1479 3931 qui
1505 3864 1624 3931 jam
1668 3861 1851 3930 coepit,

247 3949 513 4001 celeriter
571 3949 802 4018 perﬁcit.
857 3950 922 4003 In
970 3950 1054 4002 his
1109 3968 1242 4020 ergo
1287 3951 1458 4014 horis,
1507 3966 1851 4020 qumcunque

248 4048 449 4090 contra
463 4038 701 4091 salutem
725 4038 926 4092 annua:
947 4057 1058 4092 suae
1075 4041 1356 4093 commisit
1375 4041 1428 4092 in
1449 4040 1560 4092 vita
1579 4039 1848 4096 saeculari,

247 4127 502 4195 primum
533 4127 602 4180 ad
634 4128 1037 4181 confessionem
1079 4129 1402 4182 manifestat
1429 4130 1634 4181 domno
1665 4127 1852 4181 abbati

249 4217 336 4268 vel
364 4216 564 4285 priori.
595 4225 788 4285 postea
829 4233 976 4280 vero,
1011 4235 1138 4271 cum
1169 4236 1306 4288 opus
1335 4218 1504 4271 habet
1533 4219 1601 4270 ad
1634 4217 1851 4270 confes-

249 4305 472 4357 sionem
509 4322 610 4374 pro
641 4306 828 4374 aliquo
861 4323 1087 4359 excessu
1119 4307 1328 4370 venire,
1383 4308 1454 4360 ad
1503 4307 1851 4360 sacerdotem

1943 3163 2142 3233 psalmi
2189 3181 2200 3214 ε
2249 3167 2432 3231 potest
2475 3170 2532 3216 et
2578 3168 2696 3216 tam
2735 3165 2922 3234 gravis
2972 3184 3093 3222 esse
3135 3171 3341 3242 lapsus,
3385 3178 3534 3246 quod

1943 3251 2027 3303 vel
2053 3251 2163 3302 LX.
2198 3250 2285 3302 vel
2313 3250 2370 3303 C.
2407 3251 2630 3319 psalmi,
2661 3252 2746 3303 vel
2767 3253 2938 3306 etiam
2967 3260 3147 3310 totum
3180 3264 3536 3336 psalterium,

1942 3339 2027 3390 vel
2072 3339 2242 3390 etiam
2284 3338 2531 3407 idipsum
2577 3339 2874 3410 aliquoties
2914 3347 3300 3416 repetendum,
3347 3355 3434 3408 vel
3487 3356 3538 3410 si

1941 3427 2071 3480 talis
2093 3432 2178 3479 est
2208 3443 2464 3496 persona,
2507 3427 2721 3498 aliquot
2766 3430 2949 3485 missze
2985 3433 3372 3506 injungantur.
3407 3443 3534 3498 Fla-

1939 3515 2086 3584 gella
2125 3515 2238 3566 sive
2259 3515 2479 3584 jejunia
2508 3532 2606 3584 per
2637 3516 2917 3582 abbatem,
2953 3522 3037 3573 vel
3066 3524 3114 3574 si
3141 3524 3260 3594 ipse
3293 3528 3450 3584 abest
3480 3538 3538 3586 et

1942 3602 2209 3672 quamdiu
2240 3603 2416 3665 abest,
2449 3620 2547 3672 per
2576 3605 2818 3674 priorem
2845 3610 3386 3678 conceduntur.Quze
3417 3617 3536 3688 qui-

1939 3691 2065 3743 dem
2097 3691 2320 3760 ﬂagella
2350 3691 2421 3743 ad
2451 3691 2744 3745 intervalla
2775 3694 3074 3760 Horarum,
3111 3706 3167 3752 et
3193 3701 3338 3756 infra
3380 3707 3535 3776 prio—

1937 3797 2056 3832 rem
2083 3780 2310 3832 missam
2343 3795 2371 3831 a
2402 3781 2742 3849 presbyteris
2782 3784 3179 3852 suscipiuntur.
3212 3787 3322 3846 Sed
3355 3811 3390 3847 δ
3423 3796 3535 3850 par.

1939 3868 2072 3920 scha
2097 3885 2272 3938 usque
2303 3867 2372 3919 ad
2397 3869 2761 3922 Pentecosten
2785 3877 2842 3924 et
2864 3873 3005 3926 infra
3027 3875 3290 3933 Octavam
3321 3899 3384 3936 ex
3398 3900 3533 3939 con-

1934 3956 2231 4008 suetudine
2277 3973 2388 4008 non
2433 3962 2701 4025 aguntur.
2751 3961 2974 4028 Jejunia
3017 3968 3336 4032 persolvens
3386 3973 3535 4028 infra

1936 4043 2233 4113 prandium
2265 4044 2332 4096 ad
2365 4052 2613 4098 sanctam
2636 4046 2870 4100 Mariam
2895 4051 2976 4102 vel
3009 4051 3064 4103 in
3097 4057 3336 4124 coquina
3364 4076 3532 4130 regu-

1939 4133 2039 4184 lari
2075 4149 2201 4185 cum
2229 4133 2453 4185 licentia
2485 4137 2838 4200 commorari,
2873 4145 2930 4189 et
2970 4145 3162 4207 postea
3197 4160 3324 4198 cum
3363 4147 3532 4202 mini-

1938 4221 2087 4283 stris,
2124 4221 2169 4273 si
2211 4222 2384 4274 semcl
2414 4223 2681 4286 reﬁcitur,
2727 4225 2811 4276 vel
2851 4227 2920 4278 ad
2964 4244 3176 4282 omna-n1
3220 4249 3346 4286 cum
3397 4252 3532 4290 con-

1941 4318 2127 4372 ventu,
2173 4309 2218 4361 si
2269 4309 2352 4361 bis
2382 4311 2712 4374 comeditur,
2755 4312 2921 4366 debet
2963 4318 3208 4389 reﬁcere.
3247 4321 3530 4380 Praeterea

247 4395 423 4456 venit,
460 4394 529 4444 ad
575 4409 740 4462 quem
786 4394 1138 4462 potissimum
1178 4397 1435 4460 voluerit,
1472 4414 1566 4450 un.
1607 4396 2173 4464 illorum,Dd<.)mnus
2216 4398 2386 4450 abbas
2419 4399 2520 4450 hoc
2547 4399 2718 4452 habet
2748 4419 2857 4469 prae
2888 4406 3119 4471 caeteris,
3151 4411 3296 4477 quod
3346 4413 3528 4481 fratri,

249 4482 460 4552 quibus
492 4482 811 4550 hujusmodi
843 4484 1088 4536 ofﬁcium
1119 4484 1431 4553 injunctum
1475 4491 1578 4548 est,
1613 4491 1669 4536 et
1699 4499 1852 4536 stans

245 4578 384 4622 ante
416 4586 547 4622 eum
578 4570 831 4623 dextram
859 4571 926 4624 de
959 4571 1184 4627 manica
1215 4579 1463 4625 extracta
1493 4573 1651 4642 ponit
1685 4589 1854 4642 super

244 4666 468 4729 pectus,
502 4658 649 4728 quod
672 4665 758 4711 est
785 4660 1008 4729 signum
1039 4661 1420 4714 confessionis.
1453 4663 1728 4730 Surgente
1751 4679 1853 4714 au-

242 4755 364 4801 tem
392 4747 681 4800 sacerdote
709 4755 767 4801 et
794 4749 862 4801 ad
899 4749 1206 4818 capitulum
1255 4751 1619 4820 praecedente,
1663 4751 1851 4820 sequi-

244 4844 347 4890 tur
377 4837 558 4890 illum.
599 4837 668 4889 Et
697 4837 944 4906 primum
968 4844 1099 4890 ante
1127 4855 1256 4892 eum
1302 4839 1519 4892 veniam
1546 4839 1704 4910 petit,
1734 4846 1852 4892 toto

241 4940 490 4993 corpore
519 4930 853 4992 prostratus,
903 4924 1103 4977 deinde
1152 4926 1232 4978 illi
1279 4935 1475 4979 contra
1519 4945 1578 4978 se
1624 4943 1850 4980 manum

243 5014 323 5066 ad
352 5012 758 5065 sublevandam
790 5014 1149 5082 protendenti
1185 5015 1354 5069 simul
1383 5023 1438 5069 et
1460 5015 1849 5085 interroganti,

245 5101 405 5166 Quid
435 5100 704 5154 dicitis?‘
736 5102 1089 5172 Respondet:
1118 5105 1235 5155 Μαι
1257 5106 1502 5170 culpa.A
1524 5121 1632 5173 quo
1662 5106 1854 5173 jussus

246 5208 314 5245 se
345 5191 552 5254 levare,
583 5195 877 5260 postquam
904 5192 1238 5254 consederit,
1267 5192 1358 5244 illo
1381 5192 1600 5245 dicente
1639 5194 1850 5245 Benedi-

250 5283 360 5332 cite
392 5299 408 5332 :
436 5279 759 5348 Respondet
787 5280 1054 5332 Dominus
1084 5295 1101 5331 .·
1133 5287 1188 5332 et
1219 5286 1353 5333 tunc
1399 5281 1663 5350 loquitur,
1707 5281 1854 5350 quod

246 5367 448 5422 habet.
485 5360 647 5431 Quod.
690 5367 737 5421 si
778 5374 835 5421 et
870 5368 991 5439 ipse
1031 5370 1290 5422 sacerdos
1336 5376 1436 5435 est,
1469 5369 1583 5422 sive
1625 5370 1854 5423 missam,

1936 4487 1982 4538 si
2013 4486 2242 4554 dignum
2267 4487 2502 4554 judicat,
2541 4489 2925 4557 paenitentiam
2972 4493 3219 4566 injungit
3257 4516 3433 4571 usque
3459 4504 3532 4558 ad

1934 4575 2058 4628 vita:
2094 4576 2212 4644 ejus
2247 4577 2570 4629 terminum.
2604 4578 2929 4633 Genuﬂexio
2960 4593 3150 4637 autem
3197 4605 3297 4656 pro
3349 4593 3531 4661 pugni-

1935 4664 2108 4716 tentia
2141 4665 2305 4717 alicui
2335 4671 2563 4735 propter
2594 4667 2697 4719 hoc
2726 4684 2836 4720 non
2878 4671 3020 4724 solet
3059 4673 3230 4729 indici
3259 4695 3428 4748 quam
3454 4684 3502 4736 ei

1936 4753 2032 4823 qui
2061 4753 2117 4805 in
2149 4762 2424 4806 conventu
2459 4755 2675 4824 jugitcr
2703 4763 2788 4810 est
2817 4759 3059 4829 positus;
3093 4765 3224 4833 quia
3256 4746 3372 4823 haec
3417 4746 3531 4827 non

1936 4847 2120 4912 potest
2150 4842 2538 4896 ordinabiliter
2571 4844 2935 4916 frequentari.

2006 4930 2167 4983 Tales
2214 4939 2402 4984 autem
2459 4933 2691 4986 vicarios
2744 4935 2814 4988 ad
2870 4937 3194 5006 hujusmodi
3245 4950 3527 5018 negotium

1937 5018 2104 5071 debet
2131 5017 2302 5072 abbas
2352 5020 2456 5072 sibi
2489 5021 2712 5090 eligere,
2753 5025 2848 5094 qui
2895 5025 3099 5084 fratres
3145 5017 3527 5101 pusillanimes

1938 5123 2150 5176 suaque
2180 5107 2480 5160 commissa
2509 5109 2816 5178 periculose
2846 5115 3090 5170 celantes
3121 5121 3362 5174 ﬁdeliter
3383 5142 3529 5178 com-

1937 5195 2330 5248 monefaciant.
2348 5213 2417 5249 ne
2431 5197 2562 5266 quid
2594 5197 2852 5253 abbatem
2885 5202 3071 5270 ipsum
3102 5207 3280 5260 celare
3313 5227 3525 5278 praesu-

1940 5292 2112 5344 mant,
2145 5301 2308 5353 quem
2328 5285 2910 5355 utiquejustissimum
2944 5297 3044 5354 est,
3078 5299 3133 5344 et
3162 5310 3352 5348 eorum
3384 5301 3528 5356 male

1937 5379 2062 5424 acta
2108 5373 2386 5442 simulque
2419 5373 2555 5427 bene
2595 5382 2720 5430 acta
2763 5395 3129 5448 cognoscere;
3183 5384 3387 5455 quippe
3429 5391 3526 5458 qui

328 5507 450 5580 (96)
469 5510 814 5590 GiroLGg/ro,’
846 5511 1007 5580 Garo,
1044 5512 1255 5568 laciniae
1285 5513 1341 5568 id
1372 5520 1474 5581 est,
1507 5513 1674 5570 vestis
1713 5532 1861 5586 pars,
1898 5531 1964 5570 ac
2001 5524 2161 5589 togae,
2198 5535 2307 5589 qua
2352 5517 2530 5572 laxior
2560 5520 2622 5572 ﬁt
2651 5537 2749 5573 seu
2778 5517 2836 5572 in
2863 5520 3161 5590 largiorem
3194 5523 3434 5586 fon—nam
3465 5533 3524 5589 in

249 5582 376 5635 imo
407 5598 470 5635 se
499 5580 755 5652 explicat.
