3872 6164
423 215 530 272 975

1451 215 1508 268 S.
1551 213 1945 269 GUILLELMI
1983 211 2286 268 ABBATIS
2323 211 2663 268 HIRSAUG.

3517 225 3594 282 076

424 347 549 414 post
574 340 874 397 Dominum
905 354 1025 393 esse
1053 337 1220 392 debet
1258 337 1584 409 potissimus
1616 339 1920 393 ordinator.
1957 339 2080 398 SiA
2101 338 2338 401 cuculla,
2365 337 2473 391 nisi
2512 341 2568 391 et
2597 335 2880 408 pellicium
2915 340 2973 390 et
2999 335 3352 405 froccum,aut
3372 341 3603 403 Gunellam

425 432 538 486 tale
564 430 696 502 quid
723 429 771 483 ei
799 428 1075 497 contingit
1104 427 1159 480 in
1190 434 1371 491 nocte,
1409 427 1556 498 quod
1586 444 1686 481 nos
1715 429 2025 482 verecunde
2108 426 2314 480 habeat
2352 427 2628 491 indutam,
2661 443 2732 480 ne
2761 425 2894 496 quid
2934 426 3202 481 nuditatis
3244 446 3344 484 sua:
3376 435 3522 502 possit
3553 437 3605 490 ab

425 519 774 590 appellamus
803 518 1174 585 fragilitatem
1203 515 1329 582 l97),
1356 522 1484 569 ante
1501 517 1907 570 confessionem
1930 535 2021 574 ρο.

425 613 640 678 septem
671 607 916 677 psalmos
955 605 1368 676 poenitentiales
1412 604 1564 665 dicit,
1592 606 1677 658 vel
1703 605 1750 658 si
1780 605 2023 675 psalmos

2106 516 2294 585 aliquo
2320 516 2513 569 videri.
3353 573 3362 577 ,

2179 607 2199 626 '
2222 605 2290 658 Et
2310 605 2356 658 si
2377 621 2443 658 ea
2467 605 2635 658 fuerit
2654 605 2811 666 hora,
2835 621 2963 675 qua,
2994 610 3279 675 postquam
3315 625 3367 661 se
3395 611 3607 680 vestierit,

421 698 622 762 nescit,
649 695 1002 750 Dominicam
1033 695 1346 748 orationem
1379 695 1606 764 septies,
1639 699 1696 747 et
1725 700 2020 764 postquam
2104 693 2171 746 ad
2202 693 2616 759 dormiendum,
2650 693 2907 748 collocari
2938 710 3051 747 non
3095 693 3286 749 debeat
3309 705 3474 767 operto
3499 701 3612 754 lecto

419 786 705 840 confessus
751 784 941 850 fuerit,
971 785 1076 838 hoc
1116 784 1264 854 quod
1315 771 1722 837 sibi~sacerdos
1764 783 2016 852 jusserit,

419 875 572 930 dicit.

493 966 514 987 ⁶
546 963 630 1018 Ea
659 963 750 1017 die
773 979 875 1017 nec
903 967 1118 1016 textum
1163 961 1435 1030 evangelii
1473 960 1779 1028 osculatur,
1809 977 1911 1014 nec
1945 962 2016 1015 ad

419 1069 615 1125 pacem
654 1052 826 1116 venit,
873 1068 975 1104 nec
1022 1051 1093 1104 ad
1150 1049 1515 1114 offerendum,
1556 1065 1659 1103 nec
1710 1049 1780 1102 ad
1838 1049 2015 1103 altare

418 1142 651 1206 accedit,
685 1157 788 1195 nec
815 1140 872 1194 in
903 1137 1252 1210 presbyterio
1280 1138 1468 1201 servit,
1493 1155 1594 1191 nec
1625 1138 1836 1208 aliquid
1867 1139 2015 1208 quod

416 1233 503 1286 est
531 1247 753 1285 sacrum
783 1230 868 1282 vel
896 1229 952 1282 in
980 1228 1144 1291 vasis,
1173 1233 1272 1281 aut
1317 1227 1374 1280 in
1413 1226 1626 1280 caeteris
1654 1227 2008 1292 utensilibus,

416 1321 565 1390 quod
595 1323 681 1374 est
709 1318 1084 1384 benedictum,
1110 1316 1290 1385 tangit
1316 1335 1327 1382 ;
1360 1321 1611 1385 excepto,
1646 1315 1794 1385 quod
1825 1315 1885 1368 in
1913 1332 2012 1385 pu-

413 1409 725 1463 rificatione
750 1412 954 1461 sanctae
983 1405 1196 1466 Mariae,
1222 1409 1277 1458 et
1306 1404 1363 1457 in
1392 1404 1630 1457 Psalmis
1657 1410 1884 1474 propter
1907 1405 2010 1458 hoc

413 1498 704 1552 candelam
732 1496 819 1549 vel
851 1511 1036 1548 ramos
1064 1492 1386 1546 benedictos
1416 1492 1616 1545 offerre
1641 1509 1752 1545 non
1778 1493 2006 1546 omittit.

413 1586 484 1641 In
511 1584 804 1640 retectorio
845 1600 948 1636 nec
985 1581 1200 1636 oblatas
1230 1580 1372 1652 (98),
1413 1597 1515 1635 nec
1563 1581 2011 1636 benedictionem

2103 782 2248 851 quod
2297 783 2699 853 alio'tempore
2741 799 2854 836 non
2896 783 3028 836 licet
3070 800 3234 854 super
3269 789 3608 856 coopertorium

2099 871 2258 924 sedet
2291 887 2302 925 :
2332 871 2564 941 pedibus
2589 887 2756 942 super
2785 871 3089 925 scabellum
3115 872 3318 942 positis.
3342 888 3425 929 uo.
3443 876 3610 931 Eodem

2099 976 2322 1030 quoque
2377 967 2651 1031 tempore,
2703 976 2841 1030 quos
2897 961 3070 1026 exuit,
3120 961 3302 1015 statim
3351 965 3609 1034 complicat,

2096 1049 2393 1104 femoralia.
2416 1050 2648 1103 involvit
2693 1051 2990 1104 stamineo.
3037 1056 3095 1104 et
3137 1067 3260 1104 cum
3297 1052 3405 1118 eius
3430 1053 3618 1107 manicis

2097 1144 2336 1208 utraque
2357 1139 2589 1207 colligat
2616 1138 2674 1192 in
2692 1139 2958 1205 armario,
2981 1143 3001 1162 ⁶
3016 1140 3163 1210 quod
3185 1139 3240 1193 in
3262 1139 3478 1194 claustro
3495 1142 3621 1210 juxta

2095 1243 2388 1280 ascensum
2419 1227 2734 1282 dormitorii
2760 1228 2844 1280 vel
2873 1228 2932 1281 in
2957 1228 3066 1281 alio
3095 1229 3414 1298 competenti
3439 1229 3538 1282 loco
3555 1234 3623 1282 est

2094 1317 2165 1370 ad
2204 1317 2306 1370 hoc
2336 1317 2685 1386 deputatum,
2721 1317 2834 1370 sive
2885 1316 3000 1381 illa,
3047 1316 3162 1370 sive
3198 1317 3306 1370 alia
3347 1317 3428 1369 die
3454 1333 3623 1387 ponen-

2093 1404 2166 1458 da
2195 1427 2206 1458 :
2235 1405 2538 1459 dummodo
2563 1406 2620 1458 in
2651 1405 2792 1458 feria
2817 1405 2986 1459 tertia
3005 1410 3132 1476 post
3160 1405 3492 1475 Evangelium
3511 1406 3624 1476 prio-

2093 1493 2171 1547 ris
2201 1494 2383 1547 missae
2413 1493 2482 1546 ad
2515 1493 2811 1548 lavandum
2838 1494 3145 1548 auferenda
3190 1494 3264 1547 ibi
3303 1495 3625 1558 inveniantur,

2095 1599 2216 1652 quae
2245 1588 2437 1637 tamen
2485 1583 2582 1648 sic,
2613 1589 2676 1636 ut
2703 1583 3011 1637 Conventui
3058 1600 3172 1637 non
3198 1588 3453 1648 occurrat,
3496 1583 3628 1636 debet

411 1675 584 1739 dabit,
619 1673 726 1727 nisi
757 1673 828 1726 ad
858 1671 1165 1736 ministros,
1199 1669 1246 1724 si
1291 1686 1518 1723 necesse
1559 1669 1746 1743 fuerit.
1806 1671 2004 1724 Sacer-
2024 1677 2338 1747 Bportarc.
2377 1671 2535 1725 Unde
2564 1671 2667 1724 sub
2699 1671 2959 1738 scabello,
3005 1672 3153 1742 quod
3183 1678 3267 1725 est
3292 1678 3414 1725 ante
3436 1672 3626 1736 lectum,

409 1764 599 1818 dotem
631 1763 700 1817 ad
733 1761 918 1816 missa
968 1759 1400 1814 celebrationem
1447 1775 1548 1812 nec
1597 1759 1852 1824 induere,
1903 1777 2006 1814 nec

408 1870 614 1910 exuere
651 1853 898 1922 adjuvat,
952 1866 1054 1903 nec
1104 1849 1223 1919 ipse
1276 1847 1460 1901 albam
1504 1853 1885 1901 consecratam
1923 1848 2006 1901 in-

405 1944 544 1997 duet
576 1962 587 1996 :
623 1958 756 1996 nam
786 1939 996 2010 absque
1025 1938 1114 1992 his
1154 1954 1276 2008 qua:
1304 1937 1374 1990 ad
1404 1937 1604 1990 missas
1643 1937 2003 1990 celebrandas

405 2037 541 2088 sunt
576 2031 874 2102 deputatae,
908 2033 1120 2082 caetera;
1165 2025 1305 2079 albae
1339 2026 1646 2080 secundum
1695 2032 1997 2079 consuetu-

403 2123 592 2177 dinem
622 2125 873 2175 nostram
900 2135 1012 2172 non
1051 2122 1182 2171 sunt
1225 2116 1532 2170 benedictae
1570 2135 1580 2169 :
1615 2121 1671 2170 et
1697 2116 1823 2170 ideo
1863 2134 1996 2187 quo-

397 2211 767 2280 tienscunque
809 2225 898 2262 res
950 2207 1141 2277 exigit,
1190 2205 1278 2259 his
1325 2205 1516 2259 vestiri
1565 2205 1789 2276 poterit.
1841 2205 1993 2259 Scire

399 2305 591 2355 autem
638 2315 768 2353 eum
815 2301 1054 2368 oportet,
1109 2295 1256 2365 quod
1299 2310 1654 2365 nequaquam
1705 2294 1775 2347 ad
1823 2310 1907 2358 ea,
1962 2311 1996 2347 a

399 2388 602 2463 quibus
630 2385 944 2459 prohibitus
993 2389 1094 2449 est,
1142 2383 1444 2454 aliquando
1473 2383 1759 2437 licentiam
1802 2388 1992 2454 petere

396 2477 582 2543 debet,
613 2476 782 2530 etiam
815 2474 862 2528 si
898 2474 1087 2543 aliqua
1134 2471 1412 2542 praecipua
1443 2472 1769 2525 solemnitas
1797 2471 1988 2525 instet.

395 2567 662 2620 Attamen
688 2565 754 2618 in
771 2561 1028 2616 Paschali
1057 2561 1166 2626 die,
1186 2567 1243 2614 et
1262 2560 1316 2613 in
1346 2559 1526 2613 tribus
1546 2559 1988 2631 praecedentibus

395 2654 703 2709 secundum
723 2650 1185 2706 consuetudinem
1215 2649 1424 2715 nullus,
1449 2649 1563 2702 sive
1593 2666 1691 2719 pro
1715 2649 1840 2714 ista,
1875 2649 1990 2702 sive

393 2760 498 2815 pro
527 2743 718 2813 aliqua
741 2739 1095 2802 necessitate,
1132 2730 1245 2790 nisi
1286 2753 1387 2808 pro
1435 2737 1713 2790 criminali
1747 2743 1990 2808 peccato,

396 2849 459 2886 se
507 2829 790 2886 subtrahit
828 2845 860 2882 a
907 2826 1322 2882 communione.
1368 2826 1529 2890 Quod
1582 2826 1628 2879 si
1673 2827 1896 2897 quando
1937 2827 1995 2880 in

375 2921 632 2992 [meridie
653 2920 762 2973 hoc
781 2917 886 2971 tibi
914 2915 1178 2979 evenerit,
1211 2921 1440 2986 propter
1481 2915 1587 2968 hoc
1625 2915 1682 2968 in
1725 2915 1989 2980 crastino,

2089 1759 2295 1814 debent
2333 1760 2561 1825 servari,
2608 1761 2786 1814 donec
2833 1761 2904 1814 ad
2949 1761 3256 1814 armarium
3301 1764 3631 1832 competenter

2085 1849 2302 1919 possint
2331 1849 2560 1918 portari.
2608 1851 2853 1903 Thecam
2883 1866 3104 1920 quoque
3133 1849 3431 1920 pulvinaris
3474 1848 3633 1902 eadem

2084 1938 2223 1991 hora
2257 1938 2389 1992 illuc
2439 1944 2644 2008 portat,
2675 1939 2722 1992 si
2769 1944 2960 1993 tamen
3000 1955 3139 2010 opus
3184 1944 3268 1992 est
3301 1954 3418 1992 eam
3443 1937 3623 2000 lavare;

2081 2028 2178 2081 sed
2213 2044 2384 2098 super
2411 2045 2635 2082 murum
2666 2044 2929 2083 ascensus
2960 2027 3276 2082 dormitorii
3312 2028 3396 2080 vel
3433 2025 3630 2081 seorsim

2079 2115 2245 2170 debet
2268 2116 2421 2170 illam
2447 2134 2676 2188 ponere.

2148 2205 2205 2259 Si
2234 2211 2420 2260 custos
2448 2223 2577 2260 cum
2620 2208 2825 2276 juvene
2863 2223 2963 2260 suo
3004 2207 3124 2260 vult
3166 2211 3404 2273 mutare,
3436 2204 3629 2259 interim

2075 2293 2241 2347 debet
2292 2295 2448 2348 illam
2497 2295 2594 2348 alii
2640 2295 3036 2349 commendare
3075 2296 3308 2366 ipseque
3361 2295 3416 2348 in
3471 2294 3629 2362 aliquo

2078 2400 2249 2438 vacuo
2279 2385 2422 2438 lecto
2455 2390 2694 2438 mutare.
2726 2385 2879 2438 Hora
2905 2390 3094 2438 autem
3128 2383 3386 2438 mutandi
3403 2380 3637 2436 discerni-

2080 2478 2192 2537 tur,
2227 2490 2370 2543 quae,
2405 2474 2649 2544 exceptis
2682 2473 2914 2543 privatis
2953 2474 3150 2528 diebus
3191 2491 3224 2528 a
3253 2472 3488 2527 calendis
3516 2477 3641 2524 octo-

2078 2561 2194 2615 bris
2230 2579 2409 2633 usque
2441 2563 2512 2615 ad
2561 2563 2819 2616 calendas
2864 2562 3185 2616 novembris
3237 2568 3293 2616 et
3337 2562 3442 2615 illis
3490 2557 3641 2613 tribus

2078 2649 2272 2703 diebus
2301 2655 2431 2704 ante
2461 2651 2693 2715 Pascha,
2731 2651 2883 2704 omni
2925 2656 3180 2723 tempore
3225 2657 3309 2706 est
3339 2656 3462 2721 post
3486 2648 3646 2701 Matu-

2078 2738 2281 2806 tinum,
2318 2739 2540 2810 quando
2574 2739 2774 2793 fratres
2801 2747 3106 2810 repausant
3136 2741 3197 2794 in
3226 2739 3560 2799 lectis.Tunc,
3580 2735 3645 2787 in-

2079 2844 2268 2898 quam,
2301 2827 2416 2881 sive
2463 2833 2769 2898 antequam
2805 2845 2864 2881 se
2894 2829 3214 2894 recollocet,
3257 2829 3372 2882 sive
3413 2831 3530 2898 post
3562 2823 3650 2876 hoc

2078 2923 2209 2970 ante
2262 2917 2509 2970 sonitum
2552 2916 2840 2986 evigilans,
2882 2923 3103 2971 mutare
3161 2921 3370 2988 potest,
3428 2912 3648 2985 quisquis

393 3010 442 3064 si
473 3008 744 3064 confessio
773 3005 1078 3078 praecessit,
1109 3005 1178 3057 ab
1198 3004 1304 3066 his,
1333 3020 1454 3073 quae
1485 3003 1811 3074 praescripta
1840 3010 1990 3071 sunt,
2016 3007 2058 3065 Ο
2080 3006 2336 3072 voluerit,
2369 3005 2476 3059 nisi
2505 3005 2577 3059 sit
2602 3006 2844 3075 juvenis,
2887 3011 2943 3059 et
2983 3007 3029 3060 si
3073 3007 3410 3077 priusquam
3437 3002 3654 3057 sonitum

393 3115 508 3153 non
537 3095 865 3151 abstinebis.
908 3094 967 3149 Si
1003 3099 1192 3147 autem
1229 3109 1427 3146 rasura
1469 3093 1550 3146 vel
1594 3092 1745 3146 aliud
1787 3093 1933 3162 quod
1965 3111 1999 3147 a
2081 3094 2341 3159 audierit,
2394 3095 2633 3165 caligam
2681 3111 2853 3148 unam
2899 3096 3131 3160 exuerit,
3179 3096 3270 3148 vel
3320 3094 3513 3147 saltem
3552 3089 3655 3141 bra-

393 3186 742 3243 confessione
770 3200 898 3238 eum
924 3181 1265 3252 impedierit,
1297 3181 1357 3234 in
1392 3181 1547 3234 aliud
1596 3186 1822 3251 tempus
1871 3198 1996 3235 eam
2080 3182 2223 3236 chile
2257 3180 2401 3250 (100)
2431 3182 2797 3236 femoralibus
2815 3182 3136 3248 inseruerit,
3151 3184 3264 3237 hoc
3289 3192 3658 3253 peragerenon

393 3277 616 3341 differt;
649 3291 752 3328 nec
796 3279 989 3326 tamen
1024 3269 1252 3323 interim
1298 3269 1465 3322 alicui
1511 3268 1904 3339 praedictorum
1935 3287 1994 3324 se

395 3363 746 3418 intromittit.
776 3377 867 3415 UD.
904 3360 972 3413 Et
1000 3358 1149 3429 apud
1176 3375 1278 3410 nos
1311 3357 1668 3411 Lavatorium
1713 3363 1992 3411 secretum

397 3469 525 3507 cum
554 3468 712 3521 aquae
742 3450 914 3503 ductu
933 3453 1035 3508 est,
1063 3446 1138 3499 ibi
1159 3447 1308 3499 lavat
1339 3446 1630 3499 temoralia
1659 3462 1783 3516 sua,
1819 3462 1994 3516 quan-

397 3547 523 3596 tum
555 3539 651 3593 illa
680 3537 1046 3592 conventione
1089 3540 1220 3588 sunt
1261 3539 1536 3602 contacta,
1569 3541 1625 3588 et
1661 3535 1767 3588 hoc
1813 3551 1994 3605 quan-

398 3629 694 3698 docunque
721 3626 781 3680 in
805 3625 897 3679 die
926 3623 1142 3678 occasio
1173 3623 1275 3677 sibi
1307 3624 1438 3677 data
1466 3623 1654 3689 fuerit,
1682 3623 1791 3677 nisi
1815 3641 1994 3694 quan-

399 3718 471 3772 do
527 3715 840 3770 meridiana
869 3712 980 3781 (99)
1028 3713 1234 3783 agitur.
1279 3714 1299 3735 θ
1345 3712 1402 3766 Si
1443 3717 1529 3766 est
1571 3712 1628 3765 in
1659 3713 1928 3777 custodia,
1963 3729 1997 3766 a

400 3805 631 3861 custode
661 3821 762 3859 suo
806 3803 941 3858 illuc
975 3802 1221 3867 ducitur,
1265 3806 1323 3854 et
1374 3801 1510 3854 foris
1556 3800 1762 3855 ostium
1809 3801 1880 3855 ab
1931 3818 1996 3855 eo

401 3899 774 3966 exspectatur.
798 3891 958 3956 Quod
987 3895 1043 3944 et
1069 3906 1290 3960 semper
1310 3893 1396 3943 est
1419 3894 1698 3959 apertum,
1730 3890 1839 3943 nisi
1869 3907 1997 3944 cum

401 3985 528 4056 quis
557 3983 613 4037 id
643 3982 796 4036 intus
825 3979 942 4051 agit
968 3984 1267 4034 secretum.
1303 3978 1603 4033 Sciendum
1627 3984 1712 4032 est
1741 3996 1853 4033 non
1875 3996 1997 4032 esse

399 4079 605 4128 nostra:
632 4068 1070 4134 consuetudinis,
1114 4072 1179 4121 ut
1217 4068 1524 4121 monachus
1565 4067 1759 4121 audiat
1788 4068 1997 4122 confes-

400 4162 619 4216 sionem
672 4157 956 4223 mulieris,
988 4160 1088 4210 aut
1129 4155 1366 4226 alicujus
1419 4155 1663 4209 hominis
1694 4156 1991 4223 saecularis,

2079 3272 2320 3339 desistit,
2349 3272 2558 3341 sicque,
2604 3271 2651 3324 si
2691 3271 2834 3324 forte
2877 3277 2994 3325 tres
3020 3271 3146 3325 illas
3183 3272 3471 3326 orationes
3509 3282 3654 3321 mane

2074 3361 2357 3414 faciendas
2398 3359 2725 3430 neglexerit,
2751 3377 2863 3413 non
2891 3360 2970 3413 illi
3000 3361 3408 3432 imputandum
3443 3357 3565 3413 erit.
3601 3356 3661 3409 At

2075 3449 2124 3502 si
2154 3449 2399 3503 sonitum
2431 3448 2586 3518 prius
2610 3465 2776 3518 quam
2804 3448 3016 3501 dictum
3045 3455 3130 3502 est
3155 3449 3426 3515 audierit,
3461 3452 3514 3500 et
3540 3444 3579 3498 si
3601 3441 3660 3496 ad

2077 3538 2429 3591 vestiendum
2461 3553 2520 3590 se
2550 3536 2736 3590 redire
2774 3537 3032 3602 voluerit,
3074 3538 3297 3593 indutis
3339 3531 3661 3591 nocturnali-

2078 3626 2182 3681 bus
2209 3627 2352 3695 (101)
2386 3625 2578 3691 lavari,
2612 3626 2781 3699 pacti,
2814 3631 2871 3679 et
2895 3626 3051 3679 factis
3077 3627 3168 3680 his
3209 3627 3398 3681 tribus
3428 3621 3665 3679 orationi-

2078 3712 2184 3767 bus
2215 3714 2416 3767 reverti
2449 3713 2741 3780 accelerat,
2792 3718 2857 3766 ut
2896 3714 3128 3767 mutatis
3161 3714 3419 3768 vestibus
3453 3712 3518 3765 ad
3564 3708 3661 3780 pri-

2080 3819 2233 3856 mam
2257 3801 2585 3873 tempestive
2611 3801 2824 3869 veniat;
2852 3819 2975 3872 quae
2995 3803 3042 3856 si
3061 3803 3238 3858 simul
3261 3820 3395 3858 cum
3414 3799 3666 3856 matutino

2079 3896 2358 3956 cantatur,
2420 3895 2550 3944 ante
2613 3890 2840 3944 tertiam
2889 3896 3110 3945 mutare
3158 3898 3378 3963 potest.
3425 3888 3576 3954 Quod
3627 3885 3666 3938 si

2081 3981 2305 4052 quando
2330 3979 2525 4033 eadem
2557 3979 2742 4050 prima
2766 3984 2896 4033 ante
2917 3981 3098 4034 lucem
3113 3983 3206 4038 vel
3233 3987 3440 4053 postea
3463 3979 3538 4033 sic
3564 3977 3671 4030 ﬁni-

2078 4074 2192 4131 tur,
2221 4074 2285 4122 ut
2315 4069 2372 4122 in
2396 4067 2641 4121 claustro
2684 4067 2871 4138 legere
2898 4085 3010 4122 non
3053 4071 3259 4140 possit,
3307 4076 3448 4125 tunc
3492 4066 3668 4122 eodem

2079 4157 2264 4221 modo,
2301 4173 2411 4227 quo
2443 4172 2613 4226 supra
2648 4156 2718 4209 ad
2761 4157 3117 4212 intervallum
3148 4158 3210 4213 in
3245 4159 3440 4214 Choro
3455 4153 3671 4217 sedebit,

399 4249 511 4304 nisi
540 4249 588 4303 si
615 4253 733 4301 tam
762 4245 1032 4317 probatus
1071 4248 1173 4308 est,
1203 4243 1293 4297 cui
1330 4242 1387 4296 id
1429 4242 1601 4297 abbas
1647 4244 1954 4314 injunxerit
1977 4263 1989 4312 ;
2013 4281 2060 4339 Β
2081 4262 2371 4316 quousque
2395 4245 2643 4299 sonitum
2672 4245 2731 4299 in
2763 4245 2970 4302 circulo
2995 4247 3188 4317 januae
3219 4249 3286 4303 in
3314 4254 3566 4319 tempore
3602 4246 3676 4296 est

398 4355 513 4392 non
540 4343 732 4391 tamen
757 4335 878 4389 sine
919 4332 1144 4387 licentia
1181 4331 1459 4404 Episcopi,
1497 4333 1568 4386 ad
1601 4349 1766 4404 quem
1795 4333 1996 4387 talium
2014 4331 2055 4339 ”
2076 4336 2310 4401 factum,
2341 4334 2602 4389 audierit.

400 4441 537 4479 cura
561 4423 823 4495 pertinet.

968 4509 1199 4564 CAPUT
1234 4510 1429 4565 XLIV.

546 4600 818 4668 Quomodo
838 4603 887 4652 et
907 4599 1128 4666 quando
1156 4603 1478 4654 vestimenta
1498 4617 1600 4657 sua
1628 4599 1849 4656 induat.

475 4690 732 4760 (00.)Aut
759 4687 806 4740 si
837 4685 1008 4740 habet
1037 4687 1095 4740 in
1128 4693 1392 4759 promptu
1421 4691 1787 4745 mutatorium
1807 4707 1992 4759 suum,

401 4783 720 4848 mutat,quo
751 4780 837 4830 est
860 4775 1120 4844 indutus;
1145 4793 1246 4830 nec
1271 4776 1427 4848 prius
1455 4778 1526 4831 ad
1544 4795 1628 4844 ea,
1653 4781 1998 4850 quzepraefa-

398 4872 494 4921 tus
519 4883 662 4932 sum,
694 4866 959 4920 accedere
996 4865 1308 4935 praesumit,
1340 4865 1448 4920 nisi
1478 4872 1800 4938 utrumque,
1845 4869 1994 4939 quod

399 4956 616 5011 dictum
647 4961 750 5022 est,
783 4954 889 5008 sibi
919 4953 1179 5008 defuerit.
1207 4956 1227 4978 *
1250 4955 1318 5008 Et
1336 4959 1636 5027 prOpterea
1665 4957 1992 5012 Sacerdotes

398 5050 458 5100 et
488 5045 720 5100 Diaconi
747 5043 995 5098 officium
1029 5059 1194 5097 suum
1234 5048 1572 5109 exercentes,
1597 5061 1664 5098 ex
1691 5050 1990 5101 consuetu-

396 5133 528 5189 dine
556 5134 670 5188 tria
695 5131 986 5188 femoralia
1011 5131 1240 5186 habent.
1257 5149 1350 5187 un.
1366 5133 1568 5187 Nullus
1594 5138 1779 5188 mutat
1796 5133 1855 5188 in
1870 5135 1990 5190 sola

471 5237 576 5310 (97)
605 5241 922 5308 Fragilitas,
955 5237 1190 5309 pollutio
1210 5243 1512 5310 nocturna.

470 5309 580 5380 (98)
612 5311 917 5376 Panis,seu
934 5310 1129 5363 hostiae
1154 5309 1226 5362 ad
1254 5310 1485 5365 missam
1511 5309 1730 5375 oblatae,
1764 5313 1860 5367 sed
1878 5329 1990 5368 non

394 5389 750 5446 consecratae,
783 5399 905 5453 quae
935 5381 994 5434 in
1013 5380 1305 5453 refectorio
1342 5382 1411 5435 iis
1449 5382 1931 5453 distribuebantur
1957 5402 1991 5439 a

391 5453 774 5580 sacirdotibus
798 5451 895 5526 qui
917 5468 982 5507 eo
1011 5451 1101 5507 die
1129 5467 1330 5524 corpus
1360 5452 1583 5508 Domini
1599 5469 1714 5509 non
1732 5471 1988 5527 sumpse-

392 5538 498 5579 run
532 5565 545 5580 .

392 5538 545 5580 runt.

2661 4425 2892 4482 CAPUT
2928 4425 3092 4481 XLV.

2147 4515 2210 4572 Si
2234 4531 2434 4584 coquus
2463 4519 2556 4582 est,
2579 4531 2690 4583 qua
2728 4516 2865 4569 hora
2895 4521 3175 4570 cocturam
3216 4532 3391 4572 suam
3418 4517 3617 4572 videat.

2152 4607 2282 4674 (UD.)
2299 4604 2458 4668 Quod
2481 4604 2527 4658 si
2553 4620 2718 4658 cocus
2747 4610 2848 4669 est,
2864 4610 2930 4658 ut
2948 4605 3268 4675 vulgariter
3288 4607 3476 4672 aiunt,
3504 4608 3682 4659 coetu-

2077 4709 2199 4747 ram
2225 4710 2290 4747 ex
2319 4709 2475 4747 more
2491 4709 2605 4747 non
2633 4692 2801 4757 videt,
2831 4709 3014 4764 neque
3035 4693 3258 4764 ligurit,
3296 4695 3410 4749 nisi
3431 4699 3564 4748 ante
3583 4691 3684 4763 pri-

2075 4797 2248 4847 mam,
2273 4781 2357 4834 vel
2379 4780 2428 4834 si
2448 4781 2569 4851 ipsa
2590 4781 2791 4851 prima,
2813 4785 2875 4834 ut
2892 4797 3066 4852 supra
3099 4783 3371 4848 memini,
3397 4780 3686 4837 matutinis

2076 4869 2344 4940 adjuncta
2380 4869 2568 4934 fuerit,
2609 4875 2742 4924 ante
2780 4870 3036 4938 tertiam;
3068 4873 3090 4893 ’
3126 4877 3184 4925 et
3236 4873 3288 4927 si
3344 4873 3470 4927 haec
3511 4868 3686 4943 spatia

2075 4959 2218 5012 adeo
2245 4957 2435 5012 brevia
2456 4957 2685 5022 fuerint,
2719 4964 2784 5013 ut
2812 4963 2948 5013 tunc
2987 4960 3108 5014 ﬁeri
3151 4977 3274 5015 non
3331 4962 3536 5033 possit,
3571 4961 3691 5030 post

2076 5047 2440 5118 Evangelium
2462 5047 2752 5100 matutinae
2768 5047 2980 5117 missae;
3003 5055 3130 5120 post
3159 5066 3404 5105 caenam
3446 5063 3685 5121 quoque,

2079 5137 2167 5190 vel
2197 5136 2243 5190 si
2287 5136 2461 5190 semel
2489 5135 2820 5202 comeditur,
2865 5143 2994 5208 post
3040 5154 3315 5210 vesperas
3343 5159 3357 5206 ;
3392 5140 3478 5194 ita
3505 5145 3694 5192 tamen

2141 5241 2265 5314 (99)!
2279 5245 2520 5298 Somnus
2550 5249 2678 5314 post
2703 5244 3023 5314 prandium,
3054 5263 3152 5300 seu
3176 5245 3244 5300 in
3269 5245 3544 5300 meridie.

2099 5312 2295 5438 ἠςιγο)
2341 5312 2632 5386 Ligamén,
2679 5312 2818 5370 alias
2874 5318 3112 5373 bracialc
3151 5317 3318 5373 idem
3366 5318 3528 5390 quod
3576 5318 3695 5371 bra-

2139 5402 2193 5438 za
2221 5402 2264 5438 θ.

2071 5401 2264 5438 cmaw.

2125 5455 2698 5538 .(10l).Nocturnales,
2731 5459 2924 5528 calcei,
2957 5458 3156 5531 quibus
3197 5465 3506 5518 nocturno
3544 5465 3694 5518 tem-

2067 5543 2202 5597 pore
2228 5532 2316 5583 usi
2343 5532 2493 5584 sunt.
