3872 6164
206 205 324 262 9‘77

1277 208 1696 266 CONSTITUT.
1740 207 2080 264 HIRSAUG.
2128 239 2190 250 —
2229 209 2365 266 LIB.
2405 208 2451 264 Ι.

3396 205 3502 266 978

207 337 276 386 ut
296 335 532 403 propter
556 329 663 384 hoc
689 329 978 385 silentium
1006 347 1118 385 non
1143 331 1430 402 infringat.
1457 350 1554 392 un.
1603 333 1809 386 Panni-
1829 332 2064 392 Asimul
2092 333 2490 403 ingredientes,
2521 349 2648 387 cum
2678 348 2743 387 eo
2775 333 3079 399 orationes,
3113 350 3236 404 qua:
3266 332 3493 388 easdem

210 422 325 476 culi
348 421 580 491 quidem
603 436 796 473 recens
818 420 985 473 lavati
1000 421 1084 475 ita
1101 421 1306 475 debent
1324 438 1446 475 esse
1463 422 1520 475 in
1533 428 1817 493 promptu,

210 517 280 564 ut
315 526 430 563 non
455 525 598 579 Opus
629 507 852 574 habeat,
895 508 1029 578 quid
1078 509 1252 580 loqui.
1302 513 1323 533 '
1373 511 1490 564 Hoc
1531 517 1718 565 autem
1762 512 1820 564 in

211 596 537 653 inﬁrmaria
563 596 728 650 debet
751 597 871 650 ﬁeri
901 614 1002 668 per
1039 597 1314 652 famulum
1344 599 1416 653 ad
1446 599 1551 653 hoc
1581 600 1820 671 deputa—

213 695 380 756 tum;
417 692 475 741 et
497 687 675 740 alium
702 685 772 740 ab
801 686 911 740 alio
938 686 1067 740 licet
1108 687 1166 741 in
1213 688 1301 742 his
1344 705 1466 758 qua:
1511 689 1582 743 ad
1623 689 1822 759 hujus-

213 777 374 832 modi
400 775 708 848 pertinent,
750 774 1138 830 inﬁrmitatem
1193 777 1471 848 adjuvari.
1506 779 1626 842 Quo
1677 779 1822 833 facto

215 865 295 919 ibi
327 865 401 918 ad
424 863 764 918 lavatorium
791 863 1148 918 inﬁrmorum
1177 864 1370 931 lavari,
1403 871 1461 920 et
1508 867 1580 920 ad
1620 883 1821 921 manu-

217 955 471 1025 tergium
527 953 635 1008 sibi
692 953 1046 1023 deputatum,
1096 952 1261 1007 debet
1302 955 1466 1025 tergi.
1521 957 1822 1010 Cocturam

220 1049 417 1099 autem
445 1044 630 1097 facere
657 1046 784 1113 post
812 1042 1132 1112 prandium,
1162 1059 1290 1098 cum
1319 1054 1542 1116 tempus
1561 1045 1824 1100 habuerit

221 1139 630 1204 opportunum,
661 1132 808 1194 licet,
843 1137 1071 1202 accepta
1088 1137 1279 1186 tamen
1308 1133 1552 1194 licentia.
1584 1140 1640 1188 et
1679 1153 1827 1206 quae-

224 1239 329 1292 que
362 1221 438 1275 ad
470 1222 618 1274 hanc
644 1220 960 1274 necessaria
988 1236 1022 1273 a
1050 1222 1358 1275 camerario
1381 1223 1649 1294 requiret.

801 1327 1034 1382 CAPUT
1063 1328 1254 1384 XLVI.

226 1419 434 1484 Quibus
456 1418 611 1470 horis
623 1423 670 1470 et
700 1417 1027 1484 temporibus
1044 1417 1226 1469 debeat
1251 1419 1435 1471 lavare
1445 1434 1659 1486 pannos
1674 1438 1818 1483 suos,

513 1491 595 1542 vel
615 1491 664 1541 si
679 1491 814 1556 quid
832 1489 994 1540 aliud
1012 1492 1129 1541 vult
1145 1490 1207 1542 de
1227 1491 1386 1542 rebus
1402 1493 1537 1543 suis.

288 1576 443 1646 (131).)
464 1577 528 1631 Si
549 1576 682 1648 quid
712 1577 763 1629 ei
790 1576 1061 1645 placuerit
1106 1577 1174 1630 de
1221 1577 1422 1647 pannis
1468 1578 1583 1632 suis
1616 1580 1819 1646 lavare,

1902 422 2225 492 praecedunt
2252 423 2438 488 horas,
2467 427 2598 474 ante
2617 423 2848 475 chorum
2862 421 3102 475 faciunt:
3135 439 3304 492 quam
3326 422 3498 477 etiam

1903 510 1950 563 si
1980 515 2066 564 est
2109 527 2225 564 una
2269 511 2405 576 sola,
2453 511 2690 581 quilibet
2731 511 2948 564 tardius
2983 509 3228 574 veniens,
3265 510 3497 576 ibidem,

1903 598 2038 653 dum
2068 600 2306 653 necdum
2339 599 2477 652 hora
2505 604 2590 652 est
2614 598 2877 653 inchoata
2905 599 2964 652 in
2986 599 3271 652 secretiori
3287 599 3408 653 loco
3420 600 3501 654 fa-

1904 704 2029 742 cere
2054 693 2257 758 potest.
2275 689 2362 742 Ad
2383 687 2639 742 auditum
2658 704 2788 741 vero
2810 689 3082 759 cujusque
3100 688 3252 742 horae
3272 687 3499 758 signum

1904 793 2236 832 ascensurus
2264 776 2680 846 dormitorium,
2711 776 2770 830 in
2800 776 2981 847 primo
3008 777 3188 846 gradu
3219 777 3267 830 si
3297 776 3500 847 pedem

1904 866 2106 936 posuit,
2131 883 2363 938 pergere
2392 871 2614 937 potest;
2646 867 2734 920 sin
2781 870 2989 930 autem,
3029 866 3138 920 nisi
3179 867 3360 936 major
3404 882 3503 921 ne-

1905 956 2133 1009 cessitas
2174 956 2361 1021 fuerit,
2423 971 2552 1009 mox
2592 955 2664 1008 ad
2707 955 2995 1032 ecclesiam
3038 955 3203 1010 redit.
3257 973 3350 1011 un.
3393 955 3504 1010 Sed

1907 1045 2130 1115 quando
2160 1045 2404 1116 pulsatio
2435 1044 2580 1114 signi
2604 1044 2674 1098 ad
2724 1044 2967 1114 primam
3013 1045 3119 1098 rite
3165 1045 3498 1114 protelatur,

1910 1149 2199 1204 quousque
2227 1139 2443 1204 septem
2494 1133 2697 1204 psalmi
2743 1133 2960 1203 possint
3005 1134 3362 1203 percantari;
3406 1135 3506 1188 ali-

1909 1222 2133 1293 quando
2163 1222 2209 1275 si
2237 1222 2494 1284 voluerit,
2526 1227 2822 1292 postquam
2845 1227 3151 1276 conventus
3168 1223 3504 1292 pertransie-

1906 1311 2001 1377 rit,
2030 1311 2099 1364 ad
2122 1311 2366 1382 corporis
2395 1311 2785 1366 necessitatem
2818 1312 2952 1365 exit.
2978 1311 3084 1365 Sed
3112 1311 3337 1366 rediens
3355 1312 3506 1366 lavat

1908 1415 2129 1466 manus,
2155 1417 2223 1454 ne
2245 1417 2371 1454 cum
2392 1406 2621 1454 ventum
2646 1399 2816 1454 fuerit
2835 1400 2906 1453 ad
2927 1400 3292 1464 offerendam.
3308 1418 3506 1456 rursus

1907 1489 2114 1543 habeat
2140 1490 2317 1558 exire;
2353 1507 2546 1561 quare,
2577 1490 2624 1543 si
2654 1496 2772 1544 tam
2800 1490 3124 1561 frequenter
3149 1491 3366 1558 exierit,
3397 1492 3509 1546 hoc

1909 1579 1968 1632 in
1989 1580 2231 1649 capitulo
2269 1580 2677 1650 proclamatum
2711 1581 3015 1650 experitur.
3069 1580 3178 1633 Sed
3226 1596 3330 1634 nec
3375 1580 3508 1636 licet

226 1667 369 1738 quod
401 1666 950 1720 consuetudinaliter
974 1670 1160 1736 potest
1186 1666 1366 1720 facere
1395 1667 1454 1720 in
1479 1669 1719 1739 coquina
1743 1650 1890 1724 re-B
1909 1684 2158 1739 unquam
2185 1669 2333 1722 exire
2363 1685 2723 1739 quemquam,
2754 1668 3022 1738 quamdiu
3052 1668 3121 1722 de
3147 1669 3503 1739 regularibus

223 1756 425 1826 gulari,
461 1756 538 1809 ad
570 1755 675 1811 hoc
699 1755 878 1808 solum
910 1754 1124 1808 invenit
1149 1755 1476 1821 caldarium,
1509 1757 1567 1810 in
1598 1775 1707 1828 quo
1738 1776 1826 1813 ca-

225 1845 373 1898 leﬁat
397 1861 574 1915 aqua,
597 1850 653 1898 et
672 1848 1021 1914 temperetur
1039 1844 1320 1898 lixivium:
1347 1845 1407 1898 in
1429 1846 1673 1901 claustro
1694 1866 1824 1903 vero

225 1941 488 1988 truncum
543 1934 947 2005 amplissimum
1003 1950 1130 1987 cum
1179 1934 1459 2005 plerisque
1513 1936 1824 1992 intervallis

224 2029 507 2088 cavatum,
524 2029 590 2076 ut
609 2022 698 2076 hic
716 2023 1072 2087 stamineum,
1099 2023 1176 2076 ibi
1195 2023 1488 2078 femoralia
1502 2025 1673 2079 lavari
1695 2045 1825 2097 pos-

223 2111 329 2165 sint
369 2111 704 2182 separatim.
747 2111 881 2175 Quw
932 2117 988 2165 et
1028 2117 1158 2167 ante
1195 2113 1505 2184 capitulum
1542 2116 1721 2170 mittit
1765 2118 1824 2172 in

224 2217 428 2272 aquam
459 2201 724 2266 calidam,
752 2207 816 2254 ut
841 2200 1202 2269 mollescant;
1231 2208 1356 2273 post
1373 2203 1575 2258 tabulae
1602 2223 1826 2276 percus-

225 2290 441 2344 sionem
473 2290 645 2356 lavat,
660 2296 717 2344 et
735 2307 847 2344 non
864 2290 1092 2353 diutius,
1117 2291 1226 2344 nisi
1267 2293 1534 2362 quamdiu
1557 2295 1822 2366 loquendi

224 2379 451 2433 licentia
483 2380 673 2444 durat,
707 2385 764 2433 et
791 2380 1040 2446 interim,
1073 2382 1094 2403 ¹
1132 2379 1267 2435 dum
1313 2383 1571 2437 sacerdos
1618 2385 1824 2456 aliique

223 2468 473 2522 ministri
505 2485 566 2521 se
590 2468 850 2535 induunt,
880 2483 972 2523 UD.
1004 2475 1231 2539 excepto
1262 2470 1309 2523 si
1339 2469 1460 2524 dies
1483 2472 1705 2542 jejunii,
1741 2475 1824 2529 la-

222 2573 351 2610 vare
371 2573 490 2610 non
522 2556 852 2628 prohibetur
876 2563 1003 2628 post
1027 2557 1274 2612 tertiam.
1310 2559 1368 2612 Si
1401 2576 1531 2613 vero
1565 2567 1650 2614 est
1692 2579 1825 2632 qua-

224 2645 549 2716 dragesima
579 2652 635 2699 et
664 2645 784 2699 dies
811 2646 1048 2716 privata,
1083 2652 1205 2717 post
1250 2647 1561 2718 capitulum
1599 2655 1655 2703 et
1698 2656 1826 2720 post

225 2741 441 2788 sextam
471 2735 641 2800 lavat,
674 2735 895 2788 etiamsi
942 2751 1054 2788 non
1094 2736 1394 2806 loquamur
1444 2737 1501 2791 in
1544 2739 1814 2797 claustro.

223 2823 513 2895 Quidquid
542 2829 731 2877 autem
753 2824 919 2889 lavat,
973 2840 1195 2894 quoquo
1237 2825 1402 2879 modo
1443 2826 1516 2880 sit
1553 2827 1819 2895 lavatum,

1909 1759 2061 1811 horis
2091 1758 2149 1812 in
2180 1757 2271 1811 die
2291 1758 2406 1811 ulla
2425 1761 2704 1821 cantatur,
2719 1756 2826 1810 nisi
2863 1772 2962 1825 pro
2978 1756 3287 1810 inevitabili
3311 1773 3508 1811 neces-

1908 1847 2110 1913 sitate;
2144 1852 2210 1900 ut
2234 1864 2284 1898 v.
2315 1864 2372 1916 g.
2405 1845 2453 1899 si
2490 1845 2558 1898 de
2587 1861 2723 1899 naso
2754 1861 2920 1899 cruor
2956 1850 3204 1899 emanat.
3239 1847 3260 1868 ⁶
3287 1846 3367 1900 De
3395 1862 3505 1917 quo

1910 1936 2098 1989 minus
2117 1935 2499 1998 utdubitetur,
2523 1933 2944 2004 necipsiabbati
2966 1939 3265 2005 postquam
3284 1935 3509 2005 incepta

1907 2024 2045 2078 hora
2073 2024 2263 2094 aliqua
2289 2023 2475 2088 fuerit,
2503 2023 2737 2077 chorum
2757 2023 3122 2093 pertransire,
3154 2023 3240 2076 vel
3261 2023 3508 2094 aliquem

1905 2112 2036 2167 inde
2083 2129 2312 2167 evocare
2358 2112 2506 2166 licet.
2546 2113 2633 2166 Ad
2672 2111 3102 2183 completorium
3150 2117 3282 2166 ante
3319 2112 3510 2167 Gloria

1906 2202 2075 2272 primi
2122 2202 2326 2272 psalmi
2368 2202 2712 2256 consuetudo
2761 2201 3087 2256 consentit:
3145 2201 3294 2256 infra
3337 2217 3508 2271 quam

1905 2291 2102 2344 horam
2133 2296 2356 2344 tantum
2380 2291 2507 2353 sibi,
2539 2296 2596 2344 et
2632 2290 2806 2360 priori
2859 2290 2916 2345 in
2955 2291 3239 2346 consuetis
3277 2291 3509 2348 claustri

1904 2380 2040 2434 locis
2071 2385 2126 2434 et
2158 2379 2395 2434 ofﬁcinis
2425 2379 2578 2450 loqui
2610 2380 2756 2434 licet.

1978 2471 2042 2523 In
2071 2469 2240 2523 choro
2269 2470 2341 2522 ad
2376 2469 2637 2539 primam,
2673 2469 2808 2522 dum
2837 2474 3117 2535 cantatur,
3166 2471 3509 2541 Quicumque

1906 2561 2043 2623 vult,
2072 2559 2260 2612 nullus
2285 2557 2462 2611 sedet.
2494 2558 2580 2612 Ad
2612 2558 2755 2612 hanc
2785 2558 3003 2624 horam,
3033 2565 3091 2612 et
3115 2559 3190 2613 ad
3211 2561 3514 2631 completo-

1905 2647 2074 2712 rium,
2105 2647 2191 2700 vel
2213 2646 2694 2717 quotienscunque
2718 2646 2920 2700 fratres
2948 2647 3189 2701 invicem
3211 2648 3506 2705 confessio'

1905 2752 2034 2790 nem
2066 2735 2276 2800 dicunt,
2303 2734 2597 2789 observare
2626 2734 2848 2802 debent,
2885 2739 2948 2789 ut
2965 2737 3062 2806 qui
3089 2737 3266 2790 alium
3295 2754 3506 2808 praece-

1906 2825 1990 2878 dit
2012 2824 2072 2878 in
2097 2840 2257 2877 sacro
2288 2823 2504 2882 ordine.
2531 2823 2651 2895 ipse
2682 2840 2903 2894 quoque
2931 2825 3508 2897 contessionemiprior

222 2920 345 2983 post
375 2915 580 2967 horam
611 2913 832 2966 lavandi
862 2913 1046 2966 aufert
1082 2918 1138 2966 et
1159 2913 1361 2981 siccat;
1395 2931 1465 2968 ne
1505 2917 1694 2986 jaceat
1742 2918 1825 2972 ita
1848 2913 2071 2986 ndicat,
2106 2913 2276 2967 etiam
2310 2913 2357 2966 si
2377 2913 2609 2966 inferior
2635 2913 2708 2967 sit
2736 2929 2801 2966 eo
2823 2913 2914 2967 cui
2934 2914 3253 2968 conﬁtetur.
3269 2915 3507 2979 Quando

221 3003 517 3056 sordidum
541 3007 598 3056 et
620 3002 897 3056 torridum
917 3008 1049 3056 ante
1079 3003 1269 3057 oculos
1306 3003 1546 3059 fratrum
1568 2990 1642 3059 Vde
1675 3007 1822 3061 refe-

221 3092 397 3146 ctorio
424 3091 774 3145 exeuntium.

779 3198 1014 3253 CAPUT
1050 3198 1272 3253 XLVII.

222 3288 499 3354 Quomodo
529 3290 594 3342 de
619 3291 874 3355 regulari
904 3289 1039 3340 hora
1072 3304 1182 3341 non
1211 3290 1340 3342 inde
1389 3292 1518 3355 emit,
1569 3293 1683 3344 nisi
1717 3307 1822 3360 pro

690 3360 1004 3413 inevitabili
1031 3362 1354 3414 necessitate.

289 3450 435 3522 (1:1).)
464 3449 675 3504 Audito
703 3449 884 3519 signo,
917 3448 1066 3519 quod
1095 3449 1165 3502 ad
1194 3449 1435 3519 primam
1465 3450 1740 3521 pulsatur,
1760 3453 1824 3506 li-

218 3539 379 3595 brum
413 3546 534 3594 tam
569 3540 752 3604 illum,
773 3539 821 3592 si
860 3555 1028 3608 quem
1066 3539 1214 3592 videt
1253 3541 1413 3607 juxta
1456 3557 1515 3594 se
1553 3541 1818 3611 positum,

218 3631 238 3650 '
254 3645 433 3700 quam
451 3645 568 3698 prae
586 3627 844 3681 manibus
856 3626 1110 3681 habitum
1129 3631 1381 3695 reportat
1399 3627 1470 3680 ad
1489 3628 1816 3695 armarium,

1906 3008 2032 3074 post
2059 3007 2274 3072 septem
2304 3002 2547 3072 psalmos
2576 3001 2990 3072 paanitentiales
3033 3002 3256 3056 Litania
3297 3021 3333 3058 a
3374 3022 3510 3076 pro-

1904 3090 2098 3145 stratis
2135 3089 2404 3144 fratribus
2449 3094 2732 3159 cantatur,
2783 3091 2856 3144 ad
2904 3091 3168 3145 ultimum
3219 3093 3506 3162 psalmum

1905 3180 2118 3251 priores
2143 3180 2215 3233 ad
2236 3179 2466 3249 gradus,
2489 3179 2678 3248 sicque
2698 3179 2884 3234 ceteri
2895 3180 3159 3234 ordinant
3181 3197 3260 3243 se,
3277 3186 3360 3248 ut,
3375 3199 3503 3237 cum

1903 3275 2126 3340 tempus
2154 3268 2341 3334 fuerit,
2373 3285 2484 3322 non
2515 3268 2622 3322 sibi
2648 3268 2708 3322 in
2737 3269 3155 3339 procumbendo
3176 3287 3396 3326 moram
3429 3272 3508 3327 fa-

1904 3359 2085 3425 ciant;
2128 3363 2185 3412 et
2209 3357 2359 3412 inter
2388 3356 2642 3411 literatos
2682 3374 2982 3412 conversus
3016 3375 3129 3413 non
3152 3361 3357 3430 jaceat,
3389 3361 3499 3417 nisi

1905 3449 2142 3517 alicujus
2165 3447 2384 3516 juvenis
2412 3451 2599 3500 custos
2620 3447 2809 3513 fuerit,
2837 3447 2908 3500 ad
2928 3463 3094 3518 quem
3109 3448 3230 3520 ipse
3250 3451 3495 3518 accedet,

1903 3537 2241 3610 ubicumque
2262 3535 2522 3606 jacuerit.
2557 3535 2643 3588 Ad
2685 3535 2975 3591 literatum
3027 3554 3154 3592 vero
3202 3540 3496 3595 custodem

1897 3626 2120 3697 juvenis
2151 3625 2338 3678 venire
2366 3641 2479 3679 non
2517 3624 2773 3694 negligit.
2807 3624 2876 3679 In
2914 3625 3019 3680 hac
3061 3627 3262 3682 litania
3294 3629 3505 3684 nullius

216 3718 332 3772 Hoc
371 3718 423 3772 si
456 3717 633 3771 fuerit
663 3716 1117 3786 neglectum,‘ab
1153 3722 1393 3786 utroque
1437 3733 1632 3771 eorum
1673 3718 1820 3772 inter
1902 3714 2081 3769 sancti
2128 3730 2335 3768 nomen
2379 3713 2720 3784 geminatur,
2768 3720 2997 3785 excepto
3039 3717 3136 3787 qui
3198 3717 3503 3788 singularis

214 3823 352 3877 quos
371 3823 680 3862 remanens
700 3805 1057 3876 liberjacuit,
1082 3805 1820 3871 eritinclamandum.Quod
1902 3805 2154 3874 ejusdem
2184 3801 2289 3856 loci
2325 3807 2596 3874 patronus
2640 3802 2896 3856 habetur.
2947 3804 3033 3857 Ad
3077 3822 3301 3860 versum
3343 3807 3504 3863 illum

210 3896 446 3951 tametsi
473 3895 548 3949 ad
577 3896 716 3948 alias
747 3911 986 3965 quoque,
1013 3894 1084 3947 ad
1107 3910 1200 3948 eas
1218 3899 1410 3948 tamen
1430 3911 1542 3948 non
1565 3895 1818 3952 observa-
1901 3898 2004 3950 Per
2026 3895 2336 3962 passionem
2357 3899 2404 3946 et
2432 3908 2647 3946 crucem
2672 3893 3075 3964 unusquisque,
3096 3911 3224 3948 cum
3242 3912 3502 3966 expresse

208 3991 304 4040 tur
331 3987 527 4042 horas.
562 3984 765 4055 quibus
800 3983 971 4036 ﬁnitis
999 3983 1190 4037 statim
1220 3983 1279 4037 in
1309 3984 1618 4039 claustrum
1651 3987 1721 4040 ad
1743 3987 1818 4041 le-
1849 4011 1858 4022 -
1900 3982 2291 4049 nominaverit,
2325 3981 2553 4035 dextera
2584 3998 2775 4046 manu,
2807 3997 2907 4051 per
2945 3982 3222 4036 manicam
3252 3983 3312 4036 in
3357 3983 3500 4038 facie

209 4073 459 4128 ctionem
490 4073 778 4126 rediturus
827 4077 912 4125 est
939 4079 1243 4126 conventus
1279 4073 1574 4127 :similiter
1620 4091 1722 4129 nec
1747 4076 1819 4130 ad
1897 4089 2120 4127 crucem
2144 4070 2314 4124 etiam
2339 4069 2501 4134 facit;
2534 4068 2840 4139 statimque
2866 4069 2936 4121 ad
2971 4085 3195 4124 versum
3245 4072 3350 4124 Per
3376 4075 3498 4139 glo-

209 4163 462 4217 olﬁcium
493 4162 905 4222 defunctorum,
939 4166 995 4214 et
1014 4162 1236 4232 quando
1274 4161 1593 4232 cymbalum
1619 4182 1822 4234 percu-
1898 4165 2108 4216 riosam
2137 4161 2598 4216 Resurrectioncm
2623 4163 2778 4210 tuam
2797 4157 3056 4211 sacerdos
3085 4164 3144 4212 et
3162 4160 3349 4214 caeteri
3389 4160 3498 4213 mi-

208 4251 350 4306 titur
383 4253 457 4305 ad
487 4251 789 4305 bibendum
816 4270 826 4304 :
861 4256 995 4305 tunc
1024 4251 1175 4304 enim
1206 4251 1263 4304 in
1291 4252 1410 4305 loco
1441 4269 1550 4322 quo
1580 4254 1881 4345 quisqueD
1901 4249 2063 4303 nistri
2094 4246 2383 4301 matutinae
2413 4244 2594 4297 missae
2624 4243 2829 4345 debent
2853 4243 3021 4345 esire,
3069 4249 3134 4298 ut
3170 4262 3298 4300 mox
3336 4246 3498 4301 ﬁnita

205 4341 445 4406 sederit,
479 4347 546 4394 ut
563 4341 752 4394 statim
782 4357 1033 4394 reversus
1059 4339 1134 4393 ibi
1160 4341 1427 4404 inveniat,
1479 4341 1685 4395 librum
1730 4344 1815 4397 di-

205 4431 413 4496 mittit,
447 4448 552 4485 nec
572 4431 669 4484 alii
689 4437 824 4484 tunc
852 4429 1103 4500 accipere
1132 4430 1281 4483 hunc
1304 4429 1508 4496 licebit,
1536 4432 1643 4484 nisi
1673 4433 1815 4487 forte

202 4519 270 4582 is,
317 4520 426 4590 qui
453 4535 582 4573 eum
607 4519 663 4571 in
699 4518 1131 4588 quadragesima
1161 4518 1373 4588 accepit
1401 4519 1470 4572 ad
1490 4519 1808 4589 legendum,

203 4615 260 4662 et
288 4626 361 4662 eo
397 4624 548 4661 anno
579 4623 805 4661 necesse
834 4605 1111 4661 habuerit.
1153 4607 1331 4670 Quem
1358 4606 1547 4670 etiam,
1576 4608 1721 4662 sicut
1759 4613 1815 4663 et

200 4698 437 4751 nullum
465 4697 640 4750 alium
670 4695 879 4749 librum
897 4713 930 4749 a
956 4695 1206 4766 quolibet
1235 4696 1406 4749 fratre
1436 4695 1602 4750 debet
1635 4698 1816 4768 requi-

199 4804 354 4840 rere.
383 4787 665 4840 Caeterum
697 4786 766 4839 ad
797 4785 1151 4839 collationem
1171 4785 1460 4855 reportati,
1482 4791 1546 4839 ut
1560 4787 1815 4841 ordinate

198 4876 256 4929 in
283 4875 546 4930 armario
575 4880 926 4946 reponantur
953 4873 1098 4939 libri,
1137 4875 1416 4928 armarius
1470 4875 1556 4928 vel
1594 4875 1818 4945 adjutor

195 4967 327 5034 ejus
360 4969 653 5036 procurat.
675 4963 762 5016 Ad
783 4963 976 5034 primae
991 4979 1124 5033 ergo
1135 4963 1531 5033 pulsationem,
1555 4965 1818 5034 repositis

194 5053 255 5106 in
300 5053 562 5106 armario
609 5051 789 5120 libris,
822 5051 900 5117 hi,
943 5050 1037 5121 qui
1078 5051 1422 5105 matutinum
1453 5051 1524 5105 ad
1563 5057 1816 5106 sanctam

193 5141 459 5196 Mariam
481 5139 780 5205 audierint,
805 5140 1148 5194 consuetudo
1178 5145 1282 5205 est,
1312 5150 1374 5192 ut
1401 5144 1457 5192 et
1484 5145 1712 5194 caeteras
1742 5140 1819 5194 ibi

197 5229 484 5301 (exceptis
513 5227 951 5294 obedientiariis,
1001 5235 1057 5282 et
1101 5228 1148 5282 si
1193 5228 1288 5298 qui
1339 5229 1482 5282 tales
1520 5234 1670 5290 sunt,
1723 5229 1819 5299 qui

193 5321 380 5376 choro
417 5320 687 5373 interesse
715 5323 965 5388 possunt)
997 5317 1231 5372 audiant
1253 5318 1439 5383 horas,
1473 5318 1664 5371 statim
1687 5318 1819 5372 illuc

194 5429 230 5465 a
262 5415 565 5466 conventu
592 5407 880 5462 secedunt.
910 5407 996 5461 Ad
1024 5407 1264 5461 aliarum
1293 5422 1422 5460 vero
1443 5406 1819 5477 pulsationem

199 5501 516 5565 horarum,
547 5502 826 5568 quotquot
851 5513 919 5552 ex
947 5496 1157 5551 eisdem
1186 5495 1486 5551 conventui
1514 5496 1816 5562 intersunt,

1902 4338 2122 4393 Litania
2153 4335 2333 4406 parati
2361 4334 2574 4388 intrent
2594 4333 2664 4386 ad
2681 4334 2877 4386 altare.
2897 4333 3057 4387 Unde
3085 4334 3274 4400 etiam,
3302 4351 3498 4406 quam-

1899 4444 2066 4499 quam
2094 4425 2279 4480 caeteri
2305 4424 2362 4477 in
2393 4422 2586 4476 ordine
2615 4439 2736 4488 suo,
2767 4422 2862 4475 isti
2891 4428 3080 4476 tamen
3120 4423 3204 4476 ita
3227 4423 3500 4494 jacebunt

1896 4521 1961 4568 ut
1985 4519 2249 4568 exeuntes
2274 4517 2504 4566 caeteros
2528 4527 2638 4564 non
2665 4511 2999 4581 inquietent.
3028 4512 3113 4565 Ad
3141 4512 3492 4570 offerendum

1895 4621 1998 4658 nec
2016 4603 2265 4658 anterior
2313 4617 2415 4655 nec
2455 4601 2747 4672 posterior,
2804 4616 2974 4671 quam
3019 4617 3155 4655 suus
3193 4608 3282 4656 est
3334 4605 3490 4670 ordo,

1897 4695 2195 4765 quisquam
2220 4690 2464 4757 accedit;
2493 4689 2540 4742 si
2559 4695 2750 4742 tamen
2779 4705 3024 4759 praesens
3050 4690 3238 4745 fuerit.
3267 4691 3427 4756 Quod
3444 4693 3496 4748 si

1897 4783 2100 4853 aliquis
2137 4779 2466 4850 neglexerit,
2498 4779 2593 4848 qui
2622 4784 2758 4832 tunc
2780 4778 2888 4849 ipsi
2909 4779 3196 4849 proximus
3224 4781 3502 4854 adesthli-

1898 4878 1987 4927 cet
2005 4872 2062 4925 in
2093 4870 2287 4925 ordine
2315 4867 2547 4923 inferior
2571 4866 2664 4934 sit,
2698 4867 2898 4922 offerre
2928 4883 3042 4922 non
3081 4869 3349 4927 tardabit.

2429 4974 2664 5031 CAPUT
2713 4975 2961 5032 XLVIII.

1901 5067 2174 5134 Quomodo
2201 5082 2255 5119 sc
2278 5069 2542 5134 prmparct
2569 5065 2643 5118 ad
2665 5068 2995 5132 capitulum,
3030 5068 3112 5120 vel
3137 5066 3274 5133 quid
3297 5065 3492 5133 faciat,

2182 5140 2232 5190 si
2260 5142 2333 5190 cst
2361 5138 2469 5190 sibi
2482 5138 2728 5190 conscius
2750 5137 2925 5189 ullius
2943 5152 3202 5189 excessus.

1967 5227 2089 5297 (UD.
2120 5226 2267 5292 'oar.)
2295 5225 2529 5289 Quando
2553 5223 2709 5278 scilla
2753 5225 3011 5294 pulsatur
3045 5223 3117 5276 ad
3163 5223 3494 5292 capitulum,

1900 5319 2082 5368 cessat
2108 5313 2178 5368 ab
2205 5330 2290 5380 eo,
2321 5313 2470 5384 quod
2488 5320 2622 5367 tunc
2643 5312 2759 5382 agit
2779 5310 2984 5380 operis,
3008 5311 3082 5364 ad
3105 5313 3415 5382 capitulum
3436 5330 3498 5368 se

1901 5421 2257 5477 praeperans;
2292 5403 2627 5456 stamineum
2673 5415 2835 5454 suum
2863 5397 3116 5469 undique
3143 5399 3407 5466 detrahit,
3442 5407 3501 5455 et

1906 5495 2140 5549 honeste
2175 5491 2479 5561 componit,
2519 5495 2576 5543 et
2594 5491 2791 5552 claves,
2817 5486 2865 5539 si
2893 5500 3037 5553 quas
3066 5487 3239 5543 habet
3265 5488 3502 5560 (qualis-
