3872 6164
431 256 552 340 ’979

1489 282 1546 337 S.
1584 281 1983 338 GUILLELMI
2020 280 2324 338 ABBATIS
2362 276 2701 336 HIRSAUG.

451 423 671 487 cunque
684 403 1205 462 sitobedientiarius
1222 406 1448 464 recediti
1468 407 1716 479 deponit,
1739 409 2254 487 utparatusAsens
2286 425 2399 461 non
2418 406 2625 459 fuerit:
2657 405 2703 457 si
2752 392 2822 456 de
2871 400 2958 454 via
3010 400 3232 455 veniens
3275 394 3339 455 in
3368 410 3427 456 ea
3462 402 3536 460 die
3572 407 3625 460 κ

358 501 377 513 ‘
453 496 544 559 sit,
573 497 620 549 si
649 495 791 549 forte
815 494 1088 564 judicium
1117 493 1575 566 subirejubetur.
1628 500 1649 520 ⁴¹
1685 498 1752 551 Et
1794 505 1858 551 ut
1898 498 2044 550 adsit
2124 501 2291 551 finem
2326 496 2563 563 alicujus
2590 495 2742 547 hom
2769 490 3211 545 benedictionem
3250 504 3351 544 non
3391 495 3627 563 acceperit,

452 585 523 638 ad
551 601 772 653 versum
803 576 879 637 ibi
905 584 1201 637 dicendum
1233 585 1516 639 observat:
1566 587 1711 656 quod
1744 587 1789 639 si
1834 588 1938 639 hoc
1984 588 2041 639 in

452 672 852 727 consuetudine
896 672 1159 726 habuerit
1199 675 1502 745 negligere,
1541 675 1895 747 inclamatur.
1938 676 2039 729 At-

2126 590 2207 641 vel
2240 587 2283 641 si
2316 586 2524 655 absque
2556 602 2621 637 ea
2643 584 2711 636 de
2734 580 3074 635 monasterio
3093 580 3298 641 exierit,
3327 582 3551 635 sedin'fra
3565 582 3630 636 bi-

2125 676 2297 730 duum
2327 692 2436 728 non
2470 672 2718 726 redierit.
2753 671 2897 724 Sane
2927 684 3036 722 non
3071 668 3243 722 solum
3266 685 3357 739 pro
3376 682 3519 740 supra
3541 670 3633 723 dicu-

448 761 633 816 tendit
658 778 879 833 quoque
905 762 952 816 si
981 769 1208 817 notatus
1227 764 1285 817 in
1299 764 1492 818 tabula
1512 763 1945 829 ibinominatur,
1979 769 2044 819 ut
2123 765 2217 822 tis.
2246 766 2340 818 sed
2374 764 2498 816 aliis
2529 761 2861 832 quibusdam
2884 756 3235 841 negligentiis
3252 759 3399 811 venia
3414 758 3633 814 facienda.

449 855 587 905 tunc
622 853 889 919 inclinet;
925 853 1057 906 etsi
1093 852 1569 907 hebdomadarius
1613 852 1689 907 ibi
1728 853 2042 924 appellatus

444 938 636 1011 fuerit,
666 941 781 994 sive
803 942 925 1005 hoc,
959 941 1073 995 sive
1099 942 1387 1013 proprium
1413 958 1614 996 nomen
1661 942 1735 995 ibi
1764 943 2037 1012 audierit;

2124 855 2278 910 Sicut
2308 859 2411 907 est.
2445 852 2491 905 si
2528 851 2754 911 librum,
2790 848 2887 918 qui
2914 848 2975 901 in
3013 846 3156 901 feria
3183 847 3364 916 quinta
3388 848 3637 917 quadrage-

2123 946 2280 999 simae
2310 944 2359 997 ei
2382 942 2547 995 datus
2569 946 2672 1001 est,
2706 938 2849 991 infra
2874 950 3082 990 annum
3104 952 3213 989 non
3238 936 3505 1006 perlegerit
3527 955 3537 1003 ;
3562 931 3639 1007 pro

448 1034 507 1083 et
568 1030 792 1102 quando
839 1029 1116 1084 festivitas
1155 1028 1362 1109 aliqua,
1410 1047 1533 1100 quae
1588 1031 1646 1084 in
1693 1032 1901 1102 Cappis
1956 1036 2042 1084 est
2123 1053 2232 1108 quo
2263 1030 2688 1088 tamenveniam
2713 1028 2964 1081 revoluto
2993 1041 3142 1078 anno
3161 1025 3217 1078 in
3238 1024 3413 1078 eodem
3431 1025 3637 1089 diefacit;

447 1120 685 1191 agenda,
705 1118 781 1173 ibi
802 1120 1163 1191 pronuntiata
1181 1119 1353 1173 fuerit
1371 1137 1383 1183 ;
1400 1118 1658 1173 similiter
1668 1127 1725 1173 et
1740 1120 2041 1173 inclinante

453 1208 659 1263 domno
693 1208 893 1262 abbate
921 1228 932 1274 ;
965 1209 1061 1261 sed
1086 1213 1141 1261 et
1162 1208 1384 1278 quando
1412 1208 1559 1261 idem
1592 1209 1830 1263 domnus
1846 1210 2035 1276 abbas,

449 1299 584 1370 (01).)
616 1297 705 1351 vel
735 1298 984 1368 ordinem
1030 1304 1227 1351 tenens
1274 1299 1427 1369 prior
1468 1298 1671 1351 dixerit
1716 1301 2035 1353 Bcncdz‘citc.

448 1386 733 1441 inclinat.‘
755 1387 875 1450 Quo
900 1388 1066 1446 dicto,
1099 1386 1168 1440 ob
1192 1404 1583 1456 quamcunque
1600 1404 1824 1440 causam
1852 1390 2039 1443 exiens

449 1476 563 1530 sive
592 1476 949 1546 ingrediens;
983 1475 1090 1528 nisi
1130 1492 1254 1528 cum
1296 1476 1500 1528 domno
1528 1475 1746 1537 abbate,
1784 1477 1867 1530 vel
1912 1495 2039 1531 cum

447 1567 632 1627 nudus
680 1565 881 1634 aliquis
926 1563 1236 1626 intraverit,
1288 1563 1423 1617 dicit
1468 1567 1797 1626 Bcnedicz‘te;
1840 1566 1919 1619 ita
1953 1572 2037 1625 ut.

2122 1127 2169 1180 si
2199 1122 2486 1194 corporale
2518 1121 2598 1172 vel
2628 1110 2973 1171 bffertorium
3006 1115 3093 1169 vel
3121 1115 3347 1167 linteum
3372 1114 3433 1167 ad
3459 1120 3641 1184 portan-

2122 1216 2223 1269 dos
2248 1213 2467 1273 calices,
2510 1209 2593 1261 vel
2626 1208 2693 1260 ad
2725 1212 2987 1277 patenam
3018 1203 3392 1257 involvendam
3418 1209 3639 1271 aptatum,

2122 1308 2191 1360 de
2213 1307 2334 1374 ejus
2355 1298 2690 1371 negligentia
2704 1296 2769 1349 ad
2794 1302 3002 1348 terram
3027 1293 3317 1357 ceciderit;
3344 1293 3384 1345 si
3404 1292 3642 1345 lectionem

2123 1409 2280 1447 suam
2311 1390 2394 1443 vel
2426 1385 2841 1457 responsorium
2873 1383 3102 1436 omnino
3125 1380 3493 1451 neglexerit;s.1
3511 1380 3643 1431 talem

2124 1480 2368 1533 sonitum
2401 1478 2458 1530 in
2487 1475 2816 1528 dormitorio
2848 1478 3017 1525 noctu
3044 1470 3254 1529 fecerit,
3286 1485 3379 1539 per
3395 1483 3537 1538 quem
3560 1467 3645 1520 fm-

2124 1576 2239 1623 tres
2270 1563 2629 1638 inquiétavit;
2664 1564 2708 1616 si
2736 1563 2793 1615 in
2820 1560 3147 1623 inﬁrmaria,
3177 1559 3262 1612 vel
3307 1559 3361 1611 in
3388 1558 3509 1611 cella
3533 1556 3648 1609 novi-

448 1654 545 1726 qui
571 1671 743 1724 prope
764 1652 991 1726 capituli
1024 1653 1220 1707 sedent
1247 1653 1560 1715 introitum,
1611 1655 1902 1708 audientes
1950 1672 2085 1726 re-k
2123 1658 2331 1711 tiorum
2364 1672 2463 1726 pro
2506 1651 2887 1706 misericordia
2925 1649 3172 1702 dormire
3219 1646 3516 1716 permissus,
3549 1650 3649 1697 ante

445 1744 760 1815 spondeant
788 1742 1073 1795 Dominus.
1110 1742 1217 1795 Sed
1259 1742 1303 1794 si
1352 1742 1596 1812 aliquem
1644 1744 2035 1811 introduxerit,
2058 1722 2425 1801 Bnocturnos
2456 1742 2675 1805 biberit,
2711 1739 2963 1811 quamvis
2985 1754 3151 1791 mane
3179 1738 3296 1791 sine
3332 1736 3533 1789 licentia
3553 1735 3651 1788 inde

446 1832 698 1903 apertius
730 1830 1141 1900 aliquantulum
1182 1830 1237 1884 id
1264 1831 1418 1896 dicit,
1469 1837 1525 1884 et
1568 1838 1701 1885 tunc
1739 1839 2042 1887 conventus
2121 1822 2249 1891 non
2273 1834 2506 1888 exierit:
2536 1831 2582 1885 si
2613 1829 2979 1883 mutatorium
3009 1843 3172 1880 suum
3206 1826 3263 1879 in
3304 1824 3561 1879 Dominico
3584 1823 3650 1875 die

442 1921 764 1992 respondet.
805 1920 864 1973 Si
893 1919 1003 1973 duo
1044 1921 1127 1972 vel
1156 1918 1344 1990 plures
1370 1921 1719 1987 intraverint,
1743 1922 1838 1976 ille
1867 1924 2038 1990 solus,

446 2009 543 2080 qui
572 2006 853 2081 praecedit,
888 2010 1188 2062 Benedicite
1227 2009 1379 2061 dicit.

1015 2096 1248 2151 CAPUT
1275 2097 1467 2151 XLIX.

788 2189 866 2241 Ne
893 2203 1180 2241 conversus
1208 2204 1242 2240 α
1272 2203 1517 2240 sermone
1538 2189 1694 2240 desit.

510 2279 535 2302 ‘
561 2275 776 2331 Verum
808 2292 1106 2329 conversus
1137 2275 1207 2328 ad
1240 2292 1553 2328 sermonem
1587 2293 1657 2328 ne
1683 2275 1843 2337 desit,
1878 2294 2035 2331 sum-

444 2370 838 2437 moperecavet
861 2384 873 2430 ;
896 2381 1023 2418 cum
1052 2363 1292 2417 maxime
1314 2370 1543 2434 propter
1561 2364 1703 2417 tales
1728 2366 1849 2419 ﬁeri
1873 2367 2032 2421 solet.

440 2455 593 2509 Infra
613 2471 778 2525 quem
802 2454 971 2507 etiam
985 2453 1030 2506 si
1049 2452 2035 2524 dormierit,inclamatur.Postquam

442 2548 633 2597 autem
662 2558 697 2595 a
716 2547 945 2596 tenente
968 2540 1222 2594 ordinem
1249 2540 1454 2594 dicitur
1478 2560 1487 2592 :
1526 2544 1842 2609 Loquimini
1869 2542 1931 2596 (lc
1951 2560 2038 2597 0r-

440 2633 589 2705 dz'ns,
616 2636 672 2685 et
699 2630 769 2685 ad
799 2631 1074 2685 actionem
1107 2629 1334 2703 capituli
1374 2635 1599 2683 ventum
1631 2630 1818 2693 fuerit,
1840 2648 2037 2703 eXSpe-

442 2725 648 2789 ctatur,
679 2721 726 2774 si
757 2720 882 2796 quis
906 2719 1165 2773 infirmus
1204 2716 1280 2771 ibi
1323 2718 1413 2781 sit,
1452 2719 1549 2788 qui
1598 2736 1698 2790 pro
1737 2721 2036 2775 refectione

440 2809 642 2873 carnis,
670 2825 838 2880 quam
869 2808 1149 2873 habuerit,
1172 2807 1393 2861 veniam
1424 2813 1613 2878 petere
1640 2807 1859 2873 debeat,
1894 2814 1950 2863 et
1989 2811 2034 2864 si

439 2898 756 2965 circatores,
789 2898 883 2976 qui
915 2898 1125 2969 primas
1163 2897 1591 2951 inclamationes
1622 2898 1852 2957 faciunt,
1899 2898 2032 2969 quid

434 2987 591 3059 loqui
614 2986 1027 3057 habeant;(un.
1063 2992 1204 3056 var.)
1237 2986 1439 3040 deinde
1484 2986 1530 3039 si
1576 2986 1710 3056 quid
1751 2987 1802 3040 ei
1844 3004 2033 3041 exces-

434 3092 530 3130 sus
560 3076 917 3147 aliquomodo
941 3075 1192 3145 contigit,
1229 3092 1327 3145 pro
1360 3092 1469 3146 quo
1490 3075 1610 3130 sine
1639 3075 2034 3130 inclamatione

437 3162 603 3219 debet
625 3165 844 3219 veniam
866 3170 1076 3235 petere,
1093 3181 1161 3218 ne
1174 3165 1511 3218 inclametur
1529 3166 1648 3235 ipse
1669 3165 2029 3235 praeveniens,

437 3253 552 3308 sive
582 3253 723 3308 alius
752 3254 908 3317 vidit,
961 3254 1074 3306 sive
1107 3268 1236 3316 non,
1280 3254 1499 3306 veniam
1547 3255 1707 3324 petit,
1758 3270 2033 3325 suamque

437 3344 657 3414 culpam
689 3342 914 3396 fatetur.
949 3341 1058 3395 Sed
1090 3345 1523 3411 quantacunque
1545 3343 1808 3404 fateatur,
1842 3348 2033 3397 tamen

432 3447 550 3485 non
570 3432 812 3501 amplius
838 3430 1056 3483 veniam
1082 3429 1241 3500 petit,
1275 3436 1477 3499 praeter
1504 3430 1658 3483 illam
1695 3447 1861 3501 quam
1887 3431 2033 3501 peti-

434 3519 534 3585 vit,
566 3519 675 3572 nisi
700 3520 1054 3572 inclametur.
1088 3521 1107 3541 ⁶
1135 3517 1208 3571 Et
1236 3518 1522 3572 sciendum
1552 3518 1697 3589 quod
1734 3519 1925 3589 plures
1956 3518 2033 3573 si-

439 3608 558 3661 mul
584 3623 685 3678 pro
715 3607 947 3661 diversis
977 3607 1159 3661 causis
1187 3608 1407 3660 veniam
1453 3613 1642 3678 petere
1692 3624 1803 3662 non
1839 3609 2034 3679 probi-

434 3694 663 3765 bentur.
713 3700 769 3750 et
816 3694 963 3767 quod
1008 3697 1195 3750 nullus
1238 3701 1322 3749 est
1377 3696 1514 3759 dies,
1565 3704 1792 3767 excepto
1851 3698 2033 3769 primo

436 3784 692 3840 Paschali
725 3791 841 3838 tam
869 3785 1137 3849 'solemni,
1169 3801 1269 3855 pro
1308 3785 1468 3855 cujus
1510 3786 1823 3839 reverentia
1868 3788 2029 3840 venia

433 3891 549 3930 non
578 3873 653 3930 sit
672 3875 931 3946 petenda,
978 3881 1034 3928 et
1080 3873 1449 3945 proclamatio
1490 3874 1718 3928 omnino
1759 3874 2025 3942 vitanda;

434 3963 533 4019 sed
559 3969 750 4019 tamen
781 3964 839 4017 in
861 3964 1154 4035 praecipuis
1202 3963 1357 4018 festis
1404 3964 1507 4018 hoc
1551 3965 1741 4034 agitur
1780 3964 2022 4034 parcius,

437 4069 606 4126 quam
629 4053 689 4108 in
719 4053 845 4108 aliis
873 4052 1087 4107 diebus.

1068 4141 1301 4197 CAPUT
1339 4142 1398 4197 L.

644 4234 752 4288 Pro
783 4234 981 4301 quibus
1009 4236 1189 4285 causis
1221 4235 1371 4285 ultro
1409 4234 1626 4286 veniam
1657 4238 1809 4301 petit.

2123 1927 2180 1979 in
2220 1922 2465 1994 capitulo
2496 1919 2790 1977 invenerit,
2809 1919 2922 1971 sive
2951 1916 3129 1987 pridie
3156 1916 3215 1968 in
3233 1913 3545 1968 monasterio
3560 1912 3651 1965 fue-

2122 2016 2200 2068 rit
2223 2013 2305 2066 vel
2336 2028 2470 2066 non.
2512 2010 2570 2064 Si
2615 2007 2748 2079 quid
2793 2007 2924 2068 tale,
2964 2006 3111 2058 sicut
3149 2009 3232 2058 est
3279 2005 3449 2072 major
3482 2015 3650 2061 cereus,

2121 2102 2367 2173 fregerit,
2403 2098 2712 2171 perdiderit
2752 2097 2834 2149 vel
2877 2094 3225 2166 profuderit;
3273 2093 3317 2146 si
3371 2091 3491 2162 quid
3528 2089 3655 2143 vesti-

2122 2191 2297 2246 menti
2326 2191 2414 2244 sui
2442 2187 2805 2259 pejoraverit;
2837 2186 2923 2238 vel
2952 2184 2994 2238 si
3019 2183 3316 2253 corrigiam
3346 2180 3652 2240 rasoriorum,

2116 2280 2196 2334 ita
2214 2284 2276 2333 ut
2309 2279 2489 2332 eidem
2516 2278 2664 2331 ultro
2693 2275 2821 2329 usui
2846 2290 2955 2327 non
2985 2273 3186 2343 prosit,
3218 2269 3496 2335 inciderit;
3537 2267 3577 2320 si
3606 2266 3655 2319 li-

2118 2367 2303 2427 brum,
2335 2369 2392 2421 in
2425 2384 2533 2437 quo
2571 2365 2641 2418 ad
2687 2362 3041 2417 refectorium
3094 2360 3262 2414 debet
3304 2359 3427 2433 legi,
3475 2357 3534 2411 de
3564 2356 3656 2424 ejus

2119 2457 2373 2527 neglectu
2396 2456 2454 2508 in
2479 2461 2733 2524 tempore
2762 2452 2839 2505 ibi
2860 2450 3115 2513 defuerit,
3142 2450 3193 2503 is
3211 2447 3430 2520 probis,
3451 2445 3655 2515 inquam,

2120 2546 2379 2601 omnibus
2409 2559 2519 2598 non
2546 2543 2883 2597 inclamatus
2902 2540 3122 2593 veniam
3152 2542 3326 2609 petat.
3366 2543 3420 2590 et
3440 2534 3594 2589 oratio
3620 2531 3658 2583 ei

2119 2652 2221 2706 pro
2266 2632 2620 2703 indulgentia
2664 2632 3021 2699 injungatur;
3068 2628 3124 2681 ni
3173 2634 3292 2681 tam
3341 2625 3575 2695 frequens
3616 2625 3661 2673 et

2117 2724 2245 2779 talis
2273 2724 2347 2777 sit
2394 2724 2577 2793 culpa,
2618 2736 2740 2792 quae
2778 2718 2952 2790 priori
2985 2718 3265 2782 videatur,
3299 2726 3407 2769 non
3458 2713 3528 2768 sic
3564 2725 3662 2764 em

2118 2813 2537 2868 remittendam.

2184 2901 2395 2957 Tamen
2422 2902 2638 2954 restant
2664 2897 2794 2961 tria,
2840 2912 2943 2966 pro
2993 2910 3238 2965 quorum
3281 2894 3521 2963 neglectu
3558 2892 3663 2944 item

2113 2997 2312 3064 sponte
2344 3007 2445 3044 sua
2474 2988 2693 3045 veniam
2722 2990 2894 3057 petat,
2923 2985 3020 3039 sed
3079 2989 3274 3037 tamen
3307 2982 3557 3053 judicium
3594 2994 3667 3032 ne-

2117 3097 2399 3151 quaquam
2432 3077 2661 3135 evadat:
2694 3075 2903 3129 scilicet
2928 3075 2973 3127 si
2997 3073 3121 3143 quis
3144 3079 3208 3126 et
3230 3072 3298 3126 de
3325 3070 3409 3125 his
3431 3069 3669 3139 negligen-

2116 3170 2226 3230 tiis,
2264 3185 2386 3238 quae
2415 3167 2472 3220 in
2501 3164 2718 3219 abbatis
2731 3163 2975 3233 capitulo
3003 3162 3385 3225 inveniuntur,
3406 3160 3459 3212 in
3479 3170 3667 3226 corpore

2115 3258 2201 3311 vel
2230 3256 2506 3325 sanguine
2540 3253 2766 3308 Domini
2794 3252 2910 3305 sive
2933 3251 3077 3304 clam
3098 3250 3217 3305 sive
3240 3251 3418 3321 palam
3440 3245 3666 3302 evenerit:

2115 3346 2162 3400 si
2191 3363 2289 3417 per
2313 3346 2455 3399 duas
2489 3344 2633 3397 vices
2659 3342 2715 3395 in
2741 3358 2909 3405 anno,
2942 3340 2996 3393 id
3032 3345 3119 3394 est
3162 3338 3392 3411 quando
3437 3335 3668 3392 Nativitas

2115 3442 2173 3489 et
2200 3434 2569 3489 Annuntiatio
2598 3430 2821 3486 Domini
2862 3429 3265 3501 pronuntiatur
3295 3429 3350 3482 in
3374 3425 3593 3498 capitulo
3625 3421 3668 3475 in

2115 3524 2214 3576 tali
2242 3530 2495 3593 tempore
2525 3520 2601 3573 ibi
2632 3536 2744 3573 non
2765 3518 2891 3584 erit,
2925 3522 2990 3572 ut
3018 3532 3145 3571 cum
3178 3523 3450 3572 conventu
3488 3512 3667 3567 veniam

2115 3614 2296 3666 facere
2317 3611 2510 3682 possit,
2535 3609 2773 3663 maxime
2801 3624 2927 3661 cum
2951 3607 3197 3678 pulsatio
3224 3621 3347 3676 quas
3384 3604 3566 3659 eadem
3603 3614 3671 3653 ca-

2115 3701 2295 3773 pitula
2324 3699 2589 3770 praecedit
2608 3698 2733 3751 aliis
2754 3696 3128 3767 capitulorum
3158 3692 3557 3765 pulsationibus
3574 3704 3671 3760 pro-

2112 3790 2278 3843 lixior
2300 3790 2392 3843 sit.
2428 3788 2532 3841 Sed
2557 3788 2671 3840 haec
2701 3784 2895 3855 regula
2929 3784 3009 3838 eis
3038 3789 3265 3838 tantum
3290 3781 3670 3840 estconstituta,

2112 3879 2206 3950 qui
2237 3879 2319 3932 vel
2349 3878 2407 3930 in
2435 3874 2777 3930 monasterio
2806 3873 3057 3943 proxima
3084 3883 3253 3927 nocte
3284 3876 3573 3931 manentes,
3602 3865 3671 3919 vel

2111 3985 2140 4022 e
2168 3968 2344 4021 vicino
2376 3966 2735 4019 advenientes
2766 3963 2995 4033 prosoia
3024 3962 3111 4016 sui
3141 3961 3485 4032 negligentia
3510 3954 3675 4030 praedi-

2110 4058 2212 4111 ctis
2251 4055 2508 4126 capitulis
2552 4066 2663 4106 non
2702 4051 3077 4105 interfuerint.
3154 4052 3219 4106 Si
3260 4053 3396 4107 dum
3445 4048 3671 4102 mandato

2110 4147 2284 4200 trium
2314 4159 2624 4214 pauperum
2641 4141 2955 4211 adseriptus
2972 4140 3160 4194 fuerit.
3190 4156 3375 4211 neque
3399 4141 3510 4210 ipse
3526 4148 3674 4205 neque

2112 4234 2255 4287 alius
2287 4238 2484 4302 rogatu
2509 4232 2613 4285 hoc
2640 4230 2815 4300 ipsius
2841 4229 3049 4283 fecerit.
3077 4230 3187 4292 Qui
3212 4244 3342 4284 vero
3371 4231 3426 4283 in
3443 4229 3679 4282 alterutra

503 4323 527 4347 "
550 4323 695 4377 Sunt
719 4333 908 4376 autem
934 4322 1187 4393 quaedam
1214 4321 1494 4386 instituta,
1530 4320 1731 4391 quibus
1761 4322 1807 4374 si
1850 4321 2095 4408 deeritD
2113 4322 2381 4393 praedicta
2412 4320 2711 4374 festivitate
2737 4320 2807 4373 de
2834 4320 3025 4389 aliqua
3056 4319 3331 4373 cellarum
3356 4314 3679 4408 velobedien-

432 4411 582 4465 ultro
603 4412 824 4465 veniam
846 4410 1001 4482 petit.
1033 4410 1092 4464 Id
1140 4416 1225 4463 est
1252 4408 1299 4463 si
1338 4410 1485 4463 infra
1536 4410 1810 4464 ambitum
1859 4411 2027 4473 muri,

432 4499 520 4553 vel
542 4505 699 4553 extra
726 4500 785 4552 in
815 4488 1097 4552 vicinitate
1125 4516 1377 4564 manens,
1400 4498 1565 4552 alicui
1593 4499 1835 4569 regulari
1858 4500 2027 4563 horae,

434 4587 549 4641 sive
586 4586 697 4641 illis
728 4587 907 4640 tribus
943 4588 1308 4648 orationibus,
1360 4605 1484 4657 quae
1538 4594 1667 4641 ante
1704 4594 2026 4653 nocturnos,

432 4676 519 4729 vel
548 4674 608 4729 in
639 4676 839 4746 hyeme
863 4681 992 4728 ante
1029 4676 1255 4729 tertiam
1306 4676 1468 4740 fiunt,
1517 4692 1629 4729 non
1672 4676 2026 4744 interfuerit;

435 4761 546 4817 nisi
574 4763 719 4817 forte
747 4762 823 4816 sit
851 4761 1110 4816 sacerdos
1137 4769 1194 4817 et
1223 4763 1451 4817 interim
1482 4770 1670 4818 cantet
1692 4766 1942 4830 missam,
1974 4772 2032 4820 et

435 4854 559 4923 ejus
586 4852 829 4921 adjutor,
866 4853 950 4904 vel
989 4862 1175 4905 custOs
1222 4853 1465 4907 ecclesiae
1514 4870 1640 4907 cum
1678 4852 2031 4924 adjutoribus

434 4941 550 4996 suis
579 4940 793 4995 hostias
832 4940 984 5005 facit,
1018 4941 1102 4994 vel
1132 4940 1334 5012 aliquis
1378 4958 1478 5012 pro
1511 4942 1839 4997 infirmitate
1886 4944 2031 4998 infra

436 5048 609 5087 unam
640 5031 835 5085 horam
863 5030 1106 5084 balneat.
1126 5030 1185 5084 Si
1206 5030 1531 5101 capitulum,
1552 5033 1635 5085 vel
1655 5033 2027 5098 collationem,

435 5122 525 5176 vel
551 5120 725 5183 illam,
761 5135 884 5191 quae
911 5124 1042 5172 ante
1090 5120 1315 5173 missam
1365 5121 1553 5191 agitur
1597 5122 2028 5191 processionem,

432 5212 518 5266 vel
547 5227 687 5283 opus
718 5225 1009 5269 manuum,
1038 5210 1119 5261 vel
1150 5211 1412 5278 generale
1466 5211 1794 5264 mandatum
1846 5214 1927 5277 (et
1984 5213 2032 5266 si

435 5307 561 5365 post
607 5293 949 5354 lavationem
996 5298 1197 5369 pedum
1238 5298 1550 5369 advenerit)
1589 5300 1672 5352 vel
1710 5300 2032 5369 generalem

430 5389 791 5444 refectionem
823 5388 1134 5442 dimiserit:
1163 5387 1206 5440 si
1231 5405 1434 5441 mensae
1455 5388 1646 5449 lector,
1677 5388 1760 5441 vel
1781 5390 2032 5458 coquinae

434 5477 907 5533 hebdomadarius
953 5477 1010 5531 in
1053 5476 1285 5531 sabbato
1323 5483 1548 5531 notatus
1583 5476 2029 5531 benedictionem

437 5567 771 5634 neglexerit:
806 5567 855 5620 si
875 5567 946 5621 ad
975 5581 1332 5621 communem
1353 5566 1592 5621 fratrum
1615 5582 1871 5620 rasuram
1892 5584 2032 5638 prae-

2112 4411 2339 4467 tiarum.
2375 4424 2495 4479 quae
2508 4409 2673 4477 longe
2702 4413 2834 4461 sunt
2860 4414 3110 4471 remotae,
3139 4410 3229 4462 vel
3260 4409 3357 4479 qui
3396 4420 3493 4479 pro
3521 4404 3679 4473 aliquo

2112 4500 2315 4553 itinere
2337 4499 2524 4552 triduo
2556 4498 2777 4557 missus,
2807 4497 2865 4550 in
2896 4497 3184 4551 redeundo
3217 4496 3537 4568 tempestive
3574 4490 3679 4561 qui-

2113 4590 2237 4642 dem
2261 4587 2487 4658 ceperit,
2523 4587 2617 4639 sed
2652 4586 2707 4639 in
2732 4587 2934 4640 itinere
2951 4588 3212 4655 jumento
3235 4602 3338 4640 suo
3362 4592 3458 4639 aut
3484 4581 3679 4643 comite,

2114 4679 2197 4730 vel
2228 4678 2282 4730 in
2337 4676 2520 4746 seipso
2577 4674 2787 4745 aliquid
2839 4676 2951 4728 tale
2998 4676 3467 4746 impedimentum
3514 4683 3684 4742 passus

2112 4766 2299 4829 fuerit,
2332 4782 2432 4836 pro
2452 4780 2561 4835 quo
2594 4771 2724 4817 ante
2763 4764 3073 4835 capitulum
3120 4766 3319 4818 venire
3367 4776 3476 4817 non
3513 4757 3694 4833 possit.

2112 4861 2238 4926 post
2262 4856 2503 4919 veniam,
2536 4870 2706 4907 causa
2743 4852 3095 4907 necessitatis
3120 4869 3237 4908 suae
3264 4853 3531 4924 eXposlta,
3566 4847 3686 4901 liber

2111 4944 2377 4997 abscedit.
2410 4945 2685 4998 Caeterum
2719 4960 2819 5013 pro
2849 4940 2936 4995 his
2965 4942 3343 5013 negligentiis.
3368 4954 3503 5013 quas
3536 4937 3688 4991 frater

2114 5049 2178 5087 ex
2199 5035 2303 5087 hoc
2326 5033 2612 5086 incurrere
2642 5032 2867 5101 poterit,
2906 5032 2993 5084 vel
3037 5033 3085 5084 si
3126 5038 3416 5085 nocturna;
3454 5022 3685 5083 orationi.

2112 5122 2197 5176 vel
2228 5122 2471 5192 regulari
2494 5123 2643 5175 horae
2672 5121 2756 5174 vel
2788 5120 3016 5174 Litaniaa
3046 5126 3173 5190 post
3202 5120 3465 5191 primam,
3489 5117 3565 5171 vel
3599 5128 3688 5167 cae-

2116 5212 2249 5265 teris
2277 5210 2505 5275 talibus,
2540 5226 2661 5280 quae
2686 5210 2971 5280 praemissa
2993 5216 3143 5273 sunt,
3171 5226 3286 5263 non
3317 5208 3551 5268 aiiherit,
3568 5200 3689 5257 nihil

2115 5307 2201 5354 est
2222 5301 2368 5370 quod
2400 5316 2525 5353 eum
2558 5317 2589 5352 a
2620 5300 2858 5369 petenda
2896 5299 3057 5352 venia
3102 5306 3347 5356 excuset.
3400 5297 3505 5351 nisi
3542 5295 3689 5362 rupta

2114 5406 2271 5443 vena.
2297 5390 2377 5441 vel
2422 5390 2487 5436 de
2513 5389 2743 5441 naribus
2764 5388 3236 5459 ﬂuorsanguinis;
3267 5388 3413 5441 sicut
3434 5393 3488 5440 et
3513 5385 3556 5437 si
3575 5396 3686 5435 eum

2114 5479 2261 5531 intra
2294 5476 2713 5537 monasterium,
2752 5478 2833 5530 vel
2859 5484 3017 5532 extra
3046 5478 3100 5531 in
3126 5477 3412 5530 vicinitate
3426 5476 3543 5545 ejus
3562 5468 3687 5541 posi-

2109 5573 2233 5623 tum
2260 5568 2486 5621 interim
2544 5571 2877 5635 occvpatum
2930 5583 3051 5621 esse
3104 5560 3417 5637 contingat.
3471 5554 3683 5627 Quando
