3872 6164
253 234 365 292 981

1308 240 1729 303 CONSTITUT.
1771 242 2112 300 HIRSAUG.
2154 262 2219 293 ι-ι-
2258 246 2396 310 LIB,
2435 247 2483 303 I.

3386 247 3527 327 [9βῖ

251 361 429 423 alicui
456 361 936 429 horminstituto
954 363 1226 419 interesse
1247 381 1355 421 non
1375 367 1603 437 debuit;
1628 376 1847 441 printer,
1869 367 2093 427 Amare
2122 388 2230 426 non
2265 372 2529 442 potuerit,
2566 371 2692 426 ideo
2722 371 3003 441 reticebit;
3036 373 3133 433 sed
3161 372 3379 441 tamdiu
3398 392 3522 441 eam

252 451 408 525 quod
441 451 789 522 prmmissum
816 458 919 507 est.
945 453 1013 508 de
1042 456 1307 511 mandato
1329 457 1499 511 trium
1517 476 1847 530 pauperum,

248 539 319 599 de
350 541 630 611 neglectis
657 541 882 603 duabus
915 543 1110 603 veniis.
1151 544 1204 601 id
1237 552 1321 603 est
1352 547 1409 599 in
1424 547 1613 617 vigilia
1634 550 1848 604 Nativi-

246 629 385 682 tatis
416 630 644 693 Domini
693 636 751 685 et
778 632 1215 697 Annuntiatione
1267 635 1461 705 ipsius,
1495 637 1564 691 de
1594 639 1849 707 neglecta

242 725 375 789 post
404 719 654 789 aliquam
680 719 877 787 horam
914 722 1213 776 Bcnedz'cite
1268 730 1395 794 post
1444 727 1687 783 reditum
1731 747 1743 791 ;
1778 729 1847 782 de

240 822 357 867 non
379 809 706 880 accipiendo
725 824 849 864 eam
879 809 939 869 in
964 810 1115 867 exitu
1149 830 1162 878 ς
1204 812 1250 865 si
1276 828 1389 871 non
1410 815 1642 872 redierit
1669 817 1737 871 de
1761 818 1847 872 via

239 903 375 968 post
399 896 659 955 biduum.
693 899 803 955 Sed
832 899 1145 967 sciendum,
1196 902 1243 956 si
1297 903 1600 974 aliquando
1630 907 1844 967 aestatis

242 993 504 1059 tempore
528 987 860 1051 dormienda
885 1005 1091 1047 nonam
1125 991 1451 1060 neglexerit,
1486 994 1630 1063 quod
1654 996 1841 1050 statim

241 1095 515 1150 percussa
542 1078 735 1133 tabula
762 1079 984 1133 veniam
1016 1080 1177 1151 petit,
1213 1098 1318 1133 non
1352 1098 1579 1136 servans
1629 1100 1752 1139 cam
1782 1083 1841 1139 in

1933 459 1989 511 in
2016 461 2289 517 memoria
2320 461 2599 526 retinebit,
2630 462 2806 517 donec
2837 463 3180 518 reclamandi
3210 465 3393 521 locum
3424 466 3522 531 ha-

1933 547 2143 606 buerit.

2003 639 2267 699 Quamvis
2293 640 2461 697 etiam
2494 657 2605 697 non
2638 642 2710 697 sit
2739 643 3084 697 consuetudo
3112 647 3176 697 ut
3206 643 3411 714 aliquis
3439 648 3521 711 to-

1930 732 2047 781 tum
2083 736 2415 785 conventum
2450 731 2776 800 proclamet,
2803 736 2993 791 tamen
3021 732 3339 802 quicunque
3364 737 3523 799 tenet

1927 815 2233 886 capitulum
2266 818 2397 872 data
2441 819 2733 875 occasione
2767 820 2930 891 jubet
2984 821 3519 886 universaliterillos

1927 905 2146 962 veniam
2179 913 2386 977 petere,
2419 908 2512 977 qui
2542 908 2828 965 diurnales
2856 910 3071 967 calceos
3120 915 3179 964 et
3215 911 3423 964 cultros
3460 911 3517 973 in

1926 994 2228 1063 praesentia
2256 1012 2367 1053 non
2395 995 2621 1051 habent.
2655 998 2968 1067 Aliquando
2997 1015 3111 1063 eos,
3154 999 3249 1069 qui
3294 999 3365 1057 ad
3402 1004 3519 1053 tres

1924 1083 2223 1150 orationes,
2267 1101 2390 1154 quae
2420 1102 2583 1141 mane
2608 1086 2754 1140 ﬁunt
2780 1092 2907 1157 post
2943 1086 3209 1153 sonitum.
3263 1093 3320 1143 et
3344 1088 3516 1154 inter-

1924 1170 2057 1224 dum
2086 1172 2231 1233 illos,
2260 1174 2351 1243 qui
2382 1190 2494 1229 non
2524 1174 2753 1228 fuerunt
2779 1176 2852 1237 ad
2881 1177 3293 1247 processicnem
3329 1177 3416 1230 vel
3442 1176 3511 1242 ad

1924 1260 2224 1317 stationem
2254 1278 2376 1332 quae
2405 1264 2469 1316 fit
2496 1263 2566 1317 ad
2597 1280 2839 1325 crucem,
2898 1265 2982 1318 vel
3010 1265 3082 1318 ad
3120 1270 3370 1329 sanctam
3401 1267 3515 1321 Ma-

1924 1349 2083 1401 riam.
2122 1350 2237 1403 Hoc
2289 1358 2478 1411 autem
2524 1353 2834 1406 secundum
2890 1352 3303 1417 institutionem
3362 1353 3512 1409 beati

241 1168 558 1223 crastinum
589 1168 918 1240 capitulum.

868 1258 1103 1317 CAPUT
1126 1258 1216 1313 LI.

240 1348 345 1401 Pro
364 1349 571 1414 quibus
590 1349 771 1400 causis
792 1350 1008 1402 veniam
1032 1362 1143 1401 non
1164 1352 1331 1415 potat.
1350 1350 1464 1401 nisi
1479 1350 1831 1407 inclamalus.

308 1436 515 1500 Ἴραοά
548 1436 595 1490 si
624 1435 769 1490 alius
787 1436 856 1490 de
887 1436 982 1489 illo
1015 1438 1419 1502 reclamaverit,
1452 1444 1582 1491 tunc
1608 1440 1833 1509 quidem
1919 1438 2157 1493 Utilonis
2180 1438 2302 1502 (101
2350 1442 2390 1506 ”)
2417 1457 2638 1501 summo
2693 1442 3005 1499 cavendum
3058 1435 3392 1509 est'studio,
3434 1459 3505 1507 ne

230 1525 495 1595 quotiens
528 1525 597 1578 de
626 1541 686 1580 se
724 1526 1033 1579 reclamare
1080 1526 1165 1578 vel
1212 1526 1459 1596 priorem
1514 1528 1647 1599 quid
1696 1530 1829 1595 tale,
1914 1527 2094 1597 turpis
2121 1529 2441 1583 reclamatio
2472 1530 2736 1585 audiatur
2765 1530 2822 1583 in
2853 1531 3133 1601 capitulo;
3175 1531 3273 1593 sed
3302 1531 3347 1595 si
3379 1531 3506 1601 quis

231 1630 336 1684 quo
366 1614 597 1684 culpam
627 1615 750 1684 ejus
779 1620 955 1672 notet.
989 1615 1140 1684 loqui
1170 1615 1430 1681 audierit,
1457 1617 1662 1671 totiens
1690 1634 1829 1688 quo-
1908 1614 2138 1688 ignarus
2168 1616 2309 1670 forte
2331 1618 2538 1686 profari
2576 1618 2824 1689 cceperit,
2847 1619 3020 1689 prior,
3050 1619 3133 1673 vel
3154 1618 3390 1689 quilibet
3408 1636 3506 1675 au-

232 1715 338 1773 que
367 1703 497 1756 sine
529 1716 689 1759 mora
708 1702 929 1757 veniam
960 1703 1099 1773 petit
1138 1722 1149 1756 ι
1181 1711 1237 1758 et
1267 1721 1393 1759 cum
1423 1708 1745 1768 surrexerit,
1780 1709 1889 1784 siB
1908 1705 2087 1769 diens,
2138 1711 2458 1760 reverenter
2487 1708 2712 1776 satagit,
2763 1724 2834 1760 ne
2883 1708 2953 1762 ad
3001 1708 3346 1765 audientiam
3376 1724 3505 1763 eon-

228 1808 285 1845 se
319 1808 485 1846 reum
518 1792 693 1857 novit,
725 1808 852 1845 cum
883 1791 1035 1845 omni
1071 1792 1391 1848 humilitate
1443 1800 1500 1846 et
1552 1796 1826 1865 promissa
1908 1800 2107 1848 ventus
2130 1794 2351 1860 veniat;
2385 1795 2482 1849 sed
2512 1812 2612 1849 nec
2628 1795 2899 1864 judicium
2957 1796 3160 1861 evadit,
3209 1797 3305 1867 qui
3350 1796 3500 1861 scius

227 1881 626 1937 amendatlone
654 1880 875 1951 culpam
906 1896 1065 1934 suam
1093 1881 1358 1949 fateatur,
1393 1884 1605 1937 nullam
1653 1902 1825 1955 agens

226 1970 635 2031 defensionem,
669 1970 777 2024 nisi
800 1970 846 2022 si
878 1970 1169 2025 rationalis
1195 1987 1363 2025 causa
1390 1978 1475 2026 est
1503 1973 1590 2027 vel
1620 1990 1823 2044 magna

225 2060 553 2124 necessitas,
580 2075 680 2129 pro
705 2074 817 2129 qua
845 2059 1015 2113 talem
1078 2059 1316 2114 incurrit
1355 2077 1661 2123 excessum,
1710 2081 1821 2119 non

223 2146 603 2218 multiloquio.
634 2146 733 2201 sed
782 2147 1110 2216 simpliciter
1151 2149 1350 2203 humili
1381 2151 1589 2220 promit
1639 2153 1822 2222 subje-

221 2234 424 2299 ctione,
481 2240 542 2291 et
572 2250 671 2306 pro
698 2237 799 2291 tali
844 2239 1008 2309 culpa
1044 2238 1259 2308 praelati
1304 2240 1642 2294 sententiam
1691 2257 1817 2295 cum

224 2322 497 2393 patientia
518 2326 789 2392 sustinet;
819 2326 1000 2380 sciens
1039 2326 1402 2396 impatientia:
1434 2329 1655 2398 culpam
1685 2347 1820 2399 gra-

222 2410 365 2465 viore
400 2415 755 2483 correptione
783 2415 1213 2468 emendandam.
1249 2415 1303 2468 Si
1334 2421 1523 2469 autem
1546 2417 1614 2470 de
1646 2418 1820 2475 incla-

218 2505 369 2554 mata
408 2518 527 2555 non
564 2508 650 2556 est
693 2502 797 2556 sibi
833 2504 1101 2565 conscius,
1140 2519 1243 2557 nec
1278 2504 1437 2558 fateri
1481 2522 1584 2559 nec
1621 2508 1825 2577 impor-

216 2593 348 2643 tune
394 2606 636 2660 negare,
667 2592 767 2646 sed
804 2592 886 2647 rei
920 2592 1210 2647 veritatem
1243 2592 1407 2646 debet
1435 2594 1667 2649 honeste
1698 2614 1821 2665 prc-

214 2676 376 2733 ferre.
429 2679 591 2743 Quod
635 2680 681 2734 si
727 2681 927 2735 sedens
951 2686 1009 2735 et
1044 2682 1496 2737 reclamationem
1527 2684 1595 2739 de
1624 2702 1683 2737 se
1714 2701 1817 2738 au-

213 2766 392 2832 diens,
432 2783 588 2839 prius
622 2770 976 2841 responderit
1022 2788 1190 2842 quam
1217 2771 1435 2827 veniam
1470 2772 1711 2842 petierit,
1749 2791 1814 2827 ex

216 2854 314 2910 hoc
340 2857 687 2913 inclamatus
717 2864 773 2912 et
802 2859 1019 2915 veniam
1043 2866 1237 2930 petens
1260 2859 1318 2913 in
1350 2860 1471 2930 ipso
1503 2861 1682 2914 frocco
1713 2878 1814 2916 suo

215 2960 383 2999 unam
410 2962 539 2999 cum
564 2947 715 3017 virga
735 2948 1093 3018 percussione
1114 2948 1393 3019 maccipit.
1424 2949 1545 3012 Qua
1565 2958 1810 3025 accepta,

1907 1881 2225 1951 hujusmodi
2256 1882 2337 1934 rei
2376 1883 2491 1937 tale
2516 1882 2646 1953 quid
2676 1882 2751 1937 ibi
2784 1883 3033 1953 proferre
3060 1883 3498 1954 praesumpserit.

1905 1972 2049 2026 Nam
2081 1987 2182 2025 nec
2206 1972 2324 2025 ulla
2345 1971 2704 2029 comostionis
2734 1973 2817 2029 vel
2864 1971 3147 2026 bibitionis
3185 1971 3396 2035 mentio
3420 1972 3499 2037 ibi

1903 2061 2069 2115 debet
2090 2060 2229 2125 fieri,
2262 2060 2365 2115 nisi
2388 2061 2528 2116 forte
2558 2062 2626 2114 de
2650 2061 2840 2130 aliquo
2862 2060 3171 2131 infirmiore
3191 2061 3364 2121 fratre
3391 2061 3497 2125 mi-

1904 2166 2008 2204 nus
2056 2166 2115 2202 se
2162 2148 2441 2205 reﬁciente
2471 2150 2704 2203 honeste
2741 2150 2981 2215 dicatur,
3042 2149 3191 2219 quod
3233 2149 3496 2220 indignus

1902 2238 1978 2291 sit
2003 2238 2239 2307 gratiae;
2272 2238 2359 2291 vel
2386 2237 2695 2293 admonitio
2728 2239 2824 2293 flat
2857 2238 2924 2292 de
2955 2254 3100 2308 pane
3122 2237 3205 2293 vel
3233 2238 3342 2292 alio
3373 2238 3495 2302 cibo

1903 2327 2252 2396 negligenter
2280 2333 2495 2397 parato.
2532 2327 2740 2379 Verum
2767 2325 2814 2380 si
2846 2325 2971 2396 quis
2997 2325 3169 2379 frater
3217 2326 3330 2379 tale
3359 2327 3495 2397 quid

1903 2430 2093 2484 agens,
2128 2414 2274 2484 quod
2304 2414 2596 2468 reclamari
2653 2431 2765 2473 non
2814 2419 3015 2484 potest,
3067 2418 3123 2468 et
3172 2400 3503 2477 admonitus.

1903 2503 2204 2558 emendare
2241 2503 2500 2567 noluerit,
2559 2502 2606 2555 is
2645 2503 2739 2573 qui
2768 2519 2994 2561 causam
3043 2502 3288 2573 agnovit,
3328 2502 3496 2559 debet

1901 2608 2023 2647 eam
2059 2592 2226 2661 priori
2252 2592 2618 2654 innotescere,
2644 2597 2707 2649 ut
2726 2591 2796 2647 ab
2816 2592 2936 2661 ipso
2960 2591 3139 2645 frater
3160 2591 3493 2661 delinquens

1899 2688 2112 2735 secreto
2134 2681 2455 2751 increpetur
2481 2680 2594 2734 acri
2624 2680 3019 2749 increpatione.
3054 2679 3162 2733 Sed
3205 2679 3251 2741 si
3280 2695 3384 2735 nec
3412 2678 3490 2743 sic

1898 2769 2197 2823 emendare
2222 2769 2477 2829 voluerit,
2506 2768 2660 2839 prior
2687 2768 2764 2821 illi
2789 2768 2848 2821 in
2868 2768 3109 2839 capitulo
3130 2768 3200 2829 de
3219 2767 3329 2821 alia
3348 2784 3489 2838 qua-

1897 2858 2034 2912 libet
2061 2859 2224 2928 culpa
2251 2857 2551 2912 inclamato
2579 2858 2725 2910 hanc
2772 2857 2832 2910 in
2864 2856 3194 2911 memoriam
3247 2855 3485 2923 reducit,

1896 2964 2023 3001 eum
2052 2947 2259 3017 aliquid
2307 2947 2418 3000 tale
2444 2937 2816 3015 commisisse,
2868 2945 3017 3016 quod
3063 2944 3140 3000 ibi
3178 2945 3488 3011 reclaman-

216 3040 517 3105 postqnam
548 3002 901 3106 respodderit
927 3039 1045 3091 Mea
1074 3042 1255 3106 culpa,
1293 3002 1526 3107 jubet'ur
1553 3002 1810 3110 surgere:
1832 3002 2029 3091 C‘dum
2092 3002 2205 3090 min
2260 3035 2355 3102 sit,
2420 3040 2483 3091 ut
2546 3002 2852 3093 conventus
2883 3002 3194 3104 lagnoscat,
3266 3037 3330 3099 ut
3406 3033 3486 3099 sic

212 3122 417 3178 Postea
446 3141 549 3194 pro
574 3140 684 3194 quo
713 3130 799 3179 est
832 3125 1169 3181 reclamatus
1198 3126 1458 3191 sustinet,
1493 3129 1640 3198 quod
1670 3144 1807 3200 pre-

210 3209 317 3265 lato
348 3212 597 3267 videtur.
627 3213 784 3271 Unde
810 3214 1030 3277 sedens,
1061 3214 1107 3268 si
1134 3214 1424 3269 inclamari
1448 3232 1508 3269 se
1535 3218 1800 3281 audierit,

206 3301 285 3355 vel
314 3318 433 3357 non
462 3302 700 3357 audiens
728 3302 798 3357 ab
851 3303 960 3357 alio
997 3303 1319 3359 admonitus
1370 3304 1557 3371 fuerit,
1610 3308 1802 3362 statim

208 3405 444 3461 surgens
501 3391 720 3447 veniam
785 3392 955 3463 petit,
1019 3392 1189 3446 etiam
1242 3393 1289 3447 si
1343 3410 1455 3448 non
1510 3394 1801 3451 intellexe-

206 3479 293 3542 rit,
357 3480 499 3550 quid
561 3480 620 3537 in
682 3496 741 3535 se
807 3481 1175 3537 reclamatum
1239 3482 1338 3538 sit.
1411 3483 1519 3537 Sed
1570 3491 1628 3537 et
1672 3486 1799 3539 nul-

207 3566 287 3623 lus
323 3586 460 3624 eum
515 3577 647 3624 ante
700 3570 933 3641 petitam
1000 3571 1218 3625 veniam
1275 3586 1539 3627 excusare
1594 3587 1801 3643 praesu-

148 3698 155 3705 .
204 3656 318 3723 mit,
352 3658 530 3713 etiam
558 3659 607 3714 si
646 3660 766 3728 ejus
792 3659 1171 3714 innocentiam
1201 3661 1435 3715 noverit.
1461 3662 1577 3715 Hoc
1606 3669 1794 3719 autem

203 3745 515 3802 inclamans
541 3747 708 3801 debet
726 3764 939 3811 cavere,
973 3760 1045 3802 ne
1072 3762 1174 3818 pro
1205 3765 1318 3804 una
1374 3766 1435 3805 re
1487 3751 1628 3804 duas
1667 3766 1795 3807 eum

203 3836 390 3891 venias
419 3843 614 3907 petere
641 3837 855 3903 faciat;
897 3837 994 3891 sed
1044 3837 1227 3907 primo
1281 3845 1473 3908 aperte
1513 3846 1570 3894 et
1612 3840 1793 3910 ipsam

200 3940 429 3980 causam
454 3925 789 3980 nominatim
820 3926 987 3980 dicat.
1030 3926 1173 3980 Nam
1214 3927 1261 3980 si
1300 3942 1430 3981 eum
1468 3934 1661 3983 contra
1699 3946 1792 3984 or-

198 4012 384 4071 dinem
417 4014 614 4068 fecisse
651 4014 870 4075 dixerit.
922 4014 1030 4068 nisi
1082 4014 1271 4071 statim
1328 4016 1603 4087 adjungat
1642 4018 1791 4086 quod

198 4102 407 4169 ﬁxerit,
436 4104 657 4159 veniam
691 4110 884 4175 petere
912 4105 1006 4158 ille
1037 4119 1151 4160 non
1180 4114 1453 4168 moratur,
1486 4106 1637 4163 diota
1664 4124 1791 4163 cau-

196 4207 256 4245 sa
279 4194 454 4247 aliam
482 4193 783 4263 petiturus.
816 4193 977 4257 Quod
1006 4193 1053 4247 si
1083 4209 1213 4247 eum
1246 4195 1411 4251 aliter
1458 4212 1626 4266 quam
1663 4213 1792 4257 con-

1888 3126 2007 3179 sine
2046 3125 2257 3179 offensa
2320 3124 2555 3178 fratrum
2617 3122 2675 3181 in
2731 3139 2863 3176 eum
2902 3123 3130 3193 gravius
3195 3122 3483 3189 emendari

1890 3215 2081 3285 possit.

1955 3304 2018 3357 In
2040 3301 2267 3372 judiciis
2288 3307 2476 3357 autem
2501 3299 2770 3359 faciendis
2790 3316 2902 3359 non
2925 3299 3157 3365 minima
3177 3298 3344 3361 debet
3356 3316 3481 3365 esse

1884 3391 2145 3446 discretio
2175 3390 2430 3444 ordinem
2449 3388 2725 3449 tenentis:
2761 3404 2859 3458 pro
2905 3388 3070 3459 culpa
3121 3388 3293 3454 enim,
3354 3405 3476 3459 quae

1884 3480 1939 3536 in
1972 3480 2277 3550 quemlibet
2304 3479 2642 3537 reclamatur
2686 3477 2993 3537 secundum
3035 3477 3118 3531 rei
3148 3478 3478 3548 qualitatem

1883 3576 1982 3623 aut
2002 3569 2349 3639 indulgentia
2379 3574 2479 3621 aut
2506 3568 2788 3637 vapulatio
2819 3571 2919 3620 aut
2947 3566 3167 3623 levioris
3197 3566 3476 3632 sententia

1881 3660 2056 3730 culpa;-
2099 3659 2371 3729 sequitur.
2408 3659 2552 3711 Nam
2581 3657 2865 3713 silentium
2906 3662 3005 3710 aut
3027 3655 3308 3726 jejunium
3335 3655 3477 3713 nulli

1878 3748 2161 3805 indicitur.
2195 3748 2357 3803 Solus
2377 3752 2567 3803 autem
2595 3744 2768 3805 abbas
2821 3744 2958 3814 ligat
3001 3745 3275 3815 gravioris
3299 3745 3475 3816 culpa:

1878 3836 2174 3890 sententia.
2210 3835 2342 3899 Qua;
2372 3841 2562 3888 autem
2602 3834 2669 3891 ad
2700 3833 3013 3903 graviorem
3034 3834 3255 3903 culpam
3284 3833 3475 3891 viden-

1876 3930 1970 3979 tur
2000 3926 2296 3993 pertinere,
2330 3924 2398 3981 de
2428 3924 2511 3978 his
2542 3938 2653 3981 non
2697 3923 2895 3992 loquar
2942 3922 3046 3979 hac
3093 3921 3229 3975 vice.
3296 3921 3472 3977 Porro

1873 4014 2062 4069 nullus
2090 4013 2364 4069 stamineo
2387 4008 2542 4081 (102)
2562 4016 2762 4064 exutus
2814 4008 3161 4075 verberatur,
3230 4010 3338 4067 nisi
3377 4026 3468 4063 re-

1874 4096 2033 4150 bellis
2062 4114 2184 4151 esse
2210 4096 2480 4153 videatur.
2514 4095 2614 4150 Ille
2643 4100 2830 4155 autem
2859 4093 3077 4147 rebellis
3097 4111 3219 4149 esse
3241 4094 3464 4165 judica-

1872 4192 1985 4249 tur,
2031 4186 2128 4257 qui
2158 4184 2329 4256 priori
2377 4184 2433 4238 in
2485 4183 2728 4253 capitulo
2757 4189 2969 4236 temere
2997 4182 3350 4249 contradicit,
3380 4182 3466 4236 vel

197 4282 397 4347 veniat,
427 4282 833 4346 inclamaverit,
863 4281 1092 4335 tolerari
1133 4282 1362 4351 quidem
1392 4284 1577 4349 debet,
1613 4275 2005 4383 donechuia
2028 4275 2133 4383 Ῐιῗςο
2153 4274 2300 4344 Ἷυοά
2330 4272 2431 4327 Sibi
2455 4271 3144 4383 ίηᾰιιηεὶιξνέξὶιιδιξιειιωξυ
3158 4270 3326 4383 Vitr-1'30
3347 4287 3462 4336 non

194 4369 281 4424 ille
315 4387 545 4426 sessum
572 4371 779 4437 veniat,
838 4376 896 4424 et
924 4375 1059 4424 tunc
1100 4370 1411 4427 inclamari.
1462 4374 1566 4427 Sed
1600 4380 1657 4427 et
1686 4374 1790 4428 hoc
1811 4359 2234 4427 "contradicat,
2264 4378 2429 4431 agere
2455 4367 2646 4415 tamen
2684 4359 3020 4429 dedignatur
3047 4365 3123 4427 et,
3154 4364 3219 4419 ut
3249 4359 3318 4423 de
3349 4375 3464 4447 ma-

194 4456 485 4510 sciendum
524 4463 611 4511 est
668 4456 817 4528 quod
856 4456 1064 4522 nullus,
1106 4456 1213 4513 nisi
1269 4458 1525 4512 ordinem
1565 4464 1783 4525 tenens,
1862 4453 2081 4523 joribus
2106 4458 2342 4517 taceam,
2375 4450 2545 4504 etiam
2576 4448 2670 4519 qui
2707 4448 2776 4502 de
2804 4448 3069 4512 minimis,
3102 4465 3225 4519 quae
3242 4449 3301 4511 in
3328 4465 3461 4505 eum

191 4543 260 4599 de
282 4546 399 4600 alio
431 4546 508 4599 ibi
528 4547 793 4618 loquetur
816 4560 1073 4601 sermone
1094 4545 1166 4599 ad
1208 4545 1367 4600 illum
1389 4547 1623 4614 directo,
1657 4565 1703 4600 v.
1726 4565 1782 4618 ε.
1824 4587 1831 4591 .
1870 4542 2263 4607 reclamantur,
2299 4555 2410 4594 non
2442 4539 2557 4592 vult
2594 4554 2653 4592 se
2681 4536 2960 4607 corrigere
2989 4538 3366 4608 negligentiis.
3399 4540 3454 4597 Ι,

190 4639 250 4687 ut
275 4635 431 4690 dicat
467 4636 555 4690 Vos
594 4636 707 4695 hoc,
756 4638 836 4688 vel
868 4634 1015 4688 illud
1068 4634 1312 4698 frcistz's;
1354 4651 1457 4690 nec
1487 4636 1784 4707 quisquam
1869 4630 2119 4691 Rebellio
2172 4629 2397 4699 proprie
2429 4627 2631 4683 dicitur
2656 4626 3055 4693 inobedientia,
3097 4643 3226 4683 cum
3254 4627 3327 4687 ab
3356 4628 3459 4683 ab-

190 4723 291 4776 nisi
322 4723 477 4793 quod
520 4730 738 4778 certum
794 4721 1014 4781 habeat.
1056 4721 1361 4777 inclamare
1398 4724 1594 4794 debet;
1639 4731 1699 4782 ut
1738 4724 1786 4779 si
1866 4718 1994 4773 hate
2034 4719 2119 4775 vel
2158 4717 2342 4789 priore
2379 4716 2545 4775 alicui
2606 4714 2910 4786 quidquam
2971 4714 3309 4787 injungitur,
3373 4734 3460 4775 so-

187 4811 277 4865 ille
306 4813 671 4866 inclamatam
701 4812 922 4881 culpam
952 4811 1261 4878 negaverit,
1281 4812 1410 4879 iste,
1445 4814 1592 4867 unde
1621 4814 1779 4880 sciat,
1864 4825 1973 4879 que
2011 4808 2117 4862 hoc
2154 4823 2266 4865 non
2305 4806 2489 4859 facere
2526 4809 2719 4875 aperte
2758 4803 2905 4858 vocis
2943 4806 3296 4867 contumacia
3322 4823 3457 4876 pror-

187 4916 307 4954 eam
330 4901 624 4957 evidenter
641 4899 848 4961 dicere,
882 4898 1080 4968 possit.
1114 4898 1517 4956 Verumtamen
1549 4902 1607 4955 in
1637 4902 1782 4972 prio-

184 4988 257 5043 ris
284 4995 569 5060 potestate
589 4989 714 5051 erit,
749 4989 1029 5059 quomodo
1072 4989 1200 5046 talis
1255 4990 1418 5060 culpa
1467 4996 1775 5051 remaneat.

184 5077 326 5131 Nam
358 5078 465 5132 etsi
491 5077 724 5132 leviores
749 5094 931 5133 causas
960 5080 1289 5149 plerumque
1313 5078 1644 5135 mediocrius
1671 5085 1782 5133 tra-

180 5172 425 5225 ctentur.
458 5174 671 5233 tamen,
726 5168 773 5221 si
820 5184 988 5222 causa
1026 5169 1205 5238 major
1242 5167 1432 5233 fuerit,
1473 5167 1780 5225 indiscussa

180 5270 290 5309 non
320 5255 666 5322 remanebit;
701 5273 886 5327 neque
918 5258 1111 5323 frater,
1143 5257 1242 5327 qui
1287 5273 1411 5310 eam
1453 5254 1611 5323 vidit,
1642 5257 1690 5311 si
1718 5257 1777 5311 in

179 5345 432 5415 proximo
469 5346 556 5399 vel
593 5345 761 5399 tertio
797 5346 884 5399 vel
922 5352 1124 5416 quarto
1157 5345 1400 5417 capitulo
1429 5346 1573 5399 hanc
1608 5346 1779 5401 recla-

248 5462 425 5535 (ιον)
458 5466 711 5522 0dilom's
738 5464 865 5521 abb.
907 5466 1069 5522 Clun.

246 5537 408 5607 μω)
435 5537 788 5601 Sta-uanum
816 5539 1261 5607 minem,
1291 5550 1389 5594 ven
1414 5539 1783 5609 camisia,qu

1864 4896 2081 4957 titetur.
2118 4897 2189 4951 II.
2229 4893 2477 4949 Rebellio
2501 4899 2603 4954 est,
2636 4909 2761 4949 cum
2793 4892 2918 4963 quis
2962 4910 2997 4949 a
3025 4895 3257 4965 praelato
3279 4897 3457 4959 carri.-

1862 4987 2031 5058 pitur,
2062 4991 2122 5038 et
2150 5001 2263 5041 non
2300 4984 2481 5045 solum
2506 4981 2741 5041 eandem
2771 4982 3183 5053 correptionem
3214 5000 3324 5039 non
3354 4982 3457 5047 hu-

1863 5076 2073 5130 militer
2118 5072 2379 5129 sustinet,
2427 5087 2616 5131 verum
2660 5070 2831 5125 etiam
2884 5077 3080 5125 contra
3126 5072 3370 5143 superbe
3398 5078 3457 5129 et

1860 5162 2266 5231 contumaciter
2298 5160 2636 5231 respondere
2665 5175 3023 5230 nequaquam
3075 5166 3316 5219 veretur.
3349 5161 3450 5225 III.

1860 5253 2111 5309 Rebellio
2135 5256 2238 5317 est,
2268 5266 2395 5304 cum
2431 5250 2499 5303 de
2545 5247 2792 5319 qualibet
2820 5264 2881 5301 re
2910 5247 3111 5317 saepius
3162 5254 3453 5319 correptus

1859 5341 2160 5397 emendare
2206 5339 2534 5395 contemnit.
2576 5337 2677 5405 IV,
2743 5334 2992 5393 Rebellio
3022 5335 3195 5390 etiam
3222 5337 3450 5405 dicitur,

1859 5465 2120 5520 monachi
2161 5464 2277 5518 vice
2320 5461 2482 5516 cilicii
2511 5461 2831 5515 utebantur.
2881 5457 3025 5510 Nam
3083 5458 3452 5518 benedictlnis

1858 5542 2041 5594 tim
2068 5538 2329 5592 camisia:
2361 5532 2648 5588 interdixit
2672 5526 3033 5585 Innocentius
3059 5529 3143 5591 In
3166 5532 3279 5587 ml.
