3872 6164
418 250 535 313 983
1469 247 1528 301 S.
1571 241 1968 301 GUILLELMI
2007 239 2312 299 ABBATIS
2354 241 2692 300 HIRSAUG.
2974 192 2981 195 ⁷
3545 245 3632 304 984

435 380 571 435 dum
601 378 762 433 fratri
790 375 1053 448 quaelibet
1080 388 1168 430 res
1190 373 1526 444 injungitur,
1551 378 1607 427 et
1633 371 1886 443 quamvis
1903 387 2029 424 con-
2046 370 2276 435 Adinis,
2305 378 2370 425 ut
2397 372 2490 441 qui
2510 370 2784 438 judicium
2806 367 3025 438 accipit,
3049 367 3343 440 quidquam
3365 368 3498 424 aliud
3517 370 3639 427 dicat

428 469 712 524 tradicere
745 461 927 520 verbis
955 482 1065 519 non
1093 464 1316 528 audeat,
1352 480 1517 533 agerc
1547 469 1737 516 tamen
1768 460 2033 530 dedigna-
2113 461 2219 514 nisi
2253 463 2366 516 Mea
2397 465 2577 529 culpa,
2609 466 2799 513 tamen
2842 457 3141 528 aliquando
3188 474 3308 511 cum
3361 474 3443 511 res
3493 460 3639 530 scopis

432 562 543 613 tur.
577 556 674 609 Hae
706 560 949 625 quatuor
979 568 1160 608 causae
1214 569 1314 624 pro
1370 551 1675 606 rebellione
1727 548 1942 614 haberi,
1975 554 2033 601 et
2113 550 2319 620 agitur,
2353 556 2410 603 et
2435 550 2578 603 forte
2607 564 2667 602 se
2698 547 3126 602 emendaturum
3147 545 3359 613 dixerit,
3377 563 3479 601 non
3492 548 3642 603 solum

434 643 694 699 staminei
740 643 1024 697 exuitione
1071 643 1257 695 solent
1303 640 1589 694 vindicari.
1630 639 1730 692 Hic
1756 654 1908 708 ergo,
1937 637 2034 707 qui
2115 655 2228 693 non
2255 643 2502 702 notatur,
2524 638 2623 692 sed
2652 643 2710 691 et
2734 635 2975 690 libenter
3002 652 3038 690 a
3088 634 3358 707 prioribus
3397 636 3643 707 accipitur,

433 733 533 788 tali
555 732 769 803 judicio
799 730 1086 801 subjacere
1106 730 1356 803 jubetur,
1382 728 1601 783 cuculla
1623 733 1677 781 et
1702 726 1884 781 frocco
1908 741 2035 779 exu—
2117 734 2175 782 et
2204 727 2274 781 ab
2295 727 2376 782 eis
2402 726 2818 781 intercessionis
2844 724 3048 796 gratia,
3082 741 3206 796 qua
3255 724 3648 795 diligentioribus

433 822 530 888 tis,
563 828 621 876 et
647 820 719 874 ad
750 820 920 891 pedes
949 836 1081 875 suos
1108 819 1306 891 positis
1337 818 1512 881 sedet,
1536 816 1914 886 accedensque
1936 815 2037 868 Ca-
2117 815 2385 870 fratribus
2413 816 2585 870 etiam
2628 814 2686 868 in
2733 813 3045 869 minoribus
3088 812 3310 884 judiciis
3335 813 3468 867 solet
3491 812 3649 868 adesse

435 910 714 964 merarius
741 924 868 963 cum
897 911 1101 973 cultro,
1132 908 1474 963 stamineum
1500 907 1620 976 ejus
1643 904 1942 969 dissutum,
1965 901 2036 956 ab
2117 911 2443 977 spontanee,
2477 905 2665 959 minus
2693 903 2871 958 cautis
2918 902 2979 957 in
3032 900 3337 972 majoribus
3378 901 3647 970 adhibetur,

436 1004 677 1070 utroque
704 999 940 1053 humero
968 1014 1172 1070 parum
1222 996 1401 1051 trahit
1438 995 1722 1049 deorsum.
1755 992 1912 1057 Quod
1943 996 2032 1045 ta-
2118 994 2531 1048 emendationis
2577 998 2659 1063 (ut
2699 992 2911 1048 dictum
2949 993 3050 1062 est)
3090 990 3448 1062 promissione
3487 1007 3651 1062 proro-

438 1105 568 1143 men
589 1088 888 1159 praedictus
916 1088 1111 1153 frater,
1145 1102 1269 1140 cum
1296 1086 1544 1157 primum
1568 1090 1791 1154 tempus
1818 1080 2032 1136 habue-
2116 1088 2262 1138 cata.

438 1178 536 1247 rit,
567 1177 840 1231 resarcire
871 1192 983 1230 non
1014 1175 1267 1245 negligit,
1301 1191 1370 1228 ne
1397 1174 1476 1227 ita
1504 1172 1570 1226 ad
1604 1170 1903 1225 lavandum
1941 1186 2033 1224 re-
2187 1174 2246 1229 Si
2284 1173 2473 1244 plures
2500 1172 2713 1227 fuerint
2749 1172 2808 1226 in
2837 1187 2978 1243 quos
3003 1169 3356 1234 emendatur,
3384 1169 3516 1224 facto
3538 1169 3587 1224 in
3607 1187 3655 1224 se

438 1266 699 1337 cipiatur.
731 1266 929 1320 Frater
956 1269 1166 1329 autem,
1200 1263 1294 1334 qui
1311 1262 1586 1333 judicium
1608 1260 1759 1324 facit,
1783 1264 1908 1330 post
1929 1264 2037 1312 ter-
2111 1263 2341 1333 judicio.
2383 1262 2619 1333 quisque
2647 1278 2681 1315 a
2707 1262 2895 1332 priore
2922 1262 3113 1332 jussus
3155 1275 3368 1313 sessum
3404 1258 3497 1321 ire,
3540 1258 3655 1329 judi-

439 1371 575 1425 gum
603 1355 761 1431 illius
786 1359 942 1407 stans
971 1353 1026 1406 id
1052 1352 1293 1424 peragit.
1321 1352 1385 1405 In
1419 1365 1645 1420 unoque
1669 1349 1913 1418 capitulo
1925 1347 2036 1401 duo
2118 1352 2266 1406 cium
2297 1351 2447 1405 inter
2472 1367 2568 1404 eos
2595 1350 2822 1404 facienti
2853 1349 2951 1403 dat
2981 1349 3167 1402 locum
3192 1365 3204 1400 :
3239 1347 3307 1401 de
3336 1363 3439 1417 quo
3472 1346 3514 1400 si
3558 1348 3656 1418 quis

434 1443 649 1513 judicia
672 1442 814 1497 nulli
842 1442 1181 1505 inferuntur,
1232 1438 1342 1493 nisi
1391 1454 1493 1509 pro
1548 1436 2032 1503 contradictione;
2120 1440 2362 1511 amplius
2390 1438 2542 1510 loqui
2588 1439 2778 1503 habet,
2829 1454 2941 1492 non
2983 1437 3040 1491 id
3083 1442 3221 1491 tunc
3250 1436 3385 1506 agit,
3429 1435 3517 1489 sed
3559 1451 3659 1489 cum

443 1531 541 1585 sed
569 1531 618 1584 si
642 1535 769 1602 post
787 1531 1073 1600 ﬂagellum
1099 1529 1212 1582 tale
1242 1527 1391 1581 aliud
1426 1527 1484 1581 in
1515 1543 1643 1581 eum
1674 1526 2033 1590 reclamatur,
2119 1528 2305 1583 cmteri
2326 1543 2523 1591 omnes
2543 1543 2756 1581 sessum
2783 1525 3055 1590 venerint,
3083 1525 3215 1595 quia
3241 1542 3350 1579 non
3366 1529 3447 1578 est
3468 1538 3659 1577 consue-

443 1619 591 1690 quod
620 1618 795 1690 priori
824 1618 1070 1672 inultum
1094 1633 1207 1670 non
1236 1615 1439 1669 debere
1464 1614 1673 1668 dimitti
1693 1613 1930 1679 videtur,
1950 1612 2087 1690 ju-_
2118 1618 2276 1683 tudo,
2326 1622 2393 1671 ut
2446 1632 2669 1687 quoque
2696 1615 2764 1669 ad
2783 1615 3059 1686 judicium
3091 1619 3372 1685 prostrato
3396 1612 3580 1683 aliquis
3602 1612 3659 1665 ibi

440 1687 537 1762 bet
563 1687 693 1761 eum
722 1723 823 1778 pro
852 1708 957 1761 hoc
982 1706 1202 1759 veniam
1223 1710 1415 1775 petere
1443 1703 1515 1757 ad
1554 1702 1862 1756 crastinum
1892 1687 2099 1772 capi-B
2118 1705 2518 1777 loquatur,nisi
2544 1705 2809 1776 praelatus
2839 1703 2974 1775 quid
3003 1703 3248 1758 breviter
3275 1702 3423 1773 loqui
3448 1701 3657 1755 voluerit.

441 1796 644 1851 tulum.
677 1795 837 1858 Quod
868 1794 916 1848 si
940 1792 1143 1864 aliquis
1163 1798 1287 1863 post
1312 1797 1599 1863 acceptum
1619 1789 1893 1860 judicium
1921 1805 2040 1842 ver-
2118 1796 2279 1850 Unde
2310 1796 2415 1849 hoc
2445 1794 2755 1848 curandum
2780 1799 2884 1858 est,
2945 1798 3010 1847 ut
3058 1808 3186 1847 cum
3218 1791 3373 1863 prior
3393 1790 3661 1862 quempiam

439 1884 534 1951 bo,
564 1884 651 1938 vel
684 1883 856 1938 etiam
913 1883 1034 1954 ipso
1089 1881 1285 1936 habitu
1343 1880 1572 1951 aliquod
1626 1876 2039 1949 dedignationis
2125 1900 2326 1938 exuere
2346 1882 2600 1953 jusserit,
2627 1881 2737 1935 nisi
2785 1881 2911 1952 quis
2956 1897 3016 1935 se
3040 1882 3109 1935 de
3139 1897 3208 1935 eo
3239 1880 3375 1934 velle
3398 1880 3536 1950 loqui
3560 1879 3663 1933 inti-

443 1973 668 2043 signum
696 1973 1090 2027 demonstrare
1116 1968 1552 2041 praesumpserit,
1586 1968 1804 2022 noverit
1824 1984 1885 2020 se
1912 1966 2042 2020 inde
2128 1972 2383 2037 maverit,
2410 1971 2565 2042 prior
2591 1969 2816 2024 interim
2848 1970 2954 2024 hoc
2976 1969 3220 2035 differat,
3258 1969 3428 2023 donec
3454 1968 3565 2032 iste,
3593 1966 3664 2036 qui

444 2079 557 2116 non
581 2078 955 2127 recessurum,
988 2061 1169 2116 donec
1205 2060 1289 2113 vel
1320 2065 1663 2129 spontaneus
1707 2058 1797 2111 vel
1843 2056 2040 2110 saltem
2123 2060 2314 2125 habet,
2336 2060 2603 2131 proferat.
2638 2058 2799 2122 Quod
2838 2063 3049 2122 tamen,
3105 2057 3154 2110 si
3194 2061 3329 2110 tunc
3386 2054 3662 2126 neglexerit,

447 2150 564 2203 acri
591 2150 943 2220 correptione
968 2154 1195 2202 coactus
1224 2148 1452 2217 dignam
1488 2162 1589 2217 pro
1619 2162 1782 2216 posse
1810 2161 1912 2199 suo
1950 2159 2043 2198 sa-
2123 2156 2354 2221 propter
2383 2148 2590 2202 factum
2609 2147 2883 2218 judicium
2904 2146 2999 2200 ille
3027 2161 3139 2199 non
3162 2143 3431 2200 reticebit.
3451 2144 3522 2198 De
3538 2143 3666 2212 culpa

447 2237 820 2293 tisfactionem
843 2253 972 2292 cum
1002 2237 1155 2291 omni
1174 2237 1495 2290 humilitate
1523 2234 1862 2305 promiserit.
2125 2244 2315 2294 autem
2345 2239 2463 2308 jam
2494 2236 2813 2301 emendata,
2856 2234 3198 2290 defensionis
3225 2232 3448 2288 verbum
3470 2234 3574 2304 jam
3596 2246 3667 2285 ca-

1054 2325 1288 2380 CAPUT
1312 2322 1433 2378 LII.
2126 2333 2304 2394 vetur,
2343 2343 2412 2381 ne
2443 2325 2539 2397 qui
2570 2325 2847 2396 judicium
2876 2324 2999 2379 ﬁeri
3034 2323 3227 2395 jussit,
3275 2322 3479 2394 culpari
3520 2320 3667 2374 videa-

684 2417 755 2469 De
790 2416 1115 2469 discretione
1132 2415 1418 2482 judicium
1446 2414 1796 2480 facientium.
2123 2422 2234 2471 tur.

518 2517 540 2538 ⁸
558 2504 722 2559 Tales
736 2520 866 2557 vero
885 2503 1100 2574 judicia
1131 2503 1312 2556 facere
1320 2501 1593 2572 jubentur
1611 2501 1707 2571 qui
1727 2504 1898 2554 tanta;
1912 2505 2046 2553 sunt
2715 2503 2958 2559 CAPUT
2995 2501 3147 2558 LIII.

452 2593 826 2658 discretionis,
856 2598 922 2646 ut
945 2592 1143 2658 sciant,
1175 2591 1454 2663 quomodo
1486 2589 1795 2661 quamlibet
1821 2590 2042 2660 culpam
2129 2596 2272 2663 Quid
2288 2596 2591 2649 cavendum
2612 2596 2683 2647 sit
2708 2600 2822 2647 tam
2842 2594 3184 2647 inclamanti
3202 2592 3370 2662 quam
3397 2592 3666 2645 inclamata.

455 2682 759 2737 emendare
787 2680 1049 2745 debeant,
1083 2681 1179 2752 qui
1208 2685 1265 2734 et
1291 2679 1589 2750 diligenter
1606 2678 1901 2732 attendant
1913 2677 2048 2749 quid
2204 2686 2220 2707 *
2250 2682 2594 2736 Inclamatus
2620 2683 2790 2736 etiam
2822 2698 2937 2736 suae
2964 2680 3379 2735 inclamationis
3420 2684 3524 2733 tam
3549 2682 3674 2732 extra

449 2771 509 2825 in
531 2770 840 2842 quemlibet
866 2771 1224 2836 reclametur,
1249 2770 1469 2840 culpam
1492 2769 1661 2822 simul
1681 2774 1737 2821 et
1763 2767 2051 2821 inclamati
2132 2789 2299 2844 quam
2333 2772 2479 2826 infra
2507 2771 2811 2843 capitulum
2843 2774 3000 2825 cavet
3013 2769 3508 2825 murmurationem
3528 2767 3674 2819 facere

451 2859 803 2930 diligentiam
826 2875 926 2913 seu
959 2858 1359 2929 negligentiam
1403 2873 1594 2912 secum
1640 2857 2042 2922 examinantes,
2129 2862 2200 2915 ad
2257 2876 2617 2932 quemquam.
2660 2860 2804 2914 Nam
2852 2876 2955 2913 nec
2982 2859 3084 2914 ulli
3111 2859 3185 2913 de
3213 2859 3320 2923 his,
3350 2874 3469 2928 quae
3491 2856 3611 2911 talia
3630 2854 3675 2907 in

447 2964 563 3003 non
592 2947 834 3019 propriae
854 2947 1130 3000 voluntati
1154 2945 1578 3000 satisfacientes.
1599 2946 1754 3016 Saepe
1767 2945 1913 2999 enim
1927 2960 2048 2998 eve—
2070 3006 2109 3021 η
2129 2950 2375 3021 capitulo
2409 2952 2676 3020 aguntur,
2709 2953 2871 3002 extra
2911 2947 3226 3019 capitulum
3264 2948 3393 3001 licet
3418 2945 3675 3017 quidquam

448 3037 553 3104 nit,
585 3006 650 3091 ut
675 3006 879 3107 aliquis
904 3035 1321 3105 diligentiorum
1348 3035 1584 3089 fratrum
1610 3034 1667 3088 in
1682 3006 1903 3105 culpam
1932 3050 2048 3087 ma-
2066 3006 2303 3110 eloqui,
2328 3006 2546 3092 nisivsic
2575 3006 2753 3109 possit
2796 3037 2940 3102 ﬁeri,
2974 3006 3039 3091 ut
3067 3054 3185 3091 non
3226 3006 3573 3098 scandalum;
3599 3031 3675 3085 sed

445 3126 631 3195 jorem
661 3125 1023 3195 incidat,quae
1035 3140 1146 3178 non
1170 3124 1249 3178 ita
1270 3124 1329 3177 in
1346 3140 1431 3190 eo,
1451 3129 1516 3178 ut
1536 3124 1596 3177 in
1615 3124 1933 3194 negligente
1949 3122 2049 3176 ali-
2129 3128 2316 3200 potius
2341 3126 2634 3181 mdiﬁcatio
2660 3126 2735 3180 sit
2758 3126 3132 3180 audientium.
3189 3126 3299 3181 Sed
3340 3130 3396 3179 et
3417 3121 3677 3177 cavendum

453 3230 564 3285 quo
593 3213 882 3268 emendari
909 3214 1071 3267 solet.
1099 3214 1297 3267 Jussus
1325 3217 1514 3267 autem
1546 3214 1614 3266 ad
1661 3212 2047 3283 accipiendum
2131 3222 2217 3271 est
2242 3233 2313 3271 ne
2344 3216 2659 3287 quisquam,
2693 3232 2821 3270 cum
2840 3215 3070 3269 fratrem
3102 3214 3174 3269 ob
3198 3212 3679 3285 majoremaliquem

446 3303 721 3374 judicium
758 3319 819 3357 se
857 3319 969 3356 non
1006 3308 1304 3373 praeparat,
1338 3301 1445 3355 nisi
1474 3302 1843 3369 inclainatus;
1887 3306 2050 3355 ante-
2132 3322 2417 3360 excessum
2446 3300 2596 3359 videt
2646 3305 2704 3358 in
2762 3304 2926 3358 anxio
2955 3304 3228 3375 positum,
3261 3304 3418 3375 quasi
3444 3308 3564 3356 tunc
3589 3296 3679 3369 pri-

455 3408 625 3463 quam
647 3396 902 3456 exuatur,
935 3406 1039 3445 nec
1066 3391 1284 3444 veniam
1313 3390 1470 3461 petit,
1504 3407 1607 3445 nec
1633 3390 1845 3461 aliquid
1873 3389 2050 3461 loqui-
2132 3412 2286 3450 mum
2313 3396 2542 3449 inventa
2570 3393 2879 3459 occasione,
2912 3409 2979 3447 ea
3010 3409 3132 3463 quae
3154 3394 3279 3463 jam
3308 3397 3435 3447 ante
3460 3390 3590 3445 ultro
3609 3401 3681 3440 re-

453 3485 581 3547 tur;
615 3480 712 3533 sed
745 3480 934 3533 statim
967 3484 1185 3544 exutus,
1209 3480 1541 3533 vestimenta
1554 3496 1659 3533 sua
1675 3479 1757 3533 ita
1784 3478 1960 3550 ponit,
1988 3483 2053 3532 ut
2133 3484 2312 3548 ticuit,
2344 3488 2444 3537 aut
2471 3481 2732 3554 quaelibet
2755 3480 2993 3552 pristina
3028 3482 3151 3551 ejus
3208 3481 3357 3536 facta
3391 3491 3679 3536 commemo-

454 3569 516 3622 in
542 3568 772 3638 longum
803 3573 1118 3637 prostratus
1149 3567 1239 3620 Vix
1278 3568 1461 3638 capite
1518 3568 1589 3621 ad
1638 3584 1704 3621 ea
1745 3567 2047 3638 pertingat.
2134 3572 2330 3639 rando,
2360 3572 2582 3642 culpam
2611 3571 2761 3625 illius
2786 3569 3015 3624 studeat
3058 3586 3416 3641 exaggerare.
3456 3565 3682 3623 Similiter

457 3657 634 3726 Cujus
657 3656 1020 3723 stamineum,
1049 3656 1097 3709 si
1120 3672 1261 3726 opus
1281 3662 1385 3722 est,
1408 3656 1565 3727 prius
1578 3656 1864 3727 componit
1890 3656 1938 3710 is
1956 3656 2053 3726 qui
2134 3660 2438 3715 inclamata
2458 3659 2689 3714 cuilibet
2703 3658 3008 3713 cavendum
3027 3664 3114 3712 est
3132 3675 3207 3713 ne
3227 3673 3567 3731 quemquam,
3596 3650 3679 3707 nisi

452 3744 728 3815 judicium
752 3743 936 3798 faciet.
970 3745 1077 3801 Sed
1110 3744 1241 3814 quia
1269 3744 1501 3799 diversae
1532 3745 1867 3816 quantitatis
1885 3744 2053 3815 virgae
2135 3750 2388 3806 ordinem
2418 3754 2725 3815 tenentem,
2743 3747 2841 3801 sed
2860 3747 3074 3802 ethunc
3098 3763 3218 3801 non
3233 3748 3342 3802 nisi
3364 3747 3463 3801 sibi
3489 3746 3682 3815 loquen-

458 3850 563 3904 per
591 3832 989 3887 Gianatarium
1045 3832 1449 3888 administratae
1507 3850 1797 3905 nunquam
1850 3834 2055 3888 desunt
2133 3844 2249 3892 tem
2267 3837 2612 3909 inspiciat,et
2629 3836 3027 3891 inclamantem
3057 3852 3118 3889 se
3163 3836 3224 3890 in
3257 3853 3323 3891 eo
3355 3833 3578 3907 capitulo
3595 3844 3682 3884 non

458 3922 560 3990 ibi,
582 3923 796 3977 scilicet
815 3924 1058 3993 majores
1077 3924 1148 3976 ad
1165 3920 1579 3994 corripiendum
1612 3924 1799 3978 minus
1835 3933 2049 3991 cautos,
2135 3927 2418 3981 inclamet.
2451 3926 2613 3991 Quod
2642 3931 2700 3980 et
2734 3926 2793 3979 in
2815 3924 3068 3997 proximo
3101 3931 3202 3979 aut
3238 3926 3407 3980 etiam
3439 3921 3588 3978 tertio
3618 3916 3684 3971 vel

459 4011 707 4065 minores
737 4027 867 4065 vero
905 4012 975 4065 ad
996 4011 1402 4081 diligentiores,
1431 4012 1552 4083 ipse
1575 4013 1645 4066 ad
1669 4012 1947 4083 judicium
1976 4013 2055 4067 fa-
2137 4023 2339 4087 quarto
2369 4028 2628 4084 cavetur;
2664 4016 2712 4069 si
2749 4021 2941 4069 tamen
2966 4014 3156 4085 gravis
3190 4016 3368 4086 culpae
3395 4014 3485 4067 ille
3510 4012 3560 4065 in
3581 4023 3684 4063 eum

459 4100 718 4155 ciendum
739 4100 947 4170 eligere
964 4098 1380 4170 debet,qualem
1398 4100 1520 4171 ipsa
1538 4118 1598 4155 re
1631 4101 1854 4172 exposci
1881 4101 2051 4158 videt.
2136 4106 2333 4160 fecerit
2350 4104 2828 4159 reclamationem.
2855 4104 2962 4158 Sed
2993 4119 3178 4173 neque
3216 4105 3278 4158 in
3311 4119 3376 4157 eo
3404 4098 3622 4172 capitulo
3640 4095 3686 4148 in

460 4186 528 4242 In
554 4204 664 4259 quo
692 4193 820 4259 post
845 4188 1086 4259 primam
1115 4189 1532 4259 percussionem
1559 4206 1662 4244 nec
1688 4190 1784 4244 ille
1825 4206 2056 4245 manum
2139 4211 2480 4264 quemquam
2509 4194 2597 4247 sui
2646 4192 3068 4247 inclamatorem
3108 4192 3238 4263 quis
3284 4191 3507 4263 jubetur
3543 4186 3689 4241 facere

459 4276 847 4347 percutientis,
879 4292 982 4331 nec
1008 4278 1116 4331 iste
1127 4294 1316 4332 vocem
1330 4283 1617 4349 exspectat
1630 4281 1748 4333 Mea
1766 4282 1948 4348 culpa,
1971 4296 2056 4333 re-
2135 4283 2432 4353 judicium,
2458 4281 2555 4353 qui
2575 4282 2791 4353 primus
2810 4281 3135 4335 inclamavit
3147 4282 3339 4353 ipsum
3352 4326 3365 4337 .
3401 4278 3504 4334 Sed
3521 4283 3573 4330 et
3583 4288 3689 4328 con-

460 4365 820 4436 spondentis;
852 4366 950 4420 sed
970 4366 1127 4420 nulla
1150 4367 1209 4421 in
1232 4368 1335 4421 hac
1381 4384 1442 4421 re
1484 4374 1702 4422 servata
1745 4368 2050 4439 parilitate,
2066 4362 2116 4420 D
2137 4372 2311 4426 versis
2342 4371 2399 4425 id
2430 4371 2659 4426 omnino
2673 4369 2838 4424 debet
2857 4386 2978 4425 esse
3000 4370 3250 4425 alienum
3276 4389 3289 4424 :
3321 4384 3447 4424 nam
3472 4361 3691 4420 sacerdos

462 4454 833 4508 continuatim
852 4454 959 4509 iste
972 4456 1233 4525 percutit,
1259 4456 1353 4509 ille
1374 4458 1489 4510 Mea
1511 4460 1674 4525 culpa
1709 4457 1861 4522 dicit,
1883 4457 2059 4511 donec
2137 4463 2196 4517 in
2226 4460 2592 4526 sacerdotem,
2625 4465 2683 4513 et
2708 4459 2946 4530 quisque
2986 4459 3046 4513 in
3079 4474 3231 4525 eum,
3287 4457 3381 4529 qui
3421 4454 3500 4509 vel
3525 4452 3601 4507 sui
3623 4448 3690 4501 vel

463 4541 621 4613 prior
643 4543 1051 4612 percutientem
1079 4560 1300 4599 cessare
1313 4544 1551 4615 jubebit.
1575 4545 1849 4600 Nimietas
1867 4550 2059 4600 tamen
2139 4548 2419 4603 inferioris
2449 4552 2533 4603 est
2580 4546 2812 4611 ordinis,
2846 4547 2982 4601 facit
3003 4546 3305 4617 judicium,
3349 4550 3406 4600 et
3447 4538 3692 4597 interdum

462 4629 801 4684 festinantia:
826 4637 1055 4686 cavetur
1082 4633 1153 4685 ab
1191 4638 1457 4703 utroque.
1509 4634 1700 4705 Sc0pis
1728 4640 1918 4689 autem
1948 4634 2054 4689 etsi
2135 4637 2366 4708 jubetur
2419 4637 2479 4691 id
2535 4637 2714 4691 facere
2742 4636 2944 4707 aliquis
2972 4651 3170 4691 eorum
3199 4635 3296 4707 qui
3323 4639 3470 4689 stant
3493 4631 3547 4685 in
3564 4624 3693 4697 judi-

462 4719 707 4789 majores
733 4723 953 4773 tantum
974 4724 1061 4780 (ut
1090 4720 1301 4776 dictum
1322 4725 1427 4791 est)
1452 4723 1630 4794 culpae
1661 4724 2051 4792 emendentur,
2136 4726 2243 4781 cio.

462 4806 681 4862 modice
705 4813 897 4862 tamen
923 4808 1249 4881 hujusmodi
1290 4812 1566 4884 correptio
1597 4812 1913 4880 inchoatur,
1957 4813 2056 4868 sed
2721 4812 2949 4868 CAPUT
2985 4811 3128 4867 LIV.

464 4896 513 4951 si
531 4898 764 4968 praelato
801 4897 981 4951 visum
1009 4898 1194 4961 fuerit,
1209 4901 1375 4970 jussu
1401 4902 1523 4971 ejus
1551 4901 1757 4956 sensim
1789 4909 2052 4973 augetur,
2139 4904 2291 4972 Quod
2328 4905 2392 4956 in
2440 4903 2799 4956 reclamando
2828 4917 2941 4956 non
2969 4904 3041 4955 sit
3074 4915 3444 4971 personarum
3470 4893 3686 4962 deceptio-

465 4991 690 5040 servata
714 4991 906 5041 tamen
932 4987 1138 5059 ubique
1156 4989 1407 5043 fraterna
1425 4991 1809 5062 compassione
1835 4991 1893 5045 in
1909 4992 2058 5062 judi-
2209 5002 2231 5025 ἰ
2249 4993 2314 5046 In
2334 4990 2691 5045 reclamando
2715 4995 2905 5045 autem
2931 5006 3044 5043 non
3076 4994 3164 5044 est
3185 5001 3544 5059 personarum
3570 4995 3697 5036 acet~

464 5075 573 5142 cio,
605 5079 723 5129 tam
750 5075 910 5146 virga
928 5092 1095 5146 quam
1124 5078 1306 5150 scopis
1326 5078 1597 5147 faciendo,
1627 5096 1696 5133 ur
1720 5097 1789 5134 nr
1811 5095 2061 5135 mscmu—
2140 5080 2277 5151 ptio,
2303 5079 2400 5133 sed
2443 5089 2561 5133 tam
2600 5078 2853 5133 seniores
2899 5095 2933 5132 a
2956 5078 3297 5149 junioribus,
3330 5091 3491 5149 quam
3516 5070 3612 5143 ipsi
3636 5064 3694 5120 ab

465 5181 552 5219 N18
622 5180 912 5219 DISTRICTIO
969 5182 1210 5221 TERREAT
1273 5184 1495 5231 annos,
1550 5185 1616 5222 ET
1668 5184 2059 5224 mssmcoanm
2140 5169 2252 5223 illis
2271 5168 2668 5223 inclamantur.
2705 5168 2775 5221 Et
2816 5167 2865 5221 si
2913 5167 2970 5221 in
2999 5167 3195 5221 eadem
3215 5167 3379 5237 culpa
3401 5163 3573 5218 senior
3591 5155 3694 5228 quis

462 5268 736 5307 anmarrro
773 5269 986 5307 FOVEAT
1023 5270 1331 5310 sumnc'ros.
1394 5256 1748 5327 Quamquam
1794 5273 2057 5311 nonnun-
2139 5273 2267 5311 cum
2304 5256 2530 5327 juniore
2579 5255 2838 5309 inventus
2866 5255 3055 5322 fuerit,
3087 5272 3200 5310 non
3218 5256 3377 5325 cujus
3402 5249 3586 5310 etatis,
3613 5241 3694 5298 sed

461 5356 631 5410 quam
660 5341 830 5395 etiam
849 5342 1036 5396 minus
1056 5351 1237 5398 cautis
1266 5344 1641 5399 adhibeantur
1667 5344 1917 5399 fomenta
1938 5347 2055 5417 pie-
2139 5347 2299 5416 cujus
2318 5345 2623 5415 diligentiae
2661 5344 2752 5403 sit,
2782 5344 3121 5404 attenditur;
3150 5360 3249 5398 nec
3268 5360 3305 5397 a
3331 5336 3569 5413 judiciali
3589 5347 3694 5387 sen-

455 5427 611 5494 tatis,
643 5435 706 5484 ut
727 5446 868 5501 quos
897 5448 1012 5485 non
1051 5431 1178 5487 vicit
1232 5433 1388 5504 rigor
1425 5434 1814 5502 districtionis,
1871 5434 2059 5489 vincat
2138 5434 2336 5501 tentia,
2364 5433 2473 5488 nisi
2496 5433 2665 5488 simul
2706 5449 2832 5487 cum
2873 5433 3098 5502 juniore
3136 5432 3441 5503 excipitur;
3472 5420 3693 5498 quamViS

453 5528 614 5571 amor
639 5520 1065 5588 compassionis.
1094 5521 1257 5577 Unde
1306 5522 1438 5578 licet
1484 5539 1600 5578 non
1646 5522 1722 5577 sit
1757 5528 2059 5578 consuetu—
2139 5524 2259 5580 haec
2282 5522 2646 5592 diligentibus
2675 5521 3007 5593 plerumque
3034 5525 3405 5593 temperetur.
3433 5510 3690 5573 Interdum
