3908 6168
234 253 344 343 985
1295 285 1715 342 cossmur.
1757 281 2098 341 HIRSAUG.
2139 313 2210 327 —
2247 282 2383 340 LIB.
2425 284 2471 340 1.
3409 284 3515 345 986

236 419 438 468 tamen
472 412 748 484 excipitur
775 411 1038 474 novitius,
1073 411 1119 465 si
1150 411 1331 466 adhuc
1351 411 1561 466 ordinis
1585 415 1671 465 est
1700 410 1839 465 adeo
1857 408 2150 468 Asteterit
2207 410 2323 463 Hoc
2352 409 2501 463 enim
2533 410 2612 464 sic
2649 409 2818 464 habet
2843 411 3208 473 consuetudo,
3237 416 3304 468 ut
3332 414 3518 485 prius-

236 502 501 572 ignarus.
524 503 854 572 Quicunque
879 506 1068 555 autem
1097 501 1402 564 inclamati,
1428 501 1843 571 quantumlibet
1929 514 2094 566 quam
2124 499 2306 569 prima
2325 499 2637 552 benedictio
2668 500 3103 562 dicendafuerit,
3127 503 3194 556 ad
3213 503 3521 572 quamlibet

238 592 356 646 sint
378 592 574 655 multi,
607 607 798 646 omnes
829 591 1045 644 veniam
1077 596 1293 661 petunt.
1343 590 1501 644 Unde
1526 590 1696 643 etiam
1725 589 1846 660 ipse

245 681 500 734 domnus
529 681 702 734 abbas
735 684 894 734 cavet
937 696 1007 732 ne
1038 679 1174 750 quid
1203 679 1313 733 tale
1336 679 1504 742 dicat,
1537 679 1686 732 unde
1713 695 1845 732 con-

239 774 481 823 ventum
514 769 682 823 simul
722 769 1092 822 inclamatum
1147 767 1368 823 habeat.
1411 769 1526 823 Nec
1562 767 1846 822 immerito

239 865 560 912 conventus
582 864 751 912 tanta:
771 857 1063 927 dignitatis
1091 856 1241 928 apud
1286 857 1556 911 domuum
1586 856 1844 911 abbatem

237 946 511 1012 habetur,
535 947 624 1001 cui
646 947 814 1001 etiam
836 963 1061 1001 summa
1088 946 1297 1017 ubique
1323 947 1654 1012 reverentia,
1678 953 1846 1018 prout

238 1035 485 1106 dignum
515 1043 619 1101 est,
650 1035 962 1096 exhibetur.
985 1036 1042 1089 in
1062 1041 1304 1102 tantum,
1337 1041 1402 1090 ut
1427 1052 1555 1090 cum
1583 1035 1699 1090 ritu
1728 1052 1844 1089 mo-

239 1125 465 1179 nastico
492 1126 711 1197 uspiam
748 1126 1025 1196 graditur,
1065 1127 1386 1180 nullatenus
1413 1127 1465 1180 ei
1512 1125 1732 1181 obviam
1761 1127 1842 1180 ire

239 1213 310 1267 ab
326 1215 529 1285 aliquo
582 1221 972 1284 praesumatur.
1010 1215 1118 1269 Sed
1167 1215 1212 1267 si
1263 1215 1333 1268 ad
1365 1216 1613 1285 aliquam
1647 1217 1843 1269 horam

237 1317 437 1357 versus
472 1320 623 1357 unus
659 1309 759 1357 aut
786 1304 896 1357 duo
925 1304 1009 1356 vel
1039 1305 1226 1374 plures
1282 1303 1340 1356 in
1378 1304 1565 1374 aliquo
1595 1305 1844 1374 ejusdem

239 1391 393 1445 horae
415 1393 640 1462 psalmo
672 1409 736 1446 ex
775 1392 1117 1462 negligentia
1146 1393 1506 1464 prmtermissi
1532 1410 1652 1447 esse
1678 1395 1848 1447 recla-

240 1486 500 1544 mantur,
530 1481 577 1534 si
607 1481 701 1552 qui
727 1481 1023 1552 specialius
1073 1481 1132 1535 in
1179 1482 1282 1535 hac
1308 1499 1368 1535 re
1398 1499 1457 1536 se
1485 1499 1610 1536 reos
1636 1499 1844 1552 cogno-

241 1575 425 1635 scunt,
455 1570 517 1623 hi
538 1570 642 1624 soli
671 1570 888 1624 veniam
918 1576 1135 1641 petunt,
1160 1576 1217 1624 et
1248 1577 1372 1641 post
1398 1571 1639 1642 psalmos
1685 1573 1843 1625 Verba

238 1674 378 1723 mea,
425 1659 520 1712 vel
551 1659 799 1728 psalmus
827 1665 1088 1713 cantatur
1111 1659 1180 1713 ab
1224 1660 1484 1714 omnibus
1523 1661 1838 1731 prostratis,

1929 585 2336 641 absolutionem
2369 594 2672 641 conventus
2697 589 2945 655 inclinet,
2997 590 3308 646 submissus
3327 598 3514 646 autem

1929 675 2036 742 hic,
2071 677 2165 747 qui
2193 681 2328 731 tunc
2351 675 2421 730 ob
2451 693 2841 749 quamcunque
2870 696 3095 734 causam
3125 697 3314 734 coram
3352 686 3522 736 stete-

1926 765 2020 818 rit.

2529 857 2761 912 CAPUT
2789 859 2925 912 LVI.

1927 945 2000 998 De
2027 961 2084 999 eo
2109 947 2208 1013 qui
2237 948 2479 1014 aliquem
2503 947 2825 1012 defunctum
2855 949 3092 1013 fratrem
3123 950 3185 1002 in
3205 951 3376 1016 panis
3413 964 3518 1002 esse

2536 1021 2892 1086 perspcmerit.

2000 1122 2098 1176 list
2127 1123 2296 1177 etiam
2321 1125 2686 1189 consuetudo,
2710 1131 2775 1179 ut
2827 1125 2872 1179 si
2921 1125 3011 1179 cui
3067 1126 3389 1181 defunctum
3415 1126 3520 1180 ali-

1929 1227 2094 1280 quem
2126 1212 2356 1266 fratrem
2383 1213 2438 1265 in
2471 1199 2650 1284 poenis
2690 1231 2810 1268 esse.
2839 1231 2939 1285 per
2968 1215 3142 1268 visum
3174 1216 3340 1269 fuerit
3364 1233 3521 1269 reve-

1928 1301 2126 1365 latum,
2161 1301 2349 1356 abbati
2396 1303 2477 1355 vel
2513 1303 2685 1372 priori
2723 1310 2938 1358 secreto
2982 1304 3296 1358 innotescat
3325 1323 3337 1370 ;
3379 1311 3435 1358 et
3471 1305 3519 1358 si

1922 1390 2114 1460 jussus
2145 1391 2334 1454 fuerit,
2381 1391 2824 1446 misericordiam
2882 1409 2983 1464 pro
3026 1410 3091 1447 eo
3122 1410 3248 1447 cum
3271 1394 3432 1446 venia
3459 1393 3520 1447 in

1926 1480 2170 1549 capitulo
2196 1485 2372 1550 petat,
2432 1481 2679 1534 referens
2725 1481 2859 1551 quid
2924 1482 2993 1536 de
3033 1499 3098 1536 eo
3130 1500 3230 1553 per
3259 1498 3518 1536 somnum

1925 1567 2156 1634 viderit;
2191 1569 2392 1638 prioris
2422 1585 2643 1640 quoque
2677 1569 2911 1640 pedibus
2941 1577 3069 1641 post
3107 1571 3520 1625 absolutionem

1925 1656 2186 1711 defuncto
2209 1657 2366 1711 fratri
2391 1662 2661 1728 optatam,
2694 1675 2753 1712 se
2773 1659 3080 1729 pervolvat.
3126 1659 3338 1713 Deinde
3367 1659 3530 1730 prior

239 1747 413 1800 etiam
447 1747 502 1800 si
533 1723 662 1801 talis
691 1754 778 1802 est
804 1747 922 1802 dies
955 1748 1013 1802 in
1051 1765 1160 1818 quo
1203 1765 1314 1802 non
1346 1723 1733 1818 procumbitur
1771 1723 1841 1803 ad
1863 1723 2058 1817 Bquid
2093 1764 2194 1818 pro
2223 1723 2485 1801 defuncto
2515 1749 2686 1802 fratre
2716 1723 3090 1802 communiter
3109 1753 3206 1802 aut
3221 1723 3520 1818 singulari-

239 1835 428 1889 horas.
452 1836 566 1889 Pro
588 1836 802 1907 psalmo
819 1853 949 1890 vero
973 1837 1150 1908 primo
1194 1837 1592 1908 prmtermisso,
1627 1844 1842 1908 septem
1925 1842 2014 1890 ter
2030 1836 2196 1890 etiam
2216 1836 2993 1906 faciant,fratribusinjungit.
3007 1837 3304 1892 Sciendum
3328 1840 3518 1890 autem

237 1925 663 1996 pmnitentiales
687 1931 1009 1994 cantantur,
1040 1927 1305 1996 adjuncta
1325 1927 1576 1981 oratione
1598 1928 1846 1998 qualibet
1927 1930 2013 1978 est
2047 1926 2195 1995 quod
2228 1925 2668 1979 misericordiam
2692 1932 2888 1996 petens
2915 1925 3034 1979 sine
3051 1925 3278 1980 licentia
3291 1925 3362 1978 ad
3383 1925 3520 1995 prae-

240 2030 341 2083 pro
363 2015 633 2084 peccatis.
657 2015 765 2068 Pro
783 2032 946 2086 prece
965 2017 1155 2087 aliqua
1174 2018 1257 2070 vel
1296 2017 1604 2087 antiphona
1633 2017 1699 2071 ad
1731 2019 1842 2072 suf-

239 2103 424 2172 fragia
443 2109 771 2158 sanctorum
801 2106 1197 2175 praetermissa,
1231 2108 1420 2175 agitur
1459 2107 1605 2176 quod
1649 2107 1843 2177 praesi-

240 2191 395 2245 denti
417 2192 660 2246 videtur.
699 2194 858 2257 Quod
888 2195 934 2247 si
981 2195 1224 2249 sentitur
1251 2201 1382 2249 ante
1421 2196 1589 2248 finem
1643 2198 1841 2266 psalmi

240 2295 467 2334 versum
501 2297 624 2334 esse
680 2284 1136 2352 praetermissum,
1188 2285 1436 2354 psalmus
1485 2302 1518 2338 a
1547 2285 1726 2356 capite
1758 2291 1844 2340 est

240 2368 605 2438 repetendus.
630 2371 906 2425 Caeterum
936 2371 994 2424 in
1013 2373 1336 2442 hujusmodi
1365 2375 1843 2445 negligentiis,ubi

240 2455 358 2510 fere
391 2463 556 2512 totus
583 2464 683 2512 aut
709 2465 859 2513 certe
890 2477 1095 2530 magna
1123 2479 1253 2532 pars
1269 2470 1576 2518 conventus
1605 2465 1661 2519 in
1681 2467 1845 2537 culpa

239 2550 345 2610 est,
370 2547 420 2599 si
447 2552 644 2600 tamen
673 2547 846 2601 levior
865 2566 1034 2602 causa
1064 2549 1250 2615 fuerit,
1301 2551 1608 2607 admonitio
1633 2555 1837 2624 potius,

238 2639 303 2688 ut
317 2636 678 2701 emendetur,
700 2653 869 2706 quam
892 2639 1216 2693 reclamatio
1236 2639 1402 2693 debet
1429 2642 1568 2695 fieri.
1598 2644 1840 2698 Ubicun-

238 2741 348 2794 que
367 2725 552 2778 ctiam
573 2725 746 2795 aliqui
763 2726 964 2780 fratres
994 2729 1052 2780 in
1086 2728 1405 2784 obedientia
1426 2731 1616 2801 aliqua
1636 2732 1845 2786 fuerint

237 2814 525 2885 occupati,
550 2815 837 2884 negligens
867 2816 1103 2887 quisque
1134 2835 1168 2871 a
1195 2819 1407 2872 caeteris
1439 2821 1594 2891 prius
1647 2821 1844 2874 admo-

235 2905 491 2971 nendus;
527 2905 624 2959 sed
643 2906 690 2959 si
722 2906 1022 2960 emendare
1052 2909 1315 2971 noluerit,
1343 2914 1430 2962 est
1456 2911 1626 2965 etiam
1667 2915 1844 2968 recla-

235 2997 506 3049 mandus.
547 2995 654 3049 Sed
685 2996 818 3066 quia
839 2996 1080 3066 singula,
1112 3015 1234 3068 qua:
1268 3005 1464 3052 contra
1495 3004 1846 3058 consuetudi-
1865 3037 1909 3098 C

234 3101 368 3137 nem
401 3090 462 3137 et
492 3084 748 3138 ordinem
800 3092 1054 3139 nostrum
1085 3087 1206 3140 fieri
1263 3095 1515 3158 possunt,
1547 3091 1713 3145 scribi
1749 3110 1842 3148 ne-

233 3191 531 3245 quaquam
563 3179 813 3244 possunt,
840 3177 1095 3245 quaedam
1140 3178 1307 3232 etiam
1362 3180 1496 3233 talia
1527 3188 1674 3246 sunt,
1719 3200 1841 3253 qua

233 3270 476 3336 propter
496 3266 824 3320 scandalum
854 3267 912 3320 in
937 3269 1182 3340 capitulo
1211 3273 1502 3327 reclamari
1533 3282 1836 3344 nequeunt;

238 3370 364 3423 quae
397 3356 642 3425 quisque
670 3355 912 3426 ignorat,
953 3375 1036 3412 an.
1070 3359 1140 3412 ad
1187 3361 1644 3417 reclamationem
1674 3364 1844 3434 perti-

236 3448 438 3507 neant,
467 3443 539 3496 de
566 3443 652 3496 his
677 3444 833 3515 prius
862 3445 1209 3514 interrogare
1230 3447 1411 3502 debet.

857 3533 1090 3590 CAPUT
1114 3535 1223 3589 LV.

234 3622 1007 3701 Quod‘confessz’onemculpa;
1035 3629 1305 3701 sequitur
1331 3631 1722 3685 'rnz'scrz'cordiw
1747 3649 1840 3701 pe-

304 3695 540 3815 ιὶίίοὴἑὲ
553 3695 724 3745 simul
741 3697 903 3761 culpa
920 3700 992 3747 est
1009 3699 1360 3763 proferenda,
1380 3705 1427 3752 et
1459 3695 1841 3758 nu‘sericordia

304 3769 424 3815 nete
547 3803 559 3815 .

297 3769 559 3832 petenda.

303 3854 325 3873 "
347 3853 520 3905 Nunc
541 3857 730 3906 autem
754 3870 864 3908 non
887 3859 971 3908 est
1010 3859 1481 3926 praatereundum,
1518 3863 1665 3931 quod
1704 3879 1838 3918 con-

231 3938 545 3993 fessionem
574 3943 748 4013 culpze
763 3944 1019 4014 sequitur
1036 3945 1234 4015 petitio
1257 3947 1667 4005 misericordiae.
1695 3953 1840 4016 Quo-

229 4029 341 4083 ties
371 4030 543 4100 culpa
571 4032 971 4091 conlitenda,et
991 4033 1375 4090 misericordia
1389 4037 1559 4092 simul
1580 4041 1838 4112 cuiquam

230 4124 321 4172 est
361 4118 633 4188 petenda,
667 4136 715 4171 v.
749 4136 805 4189 g.
841 4119 887 4173 si
938 4120 1150 4174 obitum
1188 4123 1364 4192 patris
1404 4132 1503 4180 aut
1529 4130 1724 4182 matris
1752 4132 1838 4186 vel

231 4207 456 4261 sororis
475 4206 708 4267 audivit,
731 4208 818 4261 vel
853 4209 1097 4262 crastino
1141 4211 1434 4282 utriusque
1476 4218 1723 4284 parentis
1745 4235 1842 4272 an-

229 4295 590 4350 niversarius
623 4296 748 4360 erit,
769 4297 853 4350 vel
885 4314 993 4367 quo
1021 4297 1140 4368 ipse
1169 4302 1489 4356 monasticaa
1517 4304 1640 4358 vita:
1672 4305 1841 4361 bene-

230 4387 550 4440 dictionem
569 4385 800 4455 acccpit,
815 4392 873 4440 et
907 4387 1026 4457 ipse
1046 4405 1148 4458 pro
1169 4389 1356 4460 aliquo
1376 4408 1603 4447 excessu
1625 4396 1842 4451 veniam

228 4481 440 4547 petere
471 4473 683 4540 debuit,
717 4476 784 4528 de
814 4477 978 4547 culpa
1025 4477 1183 4548 prius
1240 4479 1447 4549 agitur,
1501 4482 1702 4538 deinde
1740 4503 1842 4556 pro

226 4563 585 4635 postulanda
605 4563 991 4618 misericordia
1010 4582 1121 4619 non
1144 4567 1250 4620 nisi
1277 4569 1450 4622 semel
1479 4571 1696 4626 veniam
1742 4592 1842 4645 pe-

224 4654 321 4719 tit,
369 4653 549 4706 etiam
578 4652 626 4705 si
668 4653 748 4706 ita
777 4655 1044 4721 evenerit,
1077 4661 1141 4709 ut
1192 4663 1246 4710 et
1291 4657 1397 4712 sibi
1424 4665 1481 4712 et
1509 4663 1842 4730 parentibus

224 4743 355 4797 suis
386 4742 836 4795 misericordiam
869 4744 1147 4814 petiturus
1177 4746 1250 4799 sit
1278 4765 1290 4812 ;
1344 4747 1442 4801 sed
1483 4754 1539 4802 et
1567 4755 1702 4805 tunc
1731 4753 1842 4822 pri-

223 4848 398 4886 mum
431 4831 500 4884 de
529 4840 928 4902 pertransactac
959 4835 1082 4888 vitae
1125 4836 1469 4907 negligentia
1496 4857 1556 4893 se
1590 4850 1837 4912 accusat,

223 4922 451 4976 deinde
480 4923 732 4992 parentis
760 4921 972 4977 obitum
1005 4925 1349 4994 pronuntiat,
1379 4927 1740 4999 singulariter
1760 4939 1842 4986 ta-

223 5029 395 5077 men,
433 5016 498 5064 ut
518 5011 589 5063 ad
618 5017 920 5083 utrumque
976 5015 1130 5084 prior
1155 5015 1563 5086 indulgentiam
1597 5022 1841 5090 optando

222 5099 606 5172 respondeat,
642 5105 700 5154 et
719 5099 836 5170 ipse
865 5101 1031 5155 toties
1062 5103 1114 5156 ei
1135 5104 1201 5156 ad
1235 5105 1404 5174 pedes
1432 5108 1653 5176 veniat;
1679 5109 1735 5163 in
1759 5127 1842 5164 re-

223 5186 494 5242 cedendo
535 5185 836 5241 observans
865 5188 921 5242 in
950 5190 1276 5258 primolibri
1297 5193 1541 5263 capitulo
1569 5198 1834 5267 scriptam

221 5274 629 5330 inclinationis
659 5276 859 5346 legem,
894 5278 1153 5332 omnibus
1183 5281 1253 5334 ad
1283 5281 1453 5351 pedes
1489 5285 1839 5341 venientibus

219 5365 454 5429 datam;
488 5379 833 5432 quamquam
853 5371 909 5418 et
936 5371 1238 5437 antequam
1261 5369 1331 5421 ad
1347 5369 1516 5438 pedes
1531 5373 1748 5428 veniret
1765 5375 1836 5428 ad

218 5459 620 5513 reverentiam
649 5466 951 5516 conventus
976 5462 1300 5518 inclinantis
1349 5482 1409 5518 se
1466 5467 1832 5536 inclinaverit,

220 5564 412 5617 quam
446 5547 725 5604 submisse
753 5551 824 5603 ad
856 5567 1268 5622 quamcumque
1323 5554 1733 5613 absolutionem
1760 5559 1839 5613 ibi

1927 2029 2056 2067 sens
2087 2013 2614 2083 poteritinclamari.

1996 2101 2054 2156 Si
2087 2119 2213 2156 vero
2239 2103 2479 2156 domnus
2511 2102 2681 2157 abbas
2713 2119 3052 2175 quemquam
3100 2101 3156 2156 in
3205 2101 3515 2172 capitulum

1925 2189 2164 2257 miserit,
2200 2195 2263 2244 ut
2291 2190 2376 2243 sui
2407 2191 2646 2260 alicujus
2673 2191 2968 2244 familiaris
2990 2189 3203 2244 obitum
3235 2188 3322 2242 vel
3360 2187 3521 2241 anni-

1924 2278 2233 2332 versarium
2263 2279 2583 2344 annuntiet,
2626 2280 2674 2332 is
2697 2296 2797 2349 pro
2827 2279 2931 2332 hac
2960 2295 3020 2332 re
3051 2294 3162 2331 non
3191 2276 3299 2330 nisi
3325 2277 3517 2346 jussus

1925 2365 1996 2419 ab
2025 2367 2143 2437 ipso
2162 2367 2377 2420 veniam
2400 2369 2540 2438 petit
2566 2387 2578 2422 :
2613 2373 2670 2421 et
2697 2367 2744 2421 si
2773 2368 2856 2421 vel
2885 2367 3010 2432 sibi,
3041 2367 3124 2420 vel
3155 2382 3386 2420 suorum
3411 2365 3518 2419 ali-

1926 2455 2010 2508 cui
2045 2455 2481 2509 misericordiam
2513 2463 2598 2510 est
2625 2457 2924 2527 petiturus,
2966 2471 3090 2510 cum
3119 2455 3316 2508 eadem
3355 2452 3521 2507 venia

1925 2544 1982 2598 id
2012 2544 2158 2597 facit.
2184 2544 2257 2597 Hi
2281 2545 2450 2598 etiam
2485 2545 2578 2616 qui
2608 2551 2975 2615 spontaneam
3003 2543 3233 2614 petituri
3272 2548 3404 2598 sunt
3432 2557 3522 2596 ve-

1925 2634 2098 2698 niam,
2123 2650 2188 2687 eo
2209 2635 2356 2703 quod
2389 2634 2599 2704 aliquid
2629 2635 2773 2688 intra
2804 2639 3108 2688 claustrum
3148 2631 3520 2703 perdiderint,

1926 2721 2214 2775 sciendum
2245 2728 2350 2785 est,
2373 2723 2522 2792 quod
2551 2723 2705 2793 prius
2735 2723 2790 2776 in
2827 2723 3069 2793 capitulo
3099 2722 3168 2774 de
3200 2737 3259 2774 re
3299 2721 3520 2791 perdita

1925 2810 2058 2879 (nisi
2090 2811 2230 2864 adeo
2258 2811 2496 2878 minuta,
2539 2818 2602 2866 ut
2631 2828 2764 2866 acus
2807 2818 2912 2876 est,
2937 2818 2993 2864 et
3023 2811 3069 2865 si
3099 2810 3247 2881 quod
3269 2809 3383 2863 tale
3410 2812 3514 2876 est)

1927 2900 2084 2971 prius
2113 2900 2480 2970 interrogare,
2513 2906 2570 2954 et
2596 2901 2798 2954 deinde
2844 2901 2891 2954 si
2929 2916 3040 2954 non
3070 2899 3299 2953 inventa
3324 2897 3516 2962 fuerit,

1929 2989 2186 3060 sequenti
2234 2989 2476 3059 capitulo
2507 2989 2736 3058 veniam
2785 2996 2977 3060 petere
3032 2989 3254 3042 debent.
3301 2987 3407 3041 Sed
3447 2986 3517 3040 de

1925 3079 2124 3132 itinere
2154 3078 2441 3131 venientes
2459 3095 2558 3148 pro
2574 3078 2742 3132 rebus
2759 3085 2915 3132 extra
2955 3077 3207 3149 perditis,
3238 3077 3307 3130 ad
3337 3074 3517 3146 proxi-

1923 3185 2076 3221 mum
2107 3167 2415 3238 capitulum
2446 3167 2665 3220 veniam
2695 3173 2928 3238 petunt;
2958 3168 3005 3221 si
3032 3167 3176 3220 infra
3205 3165 3515 3236 capitulum

1921 3256 2194 3320 venerint,
2229 3257 2416 3309 clauso
2434 3256 2552 3325 jam
2582 3256 2723 3310 ostio
2751 3257 3002 3321 claustri,
3037 3257 3260 3326 pulsare
3296 3254 3519 3323 licet,et

1925 3346 2162 3399 audiens
2192 3345 2249 3398 in
2271 3345 2514 3415 capitulo
2542 3345 2806 3399 ostiarius
2839 3350 3066 3416 accepta
3095 3361 3222 3398 cum
3252 3358 3424 3396 manu
3447 3341 3516 3395 li-

1926 3433 2111 3488 centia
2165 3433 2280 3487 exit
2342 3433 2561 3505 aperire
2619 3435 2720 3488 eis.
2782 3435 3097 3488 IntrOmissi
3128 3438 3339 3498 autem,
3365 3433 3516 3485 facta

1927 3522 2181 3576 oratione
2210 3522 2269 3575 in
2307 3523 2668 3588 monasterio,
2703 3523 2893 3577 statim
2937 3523 3008 3576 ad
3070 3522 3376 3594 capitulum
3421 3535 3516 3573 ve-

1924 3609 2106 3674 niunt,
2135 3616 2194 3662 et
2221 3625 2346 3663 cum
2377 3608 2643 3676 sederint,
2670 3613 2716 3664 si
2746 3628 2914 3681 quam
2942 3612 3141 3666 stando
3161 3608 3365 3664 dicturi
3385 3610 3520 3661 sunt

1923 3698 2281 3768 legationem,
2311 3699 2415 3752 hoc
2445 3716 2590 3753 unus
2619 3716 2834 3766 eorum,
2867 3701 2955 3754 cui
2977 3701 3292 3770 injunctum
3319 3702 3422 3762 est,
3456 3695 3518 3749 in

1922 3785 2043 3840 loco
2072 3804 2174 3840 suo
2195 3786 2439 3858 primum
2469 3789 2588 3857 agit
2619 3806 2630 3854 ;
2677 3789 2878 3842 deinde
2926 3789 2974 3842 si
3022 3788 3148 3858 quis
3195 3802 3389 3841 eorum
3416 3800 3516 3855 pro

1922 3877 2110 3948 aliquo
2141 3893 2373 3930 excessu
2393 3877 2542 3932 ultro
2576 3879 2790 3932 veniam
2818 3885 3009 3949 petere
3047 3878 3230 3941 debet,
3265 3882 3364 3931 aut
3393 3874 3516 3946 quis

1922 3966 1980 4019 in
2009 3966 2248 4018 alterum
2278 3966 2346 4018 de
2370 3966 2455 4019 his
2479 3967 2669 4031 etiam,
2693 3984 2817 4037 quae
2855 3967 2911 4020 in
2932 3967 3131 4020 itinere
3162 3971 3356 4020 contra
3383 3981 3518 4018 con-

1921 4053 2274 4106 suetudinem
2299 4053 2446 4117 fecit,
2478 4055 2718 4107 maxime
2761 4071 2883 4124 qua;
2911 4055 3231 4108 admonitus
3257 4051 3520 4106 emenda-

1923 4159 1983 4196 re
2014 4142 2212 4205 noluit,
2238 4141 2545 4212 quidquam
2573 4144 2878 4198 reclamare
2909 4144 3096 4207 habet,
3131 4159 3242 4196 non
3277 4143 3386 4194 hoc
3413 4155 3516 4194 ne-

1921 4231 2103 4300 gligit.

1858 4354 1908 4414 D
1998 4320 2278 4384 Quasdam
2321 4337 2452 4374 vero
2500 4321 2807 4390 legationes
2852 4321 3097 4375 minores
3145 4319 3370 4390 quidem
3401 4333 3514 4371 non

1926 4408 2250 4470 stando,sed
2273 4409 2498 4479 quando
2520 4409 2625 4463 sibi
2647 4410 2825 4463 visum
2845 4410 3036 4473 fuerit,
3067 4409 3311 4463 sedendo
3340 4407 3476 4461 dicit
3499 4423 3513 4473 ;

1926 4498 2057 4568 quia
2085 4504 2219 4551 sunt
2242 4498 2495 4568 quaedam
2526 4498 2848 4568 dignitates,
2887 4499 3091 4570 quibus
3123 4499 3327 4567 major,
3368 4512 3515 4567 quaa-

1925 4587 2052 4640 dam
2077 4586 2279 4657 quibus
2296 4587 2483 4640 minor
2511 4587 2750 4641 debetur
2779 4588 3266 4642 reverentia.Nam
3297 4587 3515 4657 episco-

1926 4675 2013 4746 pis
2068 4681 2124 4729 et
2180 4674 2500 4745 abbatibus,
2555 4677 3082 4746 congregationibus
3121 4693 3344 4748 quoque
3397 4681 3515 4728 tam

1923 4765 2202 4818 canonica:
2229 4782 2396 4835 quam
2425 4765 2744 4820 monasticae
2767 4767 3158 4832 institutionis,
3181 4765 3516 4839 quibusdam

1923 4854 2094 4907 etiam
2146 4853 2503 4908 saecularibus
2562 4856 2953 4925 potestatibus,
2996 4863 3060 4912 ut
3103 4856 3357 4920 ducibus,
3399 4856 3516 4908 haec

1924 4942 2234 4997 exhibenda
2278 4949 2364 4997 est
2409 4945 2741 5009 reverentia,
2789 4951 2851 5000 ut
2896 4951 3118 5000 tantum
3148 4945 3514 5000 salutationes

1925 5048 2117 5084 eorum
2150 5049 2184 5084 a
2230 5031 2531 5098 stantibus,
2560 5039 2762 5087 caetera
2806 5041 2995 5089 autem
3023 5053 3055 5088 a
3085 5034 3407 5089 sedentibus
3435 5032 3517 5085 di-

1923 5126 2140 5174 cantur.
2181 5120 2326 5174 Solis
2347 5137 2476 5174 vero
2498 5121 2705 5176 domno
2723 5123 2912 5178 abbati
2943 5129 3155 5189 nostro,
3187 5123 3512 5193 apostolico,

1922 5215 1979 5263 et
2008 5209 2124 5278 regi
2155 5216 2365 5274 nostro,
2398 5209 2495 5262 illa
2525 5210 2781 5264 addenda
2812 5221 2916 5277 est,
2949 5218 3012 5266 ut
3061 5229 3096 5265 a
3123 5216 3396 5265 conventu
3443 5209 3514 5262 ad

1923 5311 2114 5350 eorum
2145 5297 2453 5366 legationes
2480 5299 2643 5352 venia
2690 5306 2932 5370 petatur,
2966 5317 3090 5370 qua:
3148 5299 3514 5352 nihilominus

1924 5384 1994 5437 ab
2025 5402 2089 5439 eo
2115 5385 2462 5450 observatur,
2495 5389 2584 5442 cui
2615 5388 2942 5458 singulatim
3003 5386 3290 5457 quodlibet
3318 5387 3513 5455 hujus-

1923 5473 2073 5526 modi
2103 5475 2334 5530 mandat
2362 5476 2599 5531 domnus
2629 5477 2771 5531 abba
2826 5476 3142 5546 ubicunque
3189 5476 3240 5529 ei
3270 5476 3504 5530 dicatur.

1921 5560 2154 5618 Ceteris
2183 5581 2312 5620 vero
2343 5565 2656 5635 quibusque
2678 5565 2949 5620 orationis
2977 5581 3092 5620 sua;
3121 5566 3206 5619 vel
3227 5565 3511 5621 servitutis
