3872 6164
466 269 571 329 987

1497 272 1554 328 ι.
1592 272 1991 344 G‘UILLELMI
2027 269 2330 331 AIBM‘IS
2366 272 2706 332 amasse.

3573 273 3661 336 ωε

470 396 823 455 devotionem
844 395 1260 451 mandantibus.
1293 396 1670 452 inclinationis
1725 399 1947 452 tantum
1977 410 2066 452 re;
2086 402 2135 459 A
2155 404 2342 452 autem
2370 399 2525 469 prior
2567 398 2867 468 quemdam
2916 398 3233 463 huiusmodi
3276 401 3535 454 sententi.
3554 403 3664 472 ιιιεο

482 486 733 543 verentia
762 484 1015 540 debetur.
1045 486 1256 539 Stando
1277 492 1466 540 autem
1520 489 1671 557 loqui
1718 489 1776 541 in
1828 489 2070 558 capitulo

482 580 689 646 praeter
718 576 839 637 bos,
873 575 1012 628 nulli
1039 575 1189 637 licet,
1220 576 1327 628 nisi
1375 576 1591 630 veniam
1650 578 1879 647 petenti.
1915 579 2072 631 Unde

432 707 441 716 .
483 669 542 717 et
558 662 981 718 obedientiariis
1019 670 1076 717 et
1100 664 1329 721 cuilibet
1371 665 1451 718 sic
1474 666 1712 728 exituro,
1744 668 1809 719 ut
1833 667 1901 723 ad
1927 666 2072 736 capi-

482 752 663 805 tulum
687 768 801 807 non
828 753 1038 807 redeat.
1086 753 1329 806 sedendo
1360 760 1416 806 et
1468 755 1745 824 loquendo
1775 756 2073 825 quaerenda

483 844 570 892 est
595 839 863 906 licentia;
899 840 1290 899 obedientiarii
1334 842 1559 918 quidem
1610 843 1679 896 ad
1729 844 2074 897 obcdientias

478 944 630 992 suas,
653 933 711 983 et
726 928 773 983 si
796 945 936 999 quos
954 944 1085 983 suos
1114 946 1297 1000 pares,
1322 932 1403 984 vel
1425 931 1564 984 alios
1602 933 1804 986 fratres
1832 932 2076 986 habeant

484 1018 849 1083 necessarios,
883 1035 1071 1073 secum
1105 1020 1351 1074 exituros
1373 1022 1704 1075 nominatim
1737 1023 2067 1077 dicentibus.

436 1152 447 1161 .
482 1107 564 1171 De
591 1107 933 1176 quibuslibet
958 1114 1146 1162 autem
1175 1109 1254 1164 sic
1303 1111 1552 1173 exituris,
1586 1117 1648 1164 ut
1675 1128 1786 1164 non
1817 1113 2067 1178 redeant,

481 1195 530 1248 si
564 1196 691 1265 quis
715 1196 888 1251 habet
915 1197 1128 1267 aliquid
1180 1199 1332 1268 loqui
1363 1198 1433 1252 ob
1471 1207 1755 1269 acceptam
1785 1216 1974 1254 eorum
2010 1201 2074 1253 ii-

483 1285 725 1341 centiam
751 1302 1105 1356 nequaquam
1135 1286 1238 1340 hoc
1266 1288 1508 1354 omittit;
1540 1289 1723 1342 caeteri
1756 1289 1963 1360 quique
1993 1292 2073 1343 sic

487 1374 690 1429 exituri
723 1381 788 1428 ut
803 1377 1051 1440 redeant,
1076 1382 1289 1429 stantes
1302 1375 1395 1429 ubi
1426 1378 1579 1447 prior
1604 1394 1697 1431 eos
1728 1378 1916 1432 viden:
1943 1395 2074 1449 pos-

484 1462 579 1526 sit,
604 1464 839 1518 exeundi
862 1464 1139 1518 licentiam
1158 1481 1327 1520 manu
1349 1475 1609 1535 quaerunt
1626 1474 1684 1520 et
1700 1467 1892 1521 videns
1920 1469 2076 1538 prior

487 1567 687 1621 parum
740 1552 1005 1608 inclinato
1033 1554 1215 1624 capite
1250 1571 1500 1611 annuere
1556 1572 1668 1608 non
1695 1557 1924 1610 omittit.
1966 1558 2074 1611 Sed

481 1641 705 1694 evenire
751 1642 959 1711 poterit
1014 1650 1079 1696 ut
1123 1644 1261 1697 alias
1291 1650 1595 1714 occupatus
1624 1662 1719 1698 eos
1748 1662 1859 1699 non
1889 1647 2069 1717 respi—

483 1728 596 1785 ciat
632 1748 643 1782 :
673 1730 821 1785 unde
852 1732 896 1785 si
927 1737 1062 1785 tunc
1086 1748 1184 1786 eos
1211 1733 1413 1793 videat,
1429 1734 1542 1787 sive
1555 1747 1689 1801 non,
1709 1734 1817 1804 ipsi
1842 1714 2135 1789 licenterB

479 1825 702 1875 exeunt.
739 1819 900 1883 Quod
927 1821 973 1874 si
1005 1821 1129 1891 quis
1152 1822 1326 1875 alium
1368 1822 1603 1891 jubente
1633 1824 1838 1877 domno
1871 1824 2072 1878 abbate

487 1908 558 1963 de
588 1909 833 1979 capitulo
863 1916 1040 1973 vecat,
1083 1911 1142 1963 in
1197 1911 1319 1981 ipso
1357 1912 1592 1965 introitu
1621 1914 1849 1983 capituli
1876 1914 2034 1968 sedet
2060 1934 2074 1981 ;

486 1996 533 2050 si
564 2003 755 2050 tamen
786 1998 943 2068 prius
963 1999 1141 2065 affuit,
1165 2000 1250 2054 sin
1278 2008 1466 2055 autem
1498 2003 1554 2055 in
1585 2004 1705 2056 loco
1736 2018 1856 2057 suo.
1886 2004 1992 2058 Sed
2022 2009 2080 2057 et

489 2085 612 2155 ipse
643 2085 854 2156 absque
884 2087 1112 2142 licentia
1157 2106 1268 2143 non
1326 2090 1528 2144 exibit:
1580 2108 1710 2145 nam
1745 2102 1802 2146 et
1830 2093 1941 2157 ille,
1983 2093 2077 2163 qui

441 2213 448 2220 .
490 2179 722 2228 vocatur
757 2175 826 2228 ad
883 2176 1150 2230 damnum
1181 2178 1459 2241 abbatem,
1509 2196 1618 2233 non
1678 2181 1799 2235 sine
1852 2181 2080 2236 licentia

487 2261 620 2317 inde
645 2263 900 2327 discedit,
928 2265 1075 2318 sicut
1103 2276 1203 2319 nec
1232 2268 1300 2320 de
1351 2270 1712 2329 monasterio.
1743 2271 1790 2323 si
1830 2276 1916 2323 est
1950 2272 2077 2324 alba

486 2349 738 2415 indutus,
764 2358 821 2405 et
837 2364 895 2406 Se
920 2353 1237 2408 locuturum
1271 2358 1583 2427 praenoscit;
1617 2374 1717 2411 nec
1740 2360 1808 2411 de
1837 2361 2075 2417 refecto-

485 2439 592 2503 rio,
610 2441 655 2493 si
678 2458 787 2495 non
811 2459 1154 2497 reversurus.
1181 2445 1237 2498 Si
1256 2462 1384 2499 vero
1404 2447 1609 2517 aliquis
1655 2456 1881 2519 accepta
1908 2450 2076 2503 licen-

448 2568 451 2571 μ
491 2527 572 2582 tia
596 2529 666 2583 de
692 2530 936 2600 capitulo
966 2531 1184 2596 exierit,
1232 2532 1310 2586 ita
1336 2540 1399 2587 ut
1445 2551 1554 2591 non
1606 2537 1678 2590 sit
1706 2552 2031 2592 reversurus
2057 2558 2069 2605 ;

446 2665 458 2679 ,
480 2617 580 2671 sed
608 2618 814 2675 iterum
848 2619 1041 2689 aliqua
1069 2636 1132 2674 ex
1179 2638 1349 2676 causa
1398 2631 1707 2687 revocatus,
1740 2628 1824 2679 vel
1876 2634 2075 2698 sponte

490 2706 719 2773 redierit
749 2715 879 2762 ante
915 2716 971 2762 et
1000 2717 1152 2763 retro
1181 2727 1294 2764 non
1338 2713 1508 2780 facit;
1565 2720 1621 2768 et
1675 2716 1721 2768 si
1768 2716 1952 2771 denuo
1980 2732 2075 2771 ne-

482 2810 637 2849 cesse
664 2795 835 2850 habet
868 2797 1037 2861 exire,
1088 2800 1416 2870 priusquam
1464 2803 1769 2874 capitulum
1824 2802 2073 2872 ﬁniatur,

480 2890 710 2955 accepta
737 2886 987 2956 licentia,
1012 2894 1073 2942 ut
1103 2890 1259 2958 prius
1300 2890 1668 2947 nihilominus
1696 2896 1827 2948 ante
1845 2901 1902 2948 et
1921 2902 2072 2950 retro

480 2972 627 3027 facit.

1046 3069 1278 3123 CAPUT
1300 3068 1470 3125 LVII.

1018 3159 1087 3211 De
1116 3162 1277 3227 culpa
1304 3162 1514 3213 leviori.

549 3244 697 3315 (uo)
724 3245 929 3301 MisSus
954 3245 1008 3299 in
1032 3248 1253 3317 culpam
1278 3248 1540 3305 leviorem
1573 3250 1652 3304 ita
1691 3266 1750 3305 se
1781 3246 1968 3318 habet,
2010 3261 2076 3309 ut

484 3330 609 3401 ipsa
637 3350 859 3404 quoque
907 3335 1014 3389 sibi
1070 3338 1266 3405 regula
1304 3338 1613 3406 praiscribit
1641 3346 1783 3411 (cap.
1820 3342 1925 3408 24).
1966 3348 1986 3373 '
2012 3346 2079 3402 In

483 3430 654 3489 quam
683 3423 870 3476 nullus
898 3423 1158 3487 mittitur,
1183 3426 1290 3478 nisi
1308 3428 1419 3479 tale
1437 3427 1565 3496 quid
1591 3431 1954 3495 commiserit,
1979 3441 2080 3505 pro

483 3524 596 3577 quo
624 3510 792 3563 etiam
819 3528 1043 3580 gravem
1075 3513 1480 3568 districtionem
1527 3516 1714 3570 subire
1745 3521 1989 3590 deberet,
2025 3530 2081 3578 et

485 3596 728 3651 maxime
756 3598 803 3652 si
830 3599 876 3652 is
905 3601 999 3669 qui
1031 3619 1143 3671 prae
1161 3603 1317 3656 senio
1350 3610 1450 3656 aut
1491 3605 1778 3662 debilitate
1833 3613 2080 3682 corporis

478 3692 707 3754 gravem
739 3687 1029 3742 verberum
1063 3707 1173 3760 non
1227 3693 1402 3761 possit
1433 3694 1547 3763 pati
1579 3695 1951 3766 disciplinam.
1998 3703 2082 3755 Ad

482 3774 702 3837 Nonam
732 3778 988 3831 reiiciens
1018 3780 1175 3833 sedet
1200 3780 1257 3834 in
1286 3781 1406 3836 loco
1435 3796 1555 3845 suo,
1593 3790 1650 3837 et
1692 3786 1738 3838 si
1781 3793 1867 3840 est
1894 3788 1951 3841 in
1978 3798 2081 3843 ees-

482 3867 600 3927 tate
629 3881 738 3918 non
773 3867 927 3936 prius
955 3869 1025 3921 ad
1057 3885 1327 3928 mensam.
1348 3887 1512 3941 quam
1538 3882 1842 3929 conventus
1862 3885 1986 3947 post
2005 3877 2085 3932 bi-

454 3988 461 3994 -
484 3950 753 4008 bitionem
784 3956 911 4010 inde
939 3959 1165 4011 recedit.
1190 3961 1308 4028 (uo.
1328 3963 1846 4034 uar.)Interprc‘ces
1863 3974 2082 4021 noctur-

450 4078 459 4083 -
482 4057 586 4095 nas
616 4060 744 4096 vero
774 4051 831 4098 et
859 4046 1125 4100 horarum
1150 4050 1399 4103 omnium
1414 4051 1753 4120 regularium
1770 4060 2082 4123 prostratus

2153 488 2392 541 subdere
2420 488 2587 541 etiam
2614 489 2660 541 si
2711 488 2978 540 damnum
3011 487 3262 540 abbatem
3293 489 3344 541 in
3385 489 3666 544 monasterio

2153 577 2257 631 scit
2276 578 2600 646 consistere;
2624 577 2719 629 seri
2753 588 2864 628 non
2891 574 3098 645 absque
3128 577 3247 644 ejus
3274 576 3664 631 nutuabsolvere.

2153 668 2311 732 Quod
2341 668 2388 720 si
2419 666 2619 735 cuique
2646 674 2711 718 eo
2731 670 2946 717 remoto
2957 665 3087 717 talis
3105 665 3369 718 sententia
3396 665 3669 735 imponitur,

2154 762 2212 809 et
2238 756 2475 809 forsitan
2531 753 2625 808 ille
2663 753 2888 806 interim
2942 751 3336 823 supervenerit.
3368 753 3499 807 idem
3536 769 3673 807 nona

2152 847 2358 917 priore,
2378 846 2475 898 sed
2504 845 2692 915 potius
2721 842 2792 896 ab
2812 843 2932 912 ipso
2952 841 3083 896 inde
3109 840 3419 896 absolvitur.
3449 842 3541 905 Qui
3558 843 3598 895 si
3624 858 3673 896 eo

2155 934 2404 987 nondum
2432 932 2690 986 absoluto
2715 931 3056 996 discesserit,
3098 931 3249 1002 prior
3283 936 3409 985 tunc
3435 932 3563 985 hunc
3582 932 3673 985 sine

2154 1023 2331 1093 ipsius
2359 1022 2584 1075 licentia
2607 1037 2721 1075 non
2754 1020 3006 1073 absolvit.
3052 1018 3207 1073 Idem
3238 1021 3397 1074 etiam
3427 1020 3597 1073 modus
3611 1032 3675 1072 est

2152 1112 2301 1165 inter
2320 1114 2594 1180 majorem
2624 1110 2890 1181 priorem,
2914 1115 2972 1162 et
2989 1109 3286 1171 mitiorem,
3315 1108 3415 1162 nisi
3448 1108 3575 1178 quod
3590 1124 3673 1162 non

2153 1201 2398 1254 mittitur
2430 1203 2557 1271 post
2597 1200 2747 1259 eum,
2798 1199 2846 1251 si
2886 1197 3184 1251 recesserit
3236 1212 3518 1267 quoquam,
3565 1196 3674 1249 sicut

2155 1297 2283 1361 post
2311 1291 2581 1351 domuum
2613 1287 2872 1340 abbatem
2905 1292 3133 1356 propter
3162 1285 3405 1354 ejusdem
3423 1284 3586 1338 fratris
3598 1284 3673 1338 ab-

2156 1380 2491 1434 solutionem
2523 1397 2537 1445 ;
2596 1377 2695 1431 sed
2724 1376 3042 1430 claustralis
3070 1376 3223 1445 prior
3250 1374 3472 1427 absoltit
3487 1372 3675 1426 eum.Et

2155 1469 2484 1532 notandum,
2515 1466 2659 1536 quod
2712 1465 2759 1518 si
2813 1465 2902 1518 cui
2955 1464 3164 1517 dicitur
3196 1480 3209 1511 :
3242 1461 3370 1516 Sitis
3397 1462 3534 1515 hodie
3554 1466 3605 1514 in
3626 1465 3676 1514 te-

2154 1563 2301 1612 vz‘ori
2332 1560 2494 1625 culpa
2517 1574 2533 1608 :
2556 1555 2612 1608 in
2655 1555 2898 1609 crastino
2916 1554 3048 1607 inde
3067 1549 3439 1607 omninoliber
3455 1549 3563 1613 erit,
3579 1549 3677 1619 quia

2154 1647 2364 1703 dictum
2394 1646 2503 1700 fuit
2529 1650 2751 1699 tantum
2784 1645 2957 1697 hodie.

2726 1733 2959 1791 CAPUT
2988 1729 3198 1785 LVIII.

2336 1827 2645 1893 Ubicunque
2673 1826 2881 1879 steterit
2909 1820 3176 1889 quomodo
3203 1822 3346 1871 stare
3371 1817 3551 1869 debeat.

2233 1916 2322 1969 tm.
2346 1916 2512 1969 Stans
2531 1919 2721 1966 autem
2759 1915 2890 1968 ante
2911 1910 3181 1963 damnum
3204 1905 3472 1961 abbatem.
3490 1903 3564 1957 vel
3585 1902 3675 1957 ubi-

2159 2020 2381 2075 cunque
2409 2003 2631 2057 steterit
2684 2000 2805 2070 (iibi
2851 2007 3045 2054 tamen
3075 1997 3356 2057 observari
3387 1994 3609 2066 potuerit)
3638 1991 3676 2045 id

2160 2093 2327 2153 etiam
2351 2109 2462 2146 non
2483 2090 2736 2161 negligit,
2761 2095 2823 2143 ut
2844 2088 3012 2159 pedes
3039 2086 3251 2140 habeat
3284 2084 3551 2155 inqualiter
3570 2092 3678 2135 com-

2159 2183 2390 2253 positos,
2448 2187 2506 2234 et
2548 2194 2839 2250 nunquam
2892 2179 3042 2231 inter
3095 2174 3359 2229 standum
3387 2171 3673 2226 divaricatos

2160 2276 2181 2296 ⁶
2214 2272 2321 2326 Sed
2352 2277 2409 2325 et
2452 2271 2558 2324 hoc
2584 2270 2860 2322 observat.
2891 2272 2950 2319 et
2985 2279 3278 2335 nunquam
3325 2261 3592 2316 scabellum
3616 2258 3677 2311 vel

2160 2360 2384 2431 aliquod
2416 2360 2630 2429 lignum
2663 2358 2952 2427 aliquanto
2982 2353 3379 2423 majusculum,
3409 2350 3504 2403 nisi
3545 2346 3681 2417 posito

2156 2468 2326 2522 super
2355 2450 2492 2503 illud
2523 2448 2662 2519 pede
2693 2450 2961 2504 transeat,
2995 2444 3080 2497 vel
3104 2458 3278 2497 eausa
3304 2440 3523 2509 alicujus
3541 2434 3680 2489 brevi-

2154 2537 2288 2591 tatis
2317 2536 2641 2590 circumeat.

2755 2621 2988 2675 CAPUT
3008 2619 3125 2674 LIX
3138 2662 3149 2673 .

2278 2717 2350 2769 De
2382 2715 2467 2767 his
2490 2730 2609 2783 quas
2638 2728 2750 2766 non
2782 2712 2901 2764 licet
2929 2711 3125 2783 facere,
3165 2710 3279 2762 nisi
3305 2708 3367 2759 in
3394 2711 3596 2771 tempore

2818 2781 3095 2850 loquendi.

2231 2898 2344 2962 (un.
2368 2891 2733 2963 var.)Exiens
2757 2906 2793 2943 a
2812 2887 3075 2959 capitulo,
3109 2886 3161 2940 si
3191 2889 3278 2939 est
3303 2894 3369 2938 ea
3401 2882 3509 2936 dies
3533 2879 3583 2933 in
3606 2890 3688 2946 qua

2122 3024 2130 3051 ,
2154 2985 2214 3039 in
2243 2985 2487 3038 claustro
2505 2982 2831 3051 loquuntur,-
2874 2977 3030 3048 prlus
3065 2976 3286 3039 nullum
3306 2971 3518 3026 Verbum
3535 2967 3683 3021 dicat:

2155 3074 2205 3128 si
2233 3073 2454 3127 litteras
2474 3069 2645 3129 novit,
2670 3068 2877 3135 librum
2905 3065 3107 3135 accipit
3156 3074 3215 3117 et
3249 3062 3416 3117 sedet.
3447 3060 3572 3113 Nam
3594 3068 3689 3107 con-

2156 3162 2299 3216 versi
2320 3162 2539 3215 litteras
2558 3157 2890 3220 nescientes,
2908 3155 3079 3208 libros
3100 3153 3309 3207 habere
3324 3166 3429 3204 non
3447 3148 3686 3238 coguntur.

2157 3252 2369 3306 Stando
2398 3255 2589 3304 autem
2637 3246 3002 3301 nihilominus
3053 3242 3326 3312 loquitur.
3360 3236 3462 3293 Sed
3509 3234 3626 3289 forte
3649 3234 3684 3282 si

2163 3347 2299 3395 tunc
2323 3356 2435 3394 non
2465 3337 2646 3392 aitait.
2676 3334 2899 3406 quando
2938 3338 3064 3403 post
3104 3329 3506 3401 percutsionem
3533 3320 3689 3375 tabula

2164 3431 2461 3483 Benrdim'te
2498 3427 2708 3481 dictum
2742 3429 2827 3477 est
2854 3439 2888 3477 a
2943 3421 3149 3492 priore,
3186 3425 3246 3473 et
3297 3424 3481 3489 pestes
3510 3410 3689 3467 veniens

2164 3516 2337 3585 aliqui
2376 3514 2479 3567 sibi
2522 3512 2764 3566 obvianti
2794 3509 2948 3571 dicit,
3010 3510 3351 3568 Benedictis;
3405 3502 3471 3556 ob
3505 3501 3592 3553 hoc
3614 3509 3688 3548 nec

2162 3606 2281 3676 ipse
2314 3620 2414 3657 nec
2437 3603 2500 3665 is,
2534 3601 2630 3672 qui
2659 3600 2889 3654 obvians
2921 3598 2972 3651 ei
3022 3594 3316 3666 respondit
3346 3593 3689 3676 Domitianus-

2164 3673 2272 3748 tari
2301 3692 2483 3745 debet.
2502 3691 2574 3743 Et
2603 3707 2767 3760 quem
2798 3694 2933 3741 tunc
2960 3687 3206 3757 primum
3241 3684 3295 3737 in
3326 3682 3571 3769 conventu
3591 3673 3692 3769 allo-

2166 3784 2357 3855 quitur
2387 3778 2677 3851 praemittit
2706 3779 3029 3832 Benedicite.
3069 3788 3181 3827 (UD.
3219 3765 3530 3855 var.)Quod
3551 3763 3691 3855 loquis

2164 3853 2276 3928 tur.
2310 3870 2404 3941 qui
2453 3867 2723 3939 loquitur,
2754 3856 3032 3921 submissa
3069 3868 3222 3916 vace.
3276 3853 3695 3947 Laquela‘spa‘ct

2164 3934 2451 4015 audiebtia
2479 3934 2590 4011 non
2629 3952 2704 4010 sit
2756 3950 2862 4008 nisi
2915 3953 2982 4006 de
3036 3944 3424 4022 spiritualibus
3450 3943 3523 3996 vel
3551 3934 3607 3994 de
3629 3934 3695 3989 his

2167 4048 2368 4121 quibUS
2422 4049 2536 4101 haec
2600 4043 2712 4099 vita
2767 4040 3093 4121 temporalis
3150 4053 3343 4094 carere
3394 4049 3495 4088 non
3535 4030 3693 4121 potest.

480 4130 647 4200 jacet.
683 4135 808 4188 Non
835 4135 1015 4200 offert,
1046 4148 1158 4191 non
1212 4116 1505 4193 osculatur
1523 4148 1738 4195 textum
1770 4116 2084 4213 Evangelii;
2164 4116 2387 4192 {Cavet
2409 4138 2575 4190 etiam
2597 4130 2753 4204 loqui
2778 4132 2847 4185 ad
2888 4116 3061 4183 alium
3091 4128 3324 4182 fratrem
3378 4122 3431 4177 in
3473 4116 3693 4213 OPPOSitff

487 4235 597 4272 non
629 4222 845 4276 accedit
881 4225 949 4277 ad
997 4230 1209 4294 pacem‘,
1236 4243 1337 4280 nec
1390 4228 1459 4281 ad
1510 4229 1738 4282 missam
1770 4248 1895 4284 cum
1924 4201 2075 4285 aliis.
2162 4230 2247 4281 vel
2280 4223 2567 4301 remotiorl
2621 4224 2739 4276 loco
2795 4212 3082 4273 sedentem
3116 4216 3218 4271 aut
3261 4214 3509 4301 stantem.
3540 4222 3614 4261 U0.
3649 4201 3691 4254 SI

487 4307 545 4362 Si
574 4309 720 4363 festa
747 4311 866 4364 dies
891 4312 1186 4367 duodecim
1226 4316 1350 4368 lect.
1389 4314 1472 4369 vei
1512 4318 1727 4386 agenda
1751 4298 2300 4413 supervenes-unid
2354 4314 2493 4385 opus
2549 4304 2719 4366 habet
2757 4326 2790 4364 a
2819 4305 3129 4413 camerqrio
3169 4318 3434 4376 quaerere,
3469 4298 3696 4413 ωηξρἮῖ

485 4396 577 4461 rit,
612 4400 829 4455 solatus
849 4407 936 4454 est
965 4402 1208 4456 interim.
1269 4404 1494 4458 Privata
1545 4379 1673 4460 vero
1706 4400 1797 4461 die
1822 4379 2080 4462 veniente
2102 4379 2147 4413 υ
2168 4379 2319 4459 sime
2337 4379 2556 4474 quaerit.
2583 4399 2641 4455 Si
2699 4404 2839 4471 opas
2877 4388 3046 4451 habet
3072 4410 3290 4464 ungues
3331 4398 3525 4450 secare,
3550 4388 3596 4437 et
3619 4379 3690 4474 ille

486 4502 685 4542 rursus
722 4488 915 4551 intrat,
949 4491 1007 4544 in
1066 4508 1176 4562 quo
1220 4500 1343 4546 erat
1400 4494 1571 4562 prius,
1618 4504 1792 4565 usque
1822 4498 1953 4551 dum
1986 4499 2087 4551 fiat
2165 4491 2330 4549 debet
2354 4466 2427 4546 ad
2454 4488 2683 4544 fratrem
2729 4466 2891 4559 juxta
2930 4500 2989 4539 se
3033 4475 3324 4577 sedentem
3349 4466 3699 4577 dicff‘eqili’ﬁd

460 4575 792 4645 absolutus.
818 4579 1140 4634 Absolvitur
1167 4588 1354 4635 autem
1389 4584 1629 4637 maxime
1673 4587 1896 4655 quando
1937 4588 2087 4641 inter
2166 4583 2365 4638 debeat
2381 4597 2594 4651 ungues
2610 4595 2741 4633 suos
2762 4588 2967 4638 secare,
3002 4580 3059 4628 et
3080 4573 3173 4665 ille
3201 4568 3446 4665 debetei
3476 4568 3700 4665 annue?

485 4642 678 4738 preces
710 4674 1024 4740 prostratus
1068 4673 1219 4740 jacet
1272 4671 1343 4724 ad
1393 4673 1651 4741 gradum,
1686 4642 1874 4744 aliquo
1912 4675 2084 4730 fratre
2166 4671 2355 4726 dicens
2382 4674 2402 4694 θ
2424 4690 2434 4723 :
2457 4642 2606 4723 ilum
2635 4669 2732 4722 Dei
2753 4666 3132 4754 benedictione,
3165 4662 3222 4715 et
3246 4660 3322 4712 sic
3354 4642 3695 4754 prfeltﬁsioﬁ:

486 4726 557 4808 ad
578 4726 940 4811 eumldirecto
960 4776 993 4811 a
1014 4726 1217 4828 priore,
1239 4775 1271 4812 a
1302 4726 1427 4829 qui;
1434 4760 1561 4814 sibi.
1582 4726 1728 4831 quod
2159 4756 2408 4816 ncdicite.
2443 4768 2507 4811 eo
2534 4753 2907 4825 reSpondente
2962 4750 3254 4810 Dominus,
3290 4738 3532 4831 praedicto

488 4848 578 4898 tus
610 4845 898 4901 innuatur.
932 4849 953 4870 θ
1001 4848 1155 4901 Tunc
1201 4854 1346 4901 tacto
1376 4855 1507 4904 ante
1540 4856 1595 4902 et
1622 4855 1773 4903 retro
1823 4851 2073 4904 discedit.

490 4932 651 4996 Quod
695 4936 742 4988 si
772 4935 914 4989 forte
953 4937 1107 5006 priOr
1136 4938 1462 5007 neglexerit.
1496 4950 1529 4991 a
1556 4936 1842 4992 claustrali
1874 4939 2080 5008 priore,

488 5023 572 5076 vel
598 5022 669 5077 ab
699 5024 885 5095 aliquo
914 5027 1133 5080 seniore
1169 5027 1510 5089 admonitus;
1544 5030 1671 5080 eum
1721 5026 1994 5089 absolvit;
2035 5028 2083 5081 si

486 5118 679 5168 tamen
709 5115 760 5167 ei
784 5115 966 5169 adhuc
992 5115 1173 5169 visum
1205 5116 1391 5169 fuerit.
1427 5130 1520 5169 uo.
1542 5117 1654 5169 Hoc
1674 5128 1896 5186 quoque
1918 5117 2084 5170 modo

490 5203 611 5259 ﬁeri
634 5205 779 5258 solet
805 5192 1182 5265 absolutiofsi
1214 5205 1395 5258 eidem
1428 5220 1582 5258 noxae
1608 5205 1951 5272 adjudicanti
1982 5210 2084 5276 po-

486 5298 607 5347 stea
640 5295 959 5365 cdntigerit,
982 5301 1047 5348 ut
1092 5310 1193 5365 pro
1236 5295 1423 5365 aliquo
1457 5295 1659 5349 delicto
1689 5295 1874 5348 ‘denuo
1906 5296 2083 5348 recla-

488 5389 674 5437 matus
697 5384 1036 5438 verberetur.
1076 5384 1141 5437 Et
1170 5385 1216 5437 si
1245 5384 1347 5437 hoc
1376 5396 1486 5437 non
1531 5384 1717 5443 fuerit,
1750 5398 1862 5438 non
1894 5383 2081 5437 absol-

488 5472 657 5541 vitur,
675 5474 782 5527 nisi
806 5474 960 5544 prius
990 5474 1113 5544 ejus
1136 5472 1443 5527 satisfactio
1470 5473 1710 5543 jacentis
1735 5473 1804 5526 ad
1815 5472 2075 5542 gradum,

490 5561 572 5613 rei
600 5562 672 5615 ad
699 5578 873 5616 unam
902 5563 1100 5617 horam
1131 5577 1167 5616 ι
1215 5569 1491 5617 conventu
1527 5561 1800 5619 videatur.
1835 5563 1857 5587 ⁸
1888 5560 2082 5614 Potest

2163 4852 2333 4903 secat.
2367 4847 2423 4901 Si
2454 4850 2594 4916 opus
2624 4816 2795 4897 liabet
2812 4837 3091 4911 justitiam
3124 4844 3284 4892 suam
3315 4836 3367 4887 et
3396 4824 3617 4916 pateram
3636 4816 3702 4916 lla-

2164 4942 2294 4991 vare
2324 4940 2442 4996 bo,
2490 4909 2625 4988 tunc
2669 4909 2834 4997 lavat,
2867 4927 3159 4983 observato
3203 4917 3533 5011 ibi‘silentiti.

2164 5043 2293 5080 vero
2324 5024 2379 5078 in
2420 5018 2665 5077 claustro
2696 5036 2807 5074 non
2857 5019 3016 5091 ponit
3039 5001 3345 5073 siccandas,
3383 4998 3700 5091 ‘wdtbiﬁm

2164 5114 2220 5168 in
2244 5109 2603 5168 'reiectorium
2620 5086 2889 5180 reportat.
2912 5124 3002 5161 CD.
3038 5104 3095 5160 Si
3112 5108 3249 5175 opus
3271 5100 3434 5155 habet
3458 5086 3698 5186 cultellum

2164 5221 2329 5259 suum
2359 5210 2579 5267 acuere,
2614 5202 2747 5254 tunc
2776 5196 2926 5251 acuit
2954 5195 3022 5250 ad
3064 5200 3263 5255 cotem,
3291 5195 3407 5261 quae
3435 5182 3497 5238 ob
3529 5180 3618 5234 hoc
3652 5180 3697 5227 in

2165 5296 2364 5348 catena
2397 5286 2602 5362 pendet
2640 5289 2698 5342 in
2754 5287 3035 5349 claustro;
3070 5284 3091 5305 ‘
3120 5282 3203 5336 vel
3257 5280 3304 5333 si
3355 5273 3519 5367 magi?
3552 5266 3699 5367 Ῐάξετδξθί

2165 5384 2235 5437 ad
2265 5354 2499 5436 alteram
2528 5381 2687 5449 juxta
2738 5374 3070 5430 iavatorium
3098 5368 3356 5425 similiter
3384 5354 3693 5449 pendentem:

2165 5472 2223 5526 Si
2244 5472 2301 5524 in
2327 5436 2660 5523 vestimento
2706 5466 2807 5519 suo
2858 5463 2991 5533 quid
3035 5461 3307 5514 dissutum
3338 5436 3697 5541 estletaliqm'd

2162 5559 2437 5613 resarcire
2465 5556 2604 5623 vult,
2628 5554 2733 5609 hoc
2758 5525 3016 5622 tempore
3052 5543 3330 5619 luguendi,
3356 5526 3450 5595 aut
3471 5530 3585 5590 ante
3606 5525 3695 5599 pli-
