3872 6164
154 288 248 353 ω
986 275 994 283 ’
1186 282 1615 362 causam,
1654 280 1998 348 MSAUG.
2039 322 2108 333 —
2145 282 2282 347 LTB.
2320 282 2370 349 ἴ.
3303 275 3411 347 ωδ

152 430 290 475 nam
310 421 375 475 in
413 411 625 481 instate,
662 418 726 472 in
752 418 955 488 hyeme
982 422 1118 471 vero
1148 422 1284 471 ante
1307 419 1561 485 tertiam,
1592 426 1648 473 et
1682 419 1726 472 si
1750 423 1792 478 Α
1815 418 1955 472 albis
1986 424 2071 472 est
2091 420 2328 488 agenda,
2358 418 2509 472 sicut
2548 424 2699 489 saepe
2729 418 2915 473 evenit
2947 418 3009 472 in
3054 416 3410 487 susceptione

150 509 648 565 senuisomeditur
674 513 803 577 post
830 504 1152 576 prandium,
1195 507 1265 559 ad
1318 507 1524 561 lectum
1566 520 1729 562 suum
1815 508 2051 577 alicujus
2080 508 2354 577 gravioris
2387 520 2655 578 personat.
2689 508 2871 575 Igitur
2899 507 3096 560 eodem
3134 511 3408 577 tempore,

153 601 270 654 facit
294 600 495 653 sedens
511 598 568 650 in
600 597 817 650 cuculla
848 611 952 649 sua
979 601 1035 648 et
1064 595 1301 665 pellicia,
1340 596 1387 649 si
1419 610 1560 667 opus
1606 604 1726 663 est;
1810 610 1923 666 quo
1954 596 2379 650 nocturnalibus
2403 597 2657 649 induitur
2674 598 2878 650 tollens
2905 586 3133 649 fasciam
3149 608 3311 649 suam
3336 595 3409 649 de

152 691 279 745 duas
308 688 456 741 enim
476 687 667 746 habet,
694 690 751 739 et
770 685 818 737 si
848 698 961 738 una
988 684 1365 741 resarcienda.
1395 682 1541 739 sedit
1566 686 1624 742 in
1645 689 1728 741 al-
1814 686 1956 739 lecto
1992 702 2117 750 suo,
2146 686 2333 756 pergit
2357 686 2429 739 ad
2453 686 2607 739 illam
2647 685 2936 739 minuendi
2967 673 3258 754 sanguinis
3285 684 3406 738 ofﬁ-

156 786 278 832 tera.
308 790 401 833 un.
428 776 485 831 Si
522 788 663 845 opus
706 774 876 828 habet
905 774 1041 843 quid
1068 774 1138 826 de
1168 774 1499 828 vestimento
1527 780 1628 829 suo
1657 777 1728 830 ad
1806 776 2016 840 cinam,
2046 782 2104 829 et
2131 782 2262 830 ante
2288 777 2477 830 omnia
2502 777 2637 830 facit
2664 782 2794 830 ante
2835 779 2893 847 et
2921 781 3090 839 retro,
3125 780 3183 828 et
3208 778 3299 828 ter
3325 773 3408 827 di‘~

154 867 315 921 solem
343 866 663 927 extendere,
704 870 842 917 tum
880 860 1150 929 extendit,
1196 869 1253 918 et
1278 864 1425 918 bene
1452 866 1728 920 memine-

154 957 239 1017 rit,
261 960 322 1009 ut
342 954 564 1009 auferat
592 960 725 1006 ante
752 953 1136 1017 collationem,
1155 954 1242 1006 vel
1271 954 1319 1007 si
1338 953 1632 1008 duodecim
1654 953 1731 1009 le-

158 1047 347 1099 ctiones
374 1044 437 1097 in
460 1042 717 1113 sequenti
738 1047 926 1105 nocte,
959 1048 1091 1095 ante
1126 1056 1435 1113 vesperam.

750 1129 984 1185 CAPUT
1012 1128 1121 1185 LX.

1810 864 1887 918 cit
1912 864 2134 919 brevam
2181 880 2401 919 versum
2438 884 2449 918 :
2503 868 2656 924 Deus,
2708 869 2773 918 in
2810 867 3159 932 adjiztom'um
3197 872 3399 917 meum.

1818 955 1982 1020 Kyrt‘e
2004 957 2224 1008 elcison.
2238 955 2274 1021 ἲν
2290 955 2668 1023 .Adjntorium
2688 958 2962 1008 nostrum.
2986 953 3242 1023 Itemque
3258 943 3406 1005 facto

1814 1050 1945 1097 ante
1972 1050 2033 1098 et
2059 1044 2212 1098 retro
2240 1044 2561 1098 imminutio
2587 1043 2879 1113 sanguinis
2915 1030 3233 1095 inchoatur.

2378 1124 2616 1187 CAPUT
2640 1134 2788 1188 LXII
2802 1178 2813 1189 .

223 1224 285 1276 De
321 1237 398 1280 eo.
432 1224 533 1289 qui
560 1220 861 1291 inﬁrmum
891 1222 1127 1287 fratrem
1150 1223 1377 1274 visitare
1401 1224 1655 1277 voluerit.
1819 1222 1880 1274 In
1911 1222 2111 1289 quibus
2147 1224 2276 1275 locis
2304 1228 2430 1276 ante
2460 1228 2507 1276 ct
2536 1227 2684 1275 retro
2723 1225 2796 1274 sit
2816 1221 3134 1288 faciendum
3162 1222 3402 1275 minuto.

221 1312 238 1333 ⁶
267 1310 321 1364 Si
350 1325 520 1380 quem
547 1309 782 1365 fratrem
812 1308 1192 1362 infirmantem
1219 1309 1443 1363 visitare
1473 1308 1729 1377 voluerit,
1887 1313 1909 1334 ‘
1941 1311 2048 1364 Sed
2082 1310 2546 1382 sciendum,qu0d
2571 1312 2726 1365 nullo
2756 1326 2812 1363 ιη
2842 1311 2962 1363 loco
2990 1308 3161 1361 faciat
3187 1312 3318 1360 ante
3347 1312 3407 1360 et

157 1406 276 1453 tunc
302 1399 540 1452 maxime
570 1398 775 1467 accipit
789 1397 1069 1451 licentiam
1084 1398 1362 1452 visitandi.
1392 1398 1526 1452 Illuc
1545 1401 1730 1455 eundo
1812 1403 1985 1456 retro.
2018 1398 2126 1452 nisi
2156 1399 2213 1452 in
2247 1400 2475 1453 ecclesia
2497 1401 2580 1453 vel
2609 1406 2740 1453 ante
2773 1413 2992 1451 crucem
3026 1395 3135 1463 sit;
3177 1396 3405 1466 ekcepto

161 1487 302 1541 debet
326 1487 608 1558 psalmum
654 1488 902 1547 Domine,
936 1501 1004 1539 ne
1040 1490 1104 1539 in
1145 1490 1341 1553 furore
1382 1493 1473 1540 tuo
1520 1501 1728 1554 arma”
1810 1488 1879 1540 ad
1910 1502 2051 1559 opus
2074 1502 2363 1551 manuum,
2399 1489 2467 1542 ad
2514 1489 2806 1558 sanguinis
2846 1487 3238 1549 minutionem,
3266 1485 3406 1538 etin

160 1593 244 1639 me,
271 1581 402 1637 etc.,
450 1574 725 1641 recitare;
779 1574 974 1628 addita
1022 1575 1317 1628 Dominica
1363 1576 1634 1631 oratione.
1668 1583 1727 1631 et
1806 1577 2048 1646 coquina
2074 1578 2339 1647 regulari.
2367 1578 2763 1631 uo.Silontium
2784 1582 2958 1630 tenet.
2990 1575 3099 1628 nisi
3119 1574 3405 1627 modicum

154 1682 251 1719 una
281 1665 515 1719 collecta
557 1680 661 1734 pro
699 1663 943 1722 inﬁrmo,
993 1664 1343 1732 Omnipotens
1396 1670 1725 1732 sempiterna
1809 1666 1942 1735 quid
1975 1665 2126 1719 dicat
2153 1666 2221 1719 de
2246 1678 2312 1719 eo
2345 1666 2489 1736 quod
2522 1668 2673 1719 inter
2700 1681 2901 1719 manus
2920 1664 3133 1717 habet.‘
3154 1663 3403 1716 Callem-

155 1754 289 1809 Dm.
333 1761 441 1806 etc.
482 1752 627 1805 Cum
658 1750 897 1804 inﬁmis
922 1751 1193 1804 fratribus
1239 1757 1422 1821 potest.
1468 1751 1543 1805 ibi
1572 1753 1724 1823 loqui
1742 1740 1788 1803 Β
1808 1754 1924 1810 rius
1953 1770 2081 1807 vero
2109 1755 2423 1824 adjutorem
2454 1768 2616 1808 suum
2647 1755 2780 1808 illuc
2804 1755 3027 1807 mittere
3047 1754 3404 1824 procurat,ut

152 1846 429 1910 antequam
461 1840 532 1893 ad
567 1840 766 1893 horam
794 1845 1123 1910 sequentem
1162 1841 1434 1911 pulsetur.
1485 1842 1645 1904 Quod
1675 1842 1724 1895 si

154 1930 298 1983 citius
322 1930 393 1982 ad
422 1930 617 1982 horam
639 1931 917 1999 pulsatur,
942 1930 1022 1982 ita
1044 1934 1108 1982 ut
1127 1944 1239 1982 non
1256 1930 1432 1998 possit
1449 1944 1722 1999 peragere

156 2019 283 2087 quod
303 2018 490 2088 cmpit.
536 2024 736 2088 postea
782 2034 893 2071 non
942 2017 1065 2071 sine
1116 2018 1343 2071 licentia
1386 2018 1717 2087 regreditur.

152 2106 258 2160 Non
286 2108 463 2160 solum
487 2114 677 2160 autem
695 2106 754 2160 in
781 2107 883 2160 hoc
909 2112 1179 2177 tempore,
1205 2108 1299 2160 sed
1327 2108 1496 2161 etiam
1518 2107 1575 2161 in
1592 2107 1722 2162 aliis

152 2195 570 2265 competentibus
608 2196 763 2249 horis
791 2196 1115 2253 conceditur
1135 2196 1470 2265 quibusdam
1508 2197 1723 2266 gravio-

152 2283 284 2338 ribus
306 2285 561 2355 personis
581 2290 920 2354 aegrotantes
950 2285 1197 2339 visitare.

211 2376 328 2440 luo.)
361 2374 515 2427 Nihil
535 2373 785 2443 appellat
798 2390 981 2437 suum,
1015 2373 1111 2426 sed
1138 2373 1207 2426 ad
1225 2374 1413 2427 omnia
1432 2375 1570 2428 dicit
1590 2389 1715 2427 nos-’-

157 2466 283 2513 lrum
313 2463 421 2515 nisi
446 2462 516 2514 de
536 2468 714 2531 patre,
764 2468 945 2516 matre
972 2470 1029 2515 et
1056 2462 1236 2532 culpa,
1269 2463 1338 2516 de
1371 2462 1456 2515 his
1488 2464 1721 2517 licenter

155 2550 266 2603 dicit
292 2568 441 2603 meus
462 2558 520 2604 et
550 2550 905 2604 mea.Verum
949 2550 1115 2604 etiam
1139 2552 1210 2604 de
1233 2568 1291 2604 se
1314 2552 1526 2621 aliquid
1549 2553 1727 2607 dictu-

156 2655 252 2697 rus,
281 2641 416 2693 dicit
450 2656 541 2707 ego
570 2656 681 2693 non
722 2656 837 2692 nos.
881 2640 937 2693 Si
969 2655 1132 2708 quem
1181 2640 1410 2693 fratrem
1456 2642 1718 2712 appellat,

157 2745 419 2799 nunquam
444 2746 585 2799 puro
597 2729 823 2782 nomine
844 2730 1108 2800 appellat,
1134 2730 1243 2783 nisi
1260 2732 1495 2783 domnus
1520 2732 1725 2800 adjun-

150 2826 261 2886 επις
288 2818 386 2871 sed
414 2819 653 2887 juvenes
682 2821 889 2885 fratres
916 2824 1094 2871 Vocat.
1128 2820 1270 2871 Item
1299 2820 1589 2889 prOprium
1620 2837 1723 2875 no-

154 2923 263 2961 men
277 2908 530 2963 dicturus
562 2909 744 2974 frater
762 2907 1072 2977 premittit.
1098 2908 1160 2961 In
1194 2907 1296 2960 hoc
1317 2915 1375 2961 et
1396 2907 1506 2961 alio
1533 2908 1725 2978 quovis

1807 1851 1945 1913 quot
1979 1843 2091 1897 sint
2130 1843 2331 1896 minuti
2388 1843 2573 1897 videat
2622 1850 2717 1897 un.
2773 1843 2851 1896 Ab
2898 1841 3028 1895 hinc
3070 1852 3310 1910 surgens
3340 1838 3401 1891 in

1806 1932 2163 2002 refec‘torium
2185 1933 2356 1995 venit,
2375 1933 2789 2003 aliquantulum
2804 1932 2873 1985 de
2903 1930 3048 1984 libra
3068 1945 3171 1984 sua
3191 1938 3401 2007 comes:

1800 2035 1970 2074 surus
2002 2028 2055 2074 et
2082 2017 2380 2085 bibiturus,
2413 2022 2559 2075 sicut
2596 2022 2769 2074 etiam
2809 2036 2909 2090 per
2935 2021 3076 2073 duos
3099 2023 3401 2088 Sequentes

1805 2109 1924 2162 dies
1958 2115 2083 2179 post
2112 2110 2461 2179 evangelium
2485 2111 2715 2179 majoris
2732 2109 2914 2162 missae
2940 2128 2952 2175 ;
2985 2109 3043 2161 in
3066 2113 3265 2177 quarto
3297 2118 3400 2160 au-

1801 2203 1916 2251 tem
1933 2212 2060 2251 cum
2077 2198 2368 2252 ministris.
2406 2201 2428 2223 '
2447 2199 2530 2252 Ad
2547 2198 2870 2267 hujusmodi
2887 2201 3077 2250 autem
3100 2195 3399 2266 prandium

1802 2302 1915 2340 non
1947 2287 2154 2340 dicitur
2172 2288 2614 2341 refectionaliter
2642 2300 2854 2347 versus,
2879 2287 3053 2339 etiam
3083 2284 3129 2338 si
3157 2284 3233 2337 sit
3261 2282 3401 2338 illud

1803 2377 2061 2445 regulare
2086 2376 2386 2445 jejunium,
2404 2377 2461 2429 in
2485 2390 2594 2446 quo
2622 2382 2676 2429 et
2705 2382 2829 2446 post
2846 2377 3074 2429 tertiam
3094 2378 3404 2445 pransurus

1801 2465 2075 2535 pietantia
2103 2480 2214 2519 non
2245 2466 2475 2519 carebit.
2498 2466 2681 2519 Finita
2708 2464 3247 2518 communiﬂ'atrum
3264 2461 3404 2516 refe-

1805 2552 2009 2610 ctione.
2031 2552 2077 2605 si
2093 2568 2234 2623 opus
2252 2553 2424 2606 fuerit
2448 2559 2575 2623 post
2595 2568 2789 2606 versus
2810 2553 2959 2605 inter
2989 2552 3201 2622 primos
3222 2555 3407 2621 potest

1804 2640 2059 2693 exire.Ad
2084 2642 2395 2712 proximum
2436 2636 2631 2695 horam
2655 2649 2782 2712 post
2812 2638 3180 2694 minutionem
3194 2638 3406 2692 secedit

1805 2738 1936 2783 ante
1987 2729 2120 2783 illud
2155 2731 2353 2793 altare,
2387 2747 2496 2800 quo
2552 2724 2763 2783 inﬁrmi
2814 2728 2965 2782 inter
3010 2728 3402 2781 matutinalem

1804 2818 2036 2875 missam
2067 2820 2249 2873 solent
2277 2819 2569 2884 accubare,
2603 2826 2654 2873 et
2681 2830 3014 2889 quocunque
3042 2817 3210 2870 modo
3238 2826 3403 2870 recu-

1807 2907 1947 2960 bans
1978 2907 2056 2960 ibi
2083 2910 2272 2977 jaceat
2300 2909 2605 2962 secundum
2635 2907 3010 2961 valetudinem
3036 2904 3217 2967 suam,
3235 2912 3403 2958 nemo

152 3002 379 3066 tempore
409 2997 769 3067 competenti,
802 2996 944 3049 sicut
970 2996 1119 3049 infra
1160 3002 1459 3066 utramque
1489 2998 1720 3052 missam
1747 3055 1783 3067 ﬂ
1811 2996 2107 3066 vituperat.
2133 2998 2191 3051 Si
2219 3003 2405 3051 autem
2430 2997 2642 3051 viribus
2668 2998 2788 3050 suis
2808 2990 3056 3055 conlidit,
3079 2995 3150 3049 ad
3163 3002 3402 3064 sequen-

153 3055 315 3155 potest
331 3100 459 3140 cum
482 3055 710 3139 licentia
727 3055 1049 3139 saecularem
1075 3086 1318 3140 amicum
1339 3055 1635 3139 convenire
1666 3084 1724 3140 e't
1742 3055 1785 3114 Ο
1808 3055 1945 3138 ἴδω.
1970 3086 2168 3139 horam
2218 3086 2354 3139 inibi
2407 3086 2942 3140 consuetudinaliter
2978 3084 3158 3147 sedet,
3215 3055 3270 3136 et
3323 3082 3404 3135 sic

152 3173 240 3228 hoc
262 3192 371 3229 non
403 3176 526 3229 sine
557 3181 723 3237 teste,
756 3174 802 3227 si
824 3175 999 3228 scitur
1027 3174 1438 3245 aliquantulum
1464 3177 1725 3229 incautus
1807 3174 2069 3245 deinceps
2110 3177 2179 3229 ad
2228 3176 2475 3246 reliquas
2518 3176 2686 3228 horas
2732 3174 3051 3244 ubicunque
3080 3173 3221 3236 vult,
3244 3177 3405 3225 extra

152 3280 271 3318 esse.
307 3265 534 3319 Nullam
562 3264 792 3317 omnino
812 3264 1101 3317 osculatur
1128 3264 1422 3318 mulierem
1450 3283 1462 3332 ;
1496 3265 1595 3318 sed
1624 3279 1727 3319 nec
1806 3262 2082 3317 minorem
2105 3265 2336 3318 chorum
2364 3271 2571 3317 manet.
2608 3264 2749 3317 Cum
2777 3273 2968 3317 autem
2988 3269 3115 3333 post
3141 3268 3402 3331 vesperae

152 3359 360 3408 natlem
378 3369 569 3408 suam.

724 3442 958 3496 CAPUT
985 3442 1126 3496 LXI.

155 3532 209 3583 De
223 3536 524 3586 minutione
536 3534 851 3597 sanguinis,
878 3534 957 3583 rel
975 3532 1376 3598 phlebotomare
1390 3534 1718 3586 volentibus.

210 3624 308 3685 luo.
343 3624 483 3687 var.)
529 3621 587 3674 Si
627 3620 959 3689 sanguinem
990 3619 1227 3672 voluerit
1253 3619 1507 3677 minuere
1537 3620 1595 3673 in
1622 3622 1722 3676 XII

151 3709 502 3775 lectionibus,
534 3711 621 3763 vel
664 3725 724 3762 In
765 3710 874 3763 alio
899 3724 1231 3779 quocunque
1266 3709 1377 3774 die,
1424 3709 1480 3762 in
1513 3724 1624 3779 quo
1653 3711 1724 3764 si-

152 3799 361 3854 lentium
407 3806 495 3853 est
520 3799 849 3856 tenendum.
880 3798 1003 3867 ipsa
1044 3798 1205 3850 hora.
1235 3813 1349 3867 qua
1378 3799 1448 3851 de
1476 3800 1722 3870 capitulo

149 3888 327 3948 exitur.
346 3888 635 3942 licentiam
665 3904 702 3939 a
725 3892 955 3940 tenente
976 3886 1228 3940 ordinem
1243 3902 1369 3940 cum
1392 3887 1556 3955 signo
1578 3904 1723 3958 quae-

147 3975 223 4028 rit
245 3978 265 3998 '
290 3975 353 4032 In
374 3976 607 4048 privatis
634 3982 824 4029 autem
853 3974 1049 4029 diebus
1080 3975 1303 4045 quando
1333 3976 1537 4029 locutio
1556 3983 1644 4030 est
1661 3991 1720 4030 in

146 4062 389 4123 claustm.
418 4067 468 4119 si
498 4070 684 4136 potest
712 4064 1016 4118 consedere
1037 4065 1203 4133 juxta
1246 4064 1509 4134 priorem,
1548 4065 1714 4119 licen-

150 4154 267 4209 tiam
286 4156 424 4227 petit
444 4156 619 4209 verbo
643 4174 656 4208 :
683 4156 771 4209 sin
791 4162 1003 4212 autem.
1029 4156 1210 4225 signo.
1236 4155 1396 4219 Quod
1416 4154 1464 4207 si
1483 4156 1722 4209 domnus

145 4240 270 4297 abba
295 4246 381 4299 vel
411 4245 569 4316 prior
594 4244 903 4314 capitulum
936 4244 1137 4310 tenuit,
1168 4249 1225 4297 et
1253 4259 1378 4297 mox
1397 4243 1559 4297 ﬁnito
1578 4244 1726 4314 capi-

1810 3355 1865 3404 et
1895 3352 2244 3406 matutinalis
2272 3351 2550 3424 processio
2581 3352 2649 3406 ad
2680 3354 2736 3406 S.
2763 3347 2999 3406 Mariam
3045 3351 3250 3421 agitur,
3283 3350 3403 3421 ipse

1809 3441 2023 3512 priores
2057 3442 2405 3513 subsequens
2460 3442 2519 3497 in
2556 3442 2825 3512 capitulo,
2876 3438 2985 3495 nisi
3037 3434 3116 3494 sit
3155 3438 3399 3510 juvenis.

1808 3534 2080 3584 munitur.
2104 3532 2189 3584 Ad
2218 3528 2431 3585 nullam
2460 3532 2657 3584 horam
2689 3531 3005 3601 regularem
3028 3529 3197 3584 debet
3228 3527 3405 3599 proci-

1806 3620 1938 3673 dere
1968 3637 2149 3691 neque
2199 3636 2299 3691 pro
2344 3621 2456 3674 illis
2502 3622 2682 3674 tribus
2715 3620 3083 3683 orationibus,
3124 3626 3248 3690 quae
3279 3608 3406 3689 post

1805 3709 2050 3763 sonitum
2092 3711 2149 3762 in
2179 3710 2348 3764 choro
2368 3710 2551 3763 solent
2576 3706 2697 3764 ﬁeri
2726 3726 2757 3763 a
2788 3716 3063 3764 conventu
3095 3708 3299 3763 stando
3319 3708 3406 3763 vel

1805 3798 2241 3868 procumbendo,
2278 3799 2397 3869 ipse
2425 3812 2596 3853 unam
2619 3805 2838 3853 tantum
2862 3805 2993 3852 ante
3012 3800 3244 3852 chorum
3267 3798 3404 3852 facit

1801 3887 2070 3940 sedendo.
2116 3890 2179 3940 ln
2226 3888 2336 3941 ﬁne
2379 3904 2509 3941 vero
2542 3888 2984 3958 uniuscujusque
3025 3889 3174 3942 horae
3212 3887 3401 3941 exiens

1804 3991 1935 4028 cum
1964 3976 2179 4029 caeteris
2204 3974 2341 4030 facit
2367 3984 2498 4031 ante
2527 3983 2585 4031 et
2614 3983 2785 4040 retro,
2802 3983 2859 4030 et
2877 3982 3008 4030 ante
3034 3976 3257 4030 initium
3271 3982 3403 4029 cum

1805 4064 1931 4117 aliis
1968 4069 2101 4117 ante
2121 4069 2179 4117 et
2206 4070 2358 4118 retro
2385 4066 2538 4118 facit.
2584 4067 2668 4119 Ad
2697 4066 2972 4129 litaniam,
3004 4062 3051 4117 si
3081 4065 3199 4117 vult
3226 4063 3405 4133 proci-

1806 4153 1958 4217 dere,
1988 4153 2265 4222 procidat:
2300 4154 2346 4207 si
2372 4154 2494 4207 vult
2520 4154 2734 4220 sedere,
2769 4154 2985 4217 sedeat,
3018 4154 3295 4221 nemoque
3338 4151 3402 4203 ll:
3483 4213 3491 4227 ν

1807 4241 1905 4294 lud
1939 4242 2333 4311 reprehendat.

148 4332 265 4427 talo,
293 4335 484 4405 aliquo
514 4333 791 4397 discessit,
821 4349 930 4403 quo
968 4332 1060 4427 is,
1091 4333 1186 4403 qui
1230 4332 1566 4427 minuendus
1607 4339 1718 4427 est,
1740 4370 1787 4427 Β
1881 4331 2020 4396 (ου.)
2040 4330 2123 4383 Ad
2144 4332 2442 4427 prandium
2468 4332 2690 4427 quando
2712 4331 2808 4384 alii
2823 4326 3034 4427 nubent
3046 4329 3399 4427 pietantiain‘,

146 4420 249 4474 sine
276 4423 505 4478 licentia
544 4423 734 4477 venire
774 4436 885 4476 non
916 4420 1111 4492 possit,
1144 4428 1280 4475 tunc
1309 4420 1378 4474 ab
1408 4438 1492 4487 eo,
1526 4422 1622 4492 qui
1651 4422 1723 4475 ad

144 4524 368 4577 presens
384 4512 642 4566 ordinem
660 4512 827 4582 regit,
846 4511 1136 4565 licentiam
1159 4511 1376 4581 quaerit.
1400 4511 1724 4564 Cavendum

143 4606 314 4654 autem
338 4602 800 4655 esthebdomadae
815 4601 1091 4654 sacerdoti
1114 4599 1573 4662 hebdomadario,
1599 4600 1724 4653 dia-

142 4704 264 4743 cono
293 4698 352 4744 et
380 4687 742 4747 subdiacono.
776 4689 1211 4743 hebdomadario
1251 4689 1486 4753 cantari,
1520 4704 1726 4742 mensae

142 4775 337 4834 lectori.
355 4779 810 4835 hebdomadariis
843 4778 1115 4849 coquinae,
1139 4784 1202 4831 ut
1221 4790 1575 4848 nequaquam
1600 4792 1725 4830 san-

138 4867 349 4934 guinem
386 4870 642 4923 minuere
671 4876 1032 4939 praesumant.
1066 4867 1172 4922 nisi
1214 4868 1369 4938 prius
1397 4867 1456 4920 in
1485 4867 1727 4937 capitulo

141 4958 299 5024 petita
338 4959 504 5012 venia
547 4958 833 5011 licentiam
881 4957 1175 5027 accipiant.
1225 4961 1338 5019 (un.
1373 4958 1524 5025 var.)
1556 4954 1629 5009 Et
1664 4962 1729 5010 ut

140 5045 229 5101 hoc
255 5048 439 5113 modo,
466 5063 582 5118 quo
610 5047 712 5100 ﬁat
763 5046 978 5111 ordine,
1011 5060 1448 5116 prosequamur;
1502 5051 1730 5115 accepta

142 5134 351 5209 licentia
380 5137 622 5207 idipsum
649 5141 916 5205 procurat
959 5134 1186 5188 cellario
1207 5134 1473 5197 indicare,
1500 5140 1561 5188 ut
1586 5150 1727 5204 prm-

143 5224 313 5279 videat
345 5226 617 5279 famulum
658 5225 754 5295 qui
786 5224 858 5277 ad
899 5223 1220 5293 hujusmodi
1237 5223 1524 5291 negotium
1553 5224 1727 5293 depu-

146 5318 283 5367 tatus
312 5320 419 5375 est,
460 5315 520 5367 in
551 5318 814 5384 promptu
860 5326 981 5366 esse
1004 5317 1126 5382 post
1157 5312 1508 5381 evangelium
1544 5312 1727 5365 missa:

148 5404 386 5471 majoris.
419 5404 498 5457 Eo
519 5417 763 5473 namque
785 5409 1070 5455 momento
1090 5401 1477 5455 abscedensde
1498 5402 1732 5455 ecclesia

150 5492 320 5546 induit
336 5493 712 5555 nocturnales,
731 5506 844 5545 non
864 5492 1005 5544 alios
1029 5491 1252 5561 quidem
1284 5504 1461 5560 usque
1492 5491 1560 5543 ad
1582 5490 1731 5543 diem

148 5582 372 5636 tertium
397 5581 743 5649 induiturus,
793 5585 1021 5651 excepto
1049 5579 1097 5633 si
1126 5580 1316 5651 aliqua
1358 5579 1637 5650 processio
1675 5580 1733 5632 in

1807 4418 1901 4471 ille
1929 4421 2193 4488 generale
2223 4435 2323 4490 per
2348 4420 2488 4473 duos
2519 4421 2657 4485 dies,
2694 4425 2752 4474 et
2780 4420 2852 4473 ad
2886 4432 3100 4473 coenam
3132 4430 3235 4472 ova
3256 4418 3395 4476 tria;

1809 4507 1868 4562 Si
1897 4514 2089 4561 autem
2129 4515 2217 4562 est
2254 4515 2477 4580 tempus
2522 4510 2799 4580 hyemale,
2835 4508 3045 4563 scilicet
3083 4520 3117 4563 a
3155 4507 3403 4561 calendis

1808 4596 2085 4659 Octobris,
2111 4612 2289 4669 usque
2319 4596 2387 4651 ad
2413 4598 2931 4668 Quadragesimum,
2957 4604 3014 4652 et
3033 4599 3079 4652 si
3099 4596 3406 4667 fratresge-
3452 4644 3464 4661 ,

1808 4686 2077 4740 neraliter
2115 4703 2224 4741 non
2259 4687 2367 4741 nisi
2406 4688 2579 4742 semel
2626 4689 2903 4747 reficiunt,
2935 4696 3071 4742 tunc
3097 4690 3191 4742 ille
3221 4688 3404 4759 primo

1810 4782 2031 4829 tantum
2062 4777 2152 4830 die
2185 4784 2311 4846 post
2338 4794 2616 4849 vesperos,
2664 4779 2798 4832 dum
2841 4774 3125 4850 incipitur.
3157 4780 3397 4840 Plat-cbo,

1808 4870 1939 4917 ante
1969 4871 2026 4917 et
2054 4870 2202 4919 retro
2232 4866 2383 4927 facit,
2421 4873 2477 4921 et
2505 4868 2635 4922 lotis
2667 4867 2926 4922 manibus
2946 4869 3015 4921 ad
3046 4868 3405 4922 refectorium

1810 4952 1981 5018 vadit,
2016 4957 2039 4978 *
2067 4960 2124 5008 et
2143 4954 2263 5008 sine
2284 4972 2448 5010 versu
2471 4958 2937 5020 consuetudinali,
2963 4958 3020 5011 in
3053 4958 3406 5012 extremitate

1811 5041 2052 5095 sinistrae
2082 5040 2289 5097 tabulae
2316 5043 2492 5098 sedet.
2528 5051 2584 5098 et
2616 5051 2820 5111 coenet,
2875 5047 3165 5101 cellerario
3206 5052 3406 5116 procu-

1810 5138 1971 5185 rante
1996 5134 2044 5186 ei
2086 5148 2185 5203 pro
2218 5134 2733 5198 necessitate.Quod
2754 5138 2802 5190 si
2832 5137 3031 5206 priusa
3059 5150 3217 5190 omna
3236 5134 3401 5198 redit,

1811 5236 1981 5290 quam
2009 5222 2414 5275 conventus‘ad
2450 5223 2749 5278 bibendum
2780 5225 2947 5286 venit,
2991 5225 3137 5278 sicut
3174 5228 3320 5292 Saepe
3347 5221 3407 5273 in

1810 5311 2238 5380 Septuagesima
2293 5317 2479 5381 potest
2522 5314 2764 5370 evenire,
2821 5327 2932 5364 non
2982 5311 3208 5365 omittit.
3269 5309 3405 5379 quin

1812 5397 2015 5452 iterum
2046 5413 2174 5453 cum
2223 5406 2497 5454 conventu
2544 5401 2601 5454 in
2632 5399 2984 5453 refectorlum
3015 5400 3225 5461 redeat,
3259 5401 3316 5451 et
3360 5397 3409 5450 si

1814 5489 1948 5549 vult,
1995 5488 2163 5544 bibat.
2215 5491 2273 5544 Si
2306 5495 2494 5543 autem
2532 5494 2834 5543 conventus
2876 5476 3039 5539 illum
3093 5493 3408 5540 comantem

1814 5580 2107 5645 invenerit,
2153 5580 2265 5634 illis
2298 5578 2628 5632 exeuntibus
2660 5579 2778 5647 ipse
2806 5572 2979 5626 altius
3021 5579 3138 5630 θαι
3164 5576 3406 5641 inclinis,
