3872 6164
485 259 588 318 991

1534 261 1592 317 Β.
1632 258 2024 316 GUILLELMI
2061 257 2366 316 ABBATIS
2400 258 2738 318 HIRSAUG.

3592 260 3678 319 992

490 405 670 461 usque
694 389 828 444 dum
862 403 1058 443 omnes
1099 403 1214 442 non
1261 387 1596 443 inclinantes
1637 389 2083 460 pertransierint.
2106 391 2150 449 A
2171 389 2308 442 niat.
2340 389 2465 442 Alio
2488 393 2675 442 autem
2705 385 2870 440 modo
2890 399 3058 455 quam
3096 383 3153 438 in
3177 399 3313 438 vena
3340 384 3384 438 si
3409 385 3612 442 voluerit
3635 390 3680 442 in

494 479 612 543 (un.
635 481 796 548 car.)
825 477 1080 531 Secundo
1107 482 1164 530 et
1192 477 1360 531 tertio
1387 478 1475 531 die
1505 483 1631 548 post
1657 478 1966 548 capitulum
1993 495 2087 532 ve-

497 568 661 622 niens
687 567 744 620 in
785 566 1143 620 refectorium
1185 566 1320 619 dicit
1350 567 1742 620 matutinalem
1772 584 1993 620 versum
2033 573 2090 621 et

492 656 668 710 sumit
703 655 813 709 tria
860 661 1017 708 cocta
1065 655 1476 724 pulmentaria;
1525 656 1614 709 die
1664 661 1853 709 autem
1887 661 2088 726 quarto

489 761 618 799 cum
667 744 939 798 ministris
985 759 1315 814 pransurus,
1365 745 1514 798 casei
1569 745 1959 817 quadrantem,
2004 745 2090 798 vel

493 833 642 904 quod
691 838 914 887 tantum
961 833 1124 897 valet,
1156 833 1379 903 accipit.
1414 835 1438 859 *
1458 834 1652 888 Tertio
1672 839 1862 888 autem
1889 834 1978 887 die
2002 833 2092 886 in-

500 924 652 978 dutis
686 922 1038 976 diurnalibus
1068 922 1137 975 ad
1170 921 1409 992 primam
1441 923 1590 977 redit
1639 923 1699 976 in
1743 924 1992 987 chorum,
2046 921 2094 976 si

496 1017 629 1067 sunt
653 1011 945 1066 duodecim
965 1011 1261 1077 lectiones;
1296 1012 1344 1065 si
1373 1017 1563 1066 autem
1592 1013 1811 1082 privata
1830 1012 1948 1065 dies
1986 1017 2088 1074 est,

496 1103 569 1156 ad
593 1102 840 1156 tertiam.
871 1101 1029 1166 Quod
1060 1100 1106 1154 si
1134 1117 1236 1154 nec
1265 1100 1476 1155 viribus
1503 1103 1621 1156 suis
1643 1103 1890 1168 conﬁdit,
1924 1103 2096 1174 priori

498 1193 602 1246 hoc
624 1190 1034 1244 innotescit.Ad
1069 1195 1372 1243 nocturnos
1392 1191 1616 1244 interim
1653 1192 1699 1246 si
1737 1191 2096 1257 obdormivit,

498 1297 664 1336 nemo
695 1296 826 1334 eum
856 1296 980 1332 cum
1006 1278 1276 1333 absconsa
1303 1279 1671 1350 inquietabit:
1708 1281 1803 1334 sed
1851 1282 2020 1336 etiam
2049 1281 2094 1334 si

502 1370 574 1422 ad
606 1369 963 1422 intervallum
993 1368 1050 1421 in
1082 1369 1224 1421 lecto
1250 1370 1528 1438 pausavit,
1547 1371 1625 1423 ita
1650 1371 1881 1425 vestitus
1900 1371 1969 1424 ad
1992 1371 2096 1425 hoc

499 1459 569 1512 de
600 1457 893 1527 capitulo,’
913 1457 1045 1510 dum
1060 1459 1198 1510 Deus
1220 1460 1473 1524 auribus,
1500 1459 1582 1512 vel
1613 1459 1658 1512 si
1687 1460 1792 1513 hoc
1820 1477 1930 1514 non
1960 1466 2095 1514 tunc

500 1547 744 1610 canitur,
767 1546 900 1600 dum
928 1547 1270 1599 Erultabunt
1303 1547 1617 1614 inchoatur,
1651 1548 1779 1602 exit.
1824 1550 1937 1603 Nec
1965 1565 2092 1619 per-

503 1635 707 1689 missus
726 1640 812 1688 est
841 1633 1066 1687 interim
1095 1634 1312 1688 veniam
1334 1640 1524 1705 petere
1557 1637 1610 1690 in
1637 1637 1904 1707 capitulo,
1927 1650 2020 1690 UD.
2050 1636 2098 1690 si

2169 483 2361 532 aestate
2389 478 2448 531 in
2469 477 2759 532 duodecim
2776 474 3107 530 lectionibus
3128 476 3441 544 sanguinem
3460 478 3682 544 minuere,

2169 573 2398 637 accepta
2416 567 2642 621 licentia
2665 564 2975 620 camerario
2991 564 3324 617 voluntatem
3340 581 3483 618 suam
3501 567 3684 630 indicat,

2171 662 2236 710 ut
2265 656 2554 726 provideat
2582 673 2704 726 qua:
2752 655 2824 709 ad
2868 653 3188 723 hujusmodi
3228 655 3519 708 necessaria
3554 661 3686 721 sunt;

2172 746 2270 799 sed
2298 740 2488 800 tamen
2517 762 2712 815 usque,
2745 744 2880 798 dum
2912 758 3063 797 nona
3083 744 3156 795 sit
3184 748 3415 807 cantata,
3444 752 3688 814 exspectat,

2174 841 2230 890 et
2258 841 2392 889 tunc
2421 834 2615 888 statim
2658 833 2810 887 vadit
2837 833 2907 886 ad
2952 833 3107 886 illam
3148 832 3426 885 minuendi
3460 833 3692 902 sanguinis

2177 925 2479 990 officinam,
2503 930 2560 978 et
2580 923 2866 994 praemisso
2886 939 3070 984 versu,
3092 925 3308 975 servato
3328 929 3502 975 tamen
3519 922 3693 978 silentio

2179 1015 2303 1078 (nisi
2334 1013 2408 1068 sit
2434 1013 2831 1080 necessarium)
2865 1011 3157 1081 sanguinis
3182 1010 3410 1064 minutio
3434 1011 3692 1066 inchoatur.

2179 1105 2227 1157 A
2247 1102 2514 1157 Kalendis
2527 1101 2976 1156 autemOctobris
2989 1117 3168 1170 usque
3187 1100 3256 1153 ad
3268 1100 3696 1170 Quadragesimam

2182 1193 2374 1247 statim
2408 1197 2532 1262 post
2549 1191 2855 1262 capitulum
2879 1207 3005 1244 cum
3047 1189 3280 1243 minutis
3303 1189 3550 1258 sanguine
3575 1207 3697 1260 pran-

2178 1282 2292 1343 det,
2339 1285 2397 1335 et
2444 1286 2572 1351 post
2610 1280 2960 1350 evangelium
3018 1279 3200 1332 missa)
3238 1278 3474 1348 majoris,
3502 1278 3575 1331 vel
3607 1286 3699 1349 post

2179 1370 2480 1441 prandium
2521 1375 2777 1440 tempore
2828 1373 3142 1439 opportuno
3193 1372 3251 1420 et
3276 1367 3390 1437 ipse
3433 1367 3698 1436 sanguinem

2177 1460 2560 1514 minuet.Post
2589 1457 2958 1511 minutionem
2980 1473 3110 1510 vero
3131 1457 3361 1510 chorum
3376 1471 3480 1509 non
3494 1455 3694 1520 intrabit,

2180 1549 2278 1602 sed
2309 1554 2466 1602 extra
2487 1547 2584 1601 ubi
2612 1553 2669 1601 et
2696 1547 2792 1600 alii
2821 1546 3046 1610 minuti,
3063 1546 3178 1600 sive
3205 1546 3250 1599 si
3275 1551 3485 1616 tempus
3509 1547 3693 1617 hyemis,

2181 1638 2295 1691 sive
2323 1637 2533 1692 aestatis
2558 1653 2669 1690 non
2689 1635 3078 1707 procumbens.
3113 1651 3294 1704 neque
3326 1634 3525 1688 veniam
3543 1635 3698 1688 faciens

504 1723 639 1793 quid
683 1723 1049 1776 reclamatum
1096 1728 1182 1776 est
1219 1723 1288 1776 ab
1319 1723 1435 1783 illo,
1469 1725 1565 1778 sed
1607 1731 1756 1780 stare
1780 1727 1970 1795 jussus
1999 1743 2162 1805 proB
2185 1731 2450 1796 repausat
2475 1745 2486 1792 ;
2525 1732 2582 1779 et
2609 1725 2655 1778 si
2685 1723 2973 1795 caputium
2994 1724 3370 1788 induit,nemo
3388 1724 3696 1794 reprehendit.

501 1813 663 1866 venia
692 1812 950 1879 inclinat;
976 1815 995 1836 "
1025 1813 1170 1882 quod
1195 1821 1383 1867 tamen
1414 1816 1721 1869 cavendum
1753 1822 1856 1881 est,
1889 1816 1936 1869 si
1957 1817 2099 1870 scire

501 1906 705 1972 potest,
738 1901 886 1972 quod
931 1901 1206 1969 sanguine
1237 1902 1492 1956 minutus
1522 1904 1613 1957 sit.
1647 1904 1754 1967 Qui
1805 1910 1994 1959 tamen
2041 1905 2100 1960 in

503 1989 817 2054 refectorio,
861 1989 909 2042 si
940 1989 1184 2042 sonitum
1226 1991 1310 2042 vel
1355 1991 1567 2061 aliquid
1599 1993 1760 2045 venia
1780 1993 2014 2062 dignum
2041 1995 2100 2047 in

502 2078 608 2132 hoc
637 2077 822 2140 biduo,
836 2094 944 2147 quo
975 2077 1198 2142 minuit,
1225 2078 1436 2145 fecerit,
1471 2081 1555 2133 vel
1578 2081 1697 2151 ipse
1717 2082 1796 2135 vel
1827 2082 2100 2136 alteruter

503 2166 684 2237 ipsius
713 2166 1048 2219 collateralis
1093 2167 1310 2220 veniam
1353 2169 1512 2238 petit.
1549 2170 1693 2223 Nam
1743 2171 1790 2224 si
1822 2171 1961 2225 alias
1986 2173 2099 2225 tale

504 2256 638 2326 quid
664 2255 1021 2321 commiserit,
1058 2256 1207 2326 quod
1250 2274 1361 2310 non
1389 2257 1478 2324 Isit
1506 2258 1560 2312 in
1589 2260 1836 2330 capitulo
1867 2261 2101 2316 reticen-

503 2345 658 2410 dum,
691 2360 869 2415 usque
899 2345 959 2398 in
986 2345 1136 2398 diem
1165 2345 1396 2400 tertium
1424 2353 1509 2400 est
1528 2348 1916 2405 differendum.

577 2434 747 2487 Cavet
776 2438 966 2487 autem
997 2434 1054 2487 in
1079 2434 1292 2488 Pascha
1323 2440 1381 2488 et
1407 2435 1737 2492 Pentecoste
1757 2445 1888 2492 aute
1901 2439 2098 2494 feriam

512 2528 771 2593 quartam
795 2523 1124 2593 sanguinem
1147 2524 1421 2586 minuere,
1440 2525 1551 2580 nisi
1579 2527 1654 2580 sit
1680 2528 1808 2582 talis
1832 2529 2098 2583 obedien-

509 2613 731 2677 tiarius,
763 2612 858 2682 qui
883 2613 1019 2666 foris
1043 2618 1300 2668 moratur
1316 2614 1559 2678 assidue,
1581 2617 1857 2686 acquisita
1877 2619 2104 2672 licentia

507 2718 543 2755 a
569 2701 762 2772 priori.
793 2701 954 2765 Quod
987 2701 1033 2755 si
1065 2701 1188 2771 quis
1219 2703 1362 2756 alius
1386 2703 1443 2757 in
1469 2705 1748 2774 praedictis
1773 2707 1990 2772 diebus,
2019 2709 2103 2762 vel

507 2791 974 2861 quandocumque
1027 2796 1142 2845 tam
1181 2792 1576 2848 inconveniens
1622 2800 1725 2860 est,
1778 2813 1890 2850 non
1921 2801 2103 2867 potest

507 2897 620 2951 prae
649 2880 980 2934 inﬁrmitate
1009 2897 1318 2951 congruum
1358 2887 1580 2954 tempus
1629 2891 1970 2955 exspectare,
2007 2900 2100 2940 UD.

508 2970 600 3023 hic
620 2969 678 3023 in
699 2970 943 3040 capitulo
965 2987 1091 3024 cum
1114 2971 1270 3024 venia
1290 2971 1573 3026 licentiam
1596 2973 2098 3045 debetimpetrare.

2184 1815 2366 1869 Habet
2380 1815 2450 1868 ad
2481 1830 2696 1868 caenam
2717 1830 2751 1865 a
2771 1813 3060 1867 cellerario
3081 1812 3427 1883 pietantiam,
3444 1812 3519 1864 vel
3533 1812 3572 1864 si
3588 1827 3701 1865 ccena

2182 1921 2294 1958 non
2325 1903 2597 1973 sequitur,
2625 1900 2892 1954 fratribus
2912 1901 3288 1954 communiter
3315 1899 3612 1962 bibentibus,
3637 1901 3701 1952 da-

2183 1999 2279 2047 tur
2311 1993 2362 2046 ei
2393 1992 2594 2045 melior
2620 1996 2804 2062 potus.
2838 1991 2940 2044 Die
2978 2007 3110 2044 vero
3136 1989 3377 2044 secunda
3399 1989 3464 2042 ad
3491 1989 3611 2041 hanc
3629 1989 3700 2041 bo-

2181 2099 2302 2136 ram
2328 2082 2504 2136 intrat
2531 2082 2784 2145 chorum,
2816 2080 2884 2132 ad
2907 2096 3075 2150 quam
3097 2078 3334 2149 quilibet
3353 2094 3482 2132 vena
3509 2077 3700 2130 minutus

2182 2172 2359 2226 intrat
2386 2170 2476 2224 die
2504 2169 2693 2230 tertia,
2727 2173 2786 2222 et
2813 2185 2877 2222 ea
2899 2168 2988 2222 die
3018 2173 3148 2239 post
3167 2167 3571 2238 capitulum,vel
3595 2166 3631 2217 si
3643 2172 3703 2218 est

2183 2260 2293 2313 alio
2322 2265 2574 2330 tempore
2618 2263 2746 2330 post
2791 2257 3144 2328 evangelium
3173 2273 3288 2312 non
3323 2255 3492 2311 deerit
3525 2253 3703 2326 prandio

2184 2349 2550 2402 minutorum.

2748 2471 2982 2527 CAPUT
3019 2470 3217 2527 LXIII.

2191 2600 2481 2667 Quomodo,
2515 2602 2565 2652 si
2592 2602 2741 2652 inter
2768 2599 3100 2665 loquendum
3134 2599 3210 2651 ad
3237 2598 3426 2650 horam
3457 2597 3708 2661 regularem

2359 2673 2585 2738 signum
2613 2671 2878 2735 audierit,
2910 2670 2984 2723 ad
3003 2672 3315 2722 orationem.
3346 2671 3591 2722 occurrat.

2255 2797 2400 2864 (ου)
2435 2794 2543 2848 Sed
2567 2799 2630 2848 ut
2656 2793 2883 2846 redeam
2916 2793 2985 2846 ad
3003 2793 3188 2846 locum
3214 2791 3362 2846 unde
3381 2789 3633 2862 paululum
3653 2787 3712 2840 di-

2186 2884 2345 2940 verti.
2371 2885 2525 2938 Inter
2552 2882 2917 2953 loquendum,
2957 2881 3004 2935 si
3024 2881 3096 2934 ad
3126 2882 3326 2935 horam
3364 2879 3637 2949 regularem
3662 2877 3712 2928 si-

2184 2989 2359 3041 gnum
2380 2971 2642 3033 audierit,
2668 2970 2724 3024 in
2756 2970 2998 3024 claustro
3020 2970 3212 3040 ipsum
3237 2969 3477 3032 verbum,
3499 2965 3620 3038 quod
3645 2965 3713 3016 ha-

509 3059 682 3113 Cavet
700 3064 886 3113 autem
911 3076 976 3114 eo
1003 3060 1094 3113 die
1112 3061 1498 3132 unusquisque
1519 3063 1849 3132 sanguinem
1881 3065 2100 3118 minue-
2119 3068 2162 3132 (ι
2185 3061 2281 3115 bet
2299 3062 2357 3114 in
2378 3078 2474 3114 ore
2494 3076 2607 3114 non
2636 3059 2869 3130 perﬁcit,
2907 3059 3004 3112 sed
3025 3059 3295 3112 continuo
3316 3063 3472 3122 tacet,
3495 3062 3546 3109 et
3572 3069 3713 3108 occur-

506 3164 587 3212 re,
613 3149 772 3218 cujus
810 3155 1079 3219 sequente
1116 3155 1277 3204 nocte
1309 3151 1600 3204 duodecim
1631 3153 1774 3207 ﬁunt
1813 3153 2098 3219 lectiones,

506 3236 614 3290 nisi
644 3254 702 3290 in
725 3238 1198 3308 Quadragesima;
1227 3244 1362 3294 tunc
1389 3257 1611 3312 semper
1638 3241 1695 3294 in
1718 3241 1960 3295 Sabbato
1980 3248 2106 3313 post

507 3329 943 3397 vesperos,dicto
959 3329 1347 3383 Benedicamus
1367 3331 1618 3392 Domino,
1642 3331 1862 3397 minuit;
1895 3348 1995 3402 pro
2017 3349 2102 3398 eo,

510 3416 655 3484 quod
687 3416 746 3470 in
776 3418 866 3472 die
909 3418 1200 3472 Dominica
1244 3435 1355 3473 non
1376 3419 1614 3487 jejunat,
1658 3419 1714 3472 in
1740 3437 1852 3490 qua
1877 3437 1941 3473 ex
1971 3437 2104 3474 con-

509 3503 806 3558 suetudine
845 3511 972 3574 post
1000 3505 1352 3575 evangelium
1398 3506 1643 3560 aestivale
1674 3508 1971 3577 prandium
2003 3509 2103 3562 ha-

510 3590 640 3645 bere
659 3591 844 3657 debet,
869 3598 925 3647 et
946 3594 1034 3648 die
1054 3595 1222 3648 tertia
1242 3611 1502 3665 vesperos
1519 3612 1644 3648 cum
1670 3597 1909 3650 inﬁrmis
1925 3599 2097 3652 audit.

513 3680 571 3734 Si
590 3680 710 3734 vult
736 3685 1010 3735 statutum
1033 3683 1330 3752 prandium
1364 3684 1600 3737 fratrum
1630 3684 1918 3756 anticipat,
1943 3686 2022 3739 ita
2043 3692 2107 3739 ut

510 3775 705 3839 postea
733 3787 843 3824 non
892 3772 1125 3836 reﬁciat,
1167 3778 1224 3825 et
1269 3773 1417 3826 infra
1461 3789 1815 3828 communem
1866 3773 2105 3828 fratrum

507 3857 863 3914 refectionem
898 3867 1151 3915 moratur
1170 3862 1240 3916 ad
1273 3862 1330 3915 S.
1365 3862 1618 3917 Mariam.
1653 3865 1674 3885 '
1721 3864 1784 3917 In
1816 3863 2104 3917 Dominico

509 3964 639 4001 vero
673 3948 786 4018 die,
818 3967 927 4020 quo
975 3952 1226 4005 facturus
1255 3957 1341 4006 est
1379 3951 1513 4004 foris
1542 3952 1848 4006 claustrum
1888 3969 2106 4022 proces-

507 4035 744 4102 sionem,
772 4038 957 4093 induit
976 4039 1260 4094 diurnales
1293 4058 1303 4092 :
1337 4046 1565 4094 caeteras
1585 4046 1793 4103 autem,
1819 4057 1941 4112 quae
1963 4044 2106 4095 ﬁunt

505 4126 674 4182 nudis
701 4127 954 4198 pedibus,
986 4134 1214 4200 accepta
1256 4128 1486 4183 licentia
1533 4130 1742 4183 evitare
1773 4136 1976 4200 potest.
2007 4144 2099 4185 UD.

506 4216 641 4270 Post
671 4219 1096 4288 completorium
1141 4219 1208 4272 de
1249 4217 1428 4272 tribus
1459 4219 1808 4272 orationibus
1851 4236 1963 4272 non
1993 4219 2102 4272 nisi

2187 3150 2264 3203 rit
2305 3150 2376 3203 ad
2414 3149 2745 3203 orationem.
2809 3148 2931 3211 Qua
2974 3147 3155 3213 ﬁnita,
3205 3148 3364 3202 sedet
3405 3147 3460 3199 in
3495 3145 3651 3205 choro,
3673 3147 3712 3193 et

2188 3255 2480 3308 quousque
2514 3238 2773 3291 sacerdos
2817 3237 3016 3289 missas
3055 3241 3388 3290 cantaturus
3423 3233 3489 3288 sit
3513 3230 3710 3292 vestitus,

2186 3327 2430 3381 intendit
2455 3325 2700 3383 lectioni.
2730 3327 2779 3378 A
2812 3341 2924 3396 qua
2952 3331 3292 3379 tamencum
3321 3325 3546 3395 primum
3569 3334 3714 3372 secun-

2188 3417 2322 3470 dum
2353 3414 2596 3469 audierit
2623 3415 2868 3484 signum,
2911 3414 3058 3468 illico
3095 3418 3283 3468 cessat
3321 3419 3375 3467 et
3401 3411 3578 3481 surgit,
3609 3407 3714 3460 sicut

2188 3507 2358 3559 etiam
2389 3505 2459 3558 ad
2489 3505 2598 3558 duo
2629 3503 2808 3574 signa,
2829 3520 2951 3573 quae
2982 3503 3283 3573 pulsantur
3301 3503 3372 3556 ad
3399 3494 3713 3571 vesperas.ve|

2186 3595 2628 3664 quotiescunqne
2685 3593 2876 3646 omnia
2930 3592 3248 3663 pulsantur,
3309 3591 3532 3652 veniam,
3587 3599 3713 3656 quam

2187 3683 2346 3754 petit,
2389 3682 2690 3751 diligenter
2719 3681 2997 3745 observat,
3021 3697 3092 3734 ne
3135 3697 3386 3750 unquam
3427 3677 3614 3732 tardius
3642 3676 3714 3724 aut

2187 3772 2424 3826 celerius
2456 3787 2622 3841 quam
2657 3769 2751 3823 alii
2772 3774 2944 3840 petat.
2982 3770 3124 3823 Cum
3166 3769 3290 3823 aliis
3327 3761 3715 3822 submittentibus

2189 3878 2248 3915 se
2277 3860 2592 3925 submittit;
2637 3876 2764 3913 cum
2794 3859 2919 3912 aliis
2947 3875 3007 3912 se
3034 3859 3368 3924 levantibus,
3409 3873 3464 3910 se
3505 3855 3642 3914 levat,
3665 3847 3716 3901 ad

2188 3950 2399 4012 venias,
2419 3949 2489 4002 ad
2510 3965 2720 4019 preces,
2744 3948 2810 4001 ad
2826 3948 3109 4001 orationes
3135 3963 3146 4001 :
3183 3948 3310 4001 aliis
3331 3963 3439 4000 non
3466 3938 3716 4013 legentibus

2189 4056 2292 4093 nec
2321 4038 2474 4092 aliud
2503 4055 2670 4108 quam
2699 4037 2880 4091 solum
2902 4036 3153 4090 divinum
3176 4036 3418 4089 ofﬁcium
3434 4025 3714 4087 attendenti-

2190 4127 2314 4194 bus,
2348 4129 2467 4198 ipse
2490 4144 2711 4198 quoque
2745 4142 3033 4196 nunquam
3059 4124 3267 4180 librum
3305 4123 3477 4194 aperit
3494 4120 3554 4173 ad
3577 4119 3718 4185 legen-

2195 4218 2350 4282 dum,
2385 4217 2627 4269 maxime
2656 4216 2713 4268 in
2745 4215 2947 4277 choro;
2975 4213 3084 4266 nisi
3123 4212 3424 4284 aliquando
3452 4204 3718 4280 gradualem

504 4322 697 4373 unam,
731 4313 789 4360 et
817 4308 960 4362 hanc
987 4308 1232 4362 sedendo
1265 4307 1419 4369 facit,
1453 4313 1507 4360 et
1533 4308 1723 4361 statim
1752 4307 2104 4371 exit.Quibus
2125 4313 2174 4371 D
2194 4306 2396 4359 librum
2424 4305 2494 4359 ad
2525 4305 2795 4374 majorem
2828 4304 3081 4366 missam,
3115 4308 3346 4373 propter
3381 4300 3599 4368 aliquem
3625 4306 3718 4345 can‘

509 4402 698 4450 autem
722 4415 822 4467 pro
854 4395 1239 4452 misericordia
1269 4410 1591 4448 concessum
1625 4401 1730 4459 est,
1768 4397 1787 4414 '
1820 4395 1986 4448 horas
2014 4411 2105 4448 re-

505 4478 733 4546 gulares
773 4482 843 4534 ad
873 4484 931 4536 S.
975 4483 1213 4536 Mariam
1253 4483 1590 4548 auscultare,
1639 4484 1865 4537 interim
1913 4484 2103 4550 etiam,

508 4569 642 4621 dum
667 4570 874 4624 suntin
904 4571 1026 4640 lege
1043 4571 1410 4635 minutorum,
1430 4572 1632 4625 ibidem
1656 4573 2109 4639 morantur,dum

511 4664 570 4713 et
615 4659 742 4712 aliis
785 4658 1120 4729 quibusdam
1164 4660 1396 4715 minutis
1429 4661 1709 4715 interdum
1760 4661 2104 4727 conceditur,

510 4748 740 4819 insuper
754 4749 945 4815 etiam,
964 4756 1028 4802 ut
1047 4750 1219 4803 ﬁnitis
1238 4750 1446 4804 ibidem
1464 4750 1757 4804 matutinis
1783 4769 1841 4804 se
1861 4751 1920 4805 in
1954 4751 2111 4805 lectis

512 4837 848 4891 recollocent
867 4854 1042 4908 usque
1071 4838 1207 4892 dum
1235 4839 1325 4892 die
1347 4839 1513 4892 tertio
1544 4839 1614 4892 ad
1644 4838 1906 4909 primam,
1931 4840 2016 4892 vel
2048 4839 2105 4893 in

511 4926 712 4996 hyeme
738 4927 808 4980 ad
853 4927 1076 4981 tertiam
1115 4929 1170 4981 in
1203 4929 1372 4982 choro
1419 4945 1477 4982 se
1518 4933 1939 4998 repraesentem.
1993 4928 2109 4982 Nec

509 5016 650 5070 illud
670 5025 757 5070 est
766 5017 1394 5088 prmtereundum,quod
1412 5017 1549 5071 nulli
1569 5033 1667 5087 pro
1679 5017 1800 5070 sola
1816 5017 2109 5086 sanguinis

453 5150 462 5156 .
510 5106 824 5160 minutione
843 5107 1169 5161 conceditur
1187 5106 1259 5159 ad
1288 5106 1658 5159 inﬁrmariam
1675 5105 1882 5170 venire,
1916 5105 2023 5159 nisi
2051 5106 2110 5159 in

514 5195 672 5267 pedis
703 5212 842 5249 vena
869 5197 999 5249 velit
1035 5196 1309 5260 minuere,
1339 5203 1396 5248 et
1423 5195 1706 5249 interdum
1730 5195 1897 5248 alicui
1925 5195 2110 5249 senio-

517 5301 664 5348 rum,
700 5285 797 5355 qui
829 5290 999 5338 tantae
1022 5283 1328 5338 debilitatis
1350 5284 1441 5346 sit,
1472 5290 1537 5336 ut
1564 5284 1713 5338 hunc
1752 5283 2003 5337 ordinem
2054 5283 2112 5336 in

517 5381 793 5428 conventu
823 5374 1145 5428 nullatenus
1175 5372 1471 5427 observare
1501 5374 1693 5444 possit.
1731 5373 1889 5436 Quod
1921 5379 2113 5426 tamen

519 5464 748 5518 omnino
775 5465 931 5529 vitat,
967 5463 1011 5516 si
1041 5463 1099 5516 in
1127 5462 1382 5532 proxima
1402 5469 1564 5516 nocte
1593 5463 1798 5516 festum
1819 5461 2113 5516 duodecim

519 5551 827 5606 lectionum
853 5551 1059 5616 instat;
1091 5551 1221 5617 nisi,
1268 5551 1416 5604 sicut
1441 5549 1673 5617 dictum,
1705 5551 1869 5606 venia
1910 5567 2114 5621 praeve-

2188 4401 2334 4464 tum,
2367 4394 2461 4465 qui
2491 4394 2559 4447 ad
2592 4409 2837 4464 praesens
2858 4396 3139 4456 cantatur,
3166 4392 3250 4444 vel
3281 4391 3328 4443 si
3355 4393 3437 4444 est
3460 4386 3717 4440 illiteratus.

2193 4486 2366 4551 (ναν.)
2397 4483 2466 4536 ad
2501 4499 2760 4552 vesperos
2799 4481 3005 4534 librum
3051 4481 3388 4551 hymnorum
3431 4479 3629 4547 propter
3650 4467 3722 4520 ali.

2191 4590 2358 4643 quem
2383 4573 2656 4643 hymnum
2683 4588 2751 4624 ea
2778 4571 2901 4641 ipsa
2929 4570 3042 4623 vice
3073 4569 3407 4622 canendum.

2262 4663 2280 4681 ‘
2312 4663 2452 4716 Item
2483 4660 2554 4713 ad
2575 4666 2822 4725 cantum,
2858 4665 2915 4712 et
2936 4659 3210 4729 hymnum
3255 4655 3627 4710 matutinorum
3653 4660 3723 4716 p0-

2193 4756 2302 4805 test
2331 4750 2603 4820 inspicere
2633 4749 2836 4802 librum
2867 4765 2968 4801 nec
2996 4754 3189 4801 tamen
3215 4747 3493 4818 proprium
3522 4737 3724 4794 dimittat

2191 4841 2397 4903 locum,
2429 4855 2532 4892 nee
2562 4839 2671 4892 alio
2702 4838 2926 4891 interim
2983 4843 3179 4890 utatur
3235 4835 3458 4899 lumine,
3499 4829 3592 4884 nisi
3632 4825 3722 4884 illo,

2193 4929 2340 4999 quod
2375 4929 2521 4981 lucet
2560 4927 2618 4980 in
2669 4943 2981 4980 commune.
3027 4928 3142 4998 (un.
3175 4929 3317 4992 var.)
3352 4925 3418 4978 Et
3443 4922 3485 4974 si
3512 4912 3723 4972 sacerdos

2193 5017 2664 5072 hebdomadarius
2693 5023 2796 5080 est,
2816 5017 2873 5070 in
2901 5017 3215 5071 collectario
3244 5015 3372 5068 licet
3395 5013 3441 5066 ei
3470 5007 3597 5080 quod
3615 5015 3724 5071 opus

2194 5111 2277 5158 est
2310 5105 2632 5176 praevidere,
2688 5104 2902 5157 scilicet
2946 5104 3256 5174 capitulum
3285 5097 3557 5174 praesentis
3586 5094 3722 5146 horm-

2197 5194 2388 5264 Signa,
2430 5211 2553 5264 qum
2604 5209 2731 5246 cum
2783 5209 2955 5246 manu
3013 5193 3156 5245 ﬁunt
3184 5208 3283 5261 pro
3329 5187 3601 5244 locutione,
3637 5191 3724 5231 non

2197 5289 2351 5338 amat
2369 5283 2692 5353 frequenter
2715 5281 2918 5345 facere,
2942 5285 3213 5334 conventu
3244 5278 3474 5332 maxime
3489 5273 3721 5328 cernente,

2196 5379 2253 5426 et
2275 5372 2533 5442 quotiens
2552 5370 2702 5436 facit,
2721 5369 2853 5423 facit
2878 5372 3271 5424 reverenter'et
3298 5383 3396 5438 pro
3425 5357 3722 5418 necessitate-

2196 5461 2270 5514 Ut
2300 5466 2501 5515 caetera
2532 5459 2784 5513 membra
2818 5459 2900 5512 ita
2925 5458 3110 5529 ipsum
3128 5472 3345 5527 quoque
3360 5450 3561 5506 cohibet
3578 5444 3724 5497 visum

2198 5568 2233 5604 a
2258 5550 2509 5619 vagacita
2518 5549 2782 5604 te.Finita
2794 5547 2967 5603 missa
2985 5563 3112 5602 cum
3131 5560 3346 5601 summo
3368 5537 3572 5596 silentio
3599 5529 3726 5586 sedet
