3908 6168
173 284 272 343 993
1223 292 1643 349 CONSTITUT.
1689 291 2026 347 lIlRSAUG.
2070 320 2134 332 -
2174 292 2311 346 LIB.
2352 293 2398 346 1.
3341 293 3445 350 994

169 411 236 465 ad
269 411 568 467 lectionem
605 430 897 486 quousque
927 415 1170 472 ministri
1203 423 1260 472 et
1279 417 1462 490 pueri,
1485 417 1533 472 si
1556 418 1616 472 in
1646 419 1766 472 loco
1783 417 1988 478 Acella
2016 417 2178 487 panis
2205 417 2411 487 Operiri
2437 433 2548 470 non
2575 417 2892 487 possit,sive
2920 417 3282 487 legatur,sive
3310 435 3444 485 non,

169 508 317 563 sunt,
348 503 586 557 redeant
619 504 687 558 de.
717 506 890 559 mixto
925 506 1089 574 (103).
1850 506 2069 560 veniam
2117 506 2275 577 petit.
2325 506 2382 560 Si
2427 507 2683 560 cochlear
2720 507 2778 560 in
2810 513 2999 578 partes
3047 507 3294 577 fregerit,
3323 508 3448 578 ipsa

741 613 974 668 CAPUT
993 615 1190 672 LXIV.
1851 595 2131 664 fragmina
2155 596 2358 648 tollens
2380 596 2450 648 ad
2481 596 2720 664 gradum
2754 596 2930 666 ponit,
2963 601 3019 650 et
3038 595 3255 649 veniam
3289 598 3443 666 petit.

174 717 284 782 Qua
315 718 620 786 disciplina
665 723 736 772 sit
783 723 845 773 in
895 723 1178 786 refectorio
1225 724 1334 774 sive
1369 727 1485 788 post
1519 725 1658 776 alios
1689 739 1768 775 re-
1849 683 2079 788 Deﬁua
2113 701 2359 788 ,Surgens,
2401 701 2468 738 ea
2497 691 2804 788 ref‘lf“',?t
2829 702 2903 788 ,m
2948 685 3449 788 ﬁftl’emliflte’Pbl

238 791 418 849 niens,
447 773 556 842 sive
569 796 697 843 ante
717 795 856 845 alios
877 773 1170 860 discedens,
1193 773 1457 860 quomodo
1486 796 1768 846 licentiam

1870 773 2164 826 :ochlearia
2185 780 2242 827 et
2263 778 2465 827 caetera
2486 774 2762 827 refectorii
2785 774 3049 828 utensilia
3069 775 3446 842 continentur,

237 863 500 927 accipiat.
1854 862 2094 932 reponit.
2151 862 2207 916 Si
2247 878 2357 915 non
2404 867 2490 916 est
2537 863 2794 928 divisum,
2827 865 2922 917 sed
2955 871 3147 918 tamen
3189 866 3327 919 adeo
3363 869 3451 918 est

236 948 479 1017 (CD.)Ad
491 949 687 1003 horam
699 950 921 1020 prandii
940 951 1025 1005 vel
1047 968 1215 1006 cmnze
1236 952 1280 1006 si
1301 953 1358 1006 in
1379 952 1770 1006 dormitorium
1854 950 2095 1004 fractum
2127 956 2186 1004 ut
2212 967 2321 1004 non
2353 952 2427 1005 sit
2450 951 2635 1006 habile
2657 953 2727 1006 ad
2744 954 3071 1007 comedendi
3103 971 3451 1012 usum.eum-

174 1053 278 1090 non
310 1038 792 1103 ascendit,lavatis
814 1039 1074 1094 manibus
1091 1041 1282 1094 statim
1314 1043 1385 1095 ad
1411 1041 1768 1095 refectorium
1854 1037 1980 1091 dem
2015 1039 2414 1094 satisfactionis
2439 1047 2623 1094 servat
2651 1041 2899 1094 modum.
2935 1043 2994 1096 Si
3016 1044 3305 1096 cultellum
3337 1041 3451 1096 fre-

172 1126 337 1179 venit.
364 1129 385 1145 '
410 1127 497 1180 Ad
536 1127 725 1180 sedem
754 1145 914 1182 suam
945 1128 1089 1182 facto
1131 1136 1262 1183 ante
1292 1136 1350 1183 et
1387 1136 1536 1184 retro
1579 1131 1636 1183 in
1679 1146 1769 1182 re-
1852 1127 2022 1196 gerit,
2059 1128 2206 1182 idem
2238 1129 2390 1195 facit,
2422 1135 2649 1200 excepto
2681 1131 2825 1201 quod
2858 1131 2926 1184 de
2954 1133 3134 1201 gradu
3167 1137 3452 1203 receptum

174 1215 425 1284 gularem
457 1217 774 1286 coquinam,
809 1219 894 1270 vel
931 1224 1062 1272 ante
1105 1220 1416 1284 cellarium,
1461 1219 1508 1272 si
1550 1217 1772 1288 juvenis
1855 1215 1924 1269 ad
1955 1232 2205 1270 mensam
2237 1234 2425 1272 secum
2458 1225 2728 1289 reportat,
2757 1224 2814 1272 et
2842 1219 2896 1272 in
2916 1219 3172 1289 vaginam
3203 1220 3444 1290 reponit,

178 1321 282 1358 non
304 1311 409 1369 est,
445 1306 736 1375 aliquanto
761 1307 840 1359 ire
865 1313 1067 1377 potest;
1093 1313 1158 1361 ut
1177 1308 1224 1361 si
1245 1308 1436 1379 aliqua
1458 1324 1516 1361 re
1534 1308 1767 1378 indiget,
1855 1310 1912 1358 et
1939 1307 2248 1360 camerario
2280 1313 2531 1377 tempore
2577 1324 2844 1377 congruo,
2887 1314 2950 1362 ut
2978 1309 3216 1362 eundem
3247 1309 3453 1362 reinte-

177 1408 339 1461 quam
373 1399 542 1445 antea
567 1392 733 1446 verbo
756 1410 1004 1464 quaerere
1034 1411 1144 1449 non
1175 1396 1375 1465 potuit,
1417 1395 1769 1449 cellerarium
1852 1400 2076 1464 gratum
2145 1402 2244 1448 aut
2293 1396 2463 1449 alium
2522 1397 2772 1467 recipiat,
2819 1397 2967 1450 hunc
3024 1398 3228 1451 reddit.
3271 1398 3451 1452 Simili

179 1497 270 1549 pro
303 1481 409 1534 hac
437 1482 614 1551 signis
646 1482 981 1554 interpellet.
1014 1501 1104 1538 ει).
1140 1483 1279 1538 Inde
1316 1484 1538 1538 rediens
1568 1484 1768 1538 stando
1854 1483 2022 1537 modo
2063 1483 2356 1549 satisfacit,
2391 1485 2730 1556 quicumque
2761 1487 2908 1539 inter
2935 1487 3337 1540 comedendum
3369 1486 3456 1539 vel

177 1577 497 1624 reverenter
537 1577 791 1642 expectat
840 1572 1110 1626 domnum
1153 1573 1434 1640 abbatem,
1466 1574 1550 1626 vel
1581 1573 1627 1626 si
1657 1589 1769 1626 non
1853 1571 2155 1626 bibendum
2196 1574 2253 1627 in
2291 1573 2603 1640 refectorio,
2646 1576 2730 1628 vel
2779 1580 2909 1628 ante
2965 1575 3324 1629 refectorium
3393 1575 3452 1628 in

177 1665 355 1728 potest
401 1665 574 1724 stare,
622 1662 887 1716 sedendo.
918 1664 938 1684 ⁶
970 1662 1026 1716 Si
1057 1663 1278 1732 juvenis
1308 1668 1412 1732 est,
1439 1679 1607 1734 super
1628 1662 1770 1716 infe-
1792 1731 1825 1734 _
1855 1661 2080 1714 cellario
2112 1663 2194 1715 vel
2229 1668 2359 1716 ante
2394 1663 2682 1717 cellarium
2718 1669 2816 1717 aut
2855 1664 2910 1716 in
2942 1664 3187 1734 regulari
3213 1665 3454 1734 coquina

179 1748 307 1812 rius,
338 1749 386 1802 si
428 1751 790 1819 provectioris
831 1752 1032 1815 aetatis,
1067 1752 1226 1805 sedet
1252 1768 1422 1821 super
1463 1752 1637 1805 sedile
1673 1768 1772 1804 su-
1791 1731 1838 1790 Β
1856 1751 2099 1819 aliquem
2123 1751 2512 1822 praedictorum
2535 1769 2857 1806 excessuum
2881 1753 3198 1818 incurrerit;
3225 1758 3452 1823 excepto

179 1838 379 1907 perius.
415 1839 669 1892 Intrante
701 1856 832 1894 vero
877 1840 1083 1894 domno
1121 1839 1340 1905 abbate,
1375 1846 1572 1895 contra
1610 1840 1770 1894 illum
1855 1839 2002 1910 quod
2033 1856 2134 1910 pro
2156 1841 2341 1894 sonitu
2363 1857 2472 1894 non
2506 1841 2658 1905 alibi,
2691 1841 2798 1894 nisi
2827 1841 2884 1896 in
2929 1842 3240 1905 refectorio,
3270 1842 3354 1895 vel
3393 1842 3450 1895 in

180 1925 424 1990 inclinat,
459 1927 763 1998 statimque
811 1945 870 1982 se
908 1927 1128 1998 erigens
1178 1933 1398 1982 erectus
1425 1934 1556 1990 stat,
1594 1945 1772 1999 usque
1854 1929 2098 1997 regulari
2131 1929 2371 1999 coquina
2399 1930 2608 1997 taliter,
2639 1936 2704 1983 ut
2731 1930 3115 2001 priescriptum
3144 1936 3246 1995 est,
3280 1931 3448 1995 facto,

181 2015 306 2069 dum
358 2017 744 2086 pertransiens
783 2017 841 2070 in
879 2019 1064 2071 locum
1107 2035 1270 2072 suum
1313 2019 1384 2072 ad
1436 2017 1770 2088 pulsandam
1853 2017 2068 2071 veniam
2102 2019 2260 2086 petit.
2282 2019 2349 2072 Et
2381 2019 2428 2072 si
2462 2019 2764 2072 sextarium
2785 2019 2893 2072 vini
2918 2021 3004 2074 vel
3049 2019 3325 2074 cerevisize
3365 2020 3450 2072 vel

181 2105 384 2158 scillam
415 2105 868 2176 perveniat.(un.)
903 2107 1082 2170 Quam
1112 2114 1408 2178 postquam
1443 2107 1766 2178 pulsaverit,
1853 2106 2147 2161 dimidium
2180 2108 2456 2165 effuderit.
2488 2109 2754 2179 utrinque
2784 2115 2840 2162 et
2869 2109 2926 2161 in
2965 2109 3258 2162 refectorio
3282 2115 3339 2161 et
3363 2124 3453 2161 se-

183 2200 234 2246 et
262 2210 475 2258 versus,
509 2194 687 2248 oratio
712 2195 1138 2266 benedictioque
1177 2196 1310 2250 data
1338 2197 1527 2260 fuerit,
1563 2199 1683 2268 ipse
1712 2199 1771 2252 in
1854 2196 2047 2266 quenti
2067 2196 2157 2249 die
2180 2196 2236 2249 in
2259 2197 2501 2266 capitulo
2527 2215 2628 2268 pro
2655 2198 2760 2250 hoc
2785 2197 3074 2251 satisfacit.
3095 2197 3158 2250 In
3180 2197 3455 2267 scyphum

182 2280 294 2334 loco
317 2299 418 2335 suo
449 2283 670 2352 sedens,
703 2284 950 2338 mensale
976 2285 1242 2354 applicat,
1276 2285 1414 2338 nihil
1435 2292 1624 2340 tamen
1649 2303 1773 2340 om-
1849 2285 2086 2354 justitiae
2128 2285 2274 2354 (105)
2303 2287 2720 2358 superpositum
2761 2286 2903 2340 nihil
2930 2286 3189 2357 imponit,
3222 2302 3325 2340 nec
3353 2302 3454 2356 pa-

180 2371 308 2424 nino
337 2372 654 2436 comedens,
687 2379 991 2442 antequam
1016 2374 1180 2427 lectio
1202 2374 1524 2444 incipiatur,
1544 2381 1601 2428 et
1624 2381 1778 2428 ante-

182 2475 343 2528 quam
370 2461 440 2514 de
471 2477 642 2514 manu
659 2462 965 2516 sacerdotis
979 2462 1223 2516 oblatam
1254 2463 1390 2529 (104)
1426 2464 1661 2533 accipiat
1688 2483 1700 2531 ;
1726 2464 1771 2517 si

180 2558 364 2602 tamen
386 2556 473 2604 est
503 2551 716 2620 privata
747 2552 886 2614 dies,
907 2556 963 2605 et
990 2552 1035 2605 si
1053 2552 1110 2605 in
1128 2552 1249 2622 ipso
1263 2553 1353 2606 die
1374 2569 1485 2606 non
1515 2570 1768 2606 commu-

180 2636 458 2691 nicaverit.
485 2639 543 2692 Si
571 2657 697 2693 vero
726 2656 826 2709 pro
857 2657 1005 2710 aqua
1027 2642 1377 2711 apportanda
1409 2642 1494 2694 vel
1525 2641 1634 2694 alia
1667 2642 1768 2695 hu-

172 2727 417 2794 jusmodi
454 2745 623 2782 causa
661 2729 808 2783 dicto
833 2747 996 2784 versu
1025 2731 1142 2784 vult
1173 2730 1322 2784 exire
1351 2731 1420 2784 de
1451 2730 1763 2795 refectorio,

1859 2390 1988 2427 nem
2043 2375 2292 2444 intingit,
2341 2376 2448 2429 nisi
2503 2376 2658 2446 prius
2705 2391 2874 2446 super
2914 2391 3164 2428 mensam
3207 2381 3339 2428 ante
3394 2391 3454 2429 se

1856 2465 2126 2533 posuerit.
2163 2465 2343 2518 Simul
2379 2482 2507 2518 cum
2530 2465 2640 2518 alio
2673 2465 2847 2518 fratre
2877 2465 2934 2517 in
2964 2481 3074 2518 uno
3113 2465 3320 2535 scypho
3342 2481 3456 2517 non

1855 2551 2022 2605 debet
2050 2569 2251 2623 panem
2284 2553 2582 2622 intingere.
2603 2554 2773 2606 Nulla
2802 2569 2880 2618 re,
2895 2553 3177 2606 necetiam
3209 2552 3454 2622 ﬂabello,

1853 2656 1962 2709 quo
1991 2657 2194 2694 muscae
2225 2641 2545 2711 abiguntur,
2573 2642 2628 2694 in
2643 2647 2835 2695 aestate
2863 2641 3088 2695 interim
3112 2641 3293 2695 utitur
3319 2641 3455 2695 dum

1856 2731 2155 2782 Benedwite
2187 2746 2352 2800 super
2383 2729 2564 2784 cibum
2611 2736 2666 2784 et
2711 2736 2906 2800 potum
2949 2730 3135 2783 datur.
3175 2729 3233 2784 Si
3262 2733 3454 2782 autem

178 2815 198 2835 θ
223 2831 331 2868 non
364 2817 478 2870 exit
515 2817 842 2888 priusquam
869 2818 992 2888 ipsa
1015 2818 1316 2889 incipiatur
1343 2819 1528 2872 lectio.
1562 2833 1656 2872 L'D.
1691 2820 1770 2872 De
1853 2818 2002 2871 inter
2029 2819 2430 2872 comedendum
2457 2835 2556 2888 pro
2571 2819 2760 2888 aliqua
2789 2818 3118 2872 necessitate
3140 2819 3290 2872 exire
3312 2818 3460 2888 cogi-

177 2904 326 2958 nullo
348 2911 541 2974 gustat
562 2907 815 2976 generali
845 2908 1172 2978 priusquam
1201 2907 1586 2962 benedicatur.
1622 2908 1770 2962 Sibi-
1853 2913 1964 2972 tur,
2009 2912 2329 2977 propterea,
2383 2907 2428 2960 si
2480 2907 2790 2960 rediturum
2849 2923 2907 2960 se
2959 2912 3166 2977 sperat,
3229 2906 3338 2959 nisi
3384 2907 3457 2960 sit

178 2995 398 3065 metipsi
437 2996 578 3049 nihil
611 3013 859 3068 unquam
890 3005 1151 3069 apportat
1177 2999 1353 3052 frater
1372 3009 1574 3069 prmter
1603 3000 1770 3063 sal,et
1790 3048 1830 3069 η
1855 2995 2120 3049 Ostiarius
2167 2996 2225 3049 in
2269 2995 2591 3066 suceptione
2626 2995 2909 3066 hospitum
2951 2993 3068 3049 non'
3101 2995 3369 3066 loquitur.
3399 2995 3456 3049 Si

316 3048 330 3065 .
439 3048 470 3049 77
541 3048 576 3049 77
893 3048 1338 3069 7-”7--7~-——~—
1372 3048 1561 3069 τ---η-
1604 3048 1769 3063 hu,"
1867 3048 1874 3049 7
1929 3048 1978 3049 77
2067 3048 2074 3049 7
2211 3048 2224 3049 7
2402 3048 2418 3066 ι
2499 3048 2502 3049 7
2575 3048 2578 3049 7
2713 3048 2748 3066 7.
2801 3048 2804 3049 7
3003 3048 3011 3049 7
3137 3048 3194 3066 7.
3363 3048 3366 3049 7
3417 3048 3422 3049 7

179 3100 378 3155 aquam
404 3105 416 3153 ;
451 3088 512 3139 ni
533 3087 676 3141 forte
701 3087 990 3142 serviendo
1006 3088 1193 3141 veniat
1221 3089 1292 3141 ad
1310 3088 1498 3141 sedem
1515 3087 1768 3142 suam.Si
1789 3048 1832 3112 Ο
1857 3101 1986 3137 vero
2015 3085 2096 3137 illi
2133 3101 2279 3150 mox,
2315 3089 2378 3138 ut
2404 3101 2708 3155 parumper
2745 3083 3070 3145 comederit,
3120 3100 3329 3138 nausea
3366 3084 3453 3137 vel

179 3174 306 3242 quid
338 3175 388 3228 ei
413 3192 516 3245 per
535 3176 707 3230 alium
730 3182 1410 3247 apportatur,reverenter
1435 3182 1769 3246 contrapor-
1853 3173 1998 3226 ﬂuor
2023 3173 2315 3244 sanguinis
2344 3173 2646 3242 ingruerit,
2678 3173 2778 3239 ita,
2806 3179 2871 3227 ut
2915 3173 2985 3226 ad
3014 3173 3269 3227 eamdem
3313 3174 3456 3226 refe-

178 3263 308 3332 rigit
347 3281 580 3318 manum
623 3272 680 3319 et
729 3266 1142 3336 aliquantulum
1192 3266 1444 3319 inclinat.
1500 3265 1770 3320 Similiter
1853 3261 2094 3316 ctionem
2122 3263 2304 3316 redire
2331 3279 2440 3315 non
2458 3262 2652 3333 possit,
2675 3268 2870 3332 postea
2891 3277 3017 3316 cum
3047 3261 3450 3316 ministrissine

175 3352 409 3406 inclinat
430 3354 504 3408 ad
528 3355 738 3416 omnia,
764 3371 886 3424 qua;
909 3354 1016 3408 sibi
1055 3360 1191 3409 tunc
1220 3355 1446 3422 dantur,
1480 3355 1565 3408 vel
1594 3371 1768 3425 appo-

179 3449 407 3508 nuntur,
431 3444 516 3496 vel
542 3460 664 3513 quae
695 3442 764 3496 ab
787 3459 852 3497 eo
879 3443 1246 3514 recipiuntur.
1264 3444 1322 3498 Si
1345 3444 1477 3514 quid
1504 3443 1556 3497 ei
1584 3443 1654 3497 ab
1684 3460 1768 3509 eo,

180 3531 270 3600 qui
298 3533 368 3584 ad
400 3532 610 3585 scillam
644 3533 820 3596 sedet,
855 3531 1135 3602 dirigitur,
1170 3549 1234 3585 ex
1270 3538 1387 3586 toto
1423 3549 1659 3602 surgens
1689 3533 1772 3585 al-

1859 3351 2086 3405 licentia
2113 3351 2312 3405 reficit.

1923 3440 2071 3509 (ιω.)
2101 3441 2181 3494 De
2211 3440 2369 3494 micis
2417 3440 2845 3510 diligentissime
2881 3445 3056 3507 cavet,
3090 3456 3159 3494 ne
3208 3440 3339 3510 quid
3371 3441 3455 3494 vel

1855 3529 2293 3584 minutissimum
2327 3531 2494 3584 cadat
2531 3535 2587 3583 et
2614 3535 2822 3600 pereat.
2857 3529 2996 3584 Cum
3019 3529 3244 3582 cultello
3274 3529 3456 3582 aufert

180 3621 289 3674 tius
320 3627 516 3675 contra
539 3621 722 3692 ipsum
754 3639 946 3675 versus
973 3621 1450 3688 inclinat,etiamsi
1467 3623 1535 3675 ad
1565 3622 1772 3676 lineam
1859 3637 1954 3673 eas
1984 3620 2051 3672 de
2082 3619 2339 3684 mensali,
2368 3625 2432 3672 ut
2461 3619 2530 3672 ad
2561 3619 2825 3672 ultimnm
2851 3635 2979 3672 eum
3005 3617 3224 3672 ﬂebello
3254 3618 3323 3671 ad
3352 3618 3458 3671 hoc

183 3711 369 3763 sedeat
393 3728 406 3776 ;
447 3715 503 3763 et
525 3710 942 3780 quantumlibet
990 3710 1131 3764 forte
1161 3710 1350 3779 cupiat
1374 3709 1672 3776 abstinere,
1706 3711 1774 3763 de
1859 3713 2051 3778 aptato
2076 3709 2132 3761 in
2159 3709 2392 3762 scutella
2409 3708 2744 3777 colligantur
2772 3714 2828 3761 et
2847 3707 2916 3760 ad
2942 3707 3351 3778 eleemosynam
3369 3707 3463 3760 de-

181 3798 282 3851 hoc
310 3805 500 3852 tamen
519 3815 628 3852 non
657 3799 892 3852 dimittit
919 3798 1537 3870 przelibareScutellam
1556 3816 1776 3869 quoque
1859 3797 2129 3850 ferantur.
2169 3799 2339 3866 (ναν.)
2360 3797 2620 3860 Quandiu
2653 3802 2841 3850 autem
2873 3813 2905 3848 a
2931 3802 3204 3849 conventu
3238 3811 3348 3849 non
3376 3799 3464 3850 est

181 3887 425 3957 applicat
457 3887 526 3940 ad
557 3888 714 3942 illum
747 3887 1101 3958 potissimum
1131 3887 1363 3941 fratrem
1391 3887 1486 3958 qui
1522 3889 1683 3958 juxta
1715 3905 1774 3942 se
1859 3891 2174 3956 separatus,
2220 3890 2285 3939 ut
2326 3886 2399 3939 sit
2427 3902 2552 3938 cum
2587 3884 2849 3950 inﬁrmis,
2880 3901 2980 3938 nec
3009 3901 3181 3938 unum
3213 3901 3459 3954 granum

179 3977 437 4046 superius
465 3975 640 4039 sedet,
674 3983 737 4030 ut
779 3977 1036 4030 comedat
1076 3993 1264 4030 secum
1300 3995 1311 4029 :
1343 3977 1388 4030 si
1415 3977 1462 4030 is
1503 3977 1772 4042 renuerit,
1857 3974 2066 4046 piperis
2097 3979 2309 4044 gustat,
2339 3991 2441 4027 nec
2462 3973 2770 4044 quidquam
2802 3972 2908 4025 cibi
2940 3979 3040 4025 aut
3069 3979 3253 4042 potus,
3280 3972 3462 4026 nisiin

176 4065 422 4136 applicat
472 4065 543 4117 ad
593 4065 958 4120 inferiorem:
1007 4066 1154 4136 quod
1191 4066 1237 4119 si
1285 4071 1342 4119 et
1371 4065 1464 4118 ille
1505 4065 1768 4130 noluerit,
1858 4063 2154 4117 refectorio
2192 4063 2454 4133 percipit.
2510 4063 2812 4132 Nunquam
2843 4061 3000 4125 bibit,
3050 4060 3158 4113 nisi
3207 4066 3462 4130 pateram

178 4154 539 4223 quantumvis
588 4159 899 4218 remaneat,
937 4155 1083 4224 quod
1122 4153 1321 4219 noluit,
1353 4155 1438 4207 vel
1478 4154 1625 4223 quod
1664 4169 1776 4207 non
1859 4169 1984 4206 cum
2017 4150 2288 4204 ambabus
2320 4150 2580 4204 manibus
2605 4149 2848 4203 tenendo
2867 4153 3116 4219 (excepto
3136 4147 3378 4210 minuto)
3407 4152 3464 4201 et

179 4244 363 4312 potuit
385 4243 817 4309 eomedere,non
839 4242 1014 4296 mittit
1035 4259 1317 4314 quoquam
1346 4243 1568 4312 longius
1591 4242 1660 4296 ad
1681 4241 1778 4294 ali—
1861 4256 2150 4310 nunquam
2180 4239 2286 4292 nisi
2309 4239 2575 4292 sedendo.
2604 4239 2622 4258 '
2655 4237 2711 4291 Si
2731 4245 3026 4307 postquam
3059 4236 3216 4289 scilla
3228 4235 3464 4289 dimissa

182 4349 349 4401 quem
381 4335 611 4386 fratrem
643 4349 744 4403 pro
776 4333 890 4385 ulla
918 4332 1101 4402 gratia
1130 4332 1366 4402 privata,
1384 4331 1482 4385 sed
1505 4336 1697 4384 tamen
1716 4335 1780 4384 ut
1801 4365 1846 4422 Β
1865 4329 2032 4383 fuerit
2061 4333 2218 4382 extra
2247 4327 2455 4381 ostium
2515 4325 2868 4388 remanserit,
2923 4325 3077 4378 nullo
3119 4324 3284 4377 modo
3328 4329 3464 4378 tunc

179 4423 364 4476 adhuc
383 4422 644 4493 superius
672 4423 758 4476 vel
782 4421 1015 4475 inferius
1033 4420 1251 4474 sedenti
1272 4419 1778 4491 applicetur,a1ter-
1802 4414 1840 4422 ⁷
1867 4418 2075 4471 intrare
2106 4415 2526 4488 praesumit,sed
2556 4415 2772 4468 tamdiu
2800 4414 2932 4467 foris
2951 4418 3464 4484 exspectat,quous-

177 4513 291 4565 utri
324 4527 556 4565 suorum
589 4510 996 4564 collateralium
1029 4510 1263 4563 innuere
1301 4524 1414 4562 non
1441 4507 1670 4561 omittit.
1720 4507 1779 4561 Si
1861 4523 1970 4577 que
2013 4507 2277 4559 lectorem
2335 4504 2405 4557 ad
2452 4520 2674 4558 versum
2723 4502 2924 4573 legisse
2981 4501 3194 4556 audiat.
3238 4501 3295 4556 Si
3333 4517 3464 4556 vero

176 4599 400 4654 duobus
431 4599 700 4653 fratribus
723 4598 934 4669 aliquid
965 4597 1208 4652 mittitur
1231 4603 1287 4650 et
1314 4597 1458 4650 alter
1480 4610 1674 4649 eorum
1700 4596 1783 4649 in-

175 4691 346 4743 terim
378 4688 522 4742 forte
550 4688 813 4753 defuerit,
844 4704 1098 4742 reversus
1131 4686 1402 4740 inclinare
1423 4701 1534 4739 non
1551 4684 1776 4741 desinit.

174 4779 192 4798 ’
223 4779 282 4832 Si
317 4784 543 4832 tantum
596 4777 844 4831 sonitum
882 4776 1098 4843 fecerit,
1142 4775 1238 4845 qui
1277 4790 1682 4845 usquequaque
1723 4773 1782 4827 in

171 4867 472 4922 refectorio
531 4865 717 4920 audiri
761 4865 956 4936 possit,
1007 4864 1228 4918 veniam
1275 4863 1434 4933 petit,
1486 4863 1633 4933 quod
1673 4861 1782 4916 alio

168 4963 453 5027 tempore,
489 4954 714 5026 quando
742 4953 955 5007 bibitur
992 4953 1090 5006 sed
1130 4969 1243 5006 non
1280 4951 1506 5022 legitur,
1548 4950 1782 5006 minime

168 5045 308 5099 facit
323 5089 336 5100 .

241 5134 304 5188 Si
339 5133 508 5198 forte,
549 5148 614 5186 eo
641 5131 772 5184 illuc
791 5135 980 5194 eunte,
1003 5131 1080 5183 Tu
1109 5135 1294 5184 autem
1310 5130 1534 5194 dicitur,
1557 5133 1786 5200 prepter

171 5221 276 5275 hoc
322 5236 442 5273 non
480 5218 646 5279 redit,
701 5217 1030 5287 priusquam
1075 5217 1295 5271 veniam
1333 5217 1545 5271 fecerit.
1612 5217 1669 5270 Si
1717 5215 1786 5269 de

172 5316 313 5379 potu
366 5307 454 5362 vel
499 5306 730 5360 humido
761 5305 883 5359 cibo
931 5310 1152 5359 tantum
1182 5305 1442 5360 effuderit
1479 5305 1629 5376 quod
1659 5303 1790 5358 buc-

241 5431 406 5501 (103)
440 5432 681 5485 Miletum
711 5429 872 5500 panis
895 5435 952 5483 et
979 5429 1168 5483 vinum
1199 5429 1394 5484 lectori
1434 5429 1504 5483 ad
1530 5445 1784 5483 mensam

171 5503 547 5561 servitoribus
575 5501 633 5555 in
662 5502 860 5571 regula
888 5501 946 5555 S.
979 5501 1041 5555 B.
1074 5517 1354 5555 concessa.

244 5573 405 5649 (104)
466 5574 678 5641 Oblata,
710 5589 874 5645 pams
924 5571 983 5626 in
1030 5571 1205 5628 missa
1260 5571 1502 5643 oblatus,
1529 5572 1626 5627 sed
1669 5588 1783 5628 non

1863 4595 2101 4648 necdum
2125 4593 2450 4656 occurrerit,
2475 4592 2521 4645 si
2545 4592 2725 4646 serius
2748 4598 2874 4662 post
2895 4591 3178 4661 inceptum
3209 4589 3465 4644 lectionis

1862 4683 2172 4747 intraverit,
2209 4682 2254 4735 si
2277 4682 2520 4751 aliquem
2548 4681 2619 4734 ad
2641 4680 2878 4749 gradum
2907 4685 3148 4733 stantem
3180 4678 3465 4734 licentiam

1866 4770 2196 4826 comedendi
2227 4770 2506 4840 accepisse
2535 4769 2899 4840 perspexerit,
2932 4769 3050 4839 ipse
3076 4767 3281 4821 alicubi
3303 4769 3467 4837 juxta

1866 4861 2117 4915 tabulam
2139 4865 2296 4913 stans
2339 4857 2615 4923 observat,
2659 4857 2882 4928 quando
2912 4857 3006 4910 ille
3036 4856 3330 4911 discedens
3358 4855 3466 4910 sibi

1866 4949 2163 5005 accedendi
2212 4949 2396 5002 locum
2440 4947 2680 5012 tribuat;
2709 4945 2804 4999 ubi
2854 4952 2912 4999 et
2938 4951 3093 5013 tunc,
3139 4945 3187 4999 si
3214 4946 3369 5000 locus
3393 4945 3470 4998 sit

1863 5044 1981 5092 tam
2007 5043 2280 5108 angustus
2311 5041 2398 5090 est
2425 5034 2781 5089 staudumSi
2812 5035 3017 5088 viderit
3043 5034 3369 5088 servitorem
3395 5032 3468 5085 ad

1865 5128 2188 5197 generalem
2248 5126 2462 5180 scillam
2504 5125 2621 5194 jam
2656 5124 3031 5194 pulsaturum,
3087 5122 3276 5192 ibique
3317 5122 3464 5174 inter

1867 5215 2314 5270 benedictionem
2344 5220 2499 5268 stans
2530 5213 2819 5268 humiliter
2843 5230 2903 5267 se
2935 5211 3188 5276 inclinat,
3218 5209 3363 5280 quod
3390 5207 3470 5261 ni-

1873 5304 2178 5358 hilominus
2221 5304 2458 5373 quisque
2488 5301 2764 5369 observat,
2797 5300 2894 5372 qui
2943 5299 3248 5370 quidquam
3293 5295 3467 5350 mini-

1868 5433 2246 5498 consecratus,
2275 5428 2343 5480 de
2373 5444 2483 5498 quo
2513 5426 2680 5498 intra.

1943 5497 2080 5569 ([05)
2110 5491 2360 5567 Sag/phus
2380 5491 2635 5566 iustitia,
2669 5496 2816 5569 idem
2850 5494 2997 5564 quod
3038 5509 3135 5546 vas
3163 5491 3467 5560 vinarium,

1869 5566 2019 5643 qubd
2035 5566 2293 5640 justitiz,
2324 5586 2423 5624 seu
2445 5572 2601 5640 ῥυσια
2629 5566 2994 5638 appellatum.
