3908 6168
481 281 589 340 995
1501 275 1558 329 ε.
1603 275 1995 335 GUlLLELMI
2038 278 2342 333 ABBATIS
2380 277 2720 334 mnsam.
2977 257 2979 260 ⁴
3607 275 3698 332 ne

483 407 638 462 sterii
671 406 728 458 in
757 400 1054 458 refectorio
1089 417 1264 469 agens
1306 400 1527 454 interim
1570 401 1911 460 obambulat.
1945 409 2000 456 et
2028 402 2132 462 siA
2162 403 2306 455 modi
2330 402 2487 470 signa
2508 400 2790 454 licentiam
2813 396 3050 451 abeundi
3073 397 3408 465 quaerit.Qua
3425 399 3702 464 acceptam

487 497 615 565 quid
643 496 698 548 in
732 492 991 546 manibus
1025 497 1226 560 portat.
1265 491 1367 543 hoc
1396 509 1549 560 supei
1597 508 1845 542 mensum
1874 508 2079 560 ponere
2164 492 2336 544 clinat
2369 492 2422 542 in
2473 490 2666 542 faciem
2716 495 2770 540 et
2819 504 3036 540 versum
3082 487 3214 538 dic-it
3259 487 3303 537 si
3333 495 3409 536 est
3435 487 3702 553 prandium.

478 590 760 654 procurat.
800 583 860 635 In
909 581 1222 634 accedendi)
1268 579 1455 648 itaque
1512 579 1774 648 cuiquam
1828 579 2072 632 olivianti
2164 581 2557 645 t"on/itrantur.
2594 577 2840 639 Inclinis,
2889 577 3071 627 Gloria
3118 577 3288 626 Patri.
3340 575 3570 628 Erectus.
3601 577 3703 639 Agi-

479 673 789 736 humiliter,
815 673 960 724 sicut
1001 678 1057 723 et
1095 671 1206 731 ille,
1257 686 1317 722 se
1347 670 1596 732 inclinat,
1640 670 1746 723 nisi
1787 670 1896 722 tale
1945 670 2079 738 quid
2163 684 2285 718 mus
2318 664 2742 731 tibigratias.Si
2771 664 3281 724 cmna,.l1mnoriam
3317 664 3435 727 fecit.
3493 669 3542 713 et
3572 665 3698 713 [mir-

480 762 539 816 in
561 761 818 814 manibus
847 761 1011 821 ferat,
1045 759 1192 829 quod
1217 749 1374 811 illum
1395 758 1462 812 ad
1491 759 1633 811 hanc
1662 758 2079 811 inclinationem
2161 758 2337 809 dictus
2373 758 2660 816 [)mm'n-us,
2695 759 2781 806 etc
2833 756 2868 806 Α
2885 768 3024 804 men.
3051 752 3218 804 Facto
3235 757 3420 803 autem
3437 759 3552 802 ante
3572 757 3618 804 et
3641 768 3706 803 re-

485 850 772 920 impediat.
839 850 907 902 Et
954 849 998 902 si
1041 849 1181 901 forte
1212 847 1456 915 aliquem
1506 847 1752 899 sonitum
1799 847 1883 898 vel
1926 846 2079 900 aliud
2161 849 2248 897 tro
2281 844 2489 896 incedit
2521 842 2860 912 pedetentim
2895 839 3168 892 cantando
3194 839 3464 908 psalmum
3482 839 3708 908 quinqua-

481 939 643 992 venia
671 938 900 1007 dignum
946 937 1001 990 in
1038 937 1158 1006 ipso
1189 952 1412 991 accessu
1453 936 1662 992 fecerit.
1696 941 1826 988 ante
1856 951 2076 988 versum
2159 934 2434 1002 gesimum
2455 931 2715 1001 usquead
2744 929 2948 983 ostium
2972 928 3272 981 refectorii.
3301 927 3381 982 lbi
3404 927 3708 980 scindimus

481 1029 701 1082 veniam
729 1027 884 1097 petit,
923 1027 1068 1080 sicut
1083 1033 1137 1078 et
1181 1032 1306 1094 post
1333 1042 1574 1078 versum.
1607 1025 1663 1078 Si
1708 1023 1837 1093 quid
1873 1024 1984 1077 tale
2009 1023 2080 1076 de
2162 1029 2358 1076 contra
2384 1037 2634 1074 mensam
2667 1019 3034 1089 principalem
3066 1017 3202 1074 dicit
3225 1016 3410 1070 omnia
3437 1033 3549 1084 quae
3575 1017 3622 1068 in
3645 1033 3709 1070 ec-

481 1117 662 1186 gradu
684 1117 977 1170 discedens
998 1114 1361 1177 commiserit,
1386 1113 1719 1182 veniensque
1741 1113 1811 1167 ad
1839 1113 2080 1181 gradum
2162 1111 2334 1164 clesia
2364 1110 2628 1164 dicuntur
2656 1126 2690 1160 a
2718 1107 3003 1160 sacerdote
3035 1106 3119 1158 vel
3148 1122 3180 1158 a
3211 1110 3506 1166 conventu,
3531 1104 3579 1156 id
3603 1110 3671 1156 est
3695 1123 3703 1155 :

488 1222 613 1260 cum
649 1204 867 1260 duobus
899 1205 1094 1274 primis
1120 1203 1310 1273 digitis
1351 1203 1683 1255 combinatis
1719 1203 1890 1255 semel
1922 1202 1988 1254 ad
2021 1218 2082 1255 os
2165 1202 2447 1267 ljispersit.
2485 1201 2802 1251 Bmedicam
2831 1197 3151 1248 Dominum.
3186 1196 3253 1247 In
3274 1195 3513 1246 Domino.
3537 1195 3708 1257 Magni-

486 1295 714 1348 directis
747 1295 886 1362 petit
916 1293 983 1345 ab
1015 1310 1100 1354 eo,
1131 1311 1219 1346 cn.
1266 1293 1361 1361 qui
1392 1292 1460 1344 ad
1491 1292 1700 1344 scillam
1735 1291 1892 1344 sedet
1919 1291 2083 1343 licen-
2165 1294 2317 1355 ﬁcate
2348 1289 2668 1340 Dominum.
2700 1287 2782 1340 Sit
2809 1300 3006 1337 nomen
3036 1285 3280 1336 Domini.
3310 1283 3612 1338 Retribuere.
3637 1283 3709 1334 [lt-

485 1384 623 1440 tiam
670 1383 1020 1437 comedendi.
1071 1383 1193 1444 Quo
1234 1386 1536 1443 annuente,
1572 1381 1732 1449 quasi
1786 1396 1913 1432 cum
1957 1379 2081 1432 aliis
2166 1384 2482 1435 uellit-(imus
2511 1383 2762 1434 Domino.
2796 1381 2987 1432 Amen.
3017 1375 3328 1429 Novissime
3357 1376 3494 1429 facto
3520 1382 3710 1427 retreet

487 1472 710 1527 fecisset
733 1479 789 1525 et
817 1471 1065 1530 dixisset.
1100 1471 1293 1523 eadem
1333 1488 1434 1540 per
1474 1487 1531 1523 se
1578 1470 1709 1522 facit
1737 1475 1792 1521 et
1816 1469 1950 1521 dicit
1983 1487 1992 1520 :
2025 1468 2082 1520 id
2164 1478 2315 1536 ante,
2358 1473 2404 1524 si
2427 1472 2557 1541 quid
2589 1471 2718 1524 fecit
2745 1471 2858 1523 tale
2885 1469 3033 1522 inter
3060 1484 3303 1525 versum.
3337 1468 3406 1519 de
3441 1467 3603 1535 gradu
3634 1483 3704 1518 re-

489 1566 592 1622 est,
618 1562 800 1631 primo
832 1567 962 1615 ante
996 1567 1051 1612 et
1085 1565 1254 1622 retro,
1273 1567 1326 1612 et
1346 1575 1554 1622 versus,
1575 1559 1620 1610 si
1652 1565 1737 1611 est
1761 1557 2081 1627 prandium,
2166 1561 2416 1614 cedendo
2448 1561 2666 1613 veniam
2701 1560 2839 1629 petit
2870 1564 2926 1610 et
2965 1557 3042 1610 sic
3087 1557 3220 1609 exit.
3255 1556 3411 1620 Quod
3441 1556 3483 1608 si
3509 1572 3607 1608 non
3626 1571 3712 1606 am-

491 1654 646 1705 Oculi
670 1652 925 1703 omnium
955 1667 969 1700 :
1002 1650 1048 1701 si
1091 1665 1268 1710 cinna,
1322 1649 1493 1701 Edent
1521 1664 1805 1714 pauperes,
1838 1654 1942 1698 etc.
1987 1645 2082 1698 In-
2166 1650 2313 1719 plius
2354 1666 2519 1718 quam
2581 1649 2754 1702 semel
2799 1663 2864 1700 eo
2911 1646 2999 1698 die
3041 1647 3246 1699 fratres
3289 1645 3588 1706 comedunt,
3611 1651 3711 1695 tunc

485 1739 646 1796 oliuis
677 1739 864 1794 Gloria
893 1741 1071 1799 Patri,
1097 1746 1153 1791 et
1180 1738 1358 1790 oratio
1389 1737 1680 1790 Dominica
1709 1739 1726 1757 ‘
1754 1755 1764 1788 :
1801 1737 1936 1790 dicit
1964 1721 2148 1790 ere-B
2169 1755 2279 1792 non
2309 1739 2452 1792 alios
2482 1754 2675 1791 versus
2707 1736 2859 1798 dicit,
2897 1751 3066 1804 quam
3093 1735 3220 1787 illos
3251 1734 3322 1786 ad
3353 1750 3557 1786 emnam
3582 1732 3712 1802 perti-

485 1834 608 1884 ctus
639 1844 810 1882 manu
831 1833 889 1881 et
919 1843 1014 1880 ore
1037 1827 1115 1879 ita
1147 1826 1476 1880 benedicens
1509 1840 1520 1873 ε
1557 1827 1781 1879 Oremus
1815 1845 1828 1879 :
1863 1827 2088 1879 Benedic
2170 1834 2384 1885 nentes,
2417 1835 2472 1880 et
2508 1829 2737 1891 Am‘mus
2767 1827 2999 1891 gratias.
3037 1824 3246 1876 Verum
3297 1824 3369 1876 ad
3391 1837 3549 1876 unam
3577 1821 3711 1873 vicem

485 1920 734 1980 Domine,
768 1924 898 1979 ctc.,
931 1923 987 1969 et
1014 1916 1289 1970 inclinans
1314 1916 1460 1967 redit
1487 1920 1549 1968 ut
1579 1914 1790 1968 sedeat.
1819 1916 1885 1968 Et
1926 1915 1971 1967 si
2002 1921 2088 1968 est
2173 1934 2460 1986 nunquam
2501 1916 2635 1969 facit
2676 1920 2978 1983 utrumque
3004 1935 3016 1976 ;
3051 1917 3113 1966 ut
3139 1919 3198 1966 et
3227 1911 3444 1965 tardius
3479 1926 3627 1980 quam
3643 1907 3712 1961 alii

485 2006 642 2060 locus
671 2007 791 2074 ejus
813 2007 970 2073 juxta
1003 2007 1171 2057 tinem
1200 2004 1406 2058 tabula:
1455 2004 1600 2056 infra
1631 2020 1805 2058 unum
1831 2003 2082 2065 fratrem,
2174 2007 2382 2070 venint,
2413 2013 2470 2058 et
2493 2005 2655 2058 citius
2679 2008 2900 2071 surgat.

489 2094 584 2147 ille
611 2110 848 2161 surgens
873 2093 923 2146 ei
954 2093 1135 2146 locum
1167 2092 1449 2146 accedenti
1479 2092 1595 2157 dat,
1627 2093 1773 2144 sicut
1793 2098 1848 2144 et
1871 2099 2082 2161 postea.
2749 2091 2984 2145 CAPUT
3017 2089 3179 2143 LXV.

491 2183 541 2239 ui
567 2182 874 2236 surrexerit
895 2183 1370 2251 Opportunitatem
1400 2181 1745 2234 discedendi.
1766 2181 1976 2234 Sedens
1998 2197 2086 2233 ve-
2597 2183 2669 2234 De
2697 2182 2984 2246 refectio/to
3013 2182 3373 2231 seru-(torum.

489 2287 576 2334 ro,
617 2271 664 2324 si
693 2277 825 2326 ante
854 2287 931 2324 se.
979 2271 1359 2338 cujuscunque
1395 2269 1618 2337 generis
1645 2270 1735 2329 sit,
1769 2269 1951 2322 cibum
1981 2269 2086 2322 fra-
2241 2275 2258 2292 '
2284 2269 2473 2325 Finita.
2495 2269 2797 2323 refectione
2826 2267 3078 2338 generali
3124 2283 3253 2319 mox
3283 2265 3604 2319 com'eniunt
3626 2279 3713 2316 ser-

489 2360 670 2416 tribus
684 2361 801 2428 jam
836 2359 1153 2429 appositum
1186 2376 1294 2412 non
1329 2358 1623 2422 invenerit,
1647 2364 1704 2411 et
1733 2358 1834 2410 hoc
1863 2358 2089 2412 servito—
2170 2361 2397 2421 vitores,
2426 2359 2726 2426 caeterique
2754 2356 3082 2412 comessuri.
3116 2355 3336 2418 Quibus
3356 2355 3536 2414 etiam,
3559 2369 3715 2422 quam-

493 2465 585 2504 res
611 2448 1522 2518 ignorant,altcrutercollateralis
1552 2449 1674 2514 ejus
1703 2446 1866 2499 alicui
1893 2464 2086 2502 eorum
2173 2450 2254 2502 vis
2285 2449 2398 2502 sint
2427 2448 2608 2518 pauci,
2655 2447 2848 2499 eodem
2877 2446 3076 2499 ordine
3107 2462 3174 2498 ac
3203 2443 3512 2498 reverentia
3525 2441 3718 2494 servitur

489 2537 704 2600 innuit,
752 2545 816 2592 ut
862 2539 1078 2601 offerat,
1124 2543 1222 2591 aut
1250 2538 1299 2589 si
1326 2537 1429 2589 hoc
1458 2553 1568 2589 non
1601 2541 1804 2605 potest,
1828 2536 1946 2605 ipse
1971 2553 2090 2589 sur-
2174 2557 2285 2610 qua
2323 2547 2376 2592 et
2406 2537 2719 2591 conventui.
2743 2538 2817 2589 Ex
2837 2536 3247 2590 consuetudine
3270 2537 3455 2605 plures
3484 2550 3586 2586 non
3599 2537 3715 2584 sunt.

489 2642 628 2694 gens
649 2626 698 2679 ei
726 2631 1004 2695 apportat.
2174 2644 2340 2698 quam
2373 2627 2440 2680 ad
2473 2627 2687 2679 scillam
2709 2626 2908 2678 sedens
2929 2641 3248 2693 mensaeque
3275 2626 3463 2682 lector,
3493 2619 3720 2690 adjunctis

562 2715 842 2768 Caeterum
875 2714 922 2766 si
953 2714 1083 2778 duo,
1116 2714 1203 2767 vel
1241 2715 1429 2781 plures
1468 2713 1684 2767 tardius
1721 2714 1790 2766 ad
1837 2729 2086 2766 mensam
2173 2717 2464 2771 ministris,
2499 2714 2606 2768 nisi
2658 2713 2800 2767 forte
2845 2714 3156 2781 contingat,
3191 2719 3256 2766 ut
3295 2714 3474 2782 major
3503 2711 3575 2764 vel
3601 2710 3720 2762 clau-

486 2809 847 2858 oecurrentes
883 2819 983 2872 pro
1022 2803 1346 2871 accipienda
1386 2802 1712 2856 comedendi
1767 2803 1995 2856 licentia
2019 2801 2090 2854 si-
2173 2805 2360 2858 stralis
2382 2804 2557 2874 prior,
2595 2803 2678 2856 vel
2703 2803 2822 2870 ejus
2852 2803 3093 2870 adjutor,
3148 2808 3251 2855 aut
3281 2802 3447 2855 etiam
3470 2798 3646 2868 aliquis
3669 2797 3720 2848 de

491 2893 612 2946 mul
637 2893 986 2954 intraverint,
1022 2899 1297 2961 quotquot
1318 2892 1375 2945 in
1405 2893 1571 2945 simul
1594 2897 1845 2962 possunt,
1878 2893 2091 2944 cazteris
2175 2894 2266 2946 via
2293 2893 2522 2946 veniens
2543 2908 2667 2945 cum
2699 2891 2812 2945 illis
2830 2891 3062 2944 reﬁciat.
3089 2891 3381 2944 Interdum
3405 2890 3562 2943 etiam
3578 2885 3722 2939 evenit

490 2981 880 3034 ordinabiliter
900 2998 994 3050 seq
1005 2981 1285 3044 uentibus,
1319 2982 1600 3050 praecedit,
1625 2986 1680 3034 et
1712 2982 1804 3049 qui
1836 2981 1983 3032 inter
1997 2996 2090 3032 eos
2114 3031 2152 3052 η
2177 2988 2240 3035 ut
2256 2982 2381 3051 quis
2402 2980 2839 3035 obedientiarius
2859 2980 3048 3050 aliquo
3061 2979 3422 3048 gravilabore
3437 2975 3720 3047 praepeditus

485 3071 815 3140 praeemiuet
853 3071 909 3122 in
941 3086 1098 3124 sacro
1129 3071 1343 3135 ordine,
1369 3071 1485 3139 ipse
1531 3070 1702 3122 etiam
1751 3069 2087 3138 praeceden—
2112 3031 2154 3092 (’
2175 3070 2454 3140 permissu
2480 3069 2681 3138 prioris
2701 3069 2770 3122 ad
2795 3068 3036 3138 priorem
3061 3085 3319 3122 mensam
3349 3067 3490 3121 desit
3514 3085 3524 3118 :
3550 3065 3593 3117 is
3619 3078 3720 3131 ergo

486 3157 629 3211 tium
653 3158 887 3221 medius,
920 3160 1033 3211 sive
1066 3158 1139 3211 sit
1167 3158 1444 3219 literatus,
1464 3159 1576 3210 sive
1605 3173 1736 3222 non,
1779 3157 2086 3225 siveipsius
2174 3176 2288 3212 non
2321 3158 2667 3228 prohibetur,
2700 3174 2826 3210 cum
2856 3157 3217 3212 servitoribus
3235 3158 3481 3209 reticere.
3513 3155 3718 3220 Itemque

493 3247 710 3302 ordinis
740 3247 983 3302 celebret
1011 3247 1277 3306 ofﬁcium,
1313 3247 1424 3299 sive
1454 3263 1602 3311 non;
1645 3247 1783 3315 ipse,
1828 3246 2082 3315 inquam,
2175 3247 2429 3317 quamvis
2455 3245 2594 3300 nulli
2625 3245 2742 3298 sine
2776 3263 2982 3314 magna
3026 3246 3364 3299 necessitate
3409 3241 3716 3298 concedatur.

486 3335 782 3405 prazfertur
815 3335 873 3387 in
902 3335 1087 3387 danda
1111 3335 1512 3387 benedictione.
1538 3337 1608 3386 At
1640 3335 1685 3387 si
1716 3351 1910 3388 omnes
1940 3336 2084 3403 ejus-
2166 3343 2356 3389 tamen
2382 3342 2612 3404 accepta
2641 3335 2864 3388 licentia
2888 3340 3018 3386 ante
3039 3334 3255 3386 ﬁnitam
3277 3333 3591 3388 earumdem
3613 3330 3717 3382 rete-

487 3424 616 3476 dem
645 3431 778 3478 sunt
813 3423 1044 3486 ordinis,
1078 3430 1211 3476 tunc
1259 3423 1352 3492 qui
1393 3423 1546 3492 prior
1587 3430 1690 3487 est,
1730 3424 1837 3476 nisi
1888 3424 1982 3478 ille
2013 3423 2086 3475 sit
2167 3424 2408 3479 ctionem
2456 3423 2588 3476 inde
2637 3423 2923 3475 discedere
2976 3428 3185 3491 potest.
3227 3424 3292 3476 In
3315 3421 3591 3492 praecipuis
3618 3432 3716 3470 vero

488 3527 807 3576 conversus,
855 3512 1037 3565 caeteri
1087 3511 1314 3562 literati.
1367 3511 1532 3564 Facta
1575 3511 1960 3564 benedictione
1994 3527 2087 3580 po-
2167 3511 2559 3566 festivitatibus
2587 3511 2815 3564 ostiario
2852 3511 3181 3580 cmterisque
3211 3513 3428 3580 majora
3456 3509 3619 3563 ofﬁcia
3641 3505 3714 3558 ad-

491 3599 754 3661 steriores
785 3600 1070 3669 paulisper
1095 3600 1352 3651 cedentes
1368 3606 1782 3668 exspectant,ut
1811 3600 1906 3669 qui
1936 3616 2086 3652 acce-
2167 3600 2639 3657 ministrantibus.
2673 3601 2718 3652 si
2753 3616 2977 3653 necesse
3003 3610 3104 3663 est,
3133 3607 3261 3669 post
3284 3599 3612 3668 evangelium
3630 3609 3715 3647 nia-

491 3688 674 3742 dendo
705 3694 1122 3758 praecesserant,
1167 3688 1501 3740 discedendo
1541 3688 1709 3740 etiam
1742 3690 2076 3758 praecedunt.
2161 3689 2303 3758 joris
2335 3690 2537 3751 missae,
2568 3705 2692 3742 cum
2720 3688 2942 3740 licentia
2975 3688 3176 3757 prioris
3209 3689 3341 3741 licet
3372 3687 3623 3757 prandere
3640 3680 3713 3734 tali

491 3776 549 3832 Si
591 3777 713 3846 quis
785 3776 1217 3846 praecedentium
1261 3776 1470 3845 aliquid
1539 3777 1710 3829 veniae
1752 3777 1981 3845 dignum
2022 3778 2081 3831 in
2166 3778 2381 3832 scilicet
2421 3777 2633 3839 ordine,
2673 3783 2737 3829 ut
2794 3785 2991 3845 postea
3041 3793 3141 3829 nec
3174 3793 3306 3830 cum
3343 3775 3602 3847 prioribus
3641 3785 3714 3824 nec

493 3866 807 3920 accedendo
842 3865 1054 3925 fecerit,
1101 3865 1328 3917 interim
1378 3865 1610 3934 reliquis
1658 3865 2082 3935 expectantibus
2166 3883 2292 3918 cum
2335 3865 2694 3920 servitoribus
2715 3865 2861 3917 idem
2881 3865 3176 3934 prandium
3202 3865 3284 3918 eis
3309 3873 3552 3934 repetere
3568 3863 3712 3914 liceat.

492 3954 714 4011 veniam
775 3961 905 4007 ante
962 3970 1182 4007 versum
1229 3953 1369 4023 petit
1409 3971 1419 4004 :
1476 3954 1524 4006 si
1579 3971 1710 4006 vero
1746 3961 2076 4023 sequuntur,
2167 3954 2439 4009 Ministris
2471 3960 2658 4007 autem
2686 3954 2754 4006 de
2786 3954 3080 4006 refectorio
3101 3954 3456 4016 exeuntibus,
3486 3946 3715 4004 fratreshi

489 4043 678 4098 diﬂ'ert
695 4060 871 4112 usque
895 4051 1022 4111 post
1050 4043 1725 4096 versum.Praecavendum
1755 4048 1840 4096 est
1866 4049 2078 4105 autem,
2165 4050 2407 4104 tantum,
2443 4060 2542 4112 per
2573 4059 2710 4112 quos
2747 4043 2827 4094 illi
2858 4050 3169 4102 transeunt.
3219 4044 3305 4097 vel
3346 4044 3393 4096 si
3424 4044 3476 4096 in
3516 4036 3714 4109 capitulo

488 4145 559 4183 ne
585 4137 896 4200 postquam
935 4131 1092 4184 scilla
1137 4131 1208 4183 ad
1255 4132 1520 4199 generale
1568 4132 1839 4201 pulsatur.
1895 4133 2082 4185 nullus
2166 4132 3392 4201 sedeant,omnesinclinandoassurgunt.Et
3418 4138 3500 4185 est
3523 4140 3716 4183 consue-

491 4219 817 4274 comedendi
841 4219 1125 4274 licentiam
1158 4220 1412 4289 accipiat,
1435 4237 1536 4274 nec
1567 4220 1909 4284 discedendi,
1936 4227 2083 4291 post-
2165 4222 2300 4274 tudo
2331 4228 2396 4275 ut
2435 4237 2578 4274 unus
2630 4237 2845 4282 eorum,
2884 4221 2928 4274 si
2961 4237 3068 4274 nox
3108 4228 3214 4287 est,
3249 4228 3381 4276 ante
3412 4221 3544 4276 alios
3577 4229 3714 4284 usque

487 4325 658 4378 quam
697 4309 872 4361 micas
926 4309 1142 4361 ablatas
1180 4325 1302 4362 esse
1350 4309 1583 4362 noverit.
1638 4309 1696 4363 Si
1743 4309 1890 4362 enim
1941 4311 2238 4403 OpusDad
2270 4309 2562 4363 ecclesiam
2591 4309 2884 4363 ardentem
2913 4310 3206 4364 candelam
3239 4313 3403 4366 terat.

487 4396 749 4459 habuerit
775 4396 1098 4468 aliquando,
1120 4405 1186 4450 ut
1228 4397 1556 4466 priusquam
1589 4397 1794 4460 caeteri,
1824 4405 2020 4465 surgat
2046 4411 2081 4450 a
2099 4396 2140 4403 “
2741 4417 2972 4469 CApUT
3005 4418 3191 4471 LXVI.

486 4501 689 4582 melisa.
715 4486 879 4582 ((Ιυξκξ
911 4491 1121 4546 tamen:
1155 4485 1261 4538 ηίεί
1291 4486 1728 4540 οδθάίθηίίδνίυε
1757 4486 1847 4548 δίε»
1886 4502 2082 4540 cavere
2293 4507 2366 4558 Ile
2393 4506 2716 4558 habitudine
2743 4520 2865 4568 ima,
2897 4511 2943 4557 et
2965 4511 3078 4574 post
3099 4508 3409 4575 prandium
3440 4512 3486 4559 ει
3507 4508 3610 4573 post

486 4587 560 4628 ne
587 4573 758 4630 faciat
793 4573 975 4633 debet)
1007 4575 1091 4626 vel
1133 4575 1244 4626 tale
1294 4589 1434 4643 opus
1469 4574 1570 4626 sibi
1621 4575 1695 4627 sit
1743 4574 2075 4642 injunctum,
2850 4573 3072 4632 canam.

487 4662 636 4731 quod
665 4665 854 4716 tamen
875 4663 1040 4716 citius
1068 4663 1142 4716 sit
1160 4663 1554 4731 perﬁciendum
1580 4681 1591 4728 ;
1622 4679 1824 4733 panem
1842 4671 1897 4717 et
1919 4663 2081 4732 justié
2235 4663 2512 4728 (UD.)Post
2531 4663 2885 4718 refectionem
2899 4665 2967 4717 ad
2991 4665 3132 4719 hanc
3147 4665 3347 4718 horam
3361 4663 3549 4733 majori
3567 4658 3718 4714 studio

491 4750 630 4806 tiam
666 4751 746 4804 ita
777 4751 1164 4804 ordinabiliter
1193 4752 1370 4820 ponit,
1403 4751 1547 4805 sicut
1570 4752 1699 4822 poni
1730 4752 2018 4816 deberent,
2032 4752 2078 4806 si
2165 4765 2330 4820 quam
2364 4753 2432 4805 ad
2465 4753 2632 4806 aliam
2663 4754 2944 4809 silentium
2996 4764 3080 4807 est
3121 4755 3226 4807 sibi
3257 4756 3542 4816 indictum,
3579 4757 3627 4804 et
3649 4764 3719 4801 se-

487 4852 614 4893 cum
645 4839 860 4893 caeteris
879 4845 1155 4908 surgeret.
1185 4840 1398 4894 Rursus
1424 4841 1470 4893 si
1500 4841 1635 4910 quid
1661 4841 1894 4910 dignum
1923 4842 2081 4895 venia
2162 4841 2408 4896 cundum
2439 4843 2588 4910 quod
2610 4843 2848 4912 tempori
2878 4843 2960 4894 vel
2981 4843 3162 4896 ordini
3187 4851 3270 4898 est
3299 4850 3716 4898 consentaneum.

487 4943 725 4995 surgens
754 4927 838 4980 vel
860 4927 1127 4980 accedens
1149 4928 1302 4993 facit,
1333 4929 1490 4998 prius
1517 4929 1733 4986 veniam
1764 4930 2081 4999 petitquam
2164 4936 2228 4984 ut
2256 4930 2312 4983 in
2344 4931 2590 4985 claustro
2632 4933 2826 4984 sedeat
2854 4932 3092 5000 legendo
3142 4933 3224 4985 vel
3264 4931 3552 4990 cantando,
3579 4933 3664 4980 aut
3681 4921 3719 4975 si

487 5014 732 5070 abeundi
761 5015 1042 5068 licentiam
1065 5025 1298 5086 quaerat.
1332 5018 1440 5071 Sed
1484 5020 1626 5072 hanc
1653 5019 1874 5074 veniam
1903 5034 2082 5088 usque
2164 5018 2349 5087 pergit
2381 5019 2685 5071 dormitum
2705 5027 2760 5071 et
2789 5021 2974 5089 legere
3003 5021 3262 5089 voluerit,
3277 5019 3507 5089 jacendo
3534 5016 3715 5082 legito!

487 5110 850 5174 postversum
879 5104 1080 5166 differt,
1126 5106 1173 5159 si
1204 5105 1350 5159 inter
1371 5107 1580 5175 plures,
1615 5123 1708 5160 eos
1739 5113 1929 5160 tamen
1960 5123 2082 5175 pro-
2163 5107 2243 5162 ita
2271 5107 2630 5177 compositus,
2665 5125 2729 5161 ac
2758 5108 2804 5160 si
2834 5109 3026 5161 statim
3055 5109 3243 5176 cupiat
3266 5106 3589 5161 obdormire.
3619 5105 3637 5124 '
3657 5101 3718 5153 Εέι

487 5199 615 5264 pter
642 5199 858 5248 erctum
904 5193 1008 5248 loci
1051 5210 1291 5263 sequens
1331 5195 1646 5248 accesserit.
1690 5196 1832 5250 Nam
1870 5196 1916 5248 si
1954 5211 2079 5248 cum
2163 5199 2302 5252 hora
2331 5217 2440 5269 qua
2463 5200 2614 5252 vadit
2629 5199 2936 5253 dormitum
2957 5217 3067 5253 non
3095 5217 3281 5254 secum
3315 5200 3492 5253 defert
3521 5196 3716 5251 librum.

486 5283 644 5354 ipsis,
688 5291 740 5337 et
773 5283 880 5353 ipsi
925 5282 971 5336 si
1006 5283 1246 5338 viderint
1291 5284 1374 5338 vel
1420 5285 1700 5349 sciverint,
1731 5285 1987 5354 deliquit,
2018 5289 2082 5338 ut
2163 5288 2262 5341 sed
2294 5289 2466 5356 prius,
2506 5305 2625 5342 non
2654 5295 2845 5343 tamen
2880 5290 2936 5342 in
2969 5294 3162 5358 δρωΐο
3202 5287 3366 5342 debet
3394 5303 3514 5341 eum
3543 5293 3716 5354 ponere

484 5373 640 5440 prius
668 5373 884 5426 veniam
912 5377 1084 5442 petat,
1117 5378 1456 5442 exspectant.
2163 5377 2232 5428 ad
2262 5377 2486 5442 lectum,
2520 5377 2666 5430 sicut
2695 5382 2752 5430 et
2814 5382 2941 5447 post
2983 5394 3096 5430 non
3138 5377 3196 5430 in
3230 5385 3421 5446 aperto
3446 5374 3636 5428 referre
3659 5365 3714 5419 ad

555 5465 675 5531 (ut).
702 5466 850 5531 car.)
877 5462 960 5516 De
979 5478 1088 5533 qua
1105 5477 1340 5531 surgens
1373 5461 1522 5514 venit
1541 5461 1609 5515 ad
1629 5461 1871 5532 gradum
1887 5469 1946 5517 et
1967 5482 2083 5518 ma-
2162 5466 2489 5519 armarium.
2522 5467 2580 5519 Si
2610 5483 2907 5520 conversus
2929 5466 3254 5537 psalterium
3272 5481 3435 5519 suum
3457 5463 3522 5516 ad
3543 5461 3716 5513 lectum

485 5567 624 5606 num
637 5567 936 5621 expensam
959 5551 1186 5610 εωωω
1201 5566 1237 5608 a
1253 5551 1874 5622 peotoretrahens,cum
1890 5555 2082 5624 huius-
2162 5571 2332 5612 suum
2357 5555 2546 5622 habet,
2578 5561 2780 5626 postea
2804 5563 3058 5626 surgens,
3090 5555 3144 5610 si
3165 5555 3306 5622 vult,
3330 5565 3446 5610 non
3478 5548 3712 5622 reportat-
