3872 6164
112 196 190 259 θοι

1114 194 1536 253 CONS’PITUT.
1576 189 1927 250 HIRBAU‘3.
1964 217 2031 242 τε
2070 188 2207 244 LIB.
2249 188 2293 243 I.

112 321 236 387 Quod
282 320 355 375 de
394 318 657 376 omnibus
698 319 967 390 intellige,
1008 326 1066 374 et
1106 321 1154 375 si
1202 326 1361 376 tanta
1395 321 1667 377 librorum
1690 318 1895 379 Aalias
1920 320 2138 371 nonest
2164 319 2341 371 lectus
2370 328 2553 386 neque
2578 315 2869 383 legendus,
2895 314 2992 385 qui
3012 313 3059 367 si
3078 318 3264 383 potest
3290 314 3349 367 in

111 411 237 482 copia
272 417 439 476 esset,
480 416 546 464 ut
584 409 691 463 illis
721 409 938 478 jugiter
973 410 1041 462 ad
1095 411 1297 465 lectum
1332 410 1670 479 jncentibus,

111 499 182 553 alii
205 499 256 552 in
284 498 528 553 claustro
557 498 817 553 sedentes
846 497 1052 552 habere
1085 504 1326 567 possent.
1359 516 1450 552 oo.
1475 499 1674 551 Jncens

110 604 211 642 vero
236 586 292 640 in
323 586 463 641 lecto
493 602 606 641 non
653 585 818 641 modo
847 602 914 639 ea
950 585 1130 654 signa,
1170 603 1292 655 quae
1342 603 1469 641 cum
1504 601 1671 641 manu

110 677 237 737 ﬁunt.
254 674 482 737 devitat,
501 673 597 731 sed
618 673 788 729 etiam
812 674 984 729 ictum
1006 675 1294 729 oculorum
1316 690 1670 744 nequaquam

110 763 269 833 dirigit.
285 763 360 818 ad
383 763 551 819 ullius
579 761 771 818 fratris
801 763 1027 827 lectum,
1052 770 1115 817 ut
1144 764 1277 817 illuc
1307 763 1568 833 respiciat
1589 763 1675 816 vel

109 853 163 907 ad
186 858 541 907 momentum.
586 851 721 906 Post
749 868 976 916 nonam,
1008 852 1122 907 sive
1146 852 1300 906 sitim
1332 853 1553 916 habeat,
1588 853 1672 905 vel

111 958 214 1005 non,
235 946 426 996 tamen
456 956 566 995 non
595 939 806 995 omittit
826 956 951 995 cum
973 940 1098 995 aliis
1126 940 1184 994 in
1214 940 1568 994 retectnrium
1592 939 1675 993 ire

112 1029 381 1089 bibiturus.
412 1028 519 1082 nisi
543 1027 615 1083 sit
646 1027 1103 1094 obedientiarius,
1135 1032 1158 1054 *
1187 1034 1246 1083 et
1277 1046 1345 1082 ea
1373 1029 1511 1082 hora
1540 1027 1676 1081 foris

110 1117 312 1175 nimium
340 1123 661 1186 occupatus.
692 1130 788 1169 ω).
814 1116 1045 1179 Quoties
1070 1122 1197 1186 post
1216 1133 1475 1187 vesperos
1495 1131 1675 1170 cmun-

112 1212 201 1270 tur,
219 1219 373 1261 caena
391 1204 539 1258 facta
559 1204 954 1261 dormitorium
980 1206 1251 1263 ascendit.
1282 1209 1306 1231 *
1337 1207 1580 1269 cultrum
1602 1205 1673 1260 ad

111 1299 247 1363 caput
298 1293 550 1363 deponit,
602 1295 959 1351 nocturnales
1002 1296 1217 1350 calceos
1263 1296 1465 1357 induit,
1516 1302 1572 1348 et
1616 1295 1673 1348 in

112 1383 380 1439 claustrum
400 1383 596 1441 sedere
618 1384 786 1439 venit.
812 1384 916 1437 Ubi
937 1385 1007 1438 ad
1029 1384 1183 1439 illam
1207 1385 1402 1441 horam
1426 1384 1674 1453 quandiu

110 1471 250 1535 sedet,
282 1478 578 1542 tantopere
607 1472 830 1529 silentio
860 1474 1068 1537 studet,
1115 1479 1177 1528 ut
1225 1473 1273 1526 si
1301 1473 1506 1527 sciolus
1534 1474 1673 1527 scri-

113 1560 243 1616 bendi
270 1561 411 1615 forte
433 1562 570 1631 quid
590 1562 896 1633 scripserit.
917 1580 1019 1617 nec
1038 1579 1401 1633 pergameno,
1424 1579 1526 1616 nec
1544 1579 1674 1631 pen-

1757 407 1974 459 duabus
1994 406 2250 461 noctibus
2269 406 2496 476 perlegi,
2514 404 2709 461 tandiu
2729 405 2955 473 legitur,
2974 403 3156 474 quoad
3172 419 3350 473 usque

1757 496 2003 549 ﬁniatur.
3072 559 3081 569 '

1829 585 1935 639 Sed
1968 591 2025 638 et
2052 586 2155 637 hoc
2185 585 2451 638 lectorem
2478 590 2700 655 oportet
2723 585 2879 639 scire.
2896 583 3044 654 quod
3060 599 3351 653 nunquam

1756 673 1922 727 debet
1975 674 2267 727 lectionem
2324 673 2586 743 incipere,
2634 674 2741 727 nisi
2798 679 2928 726 ante
2975 672 3077 725 sibi
3124 673 3349 741 signum
3392 724 3395 729 .

1754 761 1940 826 faciat,
1966 766 2192 831 excepto
2213 763 2281 817 ad
2312 763 2640 835 mandatum
2662 763 2717 815 in
2739 761 2971 815 sabbato
2992 779 3003 815 :
3023 768 3158 815 tunc
3176 762 3348 827 enim,

1756 856 1822 903 ut
1860 851 2139 903 armarius
2181 858 2407 904 cantum
2451 851 2736 911 terminat,
2787 850 2973 919 legere
3002 867 3111 903 non
3142 850 3351 908 tardat.

1758 939 1866 1002 Qui
1893 939 1995 991 tali
2024 940 2161 992 hora
2193 940 2259 991 ad
2290 939 2645 992 collationem
2679 938 2849 1003 venit,
2891 939 3035 1008 quod
3069 940 3153 992 vel
3183 940 3351 994 dimi-

1757 1028 1913 1081 dium
1942 1045 2152 1093 versus,
2198 1028 2453 1081 lectionis
2490 1027 2649 1080 audit
2689 1028 2953 1086 sedendo,
2993 1035 3222 1098 propter
3250 1028 3355 1082 hoc

1758 1117 1977 1170 veniam
2008 1118 2077 1169 ad
2120 1117 2429 1173 crastinum
2472 1116 2781 1186 capitulum
2830 1132 2942 1169 non
2973 1117 3128 1184 petit.
3169 1118 3355 1171 Finita

1758 1212 1948 1258 autem
1970 1206 2226 1265 lectione,
2252 1206 2426 1259 lector
2445 1204 2520 1257 ibi
2547 1206 2705 1273 juxta
2725 1204 3044 1274 analogium
3071 1205 3204 1258 facit
3222 1212 3354 1260 ante

1759 1299 1816 1345 et
1843 1300 1995 1347 retro
2040 1302 2097 1347 et
2136 1295 2329 1347 statim
2376 1293 2505 1348 exit.
2544 1293 2650 1347 nisi
2681 1294 2756 1347 sit
2799 1294 2857 1347 in
2888 1293 3177 1359 custodia;
3220 1298 3358 1351 tunc

1757 1399 2061 1455 parumper
2115 1383 2414 1447 divertens,
2478 1383 2765 1435 custodem
2826 1399 2988 1436 suum
3047 1389 3349 1453 exspectat.

1756 1473 1983 1535 Omnes,
2009 1472 2106 1542 qui
2137 1477 2432 1525 remanent
2459 1472 2527 1525 de
2557 1472 2819 1541 capitulo,
2846 1472 3007 1525 ﬁnita
3035 1473 3351 1538 collatione,

1755 1561 1965 1626 ρεηδεεὶ
1996 1560 2065 1613 de
2093 1561 2341 1630 capitulo
2383 1561 2453 1613 ad
2483 1560 2767 1613 sinistram
2799 1566 3015 1630 partem
3046 1562 3351 1625 divortunt,

110 1664 166 1703 na
184 1648 290 1718 ipsa
313 1648 587 1719 quidquid
613 1650 831 1705 sonitus
857 1651 971 1707 ullo
1002 1651 1167 1705 modo
1188 1650 1507 1704 committat
1531 1669 1544 1712 ;
1577 1659 1674 1705 aut
1697 1635 1735 1691 Β
1754 1649 1949 1713 donec,
1983 1656 2101 1702 toto
2130 1656 2403 1703 conventu
2451 1666 2693 1718 egresso,
2726 1649 2795 1702 de
2823 1649 3023 1703 abbate
3050 1651 3136 1702 vel
3168 1651 3355 1720 priore

112 1737 148 1789 si
162 1738 356 1795 tardius
376 1755 550 1807 quam
574 1739 761 1797 caeteri
783 1739 852 1795 de
866 1740 1196 1794 dormitorio
1218 1740 1526 1803 descendit,
1555 1750 1671 1794 tam

111 1825 230 1878 lente
258 1826 454 1895 pedem
486 1833 676 1895 ponat,
708 1832 772 1883 ut
801 1828 922 1895 ejus
966 1828 1235 1891 incessus,
1270 1828 1317 1882 si
1359 1828 1576 1882 videtur
1604 1826 1674 1883 ab

113 1914 228 1975 aliis,
250 1914 478 1968 minime
495 1922 685 1971 tamen
708 1915 778 1975 ab
801 1915 897 1973 illo
915 1916 1090 1985 possit
1111 1916 1314 1970 audiri.
1336 1914 1671 1984 Hujusmodi

113 2008 265 2057 autem
294 2002 578 2057 silentium
609 2003 722 2057 alio
753 2009 1006 2074 tempore
1035 2020 1149 2061 non
1177 2010 1290 2059 tam
1322 2003 1558 2057 sollicite
1589 2008 1673 2056 est

112 2090 503 2145 observandum.
528 2095 549 2115 '
572 2092 894 2155 Cavendum
915 2099 1000 2147 est
1019 2099 1205 2147 autem
1227 2099 1341 2145 tam
1365 2101 1491 2162 post
1512 2108 1673 2162 pran-

112 2179 235 2239 dium
261 2198 428 2251 quam
471 2186 600 2252 post
629 2198 861 2245 ccenam,
891 2198 962 2237 ne
985 2182 1109 2252 quis
1141 2188 1444 2252 praesumat
1474 2197 1672 2237 manus

113 2268 282 2335 lavare,
334 2270 580 2341 exceptis
638 2271 1022 2341 scriptoribus,
1059 2278 1117 2329 et
1159 2271 1206 2325 si
1245 2271 1368 2340 quis
1414 2271 1673 2327 sacerdos

112 2358 202 2412 tale
232 2358 359 2428 quid
397 2359 571 2417 habet
607 2359 664 2414 in
704 2360 915 2415 missali
952 2359 1094 2414 libro
1125 2359 1426 2430 praevidere
1458 2376 1470 2410 :
1505 2376 1673 2429 quem

111 2452 219 2500 tunc
243 2448 527 2517 temporis,
553 2447 661 2501 nisi
693 2464 879 2518 panno
904 2447 1214 2505 involutum
1249 2464 1527 2517 nusquam
1550 2464 1674 2517 por-

112 2534 243 2589 tabit.
269 2536 426 2600 Quod
452 2537 688 2592 sacrista
732 2554 802 2593 ne
822 2538 1146 2607 huiusmodi
1170 2537 1343 2608 panni
1368 2538 1672 2608 aliquando

111 2622 285 2680 ibidem
314 2625 518 2691 desint,
546 2626 877 2696 providebit.

637 2716 867 2771 CAPUT
903 2714 1123 2772 LXVII.

218 2802 285 2856 De
314 2821 391 2865 co,
425 2805 571 2871 quod
600 2807 789 2861 lumen
818 2806 1151 2929 igaelcmstro
1178 2821 1276 2859 suo
1307 2811 1543 2873 tempore

680 2891 839 2929 accen
921 2881 1034 2928 tur.

680 2881 1034 2929 accendatur.

1755 1737 2039 1791 licentiam
2088 1738 2330 1791 abeundi
2365 1738 2659 1808 accipiant.
2707 1739 2863 1792 Tunc
2909 1739 3056 1791 enim
3088 1740 3135 1792 si
3180 1739 3359 1809 aliqui

1755 1826 1958 1879 fratres
1982 1826 2246 1887 sitierint,
2280 1828 2427 1881 facto
2452 1827 2619 1896 signo.
2640 1826 2922 1880 licentiam
2952 1827 3177 1880 bibendi
3207 1828 3353 1881 acci-

1755 1914 1934 1984 piunt.
1971 1914 2165 1973 Serius
2197 1932 2323 1969 vero
2373 1931 2728 1985 nequaquam
2774 1915 3094 1984 hujusmodi
3130 1916 3354 1973 licentia

1757 2009 1842 2057 est
1869 2005 2128 2074 petenda,
2171 2021 2273 2058 nec
2302 2004 2470 2058 etiam
2505 2005 2754 2074 pOstliac,
2789 2003 2896 2057 nisi
2932 2018 3091 2069 raro;
3125 2011 3357 2075 excepto

1755 2093 1803 2146 si
1828 2092 2135 2162 quemlibet
2162 2093 2461 2145 vehemens
2488 2092 2611 2145 sitis
2656 2092 2940 2152 invaserit,
2974 2110 3098 2162 quae
3125 2094 3354 2148 omnino

1757 2181 1831 2234 sit
1888 2181 2256 2234 intolerabilis
2308 2200 2321 2234 :
2367 2182 2644 2251 ejusmodi
2691 2196 2938 2251 namque
2989 2182 3357 2236 vehementia;

1757 2284 1869 2323 non
1897 2277 1984 2324 est
2023 2271 2108 2324 lex
2142 2270 2365 2339 posita:
2400 2285 2752 2339 quacumque
2793 2270 2943 2322 enim
2990 2269 3129 2323 hora
3157 2286 3358 2341 quem-

1755 2376 1926 2429 quam
1973 2366 2135 2413 tanta
2177 2358 2537 2412 intolerantia
2587 2359 2816 2417 vexarit,
2851 2359 3020 2412 etiam
3059 2359 3119 2412 in
3158 2359 3359 2417 mediis

1755 2448 2068 2505 matutinis,
2125 2454 2279 2518 petet
2323 2448 2603 2501 licentiam
2658 2447 2903 2505 bibendi.
2955 2449 3077 2511 Qua
3129 2454 3355 2520 accepta

1751 2538 1914 2606 jussu
1944 2537 2149 2607 prioris
2181 2537 2371 2606 aliquo
2402 2553 2527 2589 eum
2557 2537 2862 2591 comitante
2894 2537 2995 2589 ibit
3023 2537 3081 2590 in
3108 2538 3360 2591 inﬁrma-

1755 2625 1919 2680 riam.
1954 2632 2011 2679 et
2048 2641 2149 2678 nec
2178 2626 2478 2678 revertitur
2511 2631 2702 2694 postea
2753 2625 2807 2677 in
2852 2631 3208 2685 conventum,
3248 2625 3361 2679 nisi

1757 2729 1822 2766 eo
1838 2720 2112 2782 tempore.
2136 2728 2246 2782 quo
2268 2718 2323 2765 et
2349 2712 2583 2782 quilibet
2611 2712 2888 2775 inﬁrmus,
2917 2728 3019 2765 nec
3048 2712 3171 2765 sine
3190 2713 3360 2766 lieen-

1756 2803 1855 2855 tia.
1888 2803 1958 2855 Et
2003 2800 2311 2864 sciendum,
2347 2801 2495 2870 quod
2526 2801 2620 2870 qui
2659 2801 2729 2854 de
2775 2801 3137 2871 completorio
3168 2816 3356 2855 rema-

1760 2897 1911 2948 nent.
1982 2907 2109 2943 cum
2165 2890 2377 2942 iaciunt
2430 2890 2757 2959 praadictum
2810 2890 3034 2959 signum
3092 2888 3355 2957 abeundi,

169 2961 572 3028 Procurandum
603 2968 688 3018 est
716 2964 909 3051 etiam,
943 2970 1006 3018 Ut
1034 2964 1092 3019 in
1120 2969 1372 3035 tempore
1406 2965 1670 3036 hyemaliv
1690 2982 1739 3044 Ο
1760 2984 1995 3051 possunt
2041 2995 2279 3049 quoque,
2314 2978 2361 3031 si
2412 2976 2640 3033 bibituri
2687 2986 2836 3045 sunt,
2888 2979 3011 3049 ipsa
3040 2986 3205 3036 nocte
3233 2992 3358 3033 am-

113 3050 148 3102 si
170 3067 382 3122 vespera
408 3053 591 3107 serius
629 3053 842 3117 ﬁnitur,
867 3048 1055 3108 lumen
1092 3070 1219 3109 mox
1248 3071 1349 3124 per
1368 3055 1674 3109 claustrum

114 3141 439 3207 accendatur,
470 3141 604 3212 quia
631 3148 939 3197 conventus
976 3143 1399 3198 nooturnalibus
1445 3142 1675 3203 indutis,

109 3226 303 3294 juvenes
346 3248 571 3309 quoque
619 3231 851 3295 l_aternis
896 3233 1141 3285 accensis
1186 3232 1431 3286 sedendo
1471 3232 1680 3302 absque

114 3316 259 3385 libris,
279 3326 469 3374 tamen
491 3326 833 3391 exspectant,
858 3320 1033 3375 donec
1054 3320 1371 3392 cymbalum
1396 3321 1466 3375 ad
1493 3320 1680 3373 biben-

114 3404 221 3460 dum
248 3409 614 3480 percutiatur.
646 3410 800 3463 Tunc
840 3410 988 3463 enim
1028 3410 1149 3464 sine
1186 3427 1344 3465 mora
1378 3410 1530 3478 prior
1553 3426 1682 3462 cnn-

115 3496 246 3555 cutit.
271 3506 327 3551 et
353 3506 541 3551 custos
566 3497 1035 3554 hebdomadarius
1064 3504 1195 3553 ante
1224 3484 1439 3552 ﬁnitam
1466 3497 1684 3551 bibitio-

113 3598 216 3639 nem
242 3594 375 3641 ante
404 3594 461 3641 et
492 3594 643 3641 retro
672 3586 899 3649 faciens,
933 3587 1157 3643 nonnisi
1181 3588 1373 3659 jussus
1402 3587 1474 3641 ad
1513 3587 1684 3640 colla-

113 3672 293 3729 tionem
353 3677 561 3747 pulsat,
624 3682 688 3730 ut
738 3682 1014 3730 conventu
1062 3677 1131 3729 de
1184 3676 1478 3729 refectorio
1517 3682 1685 3729 eunte

113 3771 491 3835 consequenter
506 3771 710 3834 agatur
729 3765 970 3821 collatio.
994 3766 1079 3817 Ad
1096 3766 1332 3819 eandem
1357 3763 1683 3821 bibitionem

112 3851 338 3927 quisquis
369 3853 810 3908 obedientiarius
835 3860 1063 3925 propter
1080 3853 1385 3908 instantem
1415 3870 1530 3907 sua:
1550 3852 1682 3907 obe-

112 3936 306 3996 dientia:
358 3943 748 3999 necessitatem
780 3948 912 3998 ante
957 3943 1096 3998 alios
1134 3944 1253 3998 sine
1294 3943 1522 4001 licentia
1549 3945 1682 4012 exit,

110 4042 204 4081 non
229 4031 588 4097 reclamatur,
618 4032 727 4087 nisi
755 4032 956 4107 saepius
976 4033 1033 4087 id
1057 4032 1126 4086 ab
1151 4050 1217 4088 eo
1247 4038 1554 4104 repetatur.

622 4122 856 4177 CAPUT
897 4121 1148 4177 LXVIII.

532 4217 606 4271 Dc
634 4218 825 4271 lectore
853 4219 1236 4273 cenationum.

175 4302 197 4323 '
223 4302 498 4366 Quoniam
530 4321 643 4360 non
672 4310 760 4359 est
800 4310 1005 4360 nostra:
1050 4307 1491 4373 consuetudinis,
1524 4313 1587 4362 ut
1629 4307 1686 4362 in

113 4387 284 4446 tabula
312 4400 544 4447 notetur
569 4394 741 4449 lector
763 4394 1097 4459 collationis,
1118 4395 1248 4451 ideo
1265 4398 1446 4466 major
1478 4396 1686 4457 sollici-

114 4479 233 4533 tudo
255 4482 427 4537 debet
451 4500 576 4553 esse
604 4484 868 4547 armario,
911 4491 976 4538 ut
1015 4485 1343 4555 tempestive
1381 4486 1687 4555 provideat,

112 4582 170 4620 nc
192 4572 537 4641 negligenter
562 4572 622 4637 in
652 4574 889 4644 legendo
903 4574 975 4628 ad
1004 4574 1361 4635 collationem
1379 4575 1684 4645 contingat.

113 4654 452 4731 Quapmpter
474 4661 531 4725 in
559 4662 650 4719 die
679 4662 974 4719 Dominica
1000 4663 1098 4727 dat
1125 4662 1331 4719 librum
1361 4680 1460 4733 per
1479 4664 1690 4719 hebdo~

114 4746 319 4801 madam
352 4750 586 4810 lecturo,
614 4750 777 4821 eique
793 4751 1057 4817 ostendit,
1088 4751 1179 4807 ubi
1208 4751 1455 4823 incipere
1471 4752 1691 4809 debeat.

112 4832 235 4887 Nam
298 4839 599 4907 praeteritae
654 4839 1013 4897 hebdomadas
1073 4841 1249 4897 lector
1293 4841 1399 4912 ipsi
1450 4842 1697 4897 armario

114 4926 362 4992 ostendit,
394 4927 493 4981 ubi
538 4928 757 4999 legendi
799 4931 971 4991 tinem
1013 4929 1227 4988 fecerit.
1260 4931 1582 4988 Cavendum
1611 4937 1697 4986 est

112 5016 364 5080 armario,
397 5033 471 5071 ne
501 5033 748 5087 unquam
793 5018 978 5073 minus
1017 5018 1189 5081 scioio
1225 5018 1280 5079 id
1326 5018 1602 5089 iniunget,
1637 5026 1701 5075 ut

114 5101 172 5155 ad
196 5104 552 5160 collationem
584 5106 759 5177 legat;
791 5108 891 5169 sed
926 5113 1042 5171 tam
1073 5107 1422 5167 convenienti
1455 5115 1512 5165 et
1538 5109 1701 5165 intel-

116 5188 291 5260 ligenti
316 5210 570 5265 personae
592 5212 714 5265 quae
743 5196 821 5251 ita
852 5196 1021 5266 legat.
1044 5201 1108 5253 ut
1126 5197 1423 5261 audientes
1440 5198 1696 5254 aediﬁcet.
1730 5240 1735 5243 μ

118 5274 174 5331 In
198 5283 494 5357 pmnipuis
519 5283 936 5349 festivitatibus,
959 5285 1165 5356 quibus
1189 5303 1226 5349 a
1252 5292 1498 5357 quatuor
1526 5289 1707 5344 Venite

115 5376 384 5434 cantatur,
412 5371 500 5427 vel
537 5372 711 5427 etiam
743 5372 805 5428 in.
840 5373 1050 5444 cappis,
1082 5374 1133 5437 si
1155 5375 1449 5447 proprium
1487 5392 1702 5433 sermo?

117 5471 231 5523 nam
260 5458 497 5531 habent.
517 5461 657 5531 inde:
690 5462 899 5534 igitur
925 5463 1003 5530 ad.
1021 5464 1398 5535 collationem,
1431 5465 1481 5526 si
1508 5467 1709 5533 statim

1759 3069 1909 3139 plius
1932 3075 2122 3138 petere
2149 3067 2427 3121 licentiam
2456 3067 2701 3121 bibendi.
2737 3068 2853 3122 Aiii
2891 3083 3039 3133 vero,
3066 3069 3162 3139 qui
3192 3082 3358 3122 oecu-

1760 3157 1875 3228 pati
1906 3157 2027 3210 suis
2056 3156 2255 3210 ofﬁciis
2285 3156 2586 3227 aliquando
2617 3173 2717 3227 per
2746 3156 3030 3211 licentiam
3060 3158 3263 3211 desunt
3288 3157 3361 3211 ad

1762 3246 2136 3309 collationem,
2180 3246 2322 3299 sicut
2360 3252 2447 3299 est
2475 3245 2834 3315 hospitarius,
2864 3246 3357 3317 eleemosynarius,

1762 3341 1819 3388 et
1847 3335 2033 3391 ρεςεξνὶ
2058 3335 2401 3404 hujusmodi,
2436 3341 2635 3404 petunt
2660 3335 2802 3387 hanc
2844 3335 3126 3388 licentiam
3150 3350 3183 3389 a
3202 3336 3373 3389 eeiie-i

1764 3423 1931 3485 rario,
1965 3423 2012 3477 si
2040 3423 2184 3478 forte
2215 3440 2327 3476 non
2360 3424 2577 3494 possint
2607 3438 2642 3475 ιι
2677 3423 2863 3493 priore
2889 3424 3192 3491 claustrali,
3224 3425 3362 3478 dum

1766 3511 1900 3565 facit
1928 3512 2133 3575 circam
2162 3518 2289 3582 post
2316 3511 2744 3582 completorium
2777 3512 3003 3565 habere.

2326 3601 2560 3654 CAPUT
2611 3601 2801 3655 LXIX.

2038 3690 2107 3742 De
2134 3691 2313 3755 fratre
2340 3691 2737 3744 dormitorium
2766 3697 3095 3758 aspergente.

1841 3778 1865 3801 *
1894 3777 2030 3830 Post
2054 3778 2479 3848 completorium
2503 3779 2676 3831 frater
2700 3779 2769 3832 ad
2792 3781 3204 3850 aspergendum
3233 3781 3364 3835 dor—

1768 3864 2056 3919 mitorium
2086 3866 2388 3935 deputatus
2426 3867 2542 3936 (qui
2577 3867 2748 3920 etiam
2789 3884 3088 3922 conversus
3123 3884 3246 3923 esse
3273 3886 3366 3940 po.

1767 3959 1900 4017 test)
1916 3972 2043 4008 mox
2066 3956 2225 4008 ﬁnito
2245 3956 2606 4026 completorio
2627 3964 2758 4010 ante
2791 3958 3023 4011 chorum
3059 3960 3287 4024 secedit,
3308 3964 3365 4013 et

1764 4044 1924 4114 juxta
1954 4044 2152 4110 altare,
2199 4061 2310 4115 quo
2354 4044 2561 4099 inﬁrmi
2607 4046 2823 4108 sedent,
2865 4048 3104 4116 primam
3145 4051 3369 4100 tantum

1768 4132 2080 4186 orationem
2111 4133 2260 4186 facit.
2296 4133 2419 4196 Qua
2446 4132 2594 4186 facta
2627 4134 2989 4204 semetipsum
3021 4151 3168 4204 aqua
3196 4134 3370 4187 bene-

1773 4221 1921 4276 dicta
1949 4222 2179 4292 spargit.
2206 4222 2395 4292 sicque
2432 4222 2684 4276 ascendit
2706 4223 3119 4287 dormitorium,
3139 4228 3202 4276 ut
3229 4222 3370 4276 illud

1771 4317 2053 4380 aSpergat.
2076 4310 2238 4373 Quod
2267 4310 2497 4380 quidem
2526 4326 2815 4381 nunquam
2846 4311 3076 4373 omittit,
3111 4310 3221 4364 nisi
3249 4310 3370 4365 dies

1770 4398 2066 4452 Dominica
2110 4398 2200 4454 sit.
2256 4398 2458 4464 Finito,
2501 4406 2566 4453 ut
2594 4400 2805 4454 dictum
2837 4404 2942 4466 est,
2975 4399 3367 4471 completorio,

1771 4504 1899 4542 cum
1927 4488 2129 4541 iterum
2169 4487 2377 4542 faciant
2412 4494 2527 4542 tres
2574 4489 2876 4553 orationes,
2909 4486 2980 4542 ad
3030 4489 3132 4542 bas
3184 4488 3370 4542 locum

1770 4582 1925 4630 tenet
1944 4582 2275 4642 extremum,
2300 4584 2357 4630 et
2388 4578 2602 4647 priores
2623 4578 2983 4632 anteribrem.
3006 4577 3221 4642 Quibus
3246 4590 3375 4647 pen-

1775 4664 1936 4729 actis,
1968 4681 1999 4717 e
2028 4665 2197 4719 choro
2229 4666 2528 4721 novissime
2558 4680 2815 4735 egressus
2840 4667 3112 4721 altaribus
3139 4668 3256 4721 iliic
3283 4680 3377 4721 re-

1775 4760 2034 4808 verenter
2068 4753 2314 4807 inclinat.
2345 4755 2505 4818 Quod
2535 4755 2706 4809 etiam
2739 4771 3001 4827 aspersus
3030 4772 3177 4828 aqua
3203 4756 3379 4810 bene-

1777 4841 1926 4896 dicta
1954 4860 1990 4896 a
2012 4843 2302 4897 sacerdote
2328 4844 2695 4898 nihilominus
2723 4844 2999 4900 observat.
3032 4850 3167 4912 (ου.)
3196 4842 3267 4899 Et
3292 4854 3383 4899 γε*

1778 4931 1939 4985 niens
1968 4932 2039 4985 ad
2069 4931 2278 4985 ostium
2308 4933 2553 4987 ecclesiae
2583 4937 2751 5004 caput
2787 4934 2969 5005 aperit
2998 4948 3125 4988 cum
3165 4934 3382 5004 capelle

1779 5035 1883 5074 nec
1909 5020 2152 5091 amplius
2179 5021 2430 5075 denudat
2471 5038 2649 5093 usque
2689 5022 2825 5077 dum
2855 5039 2917 5078 se
2943 5021 3294 5077 collocaret-it
3319 5022 3379 5074 in

1780 5108 1944 5165 lecto.

2363 5198 2599 5257 CAPUT
2634 5201 2797 5256 LXX.

2271 5290 2542 5355 Quomodo
2570 5307 2622 5343 se
2648 5293 2877 5345 collucet.

1858 5380 1991 5447 tuo.)
2022 5378 2188 5449 Ergo,
2216 5394 2345 5439 cum
2367 5379 2436 5432 ad
2459 5381 2665 5433 lectum
2686 5377 2919 5442 venerit,
2943 5374 2991 5429 si
3010 5380 3101 5431 est
3124 5375 3309 5431 {roceo
3326 5381 3383 5430 et

1783 5468 2009 5523 cuculla
2040 5468 2297 5537 indutus,
2324 5467 2566 5523 {roseam
2593 5468 2769 5539 plicat
2802 5469 2865 5520 et
2896 5472 3073 5535 super
3105 5466 3401 5532 usuram,
