  <div class='ocr_page' id='page_1' title='image "/cluster/home/n/w/nwhite01/storage/ocr_20150623/150/hvd.32044054760087/505.png"; bbox 0 0 3872 6164; ppageno 0'>
   <div class='ocr_carea' id='block_1_1' title="bbox 441 255 3648 322">
    <p class='ocr_par' dir='ltr' id='par_1_1' title="bbox 441 255 3648 322">
     <span class='ocr_line' id='line_1_1' title="bbox 441 255 3648 322; baseline 0.002 -11"><span class='ocrx_word' id='word_1_1' title='bbox 441 263 547 322; x_wconf 83' lang='lat'>999</span> <span class='ocrx_word' id='word_1_2' title='bbox 1470 259 1527 313; x_wconf 82' lang='lat' dir='ltr'>S.</span> <span class='ocrx_word' id='word_1_3' title='bbox 1569 258 1961 314; x_wconf 88' lang='lat' dir='ltr'>GUILLELMI</span> <span class='ocrx_word' id='word_1_4' title='bbox 1998 260 2303 317; x_wconf 83' lang='lat' dir='ltr'>ABBATIS</span> <span class='ocrx_word' id='word_1_5' title='bbox 2341 260 2681 316; x_wconf 74' lang='lat' dir='ltr'>HIRSAUG.</span> <span class='ocrx_word' id='word_1_6' title='bbox 3537 255 3648 317; x_wconf 80' lang='lat'>1000</span> 
     </span>
    </p>
   </div>
   <div class='ocr_carea' id='block_1_2' title="bbox 440 378 3650 459">
    <p class='ocr_par' dir='ltr' id='par_1_2' title="bbox 440 378 3650 459">
     <span class='ocr_line' id='line_1_2' title="bbox 440 378 3650 459; baseline -0.002 -19"><span class='ocrx_word' id='word_1_7' title='bbox 440 378 527 442; x_wconf 81' lang='lat' dir='ltr'>vel</span> <span class='ocrx_word' id='word_1_8' title='bbox 564 387 612 442; x_wconf 99' lang='lat' dir='ltr'>si</span> <span class='ocrx_word' id='word_1_9' title='bbox 641 404 780 459; x_wconf 92' lang='lat' dir='ltr'>opus</span> <span class='ocrx_word' id='word_1_10' title='bbox 827 383 1013 451; x_wconf 83' lang='lat' dir='ltr'>habet,</span> <span class='ocrx_word' id='word_1_11' title='bbox 1052 382 1156 438; x_wconf 89' lang='lat' dir='ltr'>sub</span> <span class='ocrx_word' id='word_1_12' title='bbox 1202 381 1437 453; x_wconf 83' lang='lat' dir='ltr'>capitale</span> <span class='ocrx_word' id='word_1_13' title='bbox 1479 381 1656 451; x_wconf 85' lang='lat' dir='ltr'>ponit.</span> <span class='ocrx_word' id='word_1_14' title='bbox 1689 382 1902 436; x_wconf 90' lang='lat' dir='ltr'>Deinde</span> <span class='ocrx_word' id='word_1_15' title='bbox 1939 389 2316 445; x_wconf 85' lang='lat' dir='ltr'>co-Aventus</span> <span class='ocrx_word' id='word_1_16' title='bbox 2361 386 2432 440; x_wconf 90' lang='lat' dir='ltr'>ad</span> <span class='ocrx_word' id='word_1_17' title='bbox 2469 389 2774 439; x_wconf 88' lang='lat' dir='ltr'>nocturnos</span> <span class='ocrx_word' id='word_1_18' title='bbox 2815 381 3015 452; x_wconf 81' lang='lat' dir='ltr'>surgit,</span> <span class='ocrx_word' id='word_1_19' title='bbox 3056 379 3237 450; x_wconf 84' lang='lat' dir='ltr'>jungit</span> <span class='ocrx_word' id='word_1_20' title='bbox 3282 396 3340 434; x_wconf 92' lang='lat' dir='ltr'>se</span> <span class='ocrx_word' id='word_1_21' title='bbox 3375 379 3457 433; x_wconf 88' lang='lat' dir='ltr'>his</span> <span class='ocrx_word' id='word_1_22' title='bbox 3490 383 3572 451; x_wconf 87' lang='lat' dir='ltr'>qui</span> <span class='ocrx_word' id='word_1_23' title='bbox 3602 382 3650 435; x_wconf 90' lang='lat' dir='ltr'>in</span> 
     </span>
    </p>
   </div>
   <div class='ocr_carea' id='block_1_3' title="bbox 442 468 3652 548">
    <p class='ocr_par' dir='ltr' id='par_1_3' title="bbox 442 468 3652 548">
     <span class='ocr_line' id='line_1_3' title="bbox 442 468 3652 548; baseline -0.002 -17"><span class='ocrx_word' id='word_1_24' title='bbox 442 477 722 548; x_wconf 89' lang='lat' dir='ltr'>opertorio</span> <span class='ocrx_word' id='word_1_25' title='bbox 735 474 1138 528; x_wconf 83' lang='lat' dir='ltr'>adinferiorem</span> <span class='ocrx_word' id='word_1_26' title='bbox 1153 479 1368 544; x_wconf 89' lang='lat' dir='ltr'>partem</span> <span class='ocrx_word' id='word_1_27' title='bbox 1387 470 1513 524; x_wconf 89' lang='lat' dir='ltr'>lecti</span> <span class='ocrx_word' id='word_1_28' title='bbox 1529 472 1734 539; x_wconf 88' lang='lat' dir='ltr'>rejecto</span> <span class='ocrx_word' id='word_1_29' title='bbox 1747 488 2037 526; x_wconf 85' lang='lat' dir='ltr'>scamnum</span> <span class='ocrx_word' id='word_1_30' title='bbox 2121 475 2324 528; x_wconf 89' lang='lat' dir='ltr'>minori</span> <span class='ocrx_word' id='word_1_31' title='bbox 2353 475 2520 528; x_wconf 90' lang='lat' dir='ltr'>choro</span> <span class='ocrx_word' id='word_1_32' title='bbox 2550 478 2731 535; x_wconf 88' lang='lat' dir='ltr'>orant,</span> <span class='ocrx_word' id='word_1_33' title='bbox 2757 477 2815 524; x_wconf 90' lang='lat' dir='ltr'>et</span> <span class='ocrx_word' id='word_1_34' title='bbox 2837 470 3058 542; x_wconf 86' lang='lat' dir='ltr'>prioris,</span> <span class='ocrx_word' id='word_1_35' title='bbox 3083 470 3177 539; x_wconf 87' lang='lat' dir='ltr'>qui</span> <span class='ocrx_word' id='word_1_36' title='bbox 3206 468 3259 522; x_wconf 94' lang='lat' dir='ltr'>in</span> <span class='ocrx_word' id='word_1_37' title='bbox 3281 470 3526 538; x_wconf 86' lang='lat' dir='ltr'>majorem</span> <span class='ocrx_word' id='word_1_38' title='bbox 3549 470 3652 524; x_wconf 86' lang='lat' dir='ltr'>cho-</span> 
     </span>
    </p>
   </div>
   <div class='ocr_carea' id='block_1_4' title="bbox 441 559 3656 633">
    <p class='ocr_par' dir='ltr' id='par_1_4' title="bbox 441 559 3656 633">
     <span class='ocr_line' id='line_1_4' title="bbox 441 559 3656 633; baseline -0.003 -14"><span class='ocrx_word' id='word_1_39' title='bbox 441 565 787 623; x_wconf 81' lang='lat' dir='ltr'>ascendit.et</span> <span class='ocrx_word' id='word_1_40' title='bbox 805 564 1122 627; x_wconf 88' lang='lat' dir='ltr'>introlatus,</span> <span class='ocrx_word' id='word_1_41' title='bbox 1140 567 1204 615; x_wconf 92' lang='lat' dir='ltr'>ut</span> <span class='ocrx_word' id='word_1_42' title='bbox 1225 561 1775 615; x_wconf 83' lang='lat' dir='ltr'>convenienterlecto</span> <span class='ocrx_word' id='word_1_43' title='bbox 1797 562 2037 615; x_wconf 90' lang='lat' dir='ltr'>insidere</span> <span class='ocrx_word' id='word_1_44' title='bbox 2121 581 2247 618; x_wconf 85' lang='lat' dir='ltr'>rum</span> <span class='ocrx_word' id='word_1_45' title='bbox 2306 562 2382 616; x_wconf 87' lang='lat' dir='ltr'>ibi</span> <span class='ocrx_word' id='word_1_46' title='bbox 2417 565 2771 633; x_wconf 80' lang='lat' dir='ltr'>ingressurus</span> <span class='ocrx_word' id='word_1_47' title='bbox 2808 567 2912 622; x_wconf 90' lang='lat' dir='ltr'>est,</span> <span class='ocrx_word' id='word_1_48' title='bbox 2954 559 3253 613; x_wconf 84' lang='lat' dir='ltr'>adventum</span> <span class='ocrx_word' id='word_1_49' title='bbox 3306 563 3574 628; x_wconf 83' lang='lat' dir='ltr'>exspectat,</span> <span class='ocrx_word' id='word_1_50' title='bbox 3609 564 3656 610; x_wconf 81' lang='lat' dir='ltr'>et</span> 
     </span>
    </p>
   </div>
   <div class='ocr_carea' id='block_1_5' title="bbox 443 646 3656 725">
    <p class='ocr_par' dir='ltr' id='par_1_5' title="bbox 443 646 3656 725">
     <span class='ocr_line' id='line_1_5' title="bbox 443 646 3656 725; baseline -0.003 -17"><span class='ocrx_word' id='word_1_51' title='bbox 443 654 642 725; x_wconf 88' lang='lat' dir='ltr'>possit,</span> <span class='ocrx_word' id='word_1_52' title='bbox 672 671 732 708; x_wconf 91' lang='lat' dir='ltr'>se</span> <span class='ocrx_word' id='word_1_53' title='bbox 779 657 1077 724; x_wconf 68' lang='lat' dir='ltr'>praeparat,</span> <span class='ocrx_word' id='word_1_54' title='bbox 1109 657 1165 705; x_wconf 92' lang='lat' dir='ltr'>et</span> <span class='ocrx_word' id='word_1_55' title='bbox 1191 657 1327 704; x_wconf 90' lang='lat' dir='ltr'>tunc</span> <span class='ocrx_word' id='word_1_56' title='bbox 1357 666 1557 703; x_wconf 88' lang='lat' dir='ltr'>manus</span> <span class='ocrx_word' id='word_1_57' title='bbox 1587 649 1652 702; x_wconf 91' lang='lat' dir='ltr'>ad</span> <span class='ocrx_word' id='word_1_58' title='bbox 1687 650 1881 716; x_wconf 85' lang='lat' dir='ltr'>latera,</span> <span class='ocrx_word' id='word_1_59' title='bbox 1924 668 2036 704; x_wconf 91' lang='lat' dir='ltr'>non</span> <span class='ocrx_word' id='word_1_60' title='bbox 2119 654 2295 706; x_wconf 91' lang='lat' dir='ltr'>donec</span> <span class='ocrx_word' id='word_1_61' title='bbox 2351 659 2465 705; x_wconf 91' lang='lat' dir='ltr'>tres</span> <span class='ocrx_word' id='word_1_62' title='bbox 2524 651 2807 704; x_wconf 86' lang='lat' dir='ltr'>orationes</span> <span class='ocrx_word' id='word_1_63' title='bbox 2863 649 3151 712; x_wconf 84' lang='lat' dir='ltr'>finiantur,</span> <span class='ocrx_word' id='word_1_64' title='bbox 3184 654 3239 700; x_wconf 91' lang='lat' dir='ltr'>et</span> <span class='ocrx_word' id='word_1_65' title='bbox 3278 652 3405 700; x_wconf 89' lang='lat' dir='ltr'>tunc</span> <span class='ocrx_word' id='word_1_66' title='bbox 3437 663 3468 698; x_wconf 86' lang='lat' dir='ltr'>a</span> <span class='ocrx_word' id='word_1_67' title='bbox 3501 646 3656 716; x_wconf 90' lang='lat' dir='ltr'>priore</span> 
     </span>
    </p>
   </div>
   <div class='ocr_carea' id='block_1_6' title="bbox 441 734 3659 813">
    <p class='ocr_par' dir='ltr' id='par_1_6' title="bbox 441 734 3659 813">
     <span class='ocr_line' id='line_1_6' title="bbox 441 734 3659 813; baseline -0.002 -19"><span class='ocrx_word' id='word_1_68' title='bbox 441 759 635 796; x_wconf 90' lang='lat' dir='ltr'>versus</span> <span class='ocrx_word' id='word_1_69' title='bbox 658 742 827 813; x_wconf 91' lang='lat' dir='ltr'>pedes</span> <span class='ocrx_word' id='word_1_70' title='bbox 857 743 1154 796; x_wconf 85' lang='lat' dir='ltr'>extrahens</span> <span class='ocrx_word' id='word_1_71' title='bbox 1181 756 1240 793; x_wconf 90' lang='lat' dir='ltr'>se</span> <span class='ocrx_word' id='word_1_72' title='bbox 1282 738 1570 792; x_wconf 89' lang='lat' dir='ltr'>discalciat</span> <span class='ocrx_word' id='word_1_73' title='bbox 1595 756 1605 790; x_wconf 90' lang='lat'>:</span> <span class='ocrx_word' id='word_1_74' title='bbox 1631 738 1710 792; x_wconf 92' lang='lat' dir='ltr'>ita</span> <span class='ocrx_word' id='word_1_75' title='bbox 1737 745 1947 802; x_wconf 89' lang='lat' dir='ltr'>tamen,</span> <span class='ocrx_word' id='word_1_76' title='bbox 1977 746 2041 792; x_wconf 89' lang='lat' dir='ltr'>ut</span> <span class='ocrx_word' id='word_1_77' title='bbox 2121 741 2346 806; x_wconf 81' lang='lat' dir='ltr'>licentia</span> <span class='ocrx_word' id='word_1_78' title='bbox 2374 746 2620 810; x_wconf 89' lang='lat' dir='ltr'>accepta,</span> <span class='ocrx_word' id='word_1_79' title='bbox 2665 746 2957 809; x_wconf 86' lang='lat' dir='ltr'>postquam</span> <span class='ocrx_word' id='word_1_80' title='bbox 2984 740 3070 801; x_wconf 94' lang='lat' dir='ltr'>(ut</span> <span class='ocrx_word' id='word_1_81' title='bbox 3096 736 3302 790; x_wconf 88' lang='lat' dir='ltr'>dictum</span> <span class='ocrx_word' id='word_1_82' title='bbox 3328 736 3428 801; x_wconf 87' lang='lat' dir='ltr'>est)</span> <span class='ocrx_word' id='word_1_83' title='bbox 3454 735 3506 788; x_wconf 91' lang='lat' dir='ltr'>in</span> <span class='ocrx_word' id='word_1_84' title='bbox 3532 734 3659 787; x_wconf 82' lang='lat' dir='ltr'>inﬁr-</span> 
     </span>
    </p>
   </div>
   <div class='ocr_carea' id='block_1_7' title="bbox 443 821 3658 901">
    <p class='ocr_par' dir='ltr' id='par_1_7' title="bbox 443 821 3658 901">
     <span class='ocr_line' id='line_1_7' title="bbox 443 821 3658 901; baseline -0.002 -15"><span class='ocrx_word' id='word_1_85' title='bbox 443 849 572 886; x_wconf 91' lang='lat' dir='ltr'>crus</span> <span class='ocrx_word' id='word_1_86' title='bbox 600 831 748 886; x_wconf 88' lang='lat' dir='ltr'>cruri</span> <span class='ocrx_word' id='word_1_87' title='bbox 778 848 886 885; x_wconf 93' lang='lat' dir='ltr'>non</span> <span class='ocrx_word' id='word_1_88' title='bbox 923 833 1285 901; x_wconf 91' lang='lat' dir='ltr'>superponat.</span> <span class='ocrx_word' id='word_1_89' title='bbox 1321 829 1522 881; x_wconf 84' lang='lat' dir='ltr'>Postea</span> <span class='ocrx_word' id='word_1_90' title='bbox 1549 827 1784 898; x_wconf 88' lang='lat' dir='ltr'>pedibus</span> <span class='ocrx_word' id='word_1_91' title='bbox 1809 828 2039 898; x_wconf 69' lang='lat' dir='ltr'>eequali-</span> <span class='ocrx_word' id='word_1_92' title='bbox 2125 829 2303 882; x_wconf 89' lang='lat' dir='ltr'>maria</span> <span class='ocrx_word' id='word_1_93' title='bbox 2330 827 2550 892; x_wconf 90' lang='lat' dir='ltr'>biberit,</span> <span class='ocrx_word' id='word_1_94' title='bbox 2575 827 2644 881; x_wconf 89' lang='lat' dir='ltr'>de</span> <span class='ocrx_word' id='word_1_95' title='bbox 2672 832 2872 880; x_wconf 64' lang='lat' dir='ltr'>cretero</span> <span class='ocrx_word' id='word_1_96' title='bbox 2887 841 3064 896; x_wconf 89' lang='lat' dir='ltr'>usque</span> <span class='ocrx_word' id='word_1_97' title='bbox 3085 839 3247 877; x_wconf 90' lang='lat' dir='ltr'>mane</span> <span class='ocrx_word' id='word_1_98' title='bbox 3274 822 3348 876; x_wconf 87' lang='lat' dir='ltr'>ibi</span> <span class='ocrx_word' id='word_1_99' title='bbox 3372 821 3658 878; x_wconf 86' lang='lat' dir='ltr'>remanebit.</span> 
     </span>
    </p>
   </div>
   <div class='ocr_carea' id='block_1_8' title="bbox 443 911 3662 986">
    <p class='ocr_par' dir='ltr' id='par_1_8' title="bbox 443 911 3662 986">
     <span class='ocr_line' id='line_1_8' title="bbox 443 911 3662 986; baseline -0.003 -12"><span class='ocrx_word' id='word_1_100' title='bbox 443 926 532 976; x_wconf 93' lang='lat' dir='ltr'>ter</span> <span class='ocrx_word' id='word_1_101' title='bbox 572 921 787 985; x_wconf 84' lang='lat' dir='ltr'>levatis,</span> <span class='ocrx_word' id='word_1_102' title='bbox 832 926 889 973; x_wconf 89' lang='lat' dir='ltr'>et</span> <span class='ocrx_word' id='word_1_103' title='bbox 932 920 990 973; x_wconf 91' lang='lat' dir='ltr'>in</span> <span class='ocrx_word' id='word_1_104' title='bbox 1039 919 1245 972; x_wconf 89' lang='lat' dir='ltr'>lectum</span> <span class='ocrx_word' id='word_1_105' title='bbox 1291 915 1594 981; x_wconf 81' lang='lat' dir='ltr'>collocatis,</span> <span class='ocrx_word' id='word_1_106' title='bbox 1627 917 1903 969; x_wconf 89' lang='lat' dir='ltr'>cucullam</span> <span class='ocrx_word' id='word_1_107' title='bbox 1929 933 2040 969; x_wconf 88' lang='lat' dir='ltr'>non</span> <span class='ocrx_word' id='word_1_108' title='bbox 2126 917 2183 971; x_wconf 90' lang='lat' dir='ltr'>Si</span> <span class='ocrx_word' id='word_1_109' title='bbox 2227 933 2356 971; x_wconf 81' lang='lat' dir='ltr'>vero</span> <span class='ocrx_word' id='word_1_110' title='bbox 2387 933 2564 986; x_wconf 91' lang='lat' dir='ltr'>usque</span> <span class='ocrx_word' id='word_1_111' title='bbox 2609 922 2737 986; x_wconf 91' lang='lat' dir='ltr'>post</span> <span class='ocrx_word' id='word_1_112' title='bbox 2766 921 3067 969; x_wconf 88' lang='lat' dir='ltr'>nocturnos</span> <span class='ocrx_word' id='word_1_113' title='bbox 3101 930 3161 966; x_wconf 93' lang='lat' dir='ltr'>se</span> <span class='ocrx_word' id='word_1_114' title='bbox 3193 929 3226 966; x_wconf 90' lang='lat' dir='ltr'>a</span> <span class='ocrx_word' id='word_1_115' title='bbox 3262 917 3392 983; x_wconf 90' lang='lat' dir='ltr'>potu</span> <span class='ocrx_word' id='word_1_116' title='bbox 3418 911 3662 965; x_wconf 85' lang='lat' dir='ltr'>continere</span> 
     </span>
    </p>
   </div>
   <div class='ocr_carea' id='block_1_9' title="bbox 443 999 3661 1080">
    <p class='ocr_par' dir='ltr' id='par_1_9' title="bbox 443 999 3661 1080">
     <span class='ocr_line' id='line_1_9' title="bbox 443 999 3661 1080; baseline -0.004 -18"><span class='ocrx_word' id='word_1_117' title='bbox 443 1009 600 1080; x_wconf 92' lang='lat' dir='ltr'>prius</span> <span class='ocrx_word' id='word_1_118' title='bbox 630 1009 802 1072; x_wconf 85' lang='lat' dir='ltr'>exuit,</span> <span class='ocrx_word' id='word_1_119' title='bbox 834 1025 1003 1078; x_wconf 88' lang='lat' dir='ltr'>quam</span> <span class='ocrx_word' id='word_1_120' title='bbox 1031 1005 1441 1076; x_wconf 88' lang='lat' dir='ltr'>coopertorium</span> <span class='ocrx_word' id='word_1_121' title='bbox 1463 1003 1566 1058; x_wconf 91' lang='lat' dir='ltr'>sub</span> <span class='ocrx_word' id='word_1_122' title='bbox 1591 1005 1808 1058; x_wconf 91' lang='lat' dir='ltr'>cubitos</span> <span class='ocrx_word' id='word_1_123' title='bbox 1831 1006 2037 1059; x_wconf 85' lang='lat' dir='ltr'>trahat.</span> <span class='ocrx_word' id='word_1_124' title='bbox 2125 1005 2290 1069; x_wconf 88' lang='lat' dir='ltr'>valet,</span> <span class='ocrx_word' id='word_1_125' title='bbox 2323 1010 2457 1058; x_wconf 91' lang='lat' dir='ltr'>tunc</span> <span class='ocrx_word' id='word_1_126' title='bbox 2480 1020 2605 1058; x_wconf 90' lang='lat' dir='ltr'>cum</span> <span class='ocrx_word' id='word_1_127' title='bbox 2634 1003 2876 1068; x_wconf 86' lang='lat' dir='ltr'>licentia,</span> <span class='ocrx_word' id='word_1_128' title='bbox 2901 1002 3103 1055; x_wconf 88' lang='lat' dir='ltr'>ardore</span> <span class='ocrx_word' id='word_1_129' title='bbox 3132 1001 3252 1054; x_wconf 90' lang='lat' dir='ltr'>sitis</span> <span class='ocrx_word' id='word_1_130' title='bbox 3277 999 3544 1063; x_wconf 85' lang='lat' dir='ltr'>exstincto,</span> <span class='ocrx_word' id='word_1_131' title='bbox 3564 1014 3661 1050; x_wconf 86' lang='lat' dir='ltr'>ma-</span> 
     </span>
    </p>
   </div>
   <div class='ocr_carea' id='block_1_10' title="bbox 443 1085 3665 1168">
    <p class='ocr_par' dir='ltr' id='par_1_10' title="bbox 443 1085 3665 1168">
     <span class='ocr_line' id='line_1_10' title="bbox 443 1085 3665 1168; baseline -0.004 -16"><span class='ocrx_word' id='word_1_132' title='bbox 443 1097 599 1152; x_wconf 89' lang='lat' dir='ltr'>Tunc</span> <span class='ocrx_word' id='word_1_133' title='bbox 646 1097 870 1168; x_wconf 89' lang='lat' dir='ltr'>quidem</span> <span class='ocrx_word' id='word_1_134' title='bbox 913 1112 1038 1149; x_wconf 91' lang='lat' dir='ltr'>eam</span> <span class='ocrx_word' id='word_1_135' title='bbox 1086 1099 1328 1157; x_wconf 82' lang='lat' dir='ltr'>exutam,</span> <span class='ocrx_word' id='word_1_136' title='bbox 1362 1093 1476 1146; x_wconf 88' lang='lat' dir='ltr'>sive</span> <span class='ocrx_word' id='word_1_137' title='bbox 1506 1092 1580 1145; x_wconf 87' lang='lat' dir='ltr'>sit</span> <span class='ocrx_word' id='word_1_138' title='bbox 1626 1109 1751 1146; x_wconf 88' lang='lat' dir='ltr'>cum</span> <span class='ocrx_word' id='word_1_139' title='bbox 1801 1093 2039 1163; x_wconf 85' lang='lat' dir='ltr'>pellicio,</span> <span class='ocrx_word' id='word_1_140' title='bbox 2124 1094 2368 1147; x_wconf 90' lang='lat' dir='ltr'>tutinum</span> <span class='ocrx_word' id='word_1_141' title='bbox 2398 1109 2523 1146; x_wconf 91' lang='lat' dir='ltr'>cum</span> <span class='ocrx_word' id='word_1_142' title='bbox 2553 1093 2658 1158; x_wconf 87' lang='lat' dir='ltr'>his,</span> <span class='ocrx_word' id='word_1_143' title='bbox 2685 1093 2780 1162; x_wconf 88' lang='lat' dir='ltr'>qui</span> <span class='ocrx_word' id='word_1_144' title='bbox 2811 1093 2866 1146; x_wconf 90' lang='lat' dir='ltr'>in</span> <span class='ocrx_word' id='word_1_145' title='bbox 2897 1108 2964 1144; x_wconf 90' lang='lat' dir='ltr'>ea</span> <span class='ocrx_word' id='word_1_146' title='bbox 2991 1092 3132 1144; x_wconf 91' lang='lat' dir='ltr'>hora</span> <span class='ocrx_word' id='word_1_147' title='bbox 3151 1089 3208 1143; x_wconf 91' lang='lat' dir='ltr'>in</span> <span class='ocrx_word' id='word_1_148' title='bbox 3234 1089 3372 1142; x_wconf 87' lang='lat' dir='ltr'>lecto</span> <span class='ocrx_word' id='word_1_149' title='bbox 3395 1085 3665 1157; x_wconf 88' lang='lat' dir='ltr'>jacentibus</span> 
     </span>
    </p>
   </div>
   <div class='ocr_carea' id='block_1_11' title="bbox 445 1176 3667 1255">
    <p class='ocr_par' dir='ltr' id='par_1_11' title="bbox 445 1176 3667 1255">
     <span class='ocr_line' id='line_1_11' title="bbox 445 1176 3667 1255; baseline -0.004 -15"><span class='ocrx_word' id='word_1_150' title='bbox 445 1186 560 1240; x_wconf 89' lang='lat' dir='ltr'>sive</span> <span class='ocrx_word' id='word_1_151' title='bbox 589 1202 720 1252; x_wconf 90' lang='lat' dir='ltr'>non,</span> <span class='ocrx_word' id='word_1_152' title='bbox 752 1184 1066 1255; x_wconf 88' lang='lat' dir='ltr'>complicat,</span> <span class='ocrx_word' id='word_1_153' title='bbox 1101 1188 1158 1235; x_wconf 90' lang='lat' dir='ltr'>et</span> <span class='ocrx_word' id='word_1_154' title='bbox 1194 1182 1261 1235; x_wconf 92' lang='lat' dir='ltr'>ad</span> <span class='ocrx_word' id='word_1_155' title='bbox 1310 1187 1479 1250; x_wconf 88' lang='lat' dir='ltr'>caput</span> <span class='ocrx_word' id='word_1_156' title='bbox 1505 1181 1692 1250; x_wconf 89' lang='lat' dir='ltr'>ponit;</span> <span class='ocrx_word' id='word_1_157' title='bbox 1725 1181 1809 1234; x_wconf 82' lang='lat' dir='ltr'>vel</span> <span class='ocrx_word' id='word_1_158' title='bbox 1839 1181 1887 1233; x_wconf 91' lang='lat' dir='ltr'>si</span> <span class='ocrx_word' id='word_1_159' title='bbox 1929 1181 2042 1233; x_wconf 86' lang='lat' dir='ltr'>tale</span> <span class='ocrx_word' id='word_1_160' title='bbox 2124 1182 2360 1236; x_wconf 79' lang='lat' dir='ltr'>infirmis</span> <span class='ocrx_word' id='word_1_161' title='bbox 2392 1187 2641 1248; x_wconf 84' lang='lat' dir='ltr'>cantant,</span> <span class='ocrx_word' id='word_1_162' title='bbox 2676 1182 2761 1235; x_wconf 89' lang='lat' dir='ltr'>vel</span> <span class='ocrx_word' id='word_1_163' title='bbox 2803 1182 2848 1234; x_wconf 92' lang='lat' dir='ltr'>si</span> <span class='ocrx_word' id='word_1_164' title='bbox 2882 1181 3024 1234; x_wconf 87' lang='lat' dir='ltr'>tales</span> <span class='ocrx_word' id='word_1_165' title='bbox 3054 1196 3166 1233; x_wconf 93' lang='lat' dir='ltr'>non</span> <span class='ocrx_word' id='word_1_166' title='bbox 3195 1179 3414 1242; x_wconf 77' lang='lat' dir='ltr'>adsunt,</span> <span class='ocrx_word' id='word_1_167' title='bbox 3444 1183 3496 1230; x_wconf 90' lang='lat' dir='ltr'>et</span> <span class='ocrx_word' id='word_1_168' title='bbox 3535 1176 3576 1229; x_wconf 88' lang='lat' dir='ltr'>si</span> <span class='ocrx_word' id='word_1_169' title='bbox 3599 1181 3667 1229; x_wconf 89' lang='lat' dir='ltr'>est</span> 
     </span>
    </p>
   </div>
   <div class='ocr_carea' id='block_1_12' title="bbox 446 1265 3666 1344">
    <p class='ocr_par' dir='ltr' id='par_1_12' title="bbox 446 1265 3666 1344">
     <span class='ocr_line' id='line_1_12' title="bbox 446 1265 3666 1344; baseline -0.003 -17"><span class='ocrx_word' id='word_1_170' title='bbox 446 1274 623 1344; x_wconf 80' lang='lat' dir='ltr'>frigus</span> <span class='ocrx_word' id='word_1_171' title='bbox 669 1273 856 1336; x_wconf 86' lang='lat' dir='ltr'>habet,</span> <span class='ocrx_word' id='word_1_172' title='bbox 902 1287 1072 1341; x_wconf 89' lang='lat' dir='ltr'>super</span> <span class='ocrx_word' id='word_1_173' title='bbox 1110 1288 1168 1324; x_wconf 91' lang='lat' dir='ltr'>se</span> <span class='ocrx_word' id='word_1_174' title='bbox 1210 1269 1477 1325; x_wconf 75' lang='lat' dir='ltr'>extendit.</span> <span class='ocrx_word' id='word_1_175' title='bbox 1515 1269 1718 1339; x_wconf 88' lang='lat' dir='ltr'>capitio</span> <span class='ocrx_word' id='word_1_176' title='bbox 1751 1274 1942 1321; x_wconf 89' lang='lat' dir='ltr'>tamen</span> <span class='ocrx_word' id='word_1_177' title='bbox 1971 1267 2042 1320; x_wconf 88' lang='lat' dir='ltr'>ad</span> <span class='ocrx_word' id='word_1_178' title='bbox 2124 1273 2401 1339; x_wconf 87' lang='lat' dir='ltr'>literatus,</span> <span class='ocrx_word' id='word_1_179' title='bbox 2429 1276 2757 1341; x_wconf 89' lang='lat' dir='ltr'>percantare</span> <span class='ocrx_word' id='word_1_180' title='bbox 2787 1270 2982 1336; x_wconf 89' lang='lat' dir='ltr'>debet;</span> <span class='ocrx_word' id='word_1_181' title='bbox 3017 1270 3064 1323; x_wconf 91' lang='lat' dir='ltr'>si</span> <span class='ocrx_word' id='word_1_182' title='bbox 3094 1269 3389 1321; x_wconf 87' lang='lat' dir='ltr'>illiteratus</span> <span class='ocrx_word' id='word_1_183' title='bbox 3427 1265 3666 1320; x_wconf 86' lang='lat' dir='ltr'>neminem</span> 
     </span>
    </p>
   </div>
   <div class='ocr_carea' id='block_1_13' title="bbox 447 1355 3652 1434">
    <p class='ocr_par' dir='ltr' id='par_1_13' title="bbox 447 1355 3652 1434">
     <span class='ocr_line' id='line_1_13' title="bbox 447 1355 3652 1434; baseline -0.003 -18"><span class='ocrx_word' id='word_1_184' title='bbox 447 1369 616 1434; x_wconf 89' lang='lat' dir='ltr'>caput</span> <span class='ocrx_word' id='word_1_185' title='bbox 643 1379 817 1416; x_wconf 89' lang='lat' dir='ltr'>verso.</span> <span class='ocrx_word' id='word_1_186' title='bbox 854 1361 1102 1431; x_wconf 89' lang='lat' dir='ltr'>ldipsum</span> <span class='ocrx_word' id='word_1_187' title='bbox 1130 1359 1372 1412; x_wconf 85' lang='lat' dir='ltr'>novitius</span> <span class='ocrx_word' id='word_1_188' title='bbox 1399 1359 1581 1411; x_wconf 92' lang='lat' dir='ltr'>adhuc</span> <span class='ocrx_word' id='word_1_189' title='bbox 1610 1375 1719 1411; x_wconf 90' lang='lat' dir='ltr'>non</span> <span class='ocrx_word' id='word_1_190' title='bbox 1749 1373 2042 1410; x_wconf 88' lang='lat' dir='ltr'>consecra-</span> <span class='ocrx_word' id='word_1_191' title='bbox 2125 1367 2305 1431; x_wconf 82' lang='lat' dir='ltr'>rogat,</span> <span class='ocrx_word' id='word_1_192' title='bbox 2333 1367 2396 1415; x_wconf 94' lang='lat' dir='ltr'>ut</span> <span class='ocrx_word' id='word_1_193' title='bbox 2421 1361 2525 1414; x_wconf 89' lang='lat' dir='ltr'>hoc</span> <span class='ocrx_word' id='word_1_194' title='bbox 2553 1361 2657 1414; x_wconf 88' lang='lat' dir='ltr'>sibi</span> <span class='ocrx_word' id='word_1_195' title='bbox 2687 1365 2894 1414; x_wconf 85' lang='lat' dir='ltr'>cantet.</span> <span class='ocrx_word' id='word_1_196' title='bbox 2917 1358 3164 1423; x_wconf 86' lang='lat' dir='ltr'>Quilibet</span> <span class='ocrx_word' id='word_1_197' title='bbox 3192 1363 3379 1411; x_wconf 90' lang='lat' dir='ltr'>autem</span> <span class='ocrx_word' id='word_1_198' title='bbox 3402 1355 3489 1426; x_wconf 91' lang='lat' dir='ltr'>qui</span> <span class='ocrx_word' id='word_1_199' title='bbox 3515 1356 3652 1424; x_wconf 87' lang='lat' dir='ltr'>hujus</span> 
     </span>
    </p>
   </div>
   <div class='ocr_carea' id='block_1_14' title="bbox 450 1443 3668 1520">
    <p class='ocr_par' dir='ltr' id='par_1_14' title="bbox 450 1443 3668 1520">
     <span class='ocr_line' id='line_1_14' title="bbox 450 1443 3668 1520; baseline -0.002 -19"><span class='ocrx_word' id='word_1_200' title='bbox 450 1458 542 1506; x_wconf 85' lang='lat' dir='ltr'>tus</span> <span class='ocrx_word' id='word_1_201' title='bbox 573 1468 701 1505; x_wconf 89' lang='lat' dir='ltr'>cum</span> <span class='ocrx_word' id='word_1_202' title='bbox 731 1451 914 1504; x_wconf 85' lang='lat' dir='ltr'>frocco</span> <span class='ocrx_word' id='word_1_203' title='bbox 937 1449 1088 1502; x_wconf 86' lang='lat' dir='ltr'>facit.</span> <span class='ocrx_word' id='word_1_204' title='bbox 1116 1448 1295 1518; x_wconf 85' lang='lat' dir='ltr'>Super</span> <span class='ocrx_word' id='word_1_205' title='bbox 1321 1452 1525 1499; x_wconf 74' lang='lat' dir='ltr'>caetera</span> <span class='ocrx_word' id='word_1_206' title='bbox 1553 1446 1903 1516; x_wconf 89' lang='lat' dir='ltr'>operimenta</span> <span class='ocrx_word' id='word_1_207' title='bbox 1933 1447 2046 1516; x_wconf 89' lang='lat' dir='ltr'>pel-</span> <span class='ocrx_word' id='word_1_208' title='bbox 2127 1451 2280 1504; x_wconf 88' lang='lat' dir='ltr'>modi</span> <span class='ocrx_word' id='word_1_209' title='bbox 2324 1450 2650 1520; x_wconf 69' lang='lat' dir='ltr'>disciplinae,</span> <span class='ocrx_word' id='word_1_210' title='bbox 2693 1456 2749 1503; x_wconf 93' lang='lat' dir='ltr'>et</span> <span class='ocrx_word' id='word_1_211' title='bbox 2798 1445 3234 1502; x_wconf 73' lang='lat' dir='ltr'>conversationis</span> <span class='ocrx_word' id='word_1_212' title='bbox 3280 1448 3363 1498; x_wconf 92' lang='lat' dir='ltr'>vir</span> <span class='ocrx_word' id='word_1_213' title='bbox 3409 1461 3518 1498; x_wconf 92' lang='lat' dir='ltr'>esse</span> <span class='ocrx_word' id='word_1_214' title='bbox 3559 1443 3668 1506; x_wconf 80' lang='lat' dir='ltr'>vult,</span> 
     </span>
    </p>
   </div>
   <div class='ocr_carea' id='block_1_15' title="bbox 450 1532 3671 1611">
    <p class='ocr_par' dir='ltr' id='par_1_15' title="bbox 450 1532 3671 1611">
     <span class='ocr_line' id='line_1_15' title="bbox 450 1532 3671 1611; baseline -0.003 -17"><span class='ocrx_word' id='word_1_215' title='bbox 450 1540 640 1594; x_wconf 89' lang='lat' dir='ltr'>licium</span> <span class='ocrx_word' id='word_1_216' title='bbox 680 1540 855 1611; x_wconf 89' lang='lat' dir='ltr'>ponit,</span> <span class='ocrx_word' id='word_1_217' title='bbox 890 1539 936 1592; x_wconf 91' lang='lat' dir='ltr'>si</span> <span class='ocrx_word' id='word_1_218' title='bbox 985 1538 1120 1601; x_wconf 87' lang='lat' dir='ltr'>vult,</span> <span class='ocrx_word' id='word_1_219' title='bbox 1171 1537 1268 1589; x_wconf 88' lang='lat' dir='ltr'>sed</span> <span class='ocrx_word' id='word_1_220' title='bbox 1313 1552 1423 1588; x_wconf 91' lang='lat' dir='ltr'>non</span> <span class='ocrx_word' id='word_1_221' title='bbox 1475 1535 1778 1588; x_wconf 88' lang='lat' dir='ltr'>inversum.</span> <span class='ocrx_word' id='word_1_222' title='bbox 1815 1535 2044 1598; x_wconf 88' lang='lat' dir='ltr'>Quoties</span> <span class='ocrx_word' id='word_1_223' title='bbox 2127 1545 2400 1609; x_wconf 88' lang='lat' dir='ltr'>quantum</span> <span class='ocrx_word' id='word_1_224' title='bbox 2425 1539 2482 1591; x_wconf 90' lang='lat' dir='ltr'>in</span> <span class='ocrx_word' id='word_1_225' title='bbox 2509 1556 2570 1591; x_wconf 90' lang='lat' dir='ltr'>se</span> <span class='ocrx_word' id='word_1_226' title='bbox 2599 1543 2686 1592; x_wconf 91' lang='lat' dir='ltr'>est</span> <span class='ocrx_word' id='word_1_227' title='bbox 2711 1553 3067 1607; x_wconf 88' lang='lat' dir='ltr'>summopere</span> <span class='ocrx_word' id='word_1_228' title='bbox 3094 1550 3406 1607; x_wconf 75' lang='lat' dir='ltr'>przecavere</span> <span class='ocrx_word' id='word_1_229' title='bbox 3433 1532 3595 1597; x_wconf 89' lang='lat' dir='ltr'>debet,</span> <span class='ocrx_word' id='word_1_230' title='bbox 3617 1549 3671 1585; x_wconf 89' lang='lat' dir='ltr'>ne</span> 
     </span>
    </p>
   </div>
   <div class='ocr_carea' id='block_1_16' title="bbox 451 1620 3673 1719">
    <p class='ocr_par' dir='ltr' id='par_1_16' title="bbox 451 1620 3673 1719">
     <span class='ocr_line' id='line_1_16' title="bbox 451 1620 3673 1719; baseline -0.003 -37"><span class='ocrx_word' id='word_1_231' title='bbox 451 1630 588 1694; x_wconf 90' lang='lat' dir='ltr'>vult,</span> <span class='ocrx_word' id='word_1_232' title='bbox 627 1629 761 1682; x_wconf 90' lang='lat' dir='ltr'>dum</span> <span class='ocrx_word' id='word_1_233' title='bbox 791 1635 978 1681; x_wconf 81' lang='lat' dir='ltr'>tamen</span> <span class='ocrx_word' id='word_1_234' title='bbox 1011 1625 1298 1679; x_wconf 74' lang='lat' dir='ltr'>moderate</span> <span class='ocrx_word' id='word_1_235' title='bbox 1329 1624 1420 1688; x_wconf 68' lang='lat' dir='ltr'>sit,</span> <span class='ocrx_word' id='word_1_236' title='bbox 1446 1630 1650 1678; x_wconf 75' lang='lat' dir='ltr'>sanctae</span> <span class='ocrx_word' id='word_1_237' title='bbox 1680 1625 1859 1678; x_wconf 78' lang='lat' dir='ltr'>crucis</span> <span class='ocrx_word' id='word_1_238' title='bbox 1885 1624 2045 1692; x_wconf 78' lang='lat' dir='ltr'>signo</span> <span class='ocrx_word' id='word_1_239' title='bbox 2062 1660 2110 1719; x_wconf 80' lang='grc' dir='ltr'>Β</span> <span class='ocrx_word' id='word_1_240' title='bbox 2127 1629 2256 1681; x_wconf 89' lang='lat' dir='ltr'>talis</span> <span class='ocrx_word' id='word_1_241' title='bbox 2277 1627 2579 1681; x_wconf 86' lang='lat' dir='ltr'>necessitas</span> <span class='ocrx_word' id='word_1_242' title='bbox 2599 1627 2756 1680; x_wconf 89' lang='lat' dir='ltr'>illum</span> <span class='ocrx_word' id='word_1_243' title='bbox 2779 1625 3082 1696; x_wconf 86' lang='lat' dir='ltr'>aliquando</span> <span class='ocrx_word' id='word_1_244' title='bbox 3111 1629 3435 1695; x_wconf 65' lang='lat' dir='ltr'>praegravet.</span> <span class='ocrx_word' id='word_1_245' title='bbox 3466 1638 3546 1676; x_wconf 78' lang='lat' dir='ltr'>vn.</span> <span class='ocrx_word' id='word_1_246' title='bbox 3573 1620 3673 1673; x_wconf 70' lang='lat' dir='ltr'>Haec</span> 
     </span>
    </p>
   </div>
   <div class='ocr_carea' id='block_1_17' title="bbox 452 1710 3673 1787">
    <p class='ocr_par' dir='ltr' id='par_1_17' title="bbox 452 1710 3673 1787">
     <span class='ocr_line' id='line_1_17' title="bbox 452 1710 3673 1787; baseline -0.002 -15"><span class='ocrx_word' id='word_1_247' title='bbox 452 1735 512 1772; x_wconf 90' lang='lat' dir='ltr'>se</span> <span class='ocrx_word' id='word_1_248' title='bbox 557 1717 761 1782; x_wconf 89' lang='lat' dir='ltr'>munit,</span> <span class='ocrx_word' id='word_1_249' title='bbox 814 1717 1073 1785; x_wconf 80' lang='lat' dir='ltr'>idemque</span> <span class='ocrx_word' id='word_1_250' title='bbox 1123 1719 1307 1785; x_wconf 89' lang='lat' dir='ltr'>potest</span> <span class='ocrx_word' id='word_1_251' title='bbox 1347 1714 1528 1767; x_wconf 82' lang='lat' dir='ltr'>facere</span> <span class='ocrx_word' id='word_1_252' title='bbox 1579 1713 1802 1784; x_wconf 87' lang='lat' dir='ltr'>quando</span> <span class='ocrx_word' id='word_1_253' title='bbox 1840 1710 2106 1782; x_wconf 61' lang='lat' dir='ltr'>surgit.&quot;</span> <span class='ocrx_word' id='word_1_254' title='bbox 2130 1734 2324 1787; x_wconf 83' lang='lat' dir='ltr'>pauca,</span> <span class='ocrx_word' id='word_1_255' title='bbox 2371 1723 2436 1770; x_wconf 90' lang='lat' dir='ltr'>ut</span> <span class='ocrx_word' id='word_1_256' title='bbox 2476 1716 2760 1770; x_wconf 65' lang='lat' dir='ltr'>memoriae</span> <span class='ocrx_word' id='word_1_257' title='bbox 2802 1720 3186 1780; x_wconf 90' lang='lat' dir='ltr'>occurrerunt,</span> <span class='ocrx_word' id='word_1_258' title='bbox 3221 1713 3290 1766; x_wconf 90' lang='lat' dir='ltr'>de</span> <span class='ocrx_word' id='word_1_259' title='bbox 3337 1710 3517 1764; x_wconf 84' lang='lat' dir='ltr'>multis</span> <span class='ocrx_word' id='word_1_260' title='bbox 3556 1710 3673 1762; x_wconf 73' lang='lat' dir='ltr'>dicta</span> 
     </span>
    </p>
   </div>
   <div class='ocr_carea' id='block_1_18' title="bbox 451 1798 3676 1876">
    <p class='ocr_par' dir='ltr' id='par_1_18' title="bbox 451 1798 3676 1876">
     <span class='ocr_line' id='line_1_18' title="bbox 451 1798 3676 1876; baseline -0.003 -15"><span class='ocrx_word' id='word_1_261' title='bbox 451 1808 738 1872; x_wconf 86' lang='lat' dir='ltr'>Quantum</span> <span class='ocrx_word' id='word_1_262' title='bbox 764 1805 900 1859; x_wconf 92' lang='lat' dir='ltr'>libet</span> <span class='ocrx_word' id='word_1_263' title='bbox 918 1802 1223 1874; x_wconf 86' lang='lat' dir='ltr'>aliquando</span> <span class='ocrx_word' id='word_1_264' title='bbox 1243 1803 1482 1855; x_wconf 90' lang='lat' dir='ltr'>calorem</span> <span class='ocrx_word' id='word_1_265' title='bbox 1509 1801 1735 1862; x_wconf 83' lang='lat' dir='ltr'>sentiat,</span> <span class='ocrx_word' id='word_1_266' title='bbox 1758 1818 2044 1872; x_wconf 88' lang='lat' dir='ltr'>nunquam</span> <span class='ocrx_word' id='word_1_267' title='bbox 2129 1813 2280 1870; x_wconf 70' lang='lat' dir='ltr'>sunt,</span> <span class='ocrx_word' id='word_1_268' title='bbox 2313 1805 2516 1876; x_wconf 81' lang='lat' dir='ltr'>quibus</span> <span class='ocrx_word' id='word_1_269' title='bbox 2561 1805 2773 1870; x_wconf 80' lang='lat' dir='ltr'>novitii,</span> <span class='ocrx_word' id='word_1_270' title='bbox 2805 1805 2852 1858; x_wconf 88' lang='lat' dir='ltr'>si</span> <span class='ocrx_word' id='word_1_271' title='bbox 2890 1803 3009 1857; x_wconf 76' lang='lat' dir='ltr'>ﬁeri</span> <span class='ocrx_word' id='word_1_272' title='bbox 3038 1807 3244 1874; x_wconf 81' lang='lat' dir='ltr'>potest,</span> <span class='ocrx_word' id='word_1_273' title='bbox 3283 1801 3434 1873; x_wconf 87' lang='lat' dir='ltr'>prius</span> <span class='ocrx_word' id='word_1_274' title='bbox 3461 1804 3579 1853; x_wconf 89' lang='lat' dir='ltr'>sunt</span> <span class='ocrx_word' id='word_1_275' title='bbox 3607 1798 3676 1851; x_wconf 89' lang='lat' dir='ltr'>in-</span> 
     </span>
    </p>
   </div>
   <div class='ocr_carea' id='block_1_19' title="bbox 452 1889 3401 1966">
    <p class='ocr_par' dir='ltr' id='par_1_19' title="bbox 452 1889 3401 1966">
     <span class='ocr_line' id='line_1_19' title="bbox 452 1889 3401 1966; baseline -0.003 -16"><span class='ocrx_word' id='word_1_276' title='bbox 452 1901 642 1950; x_wconf 89' lang='lat' dir='ltr'>tamen</span> <span class='ocrx_word' id='word_1_277' title='bbox 669 1895 794 1966; x_wconf 92' lang='lat' dir='ltr'>plus</span> <span class='ocrx_word' id='word_1_278' title='bbox 819 1893 1068 1964; x_wconf 87' lang='lat' dir='ltr'>corporis</span> <span class='ocrx_word' id='word_1_279' title='bbox 1094 1892 1182 1945; x_wconf 91' lang='lat' dir='ltr'>sui</span> <span class='ocrx_word' id='word_1_280' title='bbox 1209 1891 1441 1960; x_wconf 83' lang='lat' dir='ltr'>detegit,</span> <span class='ocrx_word' id='word_1_281' title='bbox 1463 1907 1629 1960; x_wconf 89' lang='lat' dir='ltr'>quam</span> <span class='ocrx_word' id='word_1_282' title='bbox 1652 1891 1821 1961; x_wconf 90' lang='lat' dir='ltr'>pedes</span> <span class='ocrx_word' id='word_1_283' title='bbox 1844 1895 1901 1944; x_wconf 92' lang='lat' dir='ltr'>et</span> <span class='ocrx_word' id='word_1_284' title='bbox 1925 1889 2048 1944; x_wconf 90' lang='lat' dir='ltr'>bra-</span> <span class='ocrx_word' id='word_1_285' title='bbox 2129 1896 2383 1950; x_wconf 74' lang='lat' dir='ltr'>struendi</span> <span class='ocrx_word' id='word_1_286' title='bbox 2415 1912 2584 1966; x_wconf 76' lang='lat' dir='ltr'>quam</span> <span class='ocrx_word' id='word_1_287' title='bbox 2613 1894 2847 1964; x_wconf 77' lang='lat' dir='ltr'>collegio</span> <span class='ocrx_word' id='word_1_288' title='bbox 2876 1899 3068 1947; x_wconf 89' lang='lat' dir='ltr'>nostro</span> <span class='ocrx_word' id='word_1_289' title='bbox 3098 1892 3401 1947; x_wconf 84' lang='lat' dir='ltr'>socientur.</span> 
     </span>
    </p>
   </div>
   <div class='ocr_carea' id='block_1_20' title="bbox 451 1980 3174 2054">
    <p class='ocr_par' dir='ltr' id='par_1_20' title="bbox 451 1980 3174 2054">
     <span class='ocr_line' id='line_1_20' title="bbox 451 1980 3174 2054; baseline -0.003 -16"><span class='ocrx_word' id='word_1_290' title='bbox 451 1985 579 2039; x_wconf 88' lang='lat' dir='ltr'>chia</span> <span class='ocrx_word' id='word_1_291' title='bbox 611 1990 667 2038; x_wconf 90' lang='lat' dir='ltr'>et</span> <span class='ocrx_word' id='word_1_292' title='bbox 694 1989 907 2054; x_wconf 88' lang='lat' dir='ltr'>pectus.</span> <span class='ocrx_word' id='word_1_293' title='bbox 950 1981 1008 2036; x_wconf 87' lang='lat' dir='ltr'>Si</span> <span class='ocrx_word' id='word_1_294' title='bbox 1054 1996 1278 2034; x_wconf 89' lang='lat' dir='ltr'>necesse</span> <span class='ocrx_word' id='word_1_295' title='bbox 1326 1985 1411 2033; x_wconf 88' lang='lat' dir='ltr'>est</span> <span class='ocrx_word' id='word_1_296' title='bbox 1449 1983 1702 2048; x_wconf 90' lang='lat' dir='ltr'>tempore</span> <span class='ocrx_word' id='word_1_297' title='bbox 1733 1985 2048 2049; x_wconf 75' lang='lat' dir='ltr'>opportuno</span> <span class='ocrx_word' id='word_1_298' title='bbox 2685 1983 2917 2037; x_wconf 79' lang='lat' dir='ltr'>CAPUT</span> <span class='ocrx_word' id='word_1_299' title='bbox 2957 1980 3174 2037; x_wconf 82' lang='lat' dir='ltr'>LXXII.</span> 
     </span>
    </p>
   </div>
   <div class='ocr_carea' id='block_1_21' title="bbox 450 2065 3587 2141">
    <p class='ocr_par' dir='ltr' id='par_1_21' title="bbox 450 2065 3587 2141">
     <span class='ocr_line' id='line_1_21' title="bbox 450 2065 3587 2141; baseline -0.004 -10"><span class='ocrx_word' id='word_1_300' title='bbox 450 2072 702 2127; x_wconf 79' lang='lat' dir='ltr'>tabulam</span> <span class='ocrx_word' id='word_1_301' title='bbox 739 2071 1076 2123; x_wconf 74' lang='lat' dir='ltr'>mediocrem</span> <span class='ocrx_word' id='word_1_302' title='bbox 1105 2068 1176 2121; x_wconf 77' lang='lat' dir='ltr'>ad</span> <span class='ocrx_word' id='word_1_303' title='bbox 1207 2073 1392 2138; x_wconf 68' lang='lat' dir='ltr'>caput,</span> <span class='ocrx_word' id='word_1_304' title='bbox 1429 2066 1484 2120; x_wconf 78' lang='lat' dir='ltr'>in</span> <span class='ocrx_word' id='word_1_305' title='bbox 1516 2065 1712 2119; x_wconf 60' lang='lat' dir='ltr'>faCiﬁm</span> <span class='ocrx_word' id='word_1_306' title='bbox 1751 2066 1878 2120; x_wconf 72' lang='lat' dir='ltr'>lecti</span> <span class='ocrx_word' id='word_1_307' title='bbox 1919 2066 2048 2120; x_wconf 81' lang='lat' dir='ltr'>inﬁ-</span> <span class='ocrx_word' id='word_1_308' title='bbox 2249 2078 2366 2141; x_wconf 73' lang='lat' dir='ltr'>Qua</span> <span class='ocrx_word' id='word_1_309' title='bbox 2398 2076 2504 2140; x_wconf 74' lang='lat' dir='ltr'>lege.</span> <span class='ocrx_word' id='word_1_310' title='bbox 2535 2075 2734 2127; x_wconf 86' lang='lat' dir='ltr'>novitii</span> <span class='ocrx_word' id='word_1_311' title='bbox 2760 2077 2886 2126; x_wconf 83' lang='lat' dir='ltr'>ante</span> <span class='ocrx_word' id='word_1_312' title='bbox 2924 2073 3389 2125; x_wconf 76' lang='lat' dir='ltr'>consecrationem</span> <span class='ocrx_word' id='word_1_313' title='bbox 3417 2082 3587 2122; x_wconf 82' lang='lat' dir='ltr'>eorum</span> 
     </span>
    </p>
   </div>
   <div class='ocr_carea' id='block_1_22' title="bbox 451 2155 3059 2230">
    <p class='ocr_par' dir='ltr' id='par_1_22' title="bbox 451 2155 3059 2230">
     <span class='ocr_line' id='line_1_22' title="bbox 451 2155 3059 2230; baseline -0.004 -15"><span class='ocrx_word' id='word_1_314' title='bbox 451 2178 585 2230; x_wconf 87' lang='lat' dir='ltr'>gere</span> <span class='ocrx_word' id='word_1_315' title='bbox 615 2164 817 2230; x_wconf 91' lang='lat' dir='ltr'>potest,</span> <span class='ocrx_word' id='word_1_316' title='bbox 850 2158 965 2211; x_wconf 88' lang='lat' dir='ltr'>sive</span> <span class='ocrx_word' id='word_1_317' title='bbox 992 2157 1063 2210; x_wconf 90' lang='lat' dir='ltr'>ad</span> <span class='ocrx_word' id='word_1_318' title='bbox 1087 2156 1514 2210; x_wconf 88' lang='lat' dir='ltr'>sustentandum</span> <span class='ocrx_word' id='word_1_319' title='bbox 1544 2157 1802 2227; x_wconf 84' lang='lat' dir='ltr'>capitale,</span> <span class='ocrx_word' id='word_1_320' title='bbox 1836 2156 1950 2209; x_wconf 92' lang='lat' dir='ltr'>sive</span> <span class='ocrx_word' id='word_1_321' title='bbox 1978 2155 2048 2209; x_wconf 90' lang='lat' dir='ltr'>ad</span> <span class='ocrx_word' id='word_1_322' title='bbox 2809 2161 3059 2214; x_wconf 72' lang='lat' dir='ltr'>habeant,</span> 
     </span>
    </p>
   </div>
   <div class='ocr_carea' id='block_1_23' title="bbox 453 2244 3680 2316">
    <p class='ocr_par' dir='ltr' id='par_1_23' title="bbox 453 2244 3680 2316">
     <span class='ocr_line' id='line_1_23' title="bbox 453 2244 3680 2316; baseline -0.003 -11"><span class='ocrx_word' id='word_1_323' title='bbox 453 2249 757 2305; x_wconf 89' lang='lat' dir='ltr'>arcendum</span> <span class='ocrx_word' id='word_1_324' title='bbox 781 2249 972 2304; x_wconf 89' lang='lat' dir='ltr'>lumen</span> <span class='ocrx_word' id='word_1_325' title='bbox 989 2247 1245 2300; x_wconf 81' lang='lat' dir='ltr'>lucernae.</span> <span class='ocrx_word' id='word_1_326' title='bbox 1263 2246 1400 2300; x_wconf 90' lang='lat' dir='ltr'>Item</span> <span class='ocrx_word' id='word_1_327' title='bbox 1417 2244 1826 2298; x_wconf 90' lang='lat' dir='ltr'>tabulaminter</span> <span class='ocrx_word' id='word_1_328' title='bbox 1843 2245 2045 2298; x_wconf 86' lang='lat' dir='ltr'>lectum</span> <span class='ocrx_word' id='word_1_329' title='bbox 2202 2254 2227 2277; x_wconf 83' lang='lat'>*</span> <span class='ocrx_word' id='word_1_330' title='bbox 2257 2251 2493 2316; x_wconf 77' lang='lat' dir='ltr'>Quando</span> <span class='ocrx_word' id='word_1_331' title='bbox 2522 2251 2726 2304; x_wconf 84' lang='lat' dir='ltr'>domno</span> <span class='ocrx_word' id='word_1_332' title='bbox 2757 2249 2947 2304; x_wconf 79' lang='lat' dir='ltr'>abbati</span> <span class='ocrx_word' id='word_1_333' title='bbox 2969 2249 3208 2303; x_wconf 81' lang='lat' dir='ltr'>novitios</span> <span class='ocrx_word' id='word_1_334' title='bbox 3235 2248 3308 2301; x_wconf 85' lang='lat' dir='ltr'>ad</span> <span class='ocrx_word' id='word_1_335' title='bbox 3339 2245 3680 2301; x_wconf 84' lang='lat' dir='ltr'>monachicum</span> 
     </span>
    </p>
   </div>
   <div class='ocr_carea' id='block_1_24' title="bbox 454 2334 3682 2412">
    <p class='ocr_par' dir='ltr' id='par_1_24' title="bbox 454 2334 3682 2412">
     <span class='ocr_line' id='line_1_24' title="bbox 454 2334 3682 2412; baseline -0.005 -20"><span class='ocrx_word' id='word_1_336' title='bbox 454 2344 510 2392; x_wconf 93' lang='lat' dir='ltr'>et</span> <span class='ocrx_word' id='word_1_337' title='bbox 539 2337 814 2408; x_wconf 89' lang='lat' dir='ltr'>parietem</span> <span class='ocrx_word' id='word_1_338' title='bbox 856 2352 968 2389; x_wconf 91' lang='lat' dir='ltr'>non</span> <span class='ocrx_word' id='word_1_339' title='bbox 1011 2334 1340 2405; x_wconf 88' lang='lat' dir='ltr'>prohibetur</span> <span class='ocrx_word' id='word_1_340' title='bbox 1384 2349 1628 2402; x_wconf 81' lang='lat' dir='ltr'>congrue</span> <span class='ocrx_word' id='word_1_341' title='bbox 1657 2335 1946 2404; x_wconf 88' lang='lat' dir='ltr'>adaptare,</span> <span class='ocrx_word' id='word_1_342' title='bbox 1977 2334 2048 2388; x_wconf 90' lang='lat' dir='ltr'>ad</span> <span class='ocrx_word' id='word_1_343' title='bbox 2130 2342 2385 2396; x_wconf 75' lang='lat' dir='ltr'>ordinem</span> <span class='ocrx_word' id='word_1_344' title='bbox 2436 2356 2762 2412; x_wconf 75' lang='lat' dir='ltr'>promovere</span> <span class='ocrx_word' id='word_1_345' title='bbox 2809 2338 3101 2410; x_wconf 60' lang='lat' dir='ltr'>placuerit,</span> <span class='ocrx_word' id='word_1_346' title='bbox 3153 2337 3314 2408; x_wconf 70' lang='lat' dir='ltr'>prius</span> <span class='ocrx_word' id='word_1_347' title='bbox 3371 2354 3404 2390; x_wconf 70' lang='grc' dir='ltr'>ει</span> <span class='ocrx_word' id='word_1_348' title='bbox 3456 2335 3682 2404; x_wconf 60' lang='lat' dir='ltr'>magistro</span> 
     </span>
    </p>
   </div>
   <div class='ocr_carea' id='block_1_25' title="bbox 454 2422 3678 2498">
    <p class='ocr_par' dir='ltr' id='par_1_25' title="bbox 454 2422 3678 2498">
     <span class='ocr_line' id='line_1_25' title="bbox 454 2422 3678 2498; baseline -0.007 -2"><span class='ocrx_word' id='word_1_349' title='bbox 454 2426 942 2498; x_wconf 75' lang='lat' dir='ltr'>superponendum</span> <span class='ocrx_word' id='word_1_350' title='bbox 969 2425 1020 2477; x_wconf 79' lang='grc' dir='ltr'>θί</span> <span class='ocrx_word' id='word_1_351' title='bbox 1045 2424 1254 2496; x_wconf 69' lang='grc' dir='ltr'>ίῐζοοεοδ</span> <span class='ocrx_word' id='word_1_352' title='bbox 1283 2425 1367 2476; x_wconf 70' lang='lat'>&quot;(‘1</span> <span class='ocrx_word' id='word_1_353' title='bbox 1393 2423 1525 2493; x_wconf 74' lang='grc' dir='ltr'>(Ιυίά</span> <span class='ocrx_word' id='word_1_354' title='bbox 1551 2424 1680 2478; x_wconf 67' lang='lat' dir='ltr'>tale.</span> <span class='ocrx_word' id='word_1_355' title='bbox 1704 2424 2048 2493; x_wconf 72' lang='lat' dir='ltr'>Quocumque</span> <span class='ocrx_word' id='word_1_356' title='bbox 2131 2445 2325 2483; x_wconf 91' lang='lat' dir='ltr'>eorum</span> <span class='ocrx_word' id='word_1_357' title='bbox 2350 2427 2691 2490; x_wconf 86' lang='lat' dir='ltr'>admonitus,</span> <span class='ocrx_word' id='word_1_358' title='bbox 2709 2426 2844 2480; x_wconf 87' lang='lat' dir='ltr'>facit</span> <span class='ocrx_word' id='word_1_359' title='bbox 2862 2425 2990 2478; x_wconf 89' lang='lat' dir='ltr'>inde</span> <span class='ocrx_word' id='word_1_360' title='bbox 3007 2426 3353 2479; x_wconf 88' lang='lat' dir='ltr'>mentionem</span> <span class='ocrx_word' id='word_1_361' title='bbox 3375 2425 3430 2478; x_wconf 91' lang='lat' dir='ltr'>in</span> <span class='ocrx_word' id='word_1_362' title='bbox 3449 2422 3678 2494; x_wconf 87' lang='lat' dir='ltr'>capitulo:</span> 
     </span>
    </p>
   </div>
   <div class='ocr_carea' id='block_1_26' title="bbox 454 2510 3685 2582">
    <p class='ocr_par' dir='ltr' id='par_1_26' title="bbox 454 2510 3685 2582">
     <span class='ocr_line' id='line_1_26' title="bbox 454 2510 3685 2582; baseline -0.003 -9"><span class='ocrx_word' id='word_1_363' title='bbox 454 2515 620 2569; x_wconf 89' lang='lat' dir='ltr'>modo</span> <span class='ocrx_word' id='word_1_364' title='bbox 656 2513 988 2568; x_wconf 78' lang='lat' dir='ltr'>recumbens</span> <span class='ocrx_word' id='word_1_365' title='bbox 1011 2514 1216 2582; x_wconf 71' lang='lat' dir='ltr'>jaceat,</span> <span class='ocrx_word' id='word_1_366' title='bbox 1244 2511 1498 2564; x_wconf 72' lang='lat' dir='ltr'>Videlicet</span> <span class='ocrx_word' id='word_1_367' title='bbox 1529 2512 1609 2566; x_wconf 76' lang='lat' dir='ltr'>Vel</span> <span class='ocrx_word' id='word_1_368' title='bbox 1639 2528 1934 2581; x_wconf 74' lang='lat' dir='ltr'>supernus.</span> <span class='ocrx_word' id='word_1_369' title='bbox 1966 2513 2048 2566; x_wconf 76' lang='lat' dir='ltr'>vel</span> <span class='ocrx_word' id='word_1_370' title='bbox 2133 2524 2190 2572; x_wconf 94' lang='lat' dir='ltr'>et</span> <span class='ocrx_word' id='word_1_371' title='bbox 2215 2518 2262 2572; x_wconf 92' lang='lat' dir='ltr'>si</span> <span class='ocrx_word' id='word_1_372' title='bbox 2292 2519 2349 2571; x_wconf 91' lang='lat' dir='ltr'>in</span> <span class='ocrx_word' id='word_1_373' title='bbox 2377 2517 2571 2570; x_wconf 89' lang='lat' dir='ltr'>eodem</span> <span class='ocrx_word' id='word_1_374' title='bbox 2598 2516 2688 2568; x_wconf 91' lang='lat' dir='ltr'>die</span> <span class='ocrx_word' id='word_1_375' title='bbox 2720 2515 3164 2568; x_wconf 85' lang='lat' dir='ltr'>benedictionem</span> <span class='ocrx_word' id='word_1_376' title='bbox 3207 2514 3410 2567; x_wconf 86' lang='lat' dir='ltr'>fratres</span> <span class='ocrx_word' id='word_1_377' title='bbox 3445 2510 3685 2581; x_wconf 87' lang='lat' dir='ltr'>accepturi</span> 
     </span>
    </p>
   </div>
   <div class='ocr_carea' id='block_1_27' title="bbox 455 2599 3684 2674">
    <p class='ocr_par' dir='ltr' id='par_1_27' title="bbox 455 2599 3684 2674">
     <span class='ocr_line' id='line_1_27' title="bbox 455 2599 3684 2674; baseline -0.001 -16"><span class='ocrx_word' id='word_1_378' title='bbox 455 2603 756 2668; x_wconf 89' lang='lat' dir='ltr'>lateratim,</span> <span class='ocrx_word' id='word_1_379' title='bbox 798 2603 912 2656; x_wconf 90' lang='lat' dir='ltr'>sive</span> <span class='ocrx_word' id='word_1_380' title='bbox 937 2601 1238 2655; x_wconf 89' lang='lat' dir='ltr'>contractis</span> <span class='ocrx_word' id='word_1_381' title='bbox 1265 2600 1521 2670; x_wconf 86' lang='lat' dir='ltr'>genibus,</span> <span class='ocrx_word' id='word_1_382' title='bbox 1553 2617 1718 2654; x_wconf 91' lang='lat' dir='ltr'>nemo</span> <span class='ocrx_word' id='word_1_383' title='bbox 1746 2601 2044 2671; x_wconf 88' lang='lat' dir='ltr'>vituperat.</span> <span class='ocrx_word' id='word_1_384' title='bbox 2131 2613 2279 2671; x_wconf 75' lang='lat' dir='ltr'>sunt,</span> <span class='ocrx_word' id='word_1_385' title='bbox 2313 2612 2448 2660; x_wconf 90' lang='lat' dir='ltr'>tunc</span> <span class='ocrx_word' id='word_1_386' title='bbox 2479 2605 2746 2674; x_wconf 85' lang='lat' dir='ltr'>magister</span> <span class='ocrx_word' id='word_1_387' title='bbox 2769 2606 2960 2674; x_wconf 89' lang='lat' dir='ltr'>jussus</span> <span class='ocrx_word' id='word_1_388' title='bbox 2989 2621 3084 2658; x_wconf 81' lang='lat' dir='ltr'>eos</span> <span class='ocrx_word' id='word_1_389' title='bbox 3113 2603 3414 2667; x_wconf 84' lang='lat' dir='ltr'>adducere,</span> <span class='ocrx_word' id='word_1_390' title='bbox 3445 2601 3607 2654; x_wconf 81' lang='lat' dir='ltr'>aufert</span> <span class='ocrx_word' id='word_1_391' title='bbox 3629 2599 3684 2651; x_wconf 86' lang='lat' dir='ltr'>ab</span> 
     </span>
    </p>
   </div>
   <div class='ocr_carea' id='block_1_28' title="bbox 453 2687 3688 2764">
    <p class='ocr_par' dir='ltr' id='par_1_28' title="bbox 453 2687 3688 2764">
     <span class='ocr_line' id='line_1_28' title="bbox 453 2687 3688 2764; baseline -0.002 -18"><span class='ocrx_word' id='word_1_392' title='bbox 453 2693 539 2747; x_wconf 89' lang='lat' dir='ltr'>Ad</span> <span class='ocrx_word' id='word_1_393' title='bbox 570 2691 912 2746; x_wconf 90' lang='lat' dir='ltr'>necessarias</span> <span class='ocrx_word' id='word_1_394' title='bbox 941 2691 1000 2744; x_wconf 91' lang='lat' dir='ltr'>in</span> <span class='ocrx_word' id='word_1_395' title='bbox 1047 2689 1262 2744; x_wconf 85' lang='lat' dir='ltr'>cuculla</span> <span class='ocrx_word' id='word_1_396' title='bbox 1303 2695 1360 2742; x_wconf 92' lang='lat' dir='ltr'>et</span> <span class='ocrx_word' id='word_1_397' title='bbox 1400 2689 1458 2742; x_wconf 85' lang='lat' dir='ltr'>in</span> <span class='ocrx_word' id='word_1_398' title='bbox 1505 2690 1723 2760; x_wconf 88' lang='lat' dir='ltr'>pellicio</span> <span class='ocrx_word' id='word_1_399' title='bbox 1758 2707 2046 2760; x_wconf 90' lang='lat' dir='ltr'>nunquam</span> <span class='ocrx_word' id='word_1_400' title='bbox 2131 2695 2210 2748; x_wconf 92' lang='lat' dir='ltr'>eis</span> <span class='ocrx_word' id='word_1_401' title='bbox 2240 2694 2461 2764; x_wconf 87' lang='lat' dir='ltr'>capitia.</span> <span class='ocrx_word' id='word_1_402' title='bbox 2495 2695 2798 2762; x_wconf 87' lang='lat' dir='ltr'>Postquam</span> <span class='ocrx_word' id='word_1_403' title='bbox 2824 2687 3012 2745; x_wconf 82' lang='lat' dir='ltr'>autem</span> <span class='ocrx_word' id='word_1_404' title='bbox 3045 2691 3353 2744; x_wconf 91' lang='lat' dir='ltr'>introducti</span> <span class='ocrx_word' id='word_1_405' title='bbox 3382 2689 3581 2743; x_wconf 90' lang='lat' dir='ltr'>veniam</span> <span class='ocrx_word' id='word_1_406' title='bbox 3610 2704 3688 2758; x_wconf 85' lang='lat' dir='ltr'>pe-</span> 
     </span>
    </p>
   </div>
   <div class='ocr_carea' id='block_1_29' title="bbox 453 2775 3689 2851">
    <p class='ocr_par' dir='ltr' id='par_1_29' title="bbox 453 2775 3689 2851">
     <span class='ocr_line' id='line_1_29' title="bbox 453 2775 3689 2851; baseline -0.002 -16"><span class='ocrx_word' id='word_1_407' title='bbox 453 2782 622 2847; x_wconf 90' lang='lat' dir='ltr'>vadit,</span> <span class='ocrx_word' id='word_1_408' title='bbox 655 2780 762 2834; x_wconf 88' lang='lat' dir='ltr'>nisi</span> <span class='ocrx_word' id='word_1_409' title='bbox 791 2785 1087 2851; x_wconf 88' lang='lat' dir='ltr'>postquam</span> <span class='ocrx_word' id='word_1_410' title='bbox 1118 2784 1422 2832; x_wconf 78' lang='lat' dir='ltr'>conventus</span> <span class='ocrx_word' id='word_1_411' title='bbox 1455 2795 1515 2831; x_wconf 89' lang='lat' dir='ltr'>se</span> <span class='ocrx_word' id='word_1_412' title='bbox 1547 2778 1604 2831; x_wconf 91' lang='lat' dir='ltr'>in</span> <span class='ocrx_word' id='word_1_413' title='bbox 1633 2779 1790 2832; x_wconf 89' lang='lat' dir='ltr'>lectis</span> <span class='ocrx_word' id='word_1_414' title='bbox 1819 2780 2051 2834; x_wconf 89' lang='lat' dir='ltr'>colloca-</span> <span class='ocrx_word' id='word_1_415' title='bbox 2131 2783 2346 2848; x_wconf 88' lang='lat' dir='ltr'>tierint,</span> <span class='ocrx_word' id='word_1_416' title='bbox 2377 2781 2631 2835; x_wconf 86' lang='lat' dir='ltr'>eamdem</span> <span class='ocrx_word' id='word_1_417' title='bbox 2663 2781 2990 2851; x_wconf 89' lang='lat' dir='ltr'>petitionem</span> <span class='ocrx_word' id='word_1_418' title='bbox 3022 2784 3291 2850; x_wconf 88' lang='lat' dir='ltr'>repetunt</span> <span class='ocrx_word' id='word_1_419' title='bbox 3323 2795 3487 2849; x_wconf 88' lang='lat' dir='ltr'>quam</span> <span class='ocrx_word' id='word_1_420' title='bbox 3525 2777 3573 2830; x_wconf 92' lang='lat' dir='ltr'>in</span> <span class='ocrx_word' id='word_1_421' title='bbox 3601 2775 3689 2846; x_wconf 89' lang='lat' dir='ltr'>pri-</span> 
     </span>
    </p>
   </div>
   <div class='ocr_carea' id='block_1_30' title="bbox 453 2862 3690 2940">
    <p class='ocr_par' dir='ltr' id='par_1_30' title="bbox 453 2862 3690 2940">
     <span class='ocr_line' id='line_1_30' title="bbox 453 2862 3690 2940; baseline -0.001 -18"><span class='ocrx_word' id='word_1_422' title='bbox 453 2869 614 2934; x_wconf 89' lang='lat' dir='ltr'>verit,</span> <span class='ocrx_word' id='word_1_423' title='bbox 647 2873 702 2922; x_wconf 89' lang='lat' dir='ltr'>et</span> <span class='ocrx_word' id='word_1_424' title='bbox 730 2873 864 2922; x_wconf 86' lang='lat' dir='ltr'>tunc</span> <span class='ocrx_word' id='word_1_425' title='bbox 890 2867 1301 2938; x_wconf 88' lang='lat' dir='ltr'>coopertorium</span> <span class='ocrx_word' id='word_1_426' title='bbox 1341 2883 1508 2937; x_wconf 85' lang='lat' dir='ltr'>super</span> <span class='ocrx_word' id='word_1_427' title='bbox 1555 2867 1760 2920; x_wconf 89' lang='lat' dir='ltr'>lectum</span> <span class='ocrx_word' id='word_1_428' title='bbox 1807 2884 1917 2921; x_wconf 90' lang='lat' dir='ltr'>non</span> <span class='ocrx_word' id='word_1_429' title='bbox 1960 2885 2050 2921; x_wconf 88' lang='lat' dir='ltr'>ex-</span> <span class='ocrx_word' id='word_1_430' title='bbox 2133 2871 2350 2925; x_wconf 89' lang='lat' dir='ltr'>mordio</span> <span class='ocrx_word' id='word_1_431' title='bbox 2395 2869 2765 2940; x_wconf 76' lang='lat' dir='ltr'>susceptionis</span> <span class='ocrx_word' id='word_1_432' title='bbox 2813 2885 2926 2922; x_wconf 70' lang='lat' dir='ltr'>sua)</span> <span class='ocrx_word' id='word_1_433' title='bbox 2973 2869 3246 2921; x_wconf 88' lang='lat' dir='ltr'>fecerunt.</span> <span class='ocrx_word' id='word_1_434' title='bbox 3301 2868 3504 2921; x_wconf 90' lang='lat' dir='ltr'>Eodem</span> <span class='ocrx_word' id='word_1_435' title='bbox 3554 2862 3690 2918; x_wconf 88' lang='lat' dir='ltr'>modo</span> 
     </span>
    </p>
   </div>
   <div class='ocr_carea' id='block_1_31' title="bbox 454 2955 3790 3030">
    <p class='ocr_par' dir='ltr' id='par_1_31' title="bbox 454 2955 3790 3030">
     <span class='ocr_line' id='line_1_31' title="bbox 454 2955 3790 3030; baseline -0.002 -19"><span class='ocrx_word' id='word_1_436' title='bbox 454 2958 652 3030; x_wconf 89' lang='lat' dir='ltr'>pandit</span> <span class='ocrx_word' id='word_1_437' title='bbox 676 2975 689 3024; x_wconf 90' lang='lat'>;</span> <span class='ocrx_word' id='word_1_438' title='bbox 720 2957 778 3010; x_wconf 89' lang='lat' dir='ltr'>in</span> <span class='ocrx_word' id='word_1_439' title='bbox 805 2957 923 3010; x_wconf 90' lang='lat' dir='ltr'>sola</span> <span class='ocrx_word' id='word_1_440' title='bbox 952 2961 1141 3010; x_wconf 91' lang='lat' dir='ltr'>autem</span> <span class='ocrx_word' id='word_1_441' title='bbox 1163 2956 1378 3009; x_wconf 90' lang='lat' dir='ltr'>cuculla</span> <span class='ocrx_word' id='word_1_442' title='bbox 1403 2961 1588 3026; x_wconf 85' lang='lat' dir='ltr'>potest</span> <span class='ocrx_word' id='word_1_443' title='bbox 1614 2955 1747 3008; x_wconf 90' lang='lat' dir='ltr'>illuc</span> <span class='ocrx_word' id='word_1_444' title='bbox 1775 2956 1856 3009; x_wconf 88' lang='lat' dir='ltr'>ire</span> <span class='ocrx_word' id='word_1_445' title='bbox 1877 2973 2050 3026; x_wconf 83' lang='lat' dir='ltr'>quan-</span> <span class='ocrx_word' id='word_1_446' title='bbox 2071 3017 2108 3030; x_wconf 48' lang='grc' dir='ltr'><strong>Α</strong></span> <span class='ocrx_word' id='word_1_447' title='bbox 2132 2959 2338 3029; x_wconf 79' lang='lat' dir='ltr'>agitur,</span> <span class='ocrx_word' id='word_1_448' title='bbox 2386 2959 2430 3012; x_wconf 90' lang='lat' dir='ltr'>si</span> <span class='ocrx_word' id='word_1_449' title='bbox 2476 2957 2801 3028; x_wconf 87' lang='lat' dir='ltr'>aliquandiu</span> <span class='ocrx_word' id='word_1_450' title='bbox 2845 2957 3047 3010; x_wconf 89' lang='lat' dir='ltr'>ablatis</span> <span class='ocrx_word' id='word_1_451' title='bbox 3092 2956 3318 3027; x_wconf 87' lang='lat' dir='ltr'>capitiis</span> <span class='ocrx_word' id='word_1_452' title='bbox 3365 2956 3420 3008; x_wconf 92' lang='lat' dir='ltr'>in</span> <span class='ocrx_word' id='word_1_453' title='bbox 3458 2955 3585 3008; x_wconf 86' lang='lat' dir='ltr'>cella</span> <span class='ocrx_word' id='word_1_454' title='bbox 3609 2969 3692 3006; x_wconf 84' lang='lat' dir='ltr'>sua</span> <span class='ocrx_word' id='word_1_455' title='bbox 3781 2984 3790 2994; x_wconf 84' lang='lat'><strong>-</strong></span> 
     </span>
    </p>
   </div>
   <div class='ocr_carea' id='block_1_32' title="bbox 455 3017 3692 3116">
    <p class='ocr_par' dir='ltr' id='par_1_32' title="bbox 455 3017 3692 3116">
     <span class='ocr_line' id='line_1_32' title="bbox 455 3017 3692 3116; baseline -0.002 -16"><span class='ocrx_word' id='word_1_456' title='bbox 455 3047 749 3116; x_wconf 92' lang='lat' dir='ltr'>docunque</span> <span class='ocrx_word' id='word_1_457' title='bbox 787 3045 1043 3101; x_wconf 85' lang='lat' dir='ltr'>voluerit.</span> <span class='ocrx_word' id='word_1_458' title='bbox 1079 3044 1136 3098; x_wconf 93' lang='lat' dir='ltr'>Si</span> <span class='ocrx_word' id='word_1_459' title='bbox 1181 3044 1410 3114; x_wconf 86' lang='lat' dir='ltr'>sanguis</span> <span class='ocrx_word' id='word_1_460' title='bbox 1460 3061 1489 3097; x_wconf 89' lang='lat' dir='ltr'>e</span> <span class='ocrx_word' id='word_1_461' title='bbox 1531 3043 1761 3097; x_wconf 90' lang='lat' dir='ltr'>naribus</span> <span class='ocrx_word' id='word_1_462' title='bbox 1801 3017 2110 3111; x_wconf 81' lang='lat' dir='ltr'>emanat,C</span> <span class='ocrx_word' id='word_1_463' title='bbox 2133 3053 2266 3103; x_wconf 91' lang='lat' dir='ltr'>sunt</span> <span class='ocrx_word' id='word_1_464' title='bbox 2293 3047 2644 3111; x_wconf 85' lang='lat' dir='ltr'>commorati,</span> <span class='ocrx_word' id='word_1_465' title='bbox 2676 3062 2740 3100; x_wconf 92' lang='lat' dir='ltr'>ac</span> <span class='ocrx_word' id='word_1_466' title='bbox 2769 3045 3030 3116; x_wconf 86' lang='lat' dir='ltr'>deinceps</span> <span class='ocrx_word' id='word_1_467' title='bbox 3067 3043 3389 3114; x_wconf 90' lang='lat' dir='ltr'>quindecim</span> <span class='ocrx_word' id='word_1_468' title='bbox 3420 3041 3600 3097; x_wconf 88' lang='lat' dir='ltr'>diebus</span> <span class='ocrx_word' id='word_1_469' title='bbox 3623 3039 3692 3094; x_wconf 86' lang='lat' dir='ltr'>vel</span> 
     </span>
    </p>
   </div>
   <div class='ocr_carea' id='block_1_33' title="bbox 457 3129 3694 3203">
    <p class='ocr_par' dir='ltr' id='par_1_33' title="bbox 457 3129 3694 3203">
     <span class='ocr_line' id='line_1_33' title="bbox 457 3129 3694 3203; baseline -0.003 -13"><span class='ocrx_word' id='word_1_470' title='bbox 457 3142 615 3190; x_wconf 80' lang='lat' dir='ltr'>extra</span> <span class='ocrx_word' id='word_1_471' title='bbox 640 3135 846 3188; x_wconf 85' lang='lat' dir='ltr'>lectum</span> <span class='ocrx_word' id='word_1_472' title='bbox 875 3139 1071 3187; x_wconf 89' lang='lat' dir='ltr'>contra</span> <span class='ocrx_word' id='word_1_473' title='bbox 1097 3133 1370 3203; x_wconf 88' lang='lat' dir='ltr'>parietem</span> <span class='ocrx_word' id='word_1_474' title='bbox 1399 3149 1458 3186; x_wconf 90' lang='lat' dir='ltr'>se</span> <span class='ocrx_word' id='word_1_475' title='bbox 1485 3132 1720 3186; x_wconf 90' lang='lat' dir='ltr'>inclinat</span> <span class='ocrx_word' id='word_1_476' title='bbox 1746 3152 1759 3200; x_wconf 91' lang='lat'><strong>;</strong></span> <span class='ocrx_word' id='word_1_477' title='bbox 1791 3133 1837 3186; x_wconf 91' lang='lat' dir='ltr'>si</span> <span class='ocrx_word' id='word_1_478' title='bbox 1862 3140 2050 3188; x_wconf 89' lang='lat' dir='ltr'>autem</span> <span class='ocrx_word' id='word_1_479' title='bbox 2135 3137 2341 3202; x_wconf 91' lang='lat' dir='ltr'>minus,</span> <span class='ocrx_word' id='word_1_480' title='bbox 2387 3135 2433 3188; x_wconf 90' lang='lat' dir='ltr'>si</span> <span class='ocrx_word' id='word_1_481' title='bbox 2464 3133 2651 3188; x_wconf 83' lang='lat' dir='ltr'>abbati</span> <span class='ocrx_word' id='word_1_482' title='bbox 2690 3134 2928 3196; x_wconf 84' lang='lat' dir='ltr'>videtur,</span> <span class='ocrx_word' id='word_1_483' title='bbox 2959 3150 2991 3187; x_wconf 90' lang='lat' dir='ltr'>a</span> <span class='ocrx_word' id='word_1_484' title='bbox 3019 3141 3300 3187; x_wconf 88' lang='lat' dir='ltr'>conventu</span> <span class='ocrx_word' id='word_1_485' title='bbox 3338 3131 3584 3202; x_wconf 86' lang='lat' dir='ltr'>separati,</span> <span class='ocrx_word' id='word_1_486' title='bbox 3614 3129 3694 3182; x_wconf 90' lang='lat' dir='ltr'>ibi-</span> 
     </span>
    </p>
   </div>
   <div class='ocr_carea' id='block_1_34' title="bbox 449 3219 3694 3294">
    <p class='ocr_par' dir='ltr' id='par_1_34' title="bbox 449 3219 3694 3294">
     <span class='ocr_line' id='line_1_34' title="bbox 449 3219 3694 3294; baseline -0.002 -16"><span class='ocrx_word' id='word_1_487' title='bbox 449 3225 606 3294; x_wconf 87' lang='lat' dir='ltr'>juxta</span> <span class='ocrx_word' id='word_1_488' title='bbox 637 3223 913 3294; x_wconf 85' lang='lat' dir='ltr'>parietem</span> <span class='ocrx_word' id='word_1_489' title='bbox 943 3238 1055 3275; x_wconf 93' lang='lat' dir='ltr'>non</span> <span class='ocrx_word' id='word_1_490' title='bbox 1085 3221 1310 3286; x_wconf 89' lang='lat' dir='ltr'>dormit,</span> <span class='ocrx_word' id='word_1_491' title='bbox 1355 3227 1550 3274; x_wconf 86' lang='lat' dir='ltr'>contra</span> <span class='ocrx_word' id='word_1_492' title='bbox 1587 3221 1782 3274; x_wconf 87' lang='lat' dir='ltr'>faciem</span> <span class='ocrx_word' id='word_1_493' title='bbox 1821 3223 1948 3276; x_wconf 88' lang='lat' dir='ltr'>lecti</span> <span class='ocrx_word' id='word_1_494' title='bbox 1992 3240 2052 3278; x_wconf 90' lang='lat' dir='ltr'>se</span> <span class='ocrx_word' id='word_1_495' title='bbox 2135 3226 2262 3279; x_wconf 91' lang='lat' dir='ltr'>dem</span> <span class='ocrx_word' id='word_1_496' title='bbox 2295 3231 2564 3290; x_wconf 89' lang='lat' dir='ltr'>manent;</span> <span class='ocrx_word' id='word_1_497' title='bbox 2597 3230 2822 3294; x_wconf 87' lang='lat' dir='ltr'>excepto</span> <span class='ocrx_word' id='word_1_498' title='bbox 2849 3223 2996 3294; x_wconf 92' lang='lat' dir='ltr'>quod</span> <span class='ocrx_word' id='word_1_499' title='bbox 3025 3223 3082 3276; x_wconf 89' lang='lat' dir='ltr'>in</span> <span class='ocrx_word' id='word_1_500' title='bbox 3109 3223 3283 3277; x_wconf 92' lang='lat' dir='ltr'>choro</span> <span class='ocrx_word' id='word_1_501' title='bbox 3315 3222 3512 3276; x_wconf 90' lang='lat' dir='ltr'>minori</span> <span class='ocrx_word' id='word_1_502' title='bbox 3538 3219 3694 3274; x_wconf 75' lang='lat' dir='ltr'>divino</span> 
     </span>
    </p>
   </div>
   <div class='ocr_carea' id='block_1_35' title="bbox 453 3309 3697 3385">
    <p class='ocr_par' dir='ltr' id='par_1_35' title="bbox 453 3309 3697 3385">
     <span class='ocr_line' id='line_1_35' title="bbox 453 3309 3697 3385; baseline -0.001 -19"><span class='ocrx_word' id='word_1_503' title='bbox 453 3312 642 3367; x_wconf 86' lang='lat' dir='ltr'>vertit.</span> <span class='ocrx_word' id='word_1_504' title='bbox 675 3312 736 3366; x_wconf 88' lang='lat' dir='ltr'>Si</span> <span class='ocrx_word' id='word_1_505' title='bbox 775 3327 1043 3364; x_wconf 86' lang='lat' dir='ltr'>nauseam</span> <span class='ocrx_word' id='word_1_506' title='bbox 1074 3309 1180 3362; x_wconf 87' lang='lat' dir='ltr'>sibi</span> <span class='ocrx_word' id='word_1_507' title='bbox 1222 3309 1606 3378; x_wconf 85' lang='lat' dir='ltr'>ingravescere</span> <span class='ocrx_word' id='word_1_508' title='bbox 1643 3311 1830 3374; x_wconf 90' lang='lat' dir='ltr'>sentit,</span> <span class='ocrx_word' id='word_1_509' title='bbox 1861 3312 1919 3365; x_wconf 90' lang='lat' dir='ltr'>in</span> <span class='ocrx_word' id='word_1_510' title='bbox 1948 3329 2051 3366; x_wconf 85' lang='lat' dir='ltr'>an-</span> <span class='ocrx_word' id='word_1_511' title='bbox 2135 3314 2288 3385; x_wconf 80' lang='lat' dir='ltr'>Operi</span> <span class='ocrx_word' id='word_1_512' title='bbox 2319 3315 2618 3368; x_wconf 85' lang='lat' dir='ltr'>intersunt.</span> <span class='ocrx_word' id='word_1_513' title='bbox 2651 3315 2795 3368; x_wconf 85' lang='lat' dir='ltr'>Nam</span> <span class='ocrx_word' id='word_1_514' title='bbox 2825 3313 2882 3366; x_wconf 88' lang='lat' dir='ltr'>in</span> <span class='ocrx_word' id='word_1_515' title='bbox 2911 3313 3000 3366; x_wconf 90' lang='lat' dir='ltr'>his</span> <span class='ocrx_word' id='word_1_516' title='bbox 3028 3312 3228 3366; x_wconf 89' lang='lat' dir='ltr'>diebus</span> <span class='ocrx_word' id='word_1_517' title='bbox 3259 3330 3371 3366; x_wconf 92' lang='lat' dir='ltr'>non</span> <span class='ocrx_word' id='word_1_518' title='bbox 3395 3313 3566 3366; x_wconf 88' lang='lat' dir='ltr'>solum</span> <span class='ocrx_word' id='word_1_519' title='bbox 3595 3310 3697 3363; x_wconf 87' lang='lat' dir='ltr'>dor-</span> 
     </span>
    </p>
   </div>
   <div class='ocr_carea' id='block_1_36' title="bbox 453 3398 3696 3473">
    <p class='ocr_par' dir='ltr' id='par_1_36' title="bbox 453 3398 3696 3473">
     <span class='ocr_line' id='line_1_36' title="bbox 453 3398 3696 3473; baseline -0.001 -19"><span class='ocrx_word' id='word_1_520' title='bbox 453 3401 651 3472; x_wconf 87' lang='lat' dir='ltr'>gulum</span> <span class='ocrx_word' id='word_1_521' title='bbox 672 3399 1114 3453; x_wconf 88' lang='lat' dir='ltr'>necessariarum</span> <span class='ocrx_word' id='word_1_522' title='bbox 1138 3398 1394 3465; x_wconf 88' lang='lat' dir='ltr'>tendens,</span> <span class='ocrx_word' id='word_1_523' title='bbox 1411 3405 1661 3468; x_wconf 83' lang='lat' dir='ltr'>egestum</span> <span class='ocrx_word' id='word_1_524' title='bbox 1682 3400 1828 3454; x_wconf 86' lang='lat' dir='ltr'>foeno</span> <span class='ocrx_word' id='word_1_525' title='bbox 1847 3401 2046 3471; x_wconf 88' lang='lat' dir='ltr'>operit.</span> <span class='ocrx_word' id='word_1_526' title='bbox 2135 3404 2319 3457; x_wconf 90' lang='lat' dir='ltr'>miunt</span> <span class='ocrx_word' id='word_1_527' title='bbox 2345 3404 2400 3456; x_wconf 92' lang='lat' dir='ltr'>in</span> <span class='ocrx_word' id='word_1_528' title='bbox 2425 3403 2689 3473; x_wconf 65' lang='lat' dir='ltr'>praedicta</span> <span class='ocrx_word' id='word_1_529' title='bbox 2707 3419 2809 3456; x_wconf 87' lang='lat' dir='ltr'>sua</span> <span class='ocrx_word' id='word_1_530' title='bbox 2828 3402 3089 3466; x_wconf 79' lang='lat' dir='ltr'>cella,sed</span> <span class='ocrx_word' id='word_1_531' title='bbox 3112 3401 3187 3454; x_wconf 88' lang='lat' dir='ltr'>ibi</span> <span class='ocrx_word' id='word_1_532' title='bbox 3206 3402 3433 3456; x_wconf 88' lang='lat' dir='ltr'>lectioni</span> <span class='ocrx_word' id='word_1_533' title='bbox 3460 3405 3637 3454; x_wconf 78' lang='lat' dir='ltr'>vacant</span> <span class='ocrx_word' id='word_1_534' title='bbox 3650 3403 3696 3451; x_wconf 86' lang='lat' dir='ltr'>et</span> 
     </span>
    </p>
   </div>
   <div class='ocr_carea' id='block_1_37' title="bbox 458 3486 3696 3561">
    <p class='ocr_par' dir='ltr' id='par_1_37' title="bbox 458 3486 3696 3561">
     <span class='ocr_line' id='line_1_37' title="bbox 458 3486 3696 3561; baseline -0.001 -19"><span class='ocrx_word' id='word_1_535' title='bbox 458 3489 517 3542; x_wconf 90' lang='lat' dir='ltr'>Si</span> <span class='ocrx_word' id='word_1_536' title='bbox 547 3489 722 3542; x_wconf 89' lang='lat' dir='ltr'>alium</span> <span class='ocrx_word' id='word_1_537' title='bbox 749 3489 910 3558; x_wconf 69' lang='lat' dir='ltr'>juxta</span> <span class='ocrx_word' id='word_1_538' title='bbox 931 3503 990 3540; x_wconf 92' lang='lat' dir='ltr'>se</span> <span class='ocrx_word' id='word_1_539' title='bbox 1009 3486 1253 3557; x_wconf 90' lang='lat' dir='ltr'>positum</span> <span class='ocrx_word' id='word_1_540' title='bbox 1276 3486 1464 3556; x_wconf 90' lang='lat' dir='ltr'>aliquo</span> <span class='ocrx_word' id='word_1_541' title='bbox 1487 3488 1652 3542; x_wconf 89' lang='lat' dir='ltr'>modo</span> <span class='ocrx_word' id='word_1_542' title='bbox 1675 3505 1774 3559; x_wconf 91' lang='lat' dir='ltr'>per</span> <span class='ocrx_word' id='word_1_543' title='bbox 1793 3505 2052 3544; x_wconf 88' lang='lat' dir='ltr'>somnum</span> <span class='ocrx_word' id='word_1_544' title='bbox 2136 3493 2454 3547; x_wconf 87' lang='lat' dir='ltr'>comedunt.</span> <span class='ocrx_word' id='word_1_545' title='bbox 2480 3493 2541 3546; x_wconf 92' lang='lat' dir='ltr'>In</span> <span class='ocrx_word' id='word_1_546' title='bbox 2575 3492 2782 3545; x_wconf 83' lang='lat' dir='ltr'>eisdem</span> <span class='ocrx_word' id='word_1_547' title='bbox 2809 3508 3028 3561; x_wconf 84' lang='lat' dir='ltr'>quoque</span> <span class='ocrx_word' id='word_1_548' title='bbox 3053 3490 3255 3544; x_wconf 90' lang='lat' dir='ltr'>diebus</span> <span class='ocrx_word' id='word_1_549' title='bbox 3271 3492 3340 3545; x_wconf 88' lang='lat' dir='ltr'>ad</span> <span class='ocrx_word' id='word_1_550' title='bbox 3363 3495 3626 3561; x_wconf 87' lang='lat' dir='ltr'>pacem,et</span> <span class='ocrx_word' id='word_1_551' title='bbox 3639 3486 3696 3540; x_wconf 89' lang='lat' dir='ltr'>ad</span> 
     </span>
    </p>
   </div>
   <div class='ocr_carea' id='block_1_38' title="bbox 455 3575 3695 3650">
    <p class='ocr_par' dir='ltr' id='par_1_38' title="bbox 455 3575 3695 3650">
     <span class='ocr_line' id='line_1_38' title="bbox 455 3575 3695 3650; baseline -0 -20"><span class='ocrx_word' id='word_1_552' title='bbox 455 3576 690 3631; x_wconf 87' lang='lat' dir='ltr'>fratrem</span> <span class='ocrx_word' id='word_1_553' title='bbox 721 3577 960 3630; x_wconf 90' lang='lat' dir='ltr'>excitare</span> <span class='ocrx_word' id='word_1_554' title='bbox 986 3575 1248 3640; x_wconf 89' lang='lat' dir='ltr'>audierit,</span> <span class='ocrx_word' id='word_1_555' title='bbox 1275 3592 1400 3628; x_wconf 86' lang='lat' dir='ltr'>mox</span> <span class='ocrx_word' id='word_1_556' title='bbox 1429 3577 1583 3630; x_wconf 90' lang='lat' dir='ltr'>illum</span> <span class='ocrx_word' id='word_1_557' title='bbox 1618 3593 1728 3630; x_wconf 89' lang='lat' dir='ltr'>non</span> <span class='ocrx_word' id='word_1_558' title='bbox 1757 3578 1946 3648; x_wconf 88' lang='lat' dir='ltr'>aliquo</span> <span class='ocrx_word' id='word_1_559' title='bbox 1971 3597 2057 3632; x_wconf 91' lang='lat' dir='ltr'>so-</span> <span class='ocrx_word' id='word_1_560' title='bbox 2135 3581 2586 3636; x_wconf 82' lang='lat' dir='ltr'>communionem</span> <span class='ocrx_word' id='word_1_561' title='bbox 2617 3597 2727 3634; x_wconf 92' lang='lat' dir='ltr'>non</span> <span class='ocrx_word' id='word_1_562' title='bbox 2749 3581 3038 3642; x_wconf 90' lang='lat' dir='ltr'>accedunt,</span> <span class='ocrx_word' id='word_1_563' title='bbox 3068 3597 3253 3650; x_wconf 88' lang='lat' dir='ltr'>neque</span> <span class='ocrx_word' id='word_1_564' title='bbox 3285 3581 3540 3634; x_wconf 79' lang='lat' dir='ltr'>offerunt.</span> <span class='ocrx_word' id='word_1_565' title='bbox 3571 3580 3695 3641; x_wconf 85' lang='lat' dir='ltr'>Quo-</span> 
     </span>
    </p>
   </div>
   <div class='ocr_carea' id='block_1_39' title="bbox 455 3663 3694 3740">
    <p class='ocr_par' dir='ltr' id='par_1_39' title="bbox 455 3663 3694 3740">
     <span class='ocr_line' id='line_1_39' title="bbox 455 3663 3694 3740; baseline -0 -21"><span class='ocrx_word' id='word_1_566' title='bbox 455 3665 604 3730; x_wconf 88' lang='lat' dir='ltr'>nitu,</span> <span class='ocrx_word' id='word_1_567' title='bbox 647 3664 744 3718; x_wconf 93' lang='lat' dir='ltr'>sed</span> <span class='ocrx_word' id='word_1_568' title='bbox 779 3663 990 3734; x_wconf 89' lang='lat' dir='ltr'>aliquid</span> <span class='ocrx_word' id='word_1_569' title='bbox 1045 3664 1114 3716; x_wconf 90' lang='lat' dir='ltr'>de</span> <span class='ocrx_word' id='word_1_570' title='bbox 1161 3665 1522 3734; x_wconf 87' lang='lat' dir='ltr'>operimentis</span> <span class='ocrx_word' id='word_1_571' title='bbox 1575 3666 1660 3718; x_wconf 91' lang='lat' dir='ltr'>vel</span> <span class='ocrx_word' id='word_1_572' title='bbox 1699 3666 2054 3722; x_wconf 84' lang='lat' dir='ltr'>lectisterniis</span> <span class='ocrx_word' id='word_1_573' title='bbox 2137 3671 2274 3725; x_wconf 90' lang='lat' dir='ltr'>tidie</span> <span class='ocrx_word' id='word_1_574' title='bbox 2304 3669 2624 3724; x_wconf 87' lang='lat' dir='ltr'>matutinali</span> <span class='ocrx_word' id='word_1_575' title='bbox 2656 3669 2826 3722; x_wconf 89' lang='lat' dir='ltr'>missa</span> <span class='ocrx_word' id='word_1_576' title='bbox 2851 3668 3044 3722; x_wconf 85' lang='lat' dir='ltr'>audita</span> <span class='ocrx_word' id='word_1_577' title='bbox 3070 3668 3127 3721; x_wconf 90' lang='lat' dir='ltr'>in</span> <span class='ocrx_word' id='word_1_578' title='bbox 3159 3669 3469 3740; x_wconf 88' lang='lat' dir='ltr'>capitulum</span> <span class='ocrx_word' id='word_1_579' title='bbox 3492 3669 3694 3721; x_wconf 85' lang='lat' dir='ltr'>fratrum</span> 
     </span>
    </p>
   </div>
   <div class='ocr_carea' id='block_1_40' title="bbox 455 3753 3697 3828">
    <p class='ocr_par' dir='ltr' id='par_1_40' title="bbox 455 3753 3697 3828">
     <span class='ocr_line' id='line_1_40' title="bbox 455 3753 3697 3828; baseline -0 -21"><span class='ocrx_word' id='word_1_580' title='bbox 455 3753 607 3807; x_wconf 89' lang='lat' dir='ltr'>illius</span> <span class='ocrx_word' id='word_1_581' title='bbox 653 3753 927 3806; x_wconf 91' lang='lat' dir='ltr'>trahendo</span> <span class='ocrx_word' id='word_1_582' title='bbox 958 3753 1348 3822; x_wconf 86' lang='lat' dir='ltr'>expergefacit.</span> <span class='ocrx_word' id='word_1_583' title='bbox 1383 3755 1446 3807; x_wconf 92' lang='lat' dir='ltr'>In</span> <span class='ocrx_word' id='word_1_584' title='bbox 1477 3754 1652 3810; x_wconf 89' lang='lat' dir='ltr'>soccis</span> <span class='ocrx_word' id='word_1_585' title='bbox 1694 3760 1750 3807; x_wconf 91' lang='lat' dir='ltr'>et</span> <span class='ocrx_word' id='word_1_586' title='bbox 1801 3773 1926 3809; x_wconf 83' lang='lat' dir='ltr'>cum</span> <span class='ocrx_word' id='word_1_587' title='bbox 1957 3773 2052 3809; x_wconf 88' lang='lat' dir='ltr'>ca-</span> <span class='ocrx_word' id='word_1_588' title='bbox 2135 3759 2386 3823; x_wconf 85' lang='lat' dir='ltr'>veniunt,</span> <span class='ocrx_word' id='word_1_589' title='bbox 2435 3758 2619 3828; x_wconf 89' lang='lat' dir='ltr'>ibique</span> <span class='ocrx_word' id='word_1_590' title='bbox 2648 3775 2817 3828; x_wconf 86' lang='lat' dir='ltr'>super</span> <span class='ocrx_word' id='word_1_591' title='bbox 2842 3774 3130 3811; x_wconf 87' lang='lat' dir='ltr'>scamnum</span> <span class='ocrx_word' id='word_1_592' title='bbox 3163 3767 3218 3812; x_wconf 85' lang='lat' dir='ltr'>et</span> <span class='ocrx_word' id='word_1_593' title='bbox 3251 3757 3565 3818; x_wconf 88' lang='lat' dir='ltr'>scabellum,</span> <span class='ocrx_word' id='word_1_594' title='bbox 3599 3771 3697 3825; x_wconf 76' lang='lat' dir='ltr'>quze</span> 
     </span>
    </p>
   </div>
   <div class='ocr_carea' id='block_1_41' title="bbox 459 3841 3698 3917">
    <p class='ocr_par' dir='ltr' id='par_1_41' title="bbox 459 3841 3698 3917">
     <span class='ocr_line' id='line_1_41' title="bbox 459 3841 3698 3917; baseline 0 -22"><span class='ocrx_word' id='word_1_595' title='bbox 459 3841 626 3913; x_wconf 88' lang='lat' dir='ltr'>pello,</span> <span class='ocrx_word' id='word_1_596' title='bbox 656 3842 704 3895; x_wconf 92' lang='lat' dir='ltr'>si</span> <span class='ocrx_word' id='word_1_597' title='bbox 725 3857 949 3894; x_wconf 89' lang='lat' dir='ltr'>necesse</span> <span class='ocrx_word' id='word_1_598' title='bbox 971 3847 1073 3906; x_wconf 89' lang='lat' dir='ltr'>est,</span> <span class='ocrx_word' id='word_1_599' title='bbox 1094 3847 1277 3911; x_wconf 87' lang='lat' dir='ltr'>potest</span> <span class='ocrx_word' id='word_1_600' title='bbox 1297 3841 1563 3905; x_wconf 90' lang='lat' dir='ltr'>dormire,</span> <span class='ocrx_word' id='word_1_601' title='bbox 1590 3842 1647 3895; x_wconf 91' lang='lat' dir='ltr'>in</span> <span class='ocrx_word' id='word_1_602' title='bbox 1670 3844 1888 3912; x_wconf 90' lang='lat' dir='ltr'>pellicio</span> <span class='ocrx_word' id='word_1_603' title='bbox 1915 3861 2055 3898; x_wconf 90' lang='lat' dir='ltr'>nun-</span> <span class='ocrx_word' id='word_1_604' title='bbox 2134 3853 2267 3902; x_wconf 91' lang='lat' dir='ltr'>sunt</span> <span class='ocrx_word' id='word_1_605' title='bbox 2295 3848 2351 3900; x_wconf 90' lang='lat' dir='ltr'>in</span> <span class='ocrx_word' id='word_1_606' title='bbox 2383 3847 2576 3900; x_wconf 85' lang='lat' dir='ltr'>dextra</span> <span class='ocrx_word' id='word_1_607' title='bbox 2605 3853 2763 3917; x_wconf 88' lang='lat' dir='ltr'>parte</span> <span class='ocrx_word' id='word_1_608' title='bbox 2802 3864 2975 3917; x_wconf 83' lang='lat' dir='ltr'>prope</span> <span class='ocrx_word' id='word_1_609' title='bbox 3005 3849 3212 3900; x_wconf 89' lang='lat' dir='ltr'>ostium</span> <span class='ocrx_word' id='word_1_610' title='bbox 3245 3847 3464 3911; x_wconf 82' lang='lat' dir='ltr'>sedent,</span> <span class='ocrx_word' id='word_1_611' title='bbox 3495 3845 3632 3899; x_wconf 91' lang='lat' dir='ltr'>nullo</span> <span class='ocrx_word' id='word_1_612' title='bbox 3652 3859 3698 3895; x_wconf 85' lang='lat' dir='ltr'>se</span> 
     </span>
    </p>
   </div>
   <div class='ocr_carea' id='block_1_42' title="bbox 458 3929 3699 4005">
    <p class='ocr_par' dir='ltr' id='par_1_42' title="bbox 458 3929 3699 4005">
     <span class='ocr_line' id='line_1_42' title="bbox 458 3929 3699 4005; baseline -0.001 -21"><span class='ocrx_word' id='word_1_613' title='bbox 458 3947 649 4001; x_wconf 86' lang='lat' dir='ltr'>quam.</span> <span class='ocrx_word' id='word_1_614' title='bbox 671 3931 734 3984; x_wconf 91' lang='lat' dir='ltr'>In</span> <span class='ocrx_word' id='word_1_615' title='bbox 753 3931 916 3992; x_wconf 91' lang='lat' dir='ltr'>lecto,</span> <span class='ocrx_word' id='word_1_616' title='bbox 939 3929 1052 3983; x_wconf 90' lang='lat' dir='ltr'>sive</span> <span class='ocrx_word' id='word_1_617' title='bbox 1073 3935 1227 3983; x_wconf 83' lang='lat' dir='ltr'>extra</span> <span class='ocrx_word' id='word_1_618' title='bbox 1258 3930 1482 3996; x_wconf 88' lang='lat' dir='ltr'>lectum,</span> <span class='ocrx_word' id='word_1_619' title='bbox 1513 3947 1798 4001; x_wconf 87' lang='lat' dir='ltr'>nunquam</span> <span class='ocrx_word' id='word_1_620' title='bbox 1821 3933 2053 3988; x_wconf 84' lang='lat' dir='ltr'>alterius</span> <span class='ocrx_word' id='word_1_621' title='bbox 2134 3937 2571 3999; x_wconf 89' lang='lat' dir='ltr'>intermiscente,</span> <span class='ocrx_word' id='word_1_622' title='bbox 2593 3936 2696 3989; x_wconf 91' lang='lat' dir='ltr'>nisi</span> <span class='ocrx_word' id='word_1_623' title='bbox 2719 3937 2834 3990; x_wconf 93' lang='lat' dir='ltr'>solo</span> <span class='ocrx_word' id='word_1_624' title='bbox 2854 3936 3077 3989; x_wconf 90' lang='lat' dir='ltr'>illorum</span> <span class='ocrx_word' id='word_1_625' title='bbox 3097 3936 3393 4005; x_wconf 87' lang='lat' dir='ltr'>magistro.</span> <span class='ocrx_word' id='word_1_626' title='bbox 3411 3935 3487 3990; x_wconf 88' lang='lat' dir='ltr'>Ibi</span> <span class='ocrx_word' id='word_1_627' title='bbox 3511 3947 3699 4004; x_wconf 88' lang='lat' dir='ltr'>quoque</span> 
     </span>
    </p>
   </div>
   <div class='ocr_carea' id='block_1_43' title="bbox 455 4017 3701 4094">
    <p class='ocr_par' dir='ltr' id='par_1_43' title="bbox 455 4017 3701 4094">
     <span class='ocr_line' id='line_1_43' title="bbox 455 4017 3701 4094; baseline -0.001 -20"><span class='ocrx_word' id='word_1_628' title='bbox 455 4018 653 4074; x_wconf 86' lang='lat' dir='ltr'>faciem</span> <span class='ocrx_word' id='word_1_629' title='bbox 683 4019 800 4072; x_wconf 90' lang='lat' dir='ltr'>suis</span> <span class='ocrx_word' id='word_1_630' title='bbox 825 4018 998 4072; x_wconf 91' lang='lat' dir='ltr'>oculis</span> <span class='ocrx_word' id='word_1_631' title='bbox 1027 4017 1084 4071; x_wconf 89' lang='lat' dir='ltr'>in</span> <span class='ocrx_word' id='word_1_632' title='bbox 1112 4018 1441 4072; x_wconf 88' lang='lat' dir='ltr'>dormitorio</span> <span class='ocrx_word' id='word_1_633' title='bbox 1483 4019 1725 4089; x_wconf 86' lang='lat' dir='ltr'>inspicit.</span> <span class='ocrx_word' id='word_1_634' title='bbox 1755 4020 1839 4074; x_wconf 83' lang='lat' dir='ltr'>Ad</span> <span class='ocrx_word' id='word_1_635' title='bbox 1870 4022 2053 4076; x_wconf 45' lang='lat' dir='ltr'>Cruci.</span> <span class='ocrx_word' id='word_1_636' title='bbox 2134 4025 2349 4090; x_wconf 90' lang='lat' dir='ltr'>sedent,</span> <span class='ocrx_word' id='word_1_637' title='bbox 2393 4040 2569 4094; x_wconf 88' lang='lat' dir='ltr'>usque</span> <span class='ocrx_word' id='word_1_638' title='bbox 2610 4023 2743 4076; x_wconf 92' lang='lat' dir='ltr'>dum</span> <span class='ocrx_word' id='word_1_639' title='bbox 2796 4023 3076 4076; x_wconf 89' lang='lat' dir='ltr'>sententia</span> <span class='ocrx_word' id='word_1_640' title='bbox 3123 4025 3336 4094; x_wconf 67' lang='lat' dir='ltr'>regula:</span> <span class='ocrx_word' id='word_1_641' title='bbox 3381 4024 3521 4077; x_wconf 85' lang='lat' dir='ltr'>lecta</span> <span class='ocrx_word' id='word_1_642' title='bbox 3555 4021 3619 4075; x_wconf 90' lang='lat' dir='ltr'>sit</span> <span class='ocrx_word' id='word_1_643' title='bbox 3657 4025 3701 4072; x_wconf 87' lang='lat' dir='ltr'>et</span> 
     </span>
    </p>
   </div>
   <div class='ocr_carea' id='block_1_44' title="bbox 457 4107 3704 4184">
    <p class='ocr_par' dir='ltr' id='par_1_44' title="bbox 457 4107 3704 4184">
     <span class='ocr_line' id='line_1_44' title="bbox 457 4107 3704 4184; baseline 0 -24"><span class='ocrx_word' id='word_1_644' title='bbox 457 4109 629 4164; x_wconf 83' lang='lat' dir='ltr'>ﬁxum</span> <span class='ocrx_word' id='word_1_645' title='bbox 657 4107 734 4162; x_wconf 90' lang='lat' dir='ltr'>ibi</span> <span class='ocrx_word' id='word_1_646' title='bbox 759 4107 1007 4174; x_wconf 87' lang='lat' dir='ltr'>inclinat,</span> <span class='ocrx_word' id='word_1_647' title='bbox 1035 4107 1294 4178; x_wconf 87' lang='lat' dir='ltr'>quotiens</span> <span class='ocrx_word' id='word_1_648' title='bbox 1324 4107 1450 4161; x_wconf 90' lang='lat' dir='ltr'>illac</span> <span class='ocrx_word' id='word_1_649' title='bbox 1478 4109 1742 4178; x_wconf 63' lang='lat' dir='ltr'>praeterit.</span> <span class='ocrx_word' id='word_1_650' title='bbox 2136 4113 2406 4184; x_wconf 86' lang='lat' dir='ltr'>exposita,</span> <span class='ocrx_word' id='word_1_651' title='bbox 2437 4113 2550 4167; x_wconf 91' lang='lat' dir='ltr'>sive</span> <span class='ocrx_word' id='word_1_652' title='bbox 2581 4119 2645 4166; x_wconf 90' lang='lat' dir='ltr'>ut</span> <span class='ocrx_word' id='word_1_653' title='bbox 2671 4112 2728 4165; x_wconf 92' lang='lat' dir='ltr'>in</span> <span class='ocrx_word' id='word_1_654' title='bbox 2759 4111 2914 4166; x_wconf 91' lang='lat' dir='ltr'>festis</span> <span class='ocrx_word' id='word_1_655' title='bbox 2958 4111 3154 4166; x_wconf 90' lang='lat' dir='ltr'>diebus</span> <span class='ocrx_word' id='word_1_656' title='bbox 3184 4114 3353 4178; x_wconf 86' lang='lat' dir='ltr'>solet,</span> <span class='ocrx_word' id='word_1_657' title='bbox 3383 4112 3541 4166; x_wconf 92' lang='lat' dir='ltr'>lectio</span> <span class='ocrx_word' id='word_1_658' title='bbox 3568 4125 3704 4164; x_wconf 87' lang='lat' dir='ltr'>evan-</span> 
     </span>
    </p>
   </div>
   <div class='ocr_carea' id='block_1_45' title="bbox 1027 4195 3704 4273">
    <p class='ocr_par' dir='ltr' id='par_1_45' title="bbox 1027 4195 3704 4273">
     <span class='ocr_line' id='line_1_45' title="bbox 1027 4195 3704 4273; baseline 0 -24"><span class='ocrx_word' id='word_1_659' title='bbox 1027 4195 1262 4250; x_wconf 83' lang='lat' dir='ltr'>CAPUT</span> <span class='ocrx_word' id='word_1_660' title='bbox 1291 4195 1484 4250; x_wconf 83' lang='lat' dir='ltr'>LXXI.</span> <span class='ocrx_word' id='word_1_661' title='bbox 2133 4202 2330 4273; x_wconf 90' lang='lat' dir='ltr'>gelica.</span> <span class='ocrx_word' id='word_1_662' title='bbox 2390 4202 2466 4256; x_wconf 89' lang='lat' dir='ltr'>Ut</span> <span class='ocrx_word' id='word_1_663' title='bbox 2515 4210 2703 4256; x_wconf 88' lang='lat' dir='ltr'>autem</span> <span class='ocrx_word' id='word_1_664' title='bbox 2743 4208 2870 4273; x_wconf 88' lang='lat' dir='ltr'>post</span> <span class='ocrx_word' id='word_1_665' title='bbox 2916 4218 3234 4255; x_wconf 90' lang='lat' dir='ltr'>sermonem</span> <span class='ocrx_word' id='word_1_666' title='bbox 3285 4202 3524 4256; x_wconf 89' lang='lat' dir='ltr'>domnus</span> <span class='ocrx_word' id='word_1_667' title='bbox 3559 4198 3704 4253; x_wconf 86' lang='lat' dir='ltr'>abbas</span> 
     </span>
    </p>
   </div>
   <div class='ocr_carea' id='block_1_46' title="bbox 776 4286 3703 4358">
    <p class='ocr_par' dir='ltr' id='par_1_46' title="bbox 776 4286 3703 4358">
     <span class='ocr_line' id='line_1_46' title="bbox 776 4286 3703 4358; baseline 0.001 -22"><span class='ocrx_word' id='word_1_668' title='bbox 776 4287 851 4339; x_wconf 83' lang='lat' dir='ltr'>De</span> <span class='ocrx_word' id='word_1_669' title='bbox 878 4301 936 4337; x_wconf 79' lang='lat' dir='ltr'>eo</span> <span class='ocrx_word' id='word_1_670' title='bbox 963 4286 1064 4352; x_wconf 88' lang='lat' dir='ltr'>qui</span> <span class='ocrx_word' id='word_1_671' title='bbox 1093 4289 1206 4337; x_wconf 85' lang='lat' dir='ltr'>tam</span> <span class='ocrx_word' id='word_1_672' title='bbox 1235 4287 1480 4351; x_wconf 75' lang='lat' dir='ltr'>graviter</span> <span class='ocrx_word' id='word_1_673' title='bbox 1507 4288 1726 4339; x_wconf 73' lang='lat' dir='ltr'>sitierit.</span> <span class='ocrx_word' id='word_1_674' title='bbox 2073 4331 2120 4358; x_wconf 63' lang='grc' dir='ltr'>η</span> <span class='ocrx_word' id='word_1_675' title='bbox 2140 4291 2358 4355; x_wconf 86' lang='lat' dir='ltr'>dixerit,</span> <span class='ocrx_word' id='word_1_676' title='bbox 2385 4293 2703 4358; x_wconf 75' lang='lat' dir='ltr'>Loquimini</span> <span class='ocrx_word' id='word_1_677' title='bbox 2747 4293 2810 4344; x_wconf 70' lang='lat' dir='ltr'>de</span> <span class='ocrx_word' id='word_1_678' title='bbox 2840 4292 3050 4350; x_wconf 84' lang='lat' dir='ltr'>ordine,</span> <span class='ocrx_word' id='word_1_679' title='bbox 3103 4292 3297 4345; x_wconf 87' lang='lat' dir='ltr'>statim</span> <span class='ocrx_word' id='word_1_680' title='bbox 3337 4297 3464 4344; x_wconf 80' lang='lat' dir='ltr'>ante</span> <span class='ocrx_word' id='word_1_681' title='bbox 3501 4296 3544 4344; x_wconf 76' lang='lat' dir='ltr'>et</span> <span class='ocrx_word' id='word_1_682' title='bbox 3584 4295 3703 4341; x_wconf 80' lang='lat' dir='ltr'>retro</span> 
     </span>
    </p>
   </div>
   <div class='ocr_carea' id='block_1_47' title="bbox 530 4371 3706 4450">
    <p class='ocr_par' dir='ltr' id='par_1_47' title="bbox 530 4371 3706 4450">
     <span class='ocr_line' id='line_1_47' title="bbox 530 4371 3706 4450; baseline -0.001 -20"><span class='ocrx_word' id='word_1_683' title='bbox 530 4378 668 4445; x_wconf 74' lang='lat'>(00.)</span> <span class='ocrx_word' id='word_1_684' title='bbox 702 4373 760 4428; x_wconf 90' lang='lat' dir='ltr'>Si</span> <span class='ocrx_word' id='word_1_685' title='bbox 795 4378 911 4426; x_wconf 88' lang='lat' dir='ltr'>tam</span> <span class='ocrx_word' id='word_1_686' title='bbox 930 4372 1177 4442; x_wconf 89' lang='lat' dir='ltr'>graviter</span> <span class='ocrx_word' id='word_1_687' title='bbox 1195 4371 1289 4426; x_wconf 90' lang='lat' dir='ltr'>siti</span> <span class='ocrx_word' id='word_1_688' title='bbox 1321 4371 1557 4440; x_wconf 90' lang='lat' dir='ltr'>laborat,</span> <span class='ocrx_word' id='word_1_689' title='bbox 1582 4375 1729 4444; x_wconf 93' lang='lat' dir='ltr'>quod</span> <span class='ocrx_word' id='word_1_690' title='bbox 1750 4393 1810 4430; x_wconf 86' lang='lat' dir='ltr'>se</span> <span class='ocrx_word' id='word_1_691' title='bbox 1832 4381 2054 4431; x_wconf 91' lang='lat' dir='ltr'>noctur—</span> <span class='ocrx_word' id='word_1_692' title='bbox 2075 4371 2120 4391; x_wconf 71' lang='grc' dir='ltr'>ν</span> <span class='ocrx_word' id='word_1_693' title='bbox 2138 4380 2424 4446; x_wconf 88' lang='lat' dir='ltr'>facientes,</span> <span class='ocrx_word' id='word_1_694' title='bbox 2450 4380 2854 4450; x_wconf 69' lang='lat' dir='ltr'>praecedentem</span> <span class='ocrx_word' id='word_1_695' title='bbox 2879 4380 3212 4449; x_wconf 86' lang='lat' dir='ltr'>magistrum</span> <span class='ocrx_word' id='word_1_696' title='bbox 3236 4396 3406 4434; x_wconf 87' lang='lat' dir='ltr'>suum</span> <span class='ocrx_word' id='word_1_697' title='bbox 3426 4382 3706 4450; x_wconf 88' lang='lat' dir='ltr'>sequuntur</span> 
     </span>
    </p>
   </div>
   <div class='ocr_carea' id='block_1_48' title="bbox 458 4460 3706 4533">
    <p class='ocr_par' dir='ltr' id='par_1_48' title="bbox 458 4460 3706 4533">
     <span class='ocr_line' id='line_1_48' title="bbox 458 4460 3706 4533; baseline -0 -16"><span class='ocrx_word' id='word_1_698' title='bbox 458 4479 661 4516; x_wconf 88' lang='lat' dir='ltr'>norum</span> <span class='ocrx_word' id='word_1_699' title='bbox 701 4460 1076 4532; x_wconf 89' lang='lat' dir='ltr'>pulsationem</span> <span class='ocrx_word' id='word_1_700' title='bbox 1120 4475 1246 4514; x_wconf 89' lang='lat' dir='ltr'>cum</span> <span class='ocrx_word' id='word_1_701' title='bbox 1277 4460 1551 4530; x_wconf 84' lang='lat' dir='ltr'>patientia</span> <span class='ocrx_word' id='word_1_702' title='bbox 1579 4464 1732 4516; x_wconf 91' lang='lat' dir='ltr'>nullo</span> <span class='ocrx_word' id='word_1_703' title='bbox 1764 4466 1928 4519; x_wconf 88' lang='lat' dir='ltr'>modo</span> <span class='ocrx_word' id='word_1_704' title='bbox 1959 4483 2053 4519; x_wconf 84' lang='lat' dir='ltr'>ex-</span> <span class='ocrx_word' id='word_1_705' title='bbox 2139 4469 2196 4522; x_wconf 90' lang='lat' dir='ltr'>in</span> <span class='ocrx_word' id='word_1_706' title='bbox 2233 4469 2428 4524; x_wconf 88' lang='lat' dir='ltr'>cellam</span> <span class='ocrx_word' id='word_1_707' title='bbox 2467 4487 2648 4533; x_wconf 89' lang='lat' dir='ltr'>suam,</span> <span class='ocrx_word' id='word_1_708' title='bbox 2686 4475 2750 4523; x_wconf 91' lang='lat' dir='ltr'>ut</span> <span class='ocrx_word' id='word_1_709' title='bbox 2778 4468 2852 4522; x_wconf 91' lang='lat' dir='ltr'>ibi</span> <span class='ocrx_word' id='word_1_710' title='bbox 2882 4469 3106 4523; x_wconf 90' lang='lat' dir='ltr'>solitum</span> <span class='ocrx_word' id='word_1_711' title='bbox 3137 4468 3290 4522; x_wconf 88' lang='lat' dir='ltr'>inter</span> <span class='ocrx_word' id='word_1_712' title='bbox 3336 4486 3431 4523; x_wconf 92' lang='lat' dir='ltr'>eos</span> <span class='ocrx_word' id='word_1_713' title='bbox 3462 4467 3706 4522; x_wconf 84' lang='lat' dir='ltr'>habeatur</span> 
     </span>
    </p>
   </div>
   <div class='ocr_carea' id='block_1_49' title="bbox 459 4548 3702 4628">
    <p class='ocr_par' dir='ltr' id='par_1_49' title="bbox 459 4548 3702 4628">
     <span class='ocr_line' id='line_1_49' title="bbox 459 4548 3702 4628; baseline 0.001 -23"><span class='ocrx_word' id='word_1_714' title='bbox 459 4556 686 4623; x_wconf 88' lang='lat' dir='ltr'>pectare</span> <span class='ocrx_word' id='word_1_715' title='bbox 715 4555 924 4620; x_wconf 87' lang='lat' dir='ltr'>sperat,</span> <span class='ocrx_word' id='word_1_716' title='bbox 943 4548 1188 4618; x_wconf 89' lang='lat' dir='ltr'>priorem</span> <span class='ocrx_word' id='word_1_717' title='bbox 1210 4549 1461 4604; x_wconf 88' lang='lat' dir='ltr'>modeste</span> <span class='ocrx_word' id='word_1_718' title='bbox 1479 4551 1724 4605; x_wconf 88' lang='lat' dir='ltr'>excitans</span> <span class='ocrx_word' id='word_1_719' title='bbox 1747 4570 1873 4608; x_wconf 89' lang='lat' dir='ltr'>cum</span> <span class='ocrx_word' id='word_1_720' title='bbox 1895 4554 2055 4624; x_wconf 90' lang='lat' dir='ltr'>signo</span> <span class='ocrx_word' id='word_1_721' title='bbox 2137 4558 2466 4628; x_wconf 88' lang='lat' dir='ltr'>capitulum,</span> <span class='ocrx_word' id='word_1_722' title='bbox 2501 4557 2559 4611; x_wconf 93' lang='lat' dir='ltr'>in</span> <span class='ocrx_word' id='word_1_723' title='bbox 2589 4575 2698 4628; x_wconf 91' lang='lat' dir='ltr'>quo</span> <span class='ocrx_word' id='word_1_724' title='bbox 2727 4558 2917 4614; x_wconf 88' lang='lat' dir='ltr'>etiam,</span> <span class='ocrx_word' id='word_1_725' title='bbox 2949 4557 2996 4610; x_wconf 90' lang='lat' dir='ltr'>si</span> <span class='ocrx_word' id='word_1_726' title='bbox 3027 4557 3160 4627; x_wconf 91' lang='lat' dir='ltr'>quid</span> <span class='ocrx_word' id='word_1_727' title='bbox 3190 4557 3304 4611; x_wconf 90' lang='lat' dir='ltr'>tale</span> <span class='ocrx_word' id='word_1_728' title='bbox 3326 4553 3702 4617; x_wconf 78' lang='lat' dir='ltr'>commiserint,</span> 
     </span>
    </p>
   </div>
   <div class='ocr_carea' id='block_1_50' title="bbox 458 4637 3711 4716">
    <p class='ocr_par' dir='ltr' id='par_1_50' title="bbox 458 4637 3711 4716">
     <span class='ocr_line' id='line_1_50' title="bbox 458 4637 3711 4716; baseline 0 -23"><span class='ocrx_word' id='word_1_729' title='bbox 458 4639 531 4705; x_wconf 93' lang='lat' dir='ltr'>ei,</span> <span class='ocrx_word' id='word_1_730' title='bbox 556 4638 705 4708; x_wconf 89' lang='lat' dir='ltr'>quod</span> <span class='ocrx_word' id='word_1_731' title='bbox 726 4638 861 4702; x_wconf 89' lang='lat' dir='ltr'>vult,</span> <span class='ocrx_word' id='word_1_732' title='bbox 886 4637 1152 4702; x_wconf 89' lang='lat' dir='ltr'>insinuat,</span> <span class='ocrx_word' id='word_1_733' title='bbox 1182 4638 1278 4708; x_wconf 91' lang='lat' dir='ltr'>qui</span> <span class='ocrx_word' id='word_1_734' title='bbox 1301 4655 1425 4692; x_wconf 86' lang='lat' dir='ltr'>mox</span> <span class='ocrx_word' id='word_1_735' title='bbox 1447 4656 1576 4692; x_wconf 91' lang='lat' dir='ltr'>eum</span> <span class='ocrx_word' id='word_1_736' title='bbox 1598 4641 1668 4693; x_wconf 91' lang='lat' dir='ltr'>ad</span> <span class='ocrx_word' id='word_1_737' title='bbox 1687 4641 2054 4697; x_wconf 83' lang='lat' dir='ltr'>infirmariam</span> <span class='ocrx_word' id='word_1_738' title='bbox 2139 4663 2172 4699; x_wconf 90' lang='lat' dir='ltr'>a</span> <span class='ocrx_word' id='word_1_739' title='bbox 2195 4645 2447 4715; x_wconf 90' lang='lat' dir='ltr'>judiciali</span> <span class='ocrx_word' id='word_1_740' title='bbox 2473 4645 2753 4699; x_wconf 88' lang='lat' dir='ltr'>sententia</span> <span class='ocrx_word' id='word_1_741' title='bbox 2775 4645 3056 4699; x_wconf 91' lang='lat' dir='ltr'>immunes</span> <span class='ocrx_word' id='word_1_742' title='bbox 3081 4661 3191 4699; x_wconf 92' lang='lat' dir='ltr'>non</span> <span class='ocrx_word' id='word_1_743' title='bbox 3214 4652 3402 4709; x_wconf 91' lang='lat' dir='ltr'>erunt,</span> <span class='ocrx_word' id='word_1_744' title='bbox 3428 4652 3483 4699; x_wconf 92' lang='lat' dir='ltr'>et</span> <span class='ocrx_word' id='word_1_745' title='bbox 3511 4648 3711 4716; x_wconf 90' lang='lat' dir='ltr'>propter</span> 
     </span>
    </p>
   </div>
   <div class='ocr_carea' id='block_1_51' title="bbox 461 4726 3711 4805">
    <p class='ocr_par' dir='ltr' id='par_1_51' title="bbox 461 4726 3711 4805">
     <span class='ocr_line' id='line_1_51' title="bbox 461 4726 3711 4805; baseline 0.001 -25"><span class='ocrx_word' id='word_1_746' title='bbox 461 4728 690 4796; x_wconf 86' lang='lat' dir='ltr'>ducens,</span> <span class='ocrx_word' id='word_1_747' title='bbox 715 4726 1028 4780; x_wconf 85' lang='lat' dir='ltr'>infirmario</span> <span class='ocrx_word' id='word_1_748' title='bbox 1058 4743 1284 4780; x_wconf 88' lang='lat' dir='ltr'>causam</span> <span class='ocrx_word' id='word_1_749' title='bbox 1316 4727 1589 4797; x_wconf 86' lang='lat' dir='ltr'>designat,</span> <span class='ocrx_word' id='word_1_750' title='bbox 1615 4747 1715 4800; x_wconf 89' lang='lat' dir='ltr'>pro</span> <span class='ocrx_word' id='word_1_751' title='bbox 1746 4748 1856 4801; x_wconf 91' lang='lat' dir='ltr'>qua</span> <span class='ocrx_word' id='word_1_752' title='bbox 1882 4733 2054 4802; x_wconf 84' lang='lat' dir='ltr'>venit,</span> <span class='ocrx_word' id='word_1_753' title='bbox 2139 4735 2243 4788; x_wconf 92' lang='lat' dir='ltr'>hoc</span> <span class='ocrx_word' id='word_1_754' title='bbox 2292 4735 2562 4805; x_wconf 87' lang='lat' dir='ltr'>magister</span> <span class='ocrx_word' id='word_1_755' title='bbox 2611 4751 2803 4788; x_wconf 88' lang='lat' dir='ltr'>eorum</span> <span class='ocrx_word' id='word_1_756' title='bbox 2851 4734 3093 4804; x_wconf 90' lang='lat' dir='ltr'>aliquem</span> <span class='ocrx_word' id='word_1_757' title='bbox 3143 4735 3511 4805; x_wconf 76' lang='lat' dir='ltr'>provectioris</span> <span class='ocrx_word' id='word_1_758' title='bbox 3553 4730 3711 4786; x_wconf 66' lang='lat' dir='ltr'>aetatis</span> 
     </span>
    </p>
   </div>
   <div class='ocr_carea' id='block_1_52' title="bbox 461 4815 3707 4894">
    <p class='ocr_par' dir='ltr' id='par_1_52' title="bbox 461 4815 3707 4894">
     <span class='ocr_line' id='line_1_52' title="bbox 461 4815 3707 4894; baseline 0.001 -25"><span class='ocrx_word' id='word_1_759' title='bbox 461 4821 519 4869; x_wconf 90' lang='lat' dir='ltr'>et</span> <span class='ocrx_word' id='word_1_760' title='bbox 555 4816 752 4870; x_wconf 90' lang='lat' dir='ltr'>eodem</span> <span class='ocrx_word' id='word_1_761' title='bbox 783 4815 955 4869; x_wconf 87' lang='lat' dir='ltr'>fratre</span> <span class='ocrx_word' id='word_1_762' title='bbox 1000 4815 1079 4870; x_wconf 90' lang='lat' dir='ltr'>ibi</span> <span class='ocrx_word' id='word_1_763' title='bbox 1121 4816 1372 4880; x_wconf 90' lang='lat' dir='ltr'>dimisso,</span> <span class='ocrx_word' id='word_1_764' title='bbox 1407 4817 1524 4888; x_wconf 87' lang='lat' dir='ltr'>ipse</span> <span class='ocrx_word' id='word_1_765' title='bbox 1553 4819 1620 4872; x_wconf 92' lang='lat' dir='ltr'>ad</span> <span class='ocrx_word' id='word_1_766' title='bbox 1654 4820 1856 4875; x_wconf 90' lang='lat' dir='ltr'>lectum</span> <span class='ocrx_word' id='word_1_767' title='bbox 1885 4823 2052 4878; x_wconf 70' lang='lat' dir='ltr'>redit.</span> <span class='ocrx_word' id='word_1_768' title='bbox 2141 4824 2372 4877; x_wconf 87' lang='lat' dir='ltr'>fratrem</span> <span class='ocrx_word' id='word_1_769' title='bbox 2408 4823 2482 4876; x_wconf 92' lang='lat' dir='ltr'>ibi</span> <span class='ocrx_word' id='word_1_770' title='bbox 2508 4822 2678 4877; x_wconf 89' lang='lat' dir='ltr'>habet</span> <span class='ocrx_word' id='word_1_771' title='bbox 2697 4840 2903 4888; x_wconf 89' lang='lat' dir='ltr'>secum,</span> <span class='ocrx_word' id='word_1_772' title='bbox 2939 4823 3034 4893; x_wconf 91' lang='lat' dir='ltr'>qui</span> <span class='ocrx_word' id='word_1_773' title='bbox 3057 4823 3113 4877; x_wconf 93' lang='lat' dir='ltr'>in</span> <span class='ocrx_word' id='word_1_774' title='bbox 3138 4823 3218 4877; x_wconf 92' lang='lat' dir='ltr'>eis</span> <span class='ocrx_word' id='word_1_775' title='bbox 3241 4823 3517 4894; x_wconf 86' lang='lat' dir='ltr'>judicium</span> <span class='ocrx_word' id='word_1_776' title='bbox 3543 4821 3707 4884; x_wconf 87' lang='lat' dir='ltr'>faciat,</span> 
     </span>
    </p>
   </div>
   <div class='ocr_carea' id='block_1_53' title="bbox 458 4902 3133 4982">
    <p class='ocr_par' dir='ltr' id='par_1_53' title="bbox 458 4902 3133 4982">
     <span class='ocr_line' id='line_1_53' title="bbox 458 4902 3133 4982; baseline 0.004 -27"><span class='ocrx_word' id='word_1_777' title='bbox 458 4902 559 4956; x_wconf 92' lang='lat' dir='ltr'>Ille</span> <span class='ocrx_word' id='word_1_778' title='bbox 580 4907 767 4956; x_wconf 89' lang='lat' dir='ltr'>autem</span> <span class='ocrx_word' id='word_1_779' title='bbox 790 4902 849 4956; x_wconf 89' lang='lat' dir='ltr'>in</span> <span class='ocrx_word' id='word_1_780' title='bbox 869 4902 1033 4968; x_wconf 90' lang='lat' dir='ltr'>lecto,</span> <span class='ocrx_word' id='word_1_781' title='bbox 1052 4918 1216 4972; x_wconf 88' lang='lat' dir='ltr'>quem</span> <span class='ocrx_word' id='word_1_782' title='bbox 1245 4902 1590 4960; x_wconf 83' lang='lat' dir='ltr'>intirmarius</span> <span class='ocrx_word' id='word_1_783' title='bbox 1611 4906 1662 4960; x_wconf 89' lang='lat' dir='ltr'>ei</span> <span class='ocrx_word' id='word_1_784' title='bbox 1684 4907 2053 4975; x_wconf 88' lang='lat' dir='ltr'>demonstrat,</span> <span class='ocrx_word' id='word_1_785' title='bbox 2142 4911 2250 4966; x_wconf 91' lang='lat' dir='ltr'>nisi</span> <span class='ocrx_word' id='word_1_786' title='bbox 2288 4912 2453 4966; x_wconf 89' lang='lat' dir='ltr'>alicui</span> <span class='ocrx_word' id='word_1_787' title='bbox 2482 4912 2688 4966; x_wconf 91' lang='lat' dir='ltr'>novitio</span> <span class='ocrx_word' id='word_1_788' title='bbox 2720 4912 2824 4966; x_wconf 92' lang='lat' dir='ltr'>hoc</span> <span class='ocrx_word' id='word_1_789' title='bbox 2855 4912 3133 4982; x_wconf 90' lang='lat' dir='ltr'>injungat.</span> 
     </span>
    </p>
   </div>
   <div class='ocr_carea' id='block_1_54' title="bbox 458 4992 3712 5071">
    <p class='ocr_par' dir='ltr' id='par_1_54' title="bbox 458 4992 3712 5071">
     <span class='ocr_line' id='line_1_54' title="bbox 458 4992 3712 5071; baseline 0.001 -25"><span class='ocrx_word' id='word_1_790' title='bbox 458 5000 519 5046; x_wconf 86' lang='lat' dir='ltr'>se</span> <span class='ocrx_word' id='word_1_791' title='bbox 550 4992 846 5059; x_wconf 88' lang='lat' dir='ltr'>collocans,</span> <span class='ocrx_word' id='word_1_792' title='bbox 877 5009 1004 5046; x_wconf 92' lang='lat' dir='ltr'>cum</span> <span class='ocrx_word' id='word_1_793' title='bbox 1056 4992 1294 5046; x_wconf 82' lang='lat' dir='ltr'>infirmis</span> <span class='ocrx_word' id='word_1_794' title='bbox 1340 4993 1410 5046; x_wconf 92' lang='lat' dir='ltr'>ad</span> <span class='ocrx_word' id='word_1_795' title='bbox 1459 4999 1761 5052; x_wconf 88' lang='lat' dir='ltr'>nocturnos</span> <span class='ocrx_word' id='word_1_796' title='bbox 1801 4998 1971 5064; x_wconf 90' lang='lat' dir='ltr'>venit,</span> <span class='ocrx_word' id='word_1_797' title='bbox 2003 5003 2061 5052; x_wconf 88' lang='lat' dir='ltr'>et</span> <span class='ocrx_word' id='word_1_798' title='bbox 2213 5001 2448 5064; x_wconf 86' lang='lat' dir='ltr'>Quando</span> <span class='ocrx_word' id='word_1_799' title='bbox 2477 5007 2780 5055; x_wconf 92' lang='lat' dir='ltr'>conventus</span> <span class='ocrx_word' id='word_1_800' title='bbox 2818 5007 2944 5071; x_wconf 91' lang='lat' dir='ltr'>post</span> <span class='ocrx_word' id='word_1_801' title='bbox 2989 5000 3331 5055; x_wconf 84' lang='lat' dir='ltr'>matutinum</span> <span class='ocrx_word' id='word_1_802' title='bbox 3377 5008 3437 5056; x_wconf 85' lang='lat' dir='ltr'>et</span> <span class='ocrx_word' id='word_1_803' title='bbox 3477 5015 3712 5071; x_wconf 84' lang='lat' dir='ltr'>vesperos</span> 
     </span>
    </p>
   </div>
   <div class='ocr_carea' id='block_1_55' title="bbox 455 5081 3711 5160">
    <p class='ocr_par' dir='ltr' id='par_1_55' title="bbox 455 5081 3711 5160">
     <span class='ocr_line' id='line_1_55' title="bbox 455 5081 3711 5160; baseline 0.001 -24"><span class='ocrx_word' id='word_1_804' title='bbox 455 5082 701 5137; x_wconf 89' lang='lat' dir='ltr'>diluculo</span> <span class='ocrx_word' id='word_1_805' title='bbox 731 5099 830 5153; x_wconf 91' lang='lat' dir='ltr'>per</span> <span class='ocrx_word' id='word_1_806' title='bbox 859 5081 1230 5135; x_wconf 86' lang='lat' dir='ltr'>infirmarium</span> <span class='ocrx_word' id='word_1_807' title='bbox 1262 5081 1489 5136; x_wconf 90' lang='lat' dir='ltr'>licentia</span> <span class='ocrx_word' id='word_1_808' title='bbox 1516 5083 1758 5140; x_wconf 89' lang='lat' dir='ltr'>abeundi</span> <span class='ocrx_word' id='word_1_809' title='bbox 1809 5105 1843 5140; x_wconf 90' lang='lat' dir='ltr'>a</span> <span class='ocrx_word' id='word_1_810' title='bbox 1871 5088 2056 5158; x_wconf 88' lang='lat' dir='ltr'>priore</span> <span class='ocrx_word' id='word_1_811' title='bbox 2141 5089 2553 5160; x_wconf 89' lang='lat' dir='ltr'>processionem</span> <span class='ocrx_word' id='word_1_812' title='bbox 2602 5089 2735 5143; x_wconf 87' lang='lat' dir='ltr'>facit</span> <span class='ocrx_word' id='word_1_813' title='bbox 2777 5089 2846 5142; x_wconf 90' lang='lat' dir='ltr'>ad</span> <span class='ocrx_word' id='word_1_814' title='bbox 2892 5090 2948 5143; x_wconf 93' lang='lat' dir='ltr'>S.</span> <span class='ocrx_word' id='word_1_815' title='bbox 2981 5090 3237 5155; x_wconf 86' lang='lat' dir='ltr'>Mariam,</span> <span class='ocrx_word' id='word_1_816' title='bbox 3271 5090 3382 5160; x_wconf 88' lang='lat' dir='ltr'>ipsi</span> <span class='ocrx_word' id='word_1_817' title='bbox 3429 5088 3606 5144; x_wconf 87' lang='lat' dir='ltr'>ultimi</span> <span class='ocrx_word' id='word_1_818' title='bbox 3641 5103 3711 5140; x_wconf 87' lang='lat' dir='ltr'>se-</span> 
     </span>
    </p>
   </div>
   <div class='ocr_carea' id='block_1_56' title="bbox 456 5170 3709 5248">
    <p class='ocr_par' dir='ltr' id='par_1_56' title="bbox 456 5170 3709 5248">
     <span class='ocr_line' id='line_1_56' title="bbox 456 5170 3709 5248; baseline 0.001 -24"><span class='ocrx_word' id='word_1_819' title='bbox 456 5170 562 5225; x_wconf 91' lang='lat' dir='ltr'>sibi</span> <span class='ocrx_word' id='word_1_820' title='bbox 592 5171 912 5242; x_wconf 89' lang='lat' dir='ltr'>impetrata,</span> <span class='ocrx_word' id='word_1_821' title='bbox 947 5177 1002 5223; x_wconf 93' lang='lat' dir='ltr'>et</span> <span class='ocrx_word' id='word_1_822' title='bbox 1031 5170 1380 5224; x_wconf 86' lang='lat' dir='ltr'>diurnalibus</span> <span class='ocrx_word' id='word_1_823' title='bbox 1401 5172 1470 5225; x_wconf 88' lang='lat' dir='ltr'>de</span> <span class='ocrx_word' id='word_1_824' title='bbox 1495 5173 1823 5229; x_wconf 90' lang='lat' dir='ltr'>dormitorio</span> <span class='ocrx_word' id='word_1_825' title='bbox 1846 5177 2052 5247; x_wconf 87' lang='lat' dir='ltr'>allatis,</span> <span class='ocrx_word' id='word_1_826' title='bbox 2141 5183 2409 5248; x_wconf 89' lang='lat' dir='ltr'>quuntur,</span> <span class='ocrx_word' id='word_1_827' title='bbox 2461 5183 2518 5232; x_wconf 94' lang='lat' dir='ltr'>et</span> <span class='ocrx_word' id='word_1_828' title='bbox 2548 5178 2837 5232; x_wconf 90' lang='lat' dir='ltr'>ecclesiam</span> <span class='ocrx_word' id='word_1_829' title='bbox 2879 5194 2991 5232; x_wconf 90' lang='lat' dir='ltr'>non</span> <span class='ocrx_word' id='word_1_830' title='bbox 3035 5178 3266 5240; x_wconf 87' lang='lat' dir='ltr'>intrant,</span> <span class='ocrx_word' id='word_1_831' title='bbox 3301 5179 3400 5233; x_wconf 91' lang='lat' dir='ltr'>sed</span> <span class='ocrx_word' id='word_1_832' title='bbox 3439 5183 3709 5233; x_wconf 83' lang='lat' dir='ltr'>exeuntem</span> 
     </span>
    </p>
   </div>
   <div class='ocr_carea' id='block_1_57' title="bbox 455 5259 3710 5338">
    <p class='ocr_par' dir='ltr' id='par_1_57' title="bbox 455 5259 3710 5338">
     <span class='ocr_line' id='line_1_57' title="bbox 455 5259 3710 5338; baseline 0.001 -25"><span class='ocrx_word' id='word_1_833' title='bbox 455 5265 711 5332; x_wconf 88' lang='lat' dir='ltr'>tempore</span> <span class='ocrx_word' id='word_1_834' title='bbox 742 5277 852 5330; x_wconf 86' lang='lat' dir='ltr'>quo</span> <span class='ocrx_word' id='word_1_835' title='bbox 881 5265 938 5313; x_wconf 88' lang='lat' dir='ltr'>et</span> <span class='ocrx_word' id='word_1_836' title='bbox 967 5259 1202 5329; x_wconf 90' lang='lat' dir='ltr'>quilibet</span> <span class='ocrx_word' id='word_1_837' title='bbox 1233 5259 1507 5328; x_wconf 83' lang='lat' dir='ltr'>infirmus,</span> <span class='ocrx_word' id='word_1_838' title='bbox 1541 5261 1610 5316; x_wconf 90' lang='lat' dir='ltr'>de</span> <span class='ocrx_word' id='word_1_839' title='bbox 1656 5263 1965 5319; x_wconf 84' lang='lat' dir='ltr'>infirmaria</span> <span class='ocrx_word' id='word_1_840' title='bbox 1995 5266 2052 5320; x_wconf 92' lang='lat' dir='ltr'>in</span> <span class='ocrx_word' id='word_1_841' title='bbox 2136 5267 2286 5322; x_wconf 86' lang='lat' dir='ltr'>foras</span> <span class='ocrx_word' id='word_1_842' title='bbox 2339 5267 2393 5320; x_wconf 89' lang='lat' dir='ltr'>in</span> <span class='ocrx_word' id='word_1_843' title='bbox 2444 5267 2687 5338; x_wconf 88' lang='lat' dir='ltr'>capitulo</span> <span class='ocrx_word' id='word_1_844' title='bbox 2731 5273 3060 5321; x_wconf 90' lang='lat' dir='ltr'>conventum</span> <span class='ocrx_word' id='word_1_845' title='bbox 3111 5273 3454 5338; x_wconf 82' lang='lat' dir='ltr'>exspectant,</span> <span class='ocrx_word' id='word_1_846' title='bbox 3501 5274 3555 5322; x_wconf 92' lang='lat' dir='ltr'>et</span> <span class='ocrx_word' id='word_1_847' title='bbox 3592 5271 3710 5319; x_wconf 90' lang='lat' dir='ltr'>tunc</span> 
     </span>
    </p>
   </div>
   <div class='ocr_carea' id='block_1_58' title="bbox 453 5348 3711 5427">
    <p class='ocr_par' dir='ltr' id='par_1_58' title="bbox 453 5348 3711 5427">
     <span class='ocr_line' id='line_1_58' title="bbox 453 5348 3711 5427; baseline 0 -21"><span class='ocrx_word' id='word_1_848' title='bbox 453 5355 789 5403; x_wconf 85' lang='lat' dir='ltr'>conventum</span> <span class='ocrx_word' id='word_1_849' title='bbox 821 5348 984 5402; x_wconf 81' lang='lat' dir='ltr'>redit.</span> <span class='ocrx_word' id='word_1_850' title='bbox 2135 5354 2394 5426; x_wconf 89' lang='lat' dir='ltr'>proprius</span> <span class='ocrx_word' id='word_1_851' title='bbox 2421 5357 2764 5421; x_wconf 88' lang='lat' dir='ltr'>accedentes,</span> <span class='ocrx_word' id='word_1_852' title='bbox 2786 5361 2938 5410; x_wconf 90' lang='lat' dir='ltr'>stant</span> <span class='ocrx_word' id='word_1_853' title='bbox 2959 5373 3058 5427; x_wconf 90' lang='lat' dir='ltr'>per</span> <span class='ocrx_word' id='word_1_854' title='bbox 3077 5357 3335 5410; x_wconf 88' lang='lat' dir='ltr'>ordinem</span> <span class='ocrx_word' id='word_1_855' title='bbox 3361 5355 3606 5410; x_wconf 88' lang='lat' dir='ltr'>inclinati</span> <span class='ocrx_word' id='word_1_856' title='bbox 3629 5353 3711 5407; x_wconf 90' lang='lat' dir='ltr'>ad-</span> 
     </span>
    </p>
   </div>
   <div class='ocr_carea' id='block_1_59' title="bbox 527 5435 3707 5517">
    <p class='ocr_par' dir='ltr' id='par_1_59' title="bbox 527 5435 3707 5517">
     <span class='ocr_line' id='line_1_59' title="bbox 527 5435 3707 5517; baseline 0.002 -28"><span class='ocrx_word' id='word_1_857' title='bbox 527 5435 596 5489; x_wconf 89' lang='lat' dir='ltr'>Et</span> <span class='ocrx_word' id='word_1_858' title='bbox 623 5442 690 5489; x_wconf 91' lang='lat' dir='ltr'>ut</span> <span class='ocrx_word' id='word_1_859' title='bbox 717 5436 944 5490; x_wconf 89' lang='lat' dir='ltr'>redeam</span> <span class='ocrx_word' id='word_1_860' title='bbox 978 5435 1048 5489; x_wconf 90' lang='lat' dir='ltr'>ad</span> <span class='ocrx_word' id='word_1_861' title='bbox 1099 5438 1425 5492; x_wconf 89' lang='lat' dir='ltr'>nocturnale</span> <span class='ocrx_word' id='word_1_862' title='bbox 1457 5445 1679 5510; x_wconf 91' lang='lat' dir='ltr'>tempus</span> <span class='ocrx_word' id='word_1_863' title='bbox 1722 5458 1831 5512; x_wconf 93' lang='lat' dir='ltr'>quo</span> <span class='ocrx_word' id='word_1_864' title='bbox 1877 5442 2052 5498; x_wconf 90' lang='lat' dir='ltr'>frater</span> <span class='ocrx_word' id='word_1_865' title='bbox 2127 5446 2322 5515; x_wconf 88' lang='lat' dir='ltr'>juncto</span> <span class='ocrx_word' id='word_1_866' title='bbox 2376 5445 2666 5515; x_wconf 87' lang='lat' dir='ltr'>magistro,</span> <span class='ocrx_word' id='word_1_867' title='bbox 2711 5461 2889 5517; x_wconf 91' lang='lat' dir='ltr'>usque</span> <span class='ocrx_word' id='word_1_868' title='bbox 2942 5446 3076 5499; x_wconf 88' lang='lat' dir='ltr'>dum</span> <span class='ocrx_word' id='word_1_869' title='bbox 3133 5462 3328 5499; x_wconf 91' lang='lat' dir='ltr'>omnes</span> <span class='ocrx_word' id='word_1_870' title='bbox 3380 5444 3707 5500; x_wconf 85' lang='lat' dir='ltr'>transierint.</span> 
     </span>
    </p>
   </div>
   <div class='ocr_carea' id='block_1_60' title="bbox 453 5522 3709 5608">
    <p class='ocr_par' dir='ltr' id='par_1_60' title="bbox 453 5522 3709 5608">
     <span class='ocr_line' id='line_1_60' title="bbox 453 5522 3709 5608; baseline 0.003 -31"><span class='ocrx_word' id='word_1_871' title='bbox 453 5522 610 5580; x_wconf 90' lang='lat' dir='ltr'>sitire</span> <span class='ocrx_word' id='word_1_872' title='bbox 635 5525 887 5598; x_wconf 89' lang='lat' dir='ltr'>coeperit,</span> <span class='ocrx_word' id='word_1_873' title='bbox 918 5525 965 5581; x_wconf 89' lang='lat' dir='ltr'>si</span> <span class='ocrx_word' id='word_1_874' title='bbox 995 5531 1180 5598; x_wconf 85' lang='lat' dir='ltr'>potest</span> <span class='ocrx_word' id='word_1_875' title='bbox 1212 5526 1519 5598; x_wconf 87' lang='lat' dir='ltr'>perdurare</span> <span class='ocrx_word' id='word_1_876' title='bbox 1550 5545 1727 5601; x_wconf 86' lang='lat' dir='ltr'>usque</span> <span class='ocrx_word' id='word_1_877' title='bbox 1755 5530 1888 5586; x_wconf 90' lang='lat' dir='ltr'>dum</span> <span class='ocrx_word' id='word_1_878' title='bbox 1914 5547 2048 5587; x_wconf 92' lang='lat' dir='ltr'>con-</span> <span class='ocrx_word' id='word_1_879' title='bbox 2132 5533 2368 5601; x_wconf 87' lang='lat' dir='ltr'>Quando</span> <span class='ocrx_word' id='word_1_880' title='bbox 2396 5540 2586 5591; x_wconf 87' lang='lat' dir='ltr'>autem</span> <span class='ocrx_word' id='word_1_881' title='bbox 2615 5539 2749 5590; x_wconf 85' lang='lat' dir='ltr'>sunt</span> <span class='ocrx_word' id='word_1_882' title='bbox 2784 5534 3067 5608; x_wconf 88' lang='lat' dir='ltr'>pransuri,</span> <span class='ocrx_word' id='word_1_883' title='bbox 3100 5541 3231 5591; x_wconf 89' lang='lat' dir='ltr'>ante</span> <span class='ocrx_word' id='word_1_884' title='bbox 3258 5539 3592 5592; x_wconf 84' lang='lat' dir='ltr'>conventuin</span> <span class='ocrx_word' id='word_1_885' title='bbox 3625 5547 3709 5588; x_wconf 80' lang='lat' dir='ltr'>ex-</span> 
     </span>
    </p>
   </div>
  </div>
