3908 6168
194 289 307 351 1001

1211 285 1631 347 CONSTITUT.
1672 283 2023 347 HIRSAUG.
2059 321 2128 333 —
2166 290 2303 349 LIB.
2344 293 2390 350 Ι.

3310 291 3448 360 1002

191 421 309 473 eunt
344 415 418 470 de
444 414 696 481 ecclesia,
742 417 800 469 et
838 412 968 468 lotis
999 412 1258 467 manibus
1303 430 1335 468 a
1384 414 1654 469 lavatorio
1676 415 1963 476 squrim
1993 420 2334 488 exspectant,
2366 416 2542 473 donec
2581 419 2779 476 eodem
2810 421 3079 493 magistro
3121 422 3183 480 in
3211 441 3449 482 conven-

189 511 418 577 pergunt
446 504 516 558 ad
547 502 866 575 coquinum,
908 507 971 556 ut
993 502 1203 573 singuli
1231 502 1386 556 fabas
1415 519 1545 557 suas
1566 520 1771 575 apporo

188 599 313 650 teut.
338 594 430 647 Ad
459 594 724 665 generale
745 608 967 665 quoque
996 592 1407 662 apportandum
1439 598 1495 647 et
1513 593 1771 663 pulmen-

190 690 314 748 tum,
345 687 439 737 tot
466 688 707 753 surgunt
754 687 889 753 quot
928 697 1069 752 opus
1108 681 1294 747 fuerit,
1329 687 1383 735 et
1414 681 1505 735 ille
1535 681 1774 736 voluerit

190 773 273 844 qui
299 772 354 825 in
384 771 508 826 loco
537 772 618 825 eis
649 770 927 825 cellerarii
969 770 1166 827 servit.
1219 772 1338 824 lloc
1375 778 1461 825 est
1488 771 1655 825 etiam
1690 771 1771 825 eis

191 861 604 926 observandum,
652 866 718 915 ut
753 860 1128 931 pulsationem
1156 860 1325 914 scillae
1354 877 1468 914 suta
1506 860 1584 914 ita
1617 876 1772 914 com-

190 950 329 1004 muni
376 950 618 1004 fratrum
665 954 973 1020 coazquent,
1008 954 1071 1003 ut
1118 965 1231 1003 non
1276 949 1432 1020 prius
1478 949 1769 1020 incipiant,

191 1039 274 1094 sed
301 1044 496 1093 tamen
527 1039 691 1093 citius
718 1038 948 1096 ﬁniant.
996 1040 1143 1092 Ante
1181 1038 1540 1092 refectionem
1583 1044 1771 1092 autem

193 1144 321 1183 unus
349 1144 551 1182 eorum
582 1127 786 1181 librum
808 1126 1092 1198 accipit,et
1113 1127 1307 1181 tandiu
1329 1127 1466 1198 legit
1482 1144 1774 1197 quousque

193 1234 303 1272 eum
330 1217 607 1287 magister
650 1232 844 1270 eorum
877 1215 1183 1288 praesidens
1210 1216 1280 1270 ad
1311 1216 1524 1270 scillam
1555 1233 1776 1271 cessare

191 1304 349 1376 jubet.
379 1305 490 1369 Qui
520 1320 649 1359 cum
675 1305 891 1359 caeteris
920 1304 1266 1358 manducent
1287 1305 1449 1375 juxta
1487 1305 1653 1358 ﬁnem
1685 1322 1776 1359 re—

197 1393 441 1449 fectionis
472 1394 676 1448 iterum
726 1393 907 1464 surgit
944 1401 1001 1448 et
1039 1410 1238 1465 parum
1279 1393 1435 1464 legit,
1468 1400 1525 1448 et
1555 1410 1679 1448 cum
1715 1400 1774 1448 tu

194 1490 358 1539 autem
391 1484 644 1551 Domine,
676 1483 970 1538 lectionem
1003 1483 1152 1539 ﬁnit.
1195 1482 1295 1537 llis
1323 1488 1510 1536 autem
1539 1483 1777 1554 aliisque

193 1573 372 1639 modis,
421 1578 593 1644 prout
617 1578 870 1644 possunt,
907 1589 1028 1626 eam
1078 1572 1374 1626 imitantur
1400 1571 1774 1643 disciplinam,

196 1678 346 1733 quam
379 1678 488 1715 nos
520 1662 579 1715 in
610 1661 905 1716 refectorio
952 1661 1244 1716 habemus.
1302 1661 1407 1716 Sed
1460 1666 1518 1715 et
1562 1661 1666 1715 hoc
1696 1661 1777 1716 eis

1852 508 1974 558 tum
2006 505 2298 569 redeunte,
2332 510 2390 560 et
2420 507 2662 579 capitulo
2687 509 3097 580 aliquantulum
3140 518 3444 584 protracto,

1854 594 2094 649 domnus
2126 594 2298 649 abbas
2335 595 2499 666 jubet
2551 614 2646 651 eos
2689 599 2759 652 ad
2796 599 2946 653 idem
2986 601 3296 672 capitulum
3339 604 3447 660 sibi

1853 683 2262 754 repraesentari.
2299 688 2430 754 (υυ.)
2462 686 2765 741 Venientes
2795 693 2984 743 autem
3015 695 3073 743 et
3101 691 3319 746 veniam
3346 708 3447 764 pe-

1854 776 2036 825 tentes
2067 772 2271 826 iterum
2303 773 2654 844 interrogati,
2688 776 2819 846 quid
2842 778 3044 832 velint?
3074 778 3153 832 ita
3181 781 3449 851 prostrati

1853 861 2215 932 respondent,
2253 862 2399 916 sicut
2427 862 2589 917 initio
2633 865 3002 936 susceptionis
3031 884 3144 922 suae
3177 869 3447 925 fecerunt.

1854 950 1929 1003 At
1983 967 2111 1004 vero
2150 956 2448 1022 postquam
2496 955 2882 1020 surrexerint,
2948 955 3153 1010 iterum
3208 958 3449 1015 domnus

1855 1038 2046 1103 abbas,
2079 1046 2142 1094 ut
2170 1040 2347 1112 prius,
2389 1040 2681 1112 aliquanta
2730 1044 2980 1098 insinuat
3009 1045 3078 1099 de
3117 1048 3449 1104 austeritate

1855 1128 2131 1197 regularis
2179 1129 2508 1201 disciplinae,
2541 1136 2598 1185 et
2644 1132 2794 1185 inter
2839 1139 3041 1195 caetera
3069 1151 3178 1189 non
3210 1137 3445 1204 reticet;

1857 1217 2057 1271 melius
2087 1235 2227 1285 esse,
2271 1225 2337 1273 ut
2385 1219 2505 1273 sine
2553 1219 2940 1276 benedictione
2970 1222 3038 1276 ad
3070 1224 3337 1279 saeculum
3365 1242 3451 1281 re-

1859 1306 2051 1371 deant,
2080 1324 2247 1377 quam
2295 1313 2521 1379 accepta
2562 1308 2953 1365 benedictione
2982 1328 3093 1365 non
3124 1314 3450 1384 perdurare.

1858 1398 1879 1419 '
1903 1396 2058 1450 Tunc
2087 1396 2130 1450 si
2165 1397 2258 1467 qui
2282 1397 2431 1451 inter
2446 1414 2540 1451 eos
2564 1404 2697 1453 sunt
2724 1400 2886 1470 (quod
2906 1400 3076 1471 absit)
3088 1401 3182 1473 qui
3197 1408 3451 1473 perstare

1857 1484 2073 1551 nolunt,
2110 1486 2378 1556 magister
2406 1503 2601 1541 eorum
2626 1487 2686 1541 in
2718 1488 2856 1542 cella
2878 1489 3126 1560 ipsorum
3149 1498 3313 1546 exuet
3332 1509 3448 1560 eos,

1857 1579 1913 1627 et
1942 1574 2023 1627 sic
2052 1574 2285 1628 redditis
2306 1574 2558 1646 pristinis
2585 1577 2933 1632 vestimentis
2952 1579 3068 1633 suis
3088 1580 3288 1635 illmsos
3304 1580 3454 1636 sinet

1858 1659 2015 1715 abire
2050 1681 2061 1716 :
2097 1661 2191 1733 qui
2237 1662 2427 1716 statim
2462 1663 2531 1716 ad
2563 1663 2732 1733 pedes
2763 1665 2885 1735 ejus
2934 1666 3219 1721 venientes
3248 1667 3363 1722 bini
3395 1674 3454 1724 et

201 1751 495 1818 sciendum,
527 1751 674 1823 quod
704 1757 833 1823 post
851 1751 1207 1805 refectorium
1226 1750 1300 1803 ibi
1328 1750 1388 1805 in
1416 1750 1557 1805 cella
1575 1750 1779 1804 debent
1799 1740 1995 1813 Bbini,
2027 1756 2083 1805 et
2112 1751 2158 1805 si
2185 1757 2299 1806 tres
2330 1753 2724 1820 remanserint,
2772 1754 2829 1807 hi
2858 1755 3027 1811 simul
3060 1756 3131 1811 ad
3155 1757 3326 1827 pedes
3354 1774 3449 1812 ve-

198 1841 341 1895 ﬁnire
361 1839 579 1912 absque
600 1841 816 1911 psalmo
845 1858 1066 1895 versum
1097 1840 1196 1907 sic,
1228 1845 1291 1894 ut
1310 1839 1465 1911 prius
1494 1840 1564 1894 ad
1594 1840 1778 1894 locum
1859 1838 2041 1905 niunt,
2075 1839 2267 1910 sicque
2315 1847 2579 1895 exeuntes
2619 1841 2688 1895 de
2726 1843 2969 1914 capitulo
3013 1845 3315 1916 diligenter
3362 1846 3452 1900 in-

194 1928 559 1983 inclinationis
604 1929 831 1984 veniant
878 1946 1048 2001 quam
1101 1934 1406 1984 conventus
1444 1928 1513 1982 de
1543 1928 1780 1982 refecto-
1860 1933 2159 1982 struuntur
2187 1928 2318 1999 quid
2352 1929 2411 1983 in
2440 1929 2560 2001 ipsa
2575 1928 2980 1986 benedictionis
3004 1934 3325 2005 acceptione
3353 1936 3455 1990 de-

196 2017 269 2072 rio
296 2023 571 2073 transeat.
604 2018 711 2083 Qui
739 2019 996 2073 videlicet
1016 2019 1237 2073 locutus
1264 2022 1350 2072 est
1376 2022 1507 2072 ante
1538 2018 1775 2072 refecto-
1861 2015 2031 2070 beant
2058 2033 2241 2087 agere.
2278 2018 2357 2071 Eo
2403 2018 2494 2072 die
2527 2035 2639 2090 quo
2693 2020 3048 2088 ordinantur,
3086 2023 3155 2077 ad
3203 2024 3455 2095 singulas

200 2106 350 2172 rium,
380 2105 481 2161 ubi
512 2111 636 2177 post
661 2106 911 2178 singulas
946 2106 1275 2161 refectiones
1299 2105 1504 2160 debent
1528 2106 1777 2161 inclinati
1859 2104 2028 2159 horas
2057 2106 2307 2177 psalmus
2334 2107 2541 2173 Levavi,
2573 2108 2619 2162 si
2650 2107 2890 2164 domnus
2915 2110 3086 2166 abbas
3114 2112 3185 2166 ad
3209 2130 3456 2183 praesens

199 2200 352 2261 stare,
387 2202 449 2250 et
479 2196 722 2250 ordinati
751 2196 822 2251 ab
849 2195 991 2251 ostio
1036 2196 1315 2251 refectorii
1344 2212 1523 2266 usque
1550 2195 1619 2249 ad
1644 2212 1777 2266 gra-
1856 2194 2116 2263 jusserit,
2153 2211 2252 2266 pro
2291 2195 2371 2249 eis
2418 2201 2697 2265 cantatur,
2729 2203 2787 2253 et
2825 2198 2935 2270 ipsi
2979 2206 3211 2274 propter
3254 2201 3359 2257 hoc
3384 2202 3456 2256 ad

198 2284 319 2339 dum
345 2286 668 2340 dormitorii
691 2291 966 2340 conventu
993 2286 1062 2340 de
1090 2284 1382 2340 refectorio
1412 2290 1667 2352 exeunte,
1699 2283 1780 2338 si-
1862 2283 2031 2354 pedes
2061 2285 2184 2356 ejus
2216 2282 2532 2339 volvuntur.

198 2373 417 2445 milique
447 2380 580 2428 ante
606 2391 700 2429 eos
729 2374 1113 2440 inclinatione,
1136 2378 1484 2429 transeunte.
1517 2373 1694 2438 Quem
1725 2378 1783 2427 et
2400 2373 2639 2430 CAPUT
2681 2375 2921 2431 LXXIV.

196 2462 291 2533 ipsi
318 2463 743 2535 subsequuntur
774 2463 943 2518 simul
971 2469 1264 2518 cantantes
1279 2464 1577 2535 psalmum,
1612 2479 1777 2534 quem
2230 2464 2307 2517 Dc
2337 2463 2704 2516 benedictione
2735 2467 3096 2520 novitiorum.

198 2551 344 2623 prius
370 2552 874 2624 praetermiserunt.
1936 2552 2069 2618 (1:1).)
2095 2551 2229 2605 Post
2277 2551 2626 2621 evangelium
2670 2553 2901 2623 majoris
2945 2555 3128 2611 missae
3176 2574 3303 2612 mox
3350 2558 3459 2614 rite

260 2640 602 2712 Quocunque
647 2646 838 2696 autem
879 2640 1089 2696 habent
1129 2642 1341 2714 pariter
1370 2643 1472 2707 ire,
1516 2638 1811 2713 magister'
1865 2638 2177 2693 benedictio
2208 2645 2294 2694 est
2324 2640 2564 2710 agenda,
2589 2640 2770 2694 ethoc
2800 2643 2963 2696 modo
2991 2643 3460 2702 inchoanda.Sin-

200 2745 286 2784 eos
313 2729 483 2784 debet
505 2732 835 2801 praecedere,
878 2737 935 2785 et
972 2748 1099 2786 cum
1139 2731 1540 2786 inclinantibus
1577 2731 1782 2802 ubique
1863 2729 2012 2798 gulis
2044 2730 2313 2800 scriptum
2344 2734 2448 2796 cst,
2491 2729 2769 2799 quomodo
2808 2733 3178 2800 proﬁteantur
3201 2736 3347 2806 quod
3375 2742 3462 2791 est

200 2820 401 2889 pariter
444 2819 735 2874 inclinare.
787 2820 845 2874 Si
892 2820 1018 2891 quis
1059 2837 1256 2875 eorum
1307 2822 1376 2875 de
1438 2820 1671 2875 ecclesia
1711 2819 1781 2874 ad
1865 2818 2203 2888 hujusmodi.
2235 2819 2343 2885 Ego
2371 2820 2551 2886 frater
2581 2820 2669 2873 [ιι.
2726 2822 2988 2886 promitto
3024 2824 3381 2880 stabilitatem
3409 2830 3461 2881 et

203 2909 385 2963 cellam
408 2909 665 2980 ipsorum
690 2908 774 2964 ire
798 2909 1055 2977 voluerit,
1088 2927 1198 2965 non
1230 2910 1537 2982 przesumit,
1565 2908 1675 2963 nisi
1700 2908 1786 2962 vel
1868 2910 2273 2961 conversionem
2299 2923 2519 2960 morum
2547 2914 2869 2973 meormn,et
2894 2910 3255 2967 obedientiam
3273 2930 3463 2969 secun-

200 3013 301 3052 uno
329 2999 481 3052 socio
511 3014 700 3053 secum
729 3004 1041 3069 assumpto,
1075 3004 1150 3063 et,
1180 2998 1227 3052 si
1251 3015 1360 3055 nox
1391 3004 1496 3065 est,
1528 3015 1641 3052 non
1665 2998 1785 3051 sine
1810 3055 1848 3069 Α
1870 2997 2005 3049 (tum
2040 2998 2290 3063 regulam
2323 2998 2506 3049 sancti
2532 2997 2805 3050 Benedicti
2826 3014 3011 3051 coram
3043 3000 3146 3054 Deo
3180 3005 3229 3054 et
3254 3006 3461 3058 sanctis

205 3086 422 3141 lumine.
456 3087 542 3143 Ad
591 3087 945 3142 collationem
976 3088 1216 3142 fratrum
1245 3088 1582 3142 conveniunt
1612 3104 1626 3152 ;
1655 3087 1784 3141 inde

206 3183 462 3247 surgente
501 3182 797 3244 conventu,
837 3176 946 3247 ipsi
1001 3176 1237 3231 inclines
1292 3182 1446 3231 stant
1480 3177 1540 3231 in
1588 3176 1784 3231 eodem

201 3262 312 3320 loco
340 3264 436 3320 ubi
467 3264 752 3333 sederunt,
778 3282 955 3337 usque
982 3266 1116 3320 dum
1149 3282 1344 3321 omnes
1372 3269 1782 3337 pertranseant.

203 3352 430 3417 Quando
462 3353 559 3408 alii
598 3354 668 3409 ad
709 3355 1061 3421 mandatum,
1100 3355 1185 3409 vel
1236 3355 1380 3409 intra
1432 3354 1786 3412 collationem

205 3440 410 3509 bibunt,
420 3443 530 3515 ipsi
553 3443 611 3498 in
631 3444 826 3497 cellam
839 3460 999 3498 suam
1024 3443 1362 3498 divertentes
1384 3444 1531 3498 idem
1552 3443 1783 3497 faciunt.

208 3532 343 3586 Sane
372 3533 522 3587 sicut
539 3538 675 3586 sunt
714 3532 1014 3586 novissime
1057 3532 1346 3586 ecclesiam
1388 3531 1673 3596 intraturi,
1708 3531 1787 3585 sic

205 3637 415 3693 quoque
436 3627 568 3693 post
600 3621 979 3693 aspersionem
998 3638 1156 3692 aqua:
1182 3620 1488 3675 benedictae
1501 3620 1787 3675 novissimi

200 3717 324 3764 sunt
350 3710 576 3765 exituri.
606 3711 827 3775 Quanto
848 3716 1102 3782 tempore
1150 3716 1282 3765 sunt
1315 3710 1539 3792 Spoliati
1568 3709 1788 3780 capitiis

199 3814 305 3853 non
341 3800 576 3871 ponitur
616 3799 887 3854 absconsa
920 3816 1107 3853 coram
1151 3800 1254 3865 eis,
1287 3799 1431 3853 sicut
1465 3815 1565 3853 nec
1590 3799 1646 3851 in
1679 3798 1788 3852 illis

197 3886 410 3944 duabus
456 3889 716 3944 noctibus
758 3895 888 3961 post
923 3894 1245 3955 nocturnos,
1298 3894 1425 3961 post
1449 3887 1785 3943 novitiorum

200 3985 482 4049 acceptam
510 3977 978 4033 benedictionem.
1012 3979 1315 4049 Nunquam
1343 3983 1469 4050 post
1487 3983 1791 4032 nocturnos

195 4082 373 4138 neque
402 4068 473 4122 de
492 4067 758 4138 capitulo,
790 4066 837 4122 si
867 4083 1007 4139 opus
1038 4067 1212 4122 fuerit
1254 4067 1375 4121 sine
1418 4067 1631 4121 lumine.
1658 4066 1791 4121 licet

196 4154 274 4209 eis
290 4157 442 4211 exire
463 4175 477 4224 ;
497 4156 595 4210 sed
612 4172 760 4210 unus
780 4156 878 4228 qui
923 4156 1073 4211 inter
1099 4172 1193 4210 eos
1218 4156 1372 4227 prior
1392 4173 1512 4210 esse
1549 4155 1787 4223 videtur,

195 4260 317 4299 cum
349 4246 577 4301 latema
624 4250 857 4300 czeteros
902 4245 1200 4299 antecedit.
1249 4245 1558 4299 Dominicis
1593 4244 1792 4299 diebus

195 4334 318 4388 aliis
337 4335 411 4389 ad
430 4334 850 4407 processionem
870 4333 1218 4399 exeuntibus,
1239 4334 1343 4405 ipsi
1364 4335 1418 4387 in
1444 4333 1591 4388 exitu
1617 4332 1791 4387 eccle-

1866 3088 1982 3153 ejus
2011 3087 2071 3138 in
2100 3085 2196 3138 hoc
2242 3087 2593 3146 monasterio,
2655 3086 2798 3154 quod
2846 3092 2920 3139 est
2973 3093 3349 3146 constructum
3399 3095 3463 3147 in

1868 3174 2071 3227 honore
2103 3174 2263 3226 beatae
2293 3174 2486 3227 Maria
2538 3189 2749 3242 semper
2805 3175 3043 3242 Virginis
3072 3181 3136 3232 in
3163 3182 3462 3247 prasenlia

1866 3262 1987 3315 dom
1997 3264 2061 3315 ni
2080 3263 2312 3317 abbatis.
2341 3262 2509 3331 (var.)
2520 3262 2634 3316 [loc
2647 3278 2720 3316 un
2728 3262 3121 3335 usquisque,ut
3134 3266 3203 3321 ad
3221 3266 3463 3338 gradum

1868 3350 2172 3421 perlegerit
2197 3350 2254 3404 in
2279 3348 2432 3404 brevi
2460 3367 2583 3417 sua,
2617 3352 2808 3405 statim
2843 3353 3021 3424 ipsam
3050 3353 3273 3410 brevem
3304 3357 3467 3428 ponit

1869 3450 2047 3510 super‘
2086 3440 2286 3505 altare,
2331 3440 2545 3511 jugiter
2588 3439 2667 3494 ibi
2702 3443 3115 3498 reservandam.
3148 3444 3206 3499 Si
3246 3445 3466 3501 litteras

1869 3528 2066 3594 nescit,
2102 3528 2373 3599 magister
2400 3545 2501 3600 pro
2545 3545 2609 3584 eo
2639 3530 2808 3600 legat,
2846 3530 2965 3602 ipse
3014 3536 3202 3587 tamen
3239 3534 3463 3605 signum

1870 3617 2048 3671 crucis
2078 3616 2136 3671 in
2167 3618 2277 3671 ﬁne
2309 3617 2557 3687 ejusdem
2589 3618 2860 3674 chartulze
2883 3621 3109 3692 prepria
3134 3638 3305 3678 manu
3334 3624 3467 3679 scri-

1870 3706 1983 3773 bit;
2010 3706 2107 3761 sed
2140 3707 2245 3760 hoc
2272 3707 2559 3761 litteratus
2600 3724 2713 3761 non
2746 3707 2896 3763 facit.
2946 3710 3087 3765 Cum
3117 3716 3306 3767 autem
3338 3731 3466 3785 per-

1870 3796 2013 3850 lecta
2058 3794 2248 3860 fuerit,
2280 3795 2400 3866 ipse
2448 3795 2691 3850 novitius
2731 3798 2801 3852 de
2848 3815 3020 3854 manu
3061 3802 3316 3872 magistri
3341 3820 3466 3857 eam

1870 3882 2090 3954 accipit,
2124 3888 2181 3937 et
2209 3900 2378 3954 super
2406 3884 2585 3937 altare
2616 3885 2793 3955 ponit.
2835 3888 2957 3951 Qua
2981 3888 3164 3959 posita
3205 3894 3263 3943 et
3301 3890 3467 3945 altari

1872 3973 2121 4027 osculato
2179 3988 2484 4043 parumper
2542 3974 2862 4039 retrocedit,
2906 3982 2961 4029 et
3026 3977 3247 4031 veniam
3296 3995 3466 4050 super

1871 4078 2057 4132 genua
2082 4061 2239 4132 petit,
2262 4061 2563 4132 statimque
2595 4061 2651 4114 in
2678 4062 2859 4117 locum
2885 4080 3048 4118 suum
3074 4071 3206 4120 ante
3223 4066 3465 4136 gradum

1871 4148 2443 4221 redit.(un.)Cumque
2465 4150 2767 4205 ordinatim
2780 4157 2911 4206 ante
2926 4154 3164 4222 gradum
3185 4155 3463 4223 steterint,

1873 4244 2073 4312 petunt
2101 4243 2187 4291 ter
2216 4237 2433 4291 veniam
2464 4254 2633 4310 super
2662 4256 2863 4294 manus
2884 4246 2941 4294 et
2957 4257 3163 4311 genua,
3190 4247 3279 4297 ter
3297 4242 3463 4298 etiam

1874 4330 2023 4384 hunc
2044 4344 2263 4382 versum
2281 4326 2763 4397 dicendo.Suscipe
2781 4345 2883 4391 me,
2910 4330 3040 4384 Dom
3050 4332 3466 4393 inc,secundum

191 4422 284 4477 size
308 4423 467 4478 intra
516 4423 699 4494 ipsum
746 4421 1035 4477 ecclesiam
1070 4427 1225 4476 stant
1260 4421 1503 4476 ordinati
1533 4420 1785 4487 inclines,
1811 4410 1855 4467 D
1877 4419 2156 4487 eloquium
2192 4421 2351 4469 tuum
2377 4420 2425 4467 ει
2457 4417 2656 4469 ricam.
2692 4415 2760 4470 Et.
2786 4417 2953 4472 toties
2982 4434 3016 4471 Il
3044 4422 3161 4474 toto
3190 4427 3468 4477 conventu

191 4511 367 4567 donec
398 4517 803 4584 pertranseant
827 4512 1047 4565 fratres.
1077 4510 1311 4565 Interim
1349 4511 1483 4565 dum
1513 4516 1647 4565 sunt
1674 4510 1795 4565 sine

189 4602 432 4673 capitiis,
451 4606 693 4673 possunt
719 4600 863 4654 albis
892 4606 949 4655 et
975 4600 1168 4671 cappis
1196 4600 1430 4654 licenter
1448 4594 1624 4666 i'ndui,
1652 4600 1798 4654 sicut

190 4698 245 4747 et
278 4692 382 4746 alii
411 4691 646 4747 cuilibet
670 4690 1036 4763 processioni,
1070 4706 1191 4760 qua:
1216 4694 1371 4743 extra
1392 4689 1795 4743 monasterium

189 4796 299 4835 non
329 4782 548 4853 agitur,
572 4780 877 4847 intersunt,
918 4779 1018 4833 sed
1046 4777 1234 4833 ultimi
1286 4779 1634 4850 praecedente
1677 4794 1797 4831 ma-

186 4869 367 4940 gistro
419 4885 659 4936 eorum;
716 4873 772 4923 et
808 4868 879 4922 ad
926 4867 1225 4922 stationem
1258 4883 1381 4938 quae
1428 4867 1485 4921 in
1524 4866 1797 4921 vestibulo

188 4959 415 5030 agenda
443 4962 551 5025 est,
594 4956 703 5029 ipsi
753 4962 904 5012 retro
934 4962 1062 5029 post
1099 4956 1350 5011 seniores
1383 4955 1545 5027 quasi
1592 4954 1798 5009 lineam

184 5046 487 5117 facientes,
524 5052 676 5102 stare
714 5046 941 5104 debent.

734 5135 968 5192 CAPUT
1014 5133 1266 5191 LXXIII.

515 5227 584 5281 De
614 5229 818 5281 iterata
838 5227 1181 5280 noriliorum
1204 5228 1482 5294 petitione.

256 5316 277 5337 ⁹
309 5313 526 5370 Finitis
576 5319 765 5369 autem
805 5312 1086 5385 praedictis
1124 5313 1342 5380 diebus,
1378 5328 1503 5367 cum
1530 5311 1649 5381 jam
1678 5325 1798 5364 mo-

184 5402 427 5459 nasticae
464 5403 591 5457 vitae
641 5400 1087 5456 benedictionem
1137 5406 1269 5456 sunt
1322 5398 1625 5470 accepturi,
1678 5402 1804 5468 post

1877 4504 2139 4559 similiter
2177 4504 2257 4558 eis
2288 4503 2679 4575 respondetur,
2710 4505 2877 4560 tertia
2923 4507 3059 4571 vice,
3092 4509 3280 4564 Gloria
3310 4513 3471 4566 Patri

1878 4594 2143 4664 adjuncto
2179 4609 2382 4663 gyrum
2416 4592 2626 4647 faciunt
2655 4594 2957 4664 poplitibus
2988 4598 3160 4676 ‘ﬁexis
3191 4604 3248 4654 et
3274 4606 3470 4672 postea

1879 4688 2247 4755 prosternunt
2269 4699 2329 4736 se
2357 4683 2428 4736 ad
2458 4682 2792 4740 orationem.

1950 4772 2201 4826 Domnus
2231 4769 2420 4835 abbas,
2455 4771 2571 4824 sive
2609 4770 2764 4825 illam
2797 4772 3027 4829 missam
3070 4776 3315 4833 celebret
3357 4780 3473 4835 sive

1881 4878 1993 4917 non
2019 4860 2296 4932 imponit:
2332 4861 2519 4927 Kyrie,
2557 4863 2776 4916 elcison.
2811 4863 2972 4917 Pater
3002 4870 3225 4922 noster:
3257 4873 3315 4923 et
3345 4876 3475 4940 post

1881 4953 2154 5016 Miserere,
2180 4954 2237 5003 et
2264 4948 2565 5020 praemissis
2586 4948 2673 5003 his
2699 4950 3020 5006 versiculis:
3043 4954 3230 5011 Salvos
3248 4959 3338 5025 fac
3355 4975 3472 5012 ser-

1882 5057 1990 5105 ros,
2024 5043 2129 5096 etc.
2162 5040 2314 5092 Mitte
2333 5040 2426 5103 eis,
2451 5039 2700 5101 Domine,
2726 5044 2832 5094 etc.
2867 5042 3027 5097 Nihil
3052 5049 3330 5113 pro/fciat,
3365 5051 3470 5101 etc.

1884 5129 2007 5184 Esto
2035 5130 2129 5187 cis,
2153 5129 2399 5189 Domine,
2435 5129 2612 5181 turris
2639 5129 3013 5195 fortitudinis.
3041 5133 3366 5204 Sequuntur
3390 5134 3475 5189 hae

1883 5217 2125 5272 collectae
2144 5234 2157 5272 :
2178 5217 2316 5271 Deus
2329 5217 2688 5284 indulgentia:
2702 5220 2880 5273 Pater.
2890 5220 3027 5273 Deus
3045 5225 3145 5289 qui
3151 5238 3253 5290 per
3267 5230 3481 5280 coniter-

1886 5323 2023 5360 num
2041 5308 2248 5360 Filium
2267 5310 2365 5358 tua
2374 5310 2559 5370 m,etc.
2571 5307 2697 5359 Dom
2706 5308 2923 5360 ineJesu
2940 5308 3273 5377 0hriste,qui
3285 5318 3474 5375 cs,etc.

1899 5396 2231 5457 Veni,sancte
2260 5396 2525 5463 Spiritus,
2550 5398 2650 5463 qui
2681 5399 2727 5447 te
2744 5396 2915 5448 Deum
2937 5413 3000 5449 ac
3020 5397 3342 5463 Dominum,
3364 5409 3471 5459 etc.

186 5493 448 5562 priorem
476 5491 720 5570 ‘missam
749 5507 862 5545 non
887 5491 958 5545 ad
978 5490 1288 5563 capitulum
1322 5491 1577 5553 fratrum,
1621 5487 1718 5542 sed
1745 5487 1806 5541 in
1888 5482 2147 5538 Cucullas
2175 5483 2254 5537 ita
2279 5481 2556 5537 benedicit
2589 5500 2600 5535 :
2629 5483 2859 5536 Domine
2884 5484 3009 5536 Jesu
3039 5484 3267 5547 Christe,
3294 5493 3394 5558 qui
3412 5497 3482 5547 ιε.

184 5581 396 5638 cellam
432 5597 596 5636 suam
625 5597 752 5636 cum
772 5581 1044 5653 magistro
1064 5579 1419 5647 conveniunt,
1452 5577 1640 5650 ibique
1658 5576 1806 5631 inte-
1888 5577 2232 5644 gumentum,
2269 5579 2375 5629 etc.
2407 5571 2465 5627 Si
2494 5569 2709 5637 novitii,
2740 5585 2844 5625 sua
2880 5569 3269 5631 benedictione
3300 5578 3480 5653 ﬁnita,

488 5683 754 5744 Parnm.
784 5679 904 5744 CL.
3160 5672 3237 5742 32
