  <div class='ocr_page' id='page_1' title='image "/cluster/home/n/w/nwhite01/storage/ocr_20150623/150/hvd.32044054760087/507.png"; bbox 0 0 3908 6168; ppageno 0'>
   <div class='ocr_carea' id='block_1_1' title="bbox 463 258 599 319">
    <p class='ocr_par' dir='ltr' id='par_1_1' title="bbox 463 258 599 319">
     <span class='ocr_line' id='line_1_1' title="bbox 463 258 599 319; baseline 0 0"><span class='ocrx_word' id='word_1_1' title='bbox 463 258 599 319; x_wconf 82' lang='grc'>1003</span> 
     </span>
    </p>
   </div>
   <div class='ocr_carea' id='block_1_2' title="bbox 1500 248 2716 333">
    <p class='ocr_par' dir='ltr' id='par_1_2' title="bbox 1500 248 2716 333">
     <span class='ocr_line' id='line_1_2' title="bbox 1500 248 2716 333; baseline -0.002 -28"><span class='ocrx_word' id='word_1_2' title='bbox 1500 251 1558 305; x_wconf 90' lang='lat' dir='ltr'>S.</span> <span class='ocrx_word' id='word_1_3' title='bbox 1600 248 1996 305; x_wconf 77' lang='lat' dir='ltr'>GUILLELMI</span> <span class='ocrx_word' id='word_1_4' title='bbox 2032 248 2341 333; x_wconf 79' lang='lat' dir='ltr'>ABBATIS</span> <span class='ocrx_word' id='word_1_5' title='bbox 2375 248 2716 305; x_wconf 77' lang='lat' dir='ltr'>HIRSAUG.</span> 
     </span>
    </p>
   </div>
   <div class='ocr_carea' id='block_1_3' title="bbox 3552 248 3661 309">
    <p class='ocr_par' dir='ltr' id='par_1_3' title="bbox 3552 248 3661 309">
     <span class='ocr_line' id='line_1_3' title="bbox 3552 248 3661 309; baseline 0.028 -3"><span class='ocrx_word' id='word_1_6' title='bbox 3552 248 3661 309; x_wconf 75' lang='lat'>1004</span> 
     </span>
    </p>
   </div>
   <div class='ocr_carea' id='block_1_4' title="bbox 454 370 3663 457">
    <p class='ocr_par' dir='ltr' id='par_1_4' title="bbox 454 370 3663 457">
     <span class='ocr_line' id='line_1_4' title="bbox 454 370 3663 457; baseline -0.004 -15"><span class='ocrx_word' id='word_1_7' title='bbox 454 387 804 457; x_wconf 84' lang='lat' dir='ltr'>consurgunt</span> <span class='ocrx_word' id='word_1_8' title='bbox 835 381 905 436; x_wconf 92' lang='lat' dir='ltr'>ab</span> <span class='ocrx_word' id='word_1_9' title='bbox 926 378 1196 445; x_wconf 90' lang='lat' dir='ltr'>oratione,</span> <span class='ocrx_word' id='word_1_10' title='bbox 1230 380 1289 432; x_wconf 91' lang='lat' dir='ltr'>et</span> <span class='ocrx_word' id='word_1_11' title='bbox 1313 376 1362 431; x_wconf 87' lang='lat' dir='ltr'>si</span> <span class='ocrx_word' id='word_1_12' title='bbox 1391 376 1581 448; x_wconf 85' lang='lat' dir='ltr'>plures</span> <span class='ocrx_word' id='word_1_13' title='bbox 1610 379 1743 428; x_wconf 89' lang='lat' dir='ltr'>sunt</span> <span class='ocrx_word' id='word_1_14' title='bbox 1766 374 1823 427; x_wconf 89' lang='lat' dir='ltr'>in</span> <span class='ocrx_word' id='word_1_15' title='bbox 1856 374 2052 428; x_wconf 90' lang='lat' dir='ltr'>eodem</span> <span class='ocrx_word' id='word_1_16' title='bbox 2071 373 2824 445; x_wconf 83' lang='lat' dir='ltr'>Asuppleatur.Hujusmodi</span> <span class='ocrx_word' id='word_1_17' title='bbox 2846 377 3036 427; x_wconf 89' lang='lat' dir='ltr'>autem</span> <span class='ocrx_word' id='word_1_18' title='bbox 3059 372 3282 445; x_wconf 81' lang='lat' dir='ltr'>adjutus</span> <span class='ocrx_word' id='word_1_19' title='bbox 3309 370 3663 442; x_wconf 78' lang='lat' dir='ltr'>benedictione,</span> 
     </span>
    </p>
   </div>
   <div class='ocr_carea' id='block_1_5' title="bbox 456 461 2050 543">
    <p class='ocr_par' dir='ltr' id='par_1_5' title="bbox 456 461 2050 543">
     <span class='ocr_line' id='line_1_5' title="bbox 456 461 2050 543; baseline -0.009 -13"><span class='ocrx_word' id='word_1_20' title='bbox 456 466 577 530; x_wconf 80' lang='lat' dir='ltr'>loco</span> <span class='ocrx_word' id='word_1_21' title='bbox 601 474 832 537; x_wconf 80' lang='lat' dir='ltr'>stantes,</span> <span class='ocrx_word' id='word_1_22' title='bbox 858 486 1005 543; x_wconf 87' lang='lat' dir='ltr'>aqua</span> <span class='ocrx_word' id='word_1_23' title='bbox 1019 464 1315 521; x_wconf 78' lang='lat' dir='ltr'>benedicta</span> <span class='ocrx_word' id='word_1_24' title='bbox 1336 468 1714 536; x_wconf 80' lang='lat' dir='ltr'>asperguntur</span> <span class='ocrx_word' id='word_1_25' title='bbox 1746 477 1757 511; x_wconf 88' lang='lat'><strong>:</strong></span> <span class='ocrx_word' id='word_1_26' title='bbox 1789 461 1837 516; x_wconf 90' lang='lat' dir='ltr'>si</span> <span class='ocrx_word' id='word_1_27' title='bbox 1861 470 2050 516; x_wconf 88' lang='lat' dir='ltr'>autem</span> 
     </span>
    </p>
   </div>
   <div class='ocr_carea' id='block_1_6' title="bbox 459 551 2053 637">
    <p class='ocr_par' dir='ltr' id='par_1_6' title="bbox 459 551 2053 637">
     <span class='ocr_line' id='line_1_6' title="bbox 459 551 2053 637; baseline -0.009 -17"><span class='ocrx_word' id='word_1_28' title='bbox 459 562 642 637; x_wconf 85' lang='lat' dir='ltr'>pauci,</span> <span class='ocrx_word' id='word_1_29' title='bbox 674 561 734 616; x_wconf 93' lang='lat' dir='ltr'>in</span> <span class='ocrx_word' id='word_1_30' title='bbox 776 556 1159 615; x_wconf 90' lang='lat' dir='ltr'>sanctuarium</span> <span class='ocrx_word' id='word_1_31' title='bbox 1210 554 1458 620; x_wconf 90' lang='lat' dir='ltr'>veniunt,</span> <span class='ocrx_word' id='word_1_32' title='bbox 1503 560 1569 608; x_wconf 90' lang='lat' dir='ltr'>ut</span> <span class='ocrx_word' id='word_1_33' title='bbox 1614 552 1690 605; x_wconf 90' lang='lat' dir='ltr'>ibi</span> <span class='ocrx_word' id='word_1_34' title='bbox 1737 552 1807 606; x_wconf 88' lang='lat' dir='ltr'>ab</span> <span class='ocrx_word' id='word_1_35' title='bbox 1851 551 2053 606; x_wconf 85' lang='lat' dir='ltr'>abbate</span> 
     </span>
    </p>
   </div>
   <div class='ocr_carea' id='block_1_7' title="bbox 458 639 2044 724">
    <p class='ocr_par' dir='ltr' id='par_1_7' title="bbox 458 639 2044 724">
     <span class='ocr_line' id='line_1_7' title="bbox 458 639 2044 724; baseline -0.01 -17"><span class='ocrx_word' id='word_1_36' title='bbox 458 655 847 724; x_wconf 81' lang='lat' dir='ltr'>aspergantur.</span> <span class='ocrx_word' id='word_1_37' title='bbox 884 648 1109 702; x_wconf 83' lang='lat' dir='ltr'>Exuunt</span> <span class='ocrx_word' id='word_1_38' title='bbox 1145 644 1354 697; x_wconf 87' lang='lat' dir='ltr'>froccos</span> <span class='ocrx_word' id='word_1_39' title='bbox 1402 648 1457 696; x_wconf 88' lang='lat' dir='ltr'>et</span> <span class='ocrx_word' id='word_1_40' title='bbox 1486 641 1729 694; x_wconf 87' lang='lat' dir='ltr'>induunt</span> <span class='ocrx_word' id='word_1_41' title='bbox 1755 639 2000 693; x_wconf 86' lang='lat' dir='ltr'>cucullas</span> <span class='ocrx_word' id='word_1_42' title='bbox 2033 657 2044 691; x_wconf 90' lang='lat'><strong>:</strong></span> 
     </span>
    </p>
   </div>
   <div class='ocr_carea' id='block_1_8' title="bbox 458 729 2050 800">
    <p class='ocr_par' dir='ltr' id='par_1_8' title="bbox 458 729 2050 800">
     <span class='ocr_line' id='line_1_8' title="bbox 458 729 2050 800; baseline -0.011 -3"><span class='ocrx_word' id='word_1_43' title='bbox 458 748 516 797; x_wconf 89' lang='lat' dir='ltr'>et</span> <span class='ocrx_word' id='word_1_44' title='bbox 540 740 691 795; x_wconf 89' lang='lat' dir='ltr'>inter</span> <span class='ocrx_word' id='word_1_45' title='bbox 720 737 1032 793; x_wconf 87' lang='lat' dir='ltr'>exuendum</span> <span class='ocrx_word' id='word_1_46' title='bbox 1063 734 1317 788; x_wconf 89' lang='lat' dir='ltr'>dicturus</span> <span class='ocrx_word' id='word_1_47' title='bbox 1334 736 1418 785; x_wconf 91' lang='lat' dir='ltr'>est</span> <span class='ocrx_word' id='word_1_48' title='bbox 1441 730 1510 783; x_wconf 92' lang='lat' dir='ltr'>ad</span> <span class='ocrx_word' id='word_1_49' title='bbox 1530 729 1778 800; x_wconf 79' lang='lat' dir='ltr'>singulos</span> <span class='ocrx_word' id='word_1_50' title='bbox 1809 729 2050 781; x_wconf 89' lang='lat' dir='ltr'>domnus</span> 
     </span>
    </p>
   </div>
   <div class='ocr_carea' id='block_1_9' title="bbox 457 821 2052 885">
    <p class='ocr_par' dir='ltr' id='par_1_9' title="bbox 457 821 2052 885">
     <span class='ocr_line' id='line_1_9' title="bbox 457 821 2052 885; baseline -0.011 0"><span class='ocrx_word' id='word_1_51' title='bbox 457 829 673 885; x_wconf 85' lang='lat' dir='ltr'>abbas:</span> <span class='ocrx_word' id='word_1_52' title='bbox 717 829 900 883; x_wconf 73' lang='lat' dir='ltr'>Exuat</span> <span class='ocrx_word' id='word_1_53' title='bbox 941 829 988 879; x_wconf 85' lang='lat' dir='ltr'>te</span> <span class='ocrx_word' id='word_1_54' title='bbox 1024 825 1294 878; x_wconf 78' lang='lat' dir='ltr'>Dominus</span> <span class='ocrx_word' id='word_1_55' title='bbox 1332 825 1561 874; x_wconf 75' lang='lat' dir='ltr'>veterem</span> <span class='ocrx_word' id='word_1_56' title='bbox 1602 821 1881 872; x_wconf 76' lang='lat' dir='ltr'>hominem</span> <span class='ocrx_word' id='word_1_57' title='bbox 1921 832 2052 869; x_wconf 82' lang='lat' dir='ltr'>cum</span> 
     </span>
    </p>
   </div>
   <div class='ocr_carea' id='block_1_10' title="bbox 457 909 2049 978">
    <p class='ocr_par' dir='ltr' id='par_1_10' title="bbox 457 909 2049 978">
     <span class='ocr_line' id='line_1_10' title="bbox 457 909 2049 978; baseline -0.01 -5"><span class='ocrx_word' id='word_1_58' title='bbox 457 918 669 973; x_wconf 75' lang='lat' dir='ltr'>dotibus</span> <span class='ocrx_word' id='word_1_59' title='bbox 689 919 823 978; x_wconf 79' lang='lat' dir='ltr'>suis,</span> <span class='ocrx_word' id='word_1_60' title='bbox 840 919 897 968; x_wconf 92' lang='lat' dir='ltr'>et</span> <span class='ocrx_word' id='word_1_61' title='bbox 915 914 1063 968; x_wconf 90' lang='lat' dir='ltr'>inter</span> <span class='ocrx_word' id='word_1_62' title='bbox 1082 910 1663 974; x_wconf 85' lang='lat' dir='ltr'>induendum,lnduat</span> <span class='ocrx_word' id='word_1_63' title='bbox 1690 913 1747 960; x_wconf 82' lang='lat' dir='ltr'>te&#39;</span> <span class='ocrx_word' id='word_1_64' title='bbox 1760 909 1886 961; x_wconf 88' lang='lat' dir='ltr'>Dom</span> <span class='ocrx_word' id='word_1_65' title='bbox 1900 909 2049 970; x_wconf 83' lang='lat' dir='ltr'>inus,</span> 
     </span>
    </p>
   </div>
   <div class='ocr_carea' id='block_1_11' title="bbox 459 994 2049 1073">
    <p class='ocr_par' dir='ltr' id='par_1_11' title="bbox 459 994 2049 1073">
     <span class='ocr_line' id='line_1_11' title="bbox 459 994 2049 1073; baseline -0.011 -10"><span class='ocrx_word' id='word_1_66' title='bbox 459 1008 565 1063; x_wconf 78' lang='lat' dir='ltr'>etc.</span> <span class='ocrx_word' id='word_1_67' title='bbox 585 1006 741 1062; x_wconf 89' lang='lat' dir='ltr'>Tunc</span> <span class='ocrx_word' id='word_1_68' title='bbox 760 994 982 1069; x_wconf 83' lang='lat' dir='ltr'>fratres,</span> <span class='ocrx_word' id='word_1_69' title='bbox 1009 1001 1106 1073; x_wconf 88' lang='lat' dir='ltr'>qui</span> <span class='ocrx_word' id='word_1_70' title='bbox 1124 1001 1183 1054; x_wconf 91' lang='lat' dir='ltr'>in</span> <span class='ocrx_word' id='word_1_71' title='bbox 1204 998 1525 1053; x_wconf 87' lang='lat' dir='ltr'>sanctuario</span> <span class='ocrx_word' id='word_1_72' title='bbox 1556 1001 1689 1051; x_wconf 88' lang='lat' dir='ltr'>sunt</span> <span class='ocrx_word' id='word_1_73' title='bbox 1711 996 1858 1049; x_wconf 89' lang='lat' dir='ltr'>circa</span> <span class='ocrx_word' id='word_1_74' title='bbox 1880 994 2049 1064; x_wconf 89' lang='lat' dir='ltr'>ipsos,</span> 
     </span>
    </p>
   </div>
   <div class='ocr_carea' id='block_1_12' title="bbox 458 1082 2055 1169">
    <p class='ocr_par' dir='ltr' id='par_1_12' title="bbox 458 1082 2055 1169">
     <span class='ocr_line' id='line_1_12' title="bbox 458 1082 2055 1169; baseline -0.011 -17"><span class='ocrx_word' id='word_1_75' title='bbox 458 1092 530 1169; x_wconf 85' lang='lat' dir='ltr'>ab</span> <span class='ocrx_word' id='word_1_76' title='bbox 558 1096 677 1168; x_wconf 92' lang='lat' dir='ltr'>ipso</span> <span class='ocrx_word' id='word_1_77' title='bbox 707 1093 912 1148; x_wconf 89' lang='lat' dir='ltr'>domno</span> <span class='ocrx_word' id='word_1_78' title='bbox 934 1090 1132 1145; x_wconf 85' lang='lat' dir='ltr'>abbate</span> <span class='ocrx_word' id='word_1_79' title='bbox 1154 1089 1481 1160; x_wconf 83' lang='lat' dir='ltr'>incipientes</span> <span class='ocrx_word' id='word_1_80' title='bbox 1502 1082 2055 1149; x_wconf 88' lang='lat' dir='ltr'>osculantur,deinde</span> 
     </span>
    </p>
   </div>
   <div class='ocr_carea' id='block_1_13' title="bbox 457 1172 2053 1254">
    <p class='ocr_par' dir='ltr' id='par_1_13' title="bbox 457 1172 2053 1254">
     <span class='ocr_line' id='line_1_13' title="bbox 457 1172 2053 1254; baseline -0.011 -14"><span class='ocrx_word' id='word_1_81' title='bbox 457 1184 809 1241; x_wconf 89' lang='lat' dir='ltr'>circumeunt</span> <span class='ocrx_word' id='word_1_82' title='bbox 825 1197 927 1254; x_wconf 87' lang='lat' dir='ltr'>per</span> <span class='ocrx_word' id='word_1_83' title='bbox 941 1176 1195 1242; x_wconf 78' lang='lat' dir='ltr'>chorum,</span> <span class='ocrx_word' id='word_1_84' title='bbox 1222 1182 1505 1248; x_wconf 65' lang='lat' dir='ltr'>praeeunte</span> <span class='ocrx_word' id='word_1_85' title='bbox 1522 1174 1792 1244; x_wconf 84' lang='lat' dir='ltr'>magistro</span> <span class='ocrx_word' id='word_1_86' title='bbox 1810 1172 2053 1236; x_wconf 75' lang='lat' dir='ltr'>corum,‘</span> 
     </span>
    </p>
   </div>
   <div class='ocr_carea' id='block_1_14' title="bbox 459 1262 2059 1343">
    <p class='ocr_par' dir='ltr' id='par_1_14' title="bbox 459 1262 2059 1343">
     <span class='ocr_line' id='line_1_14' title="bbox 459 1262 2059 1343; baseline -0.011 -13"><span class='ocrx_word' id='word_1_87' title='bbox 459 1280 519 1331; x_wconf 89' lang='lat' dir='ltr'>et</span> <span class='ocrx_word' id='word_1_88' title='bbox 548 1273 748 1328; x_wconf 86' lang='lat' dir='ltr'>fratres</span> <span class='ocrx_word' id='word_1_89' title='bbox 773 1273 1048 1343; x_wconf 88' lang='lat' dir='ltr'>quotquot</span> <span class='ocrx_word' id='word_1_90' title='bbox 1075 1272 1311 1340; x_wconf 85' lang='lat' dir='ltr'>possunt</span> <span class='ocrx_word' id='word_1_91' title='bbox 1338 1282 1516 1336; x_wconf 89' lang='lat' dir='ltr'>usque</span> <span class='ocrx_word' id='word_1_92' title='bbox 1565 1263 1634 1317; x_wconf 87' lang='lat' dir='ltr'>ad</span> <span class='ocrx_word' id='word_1_93' title='bbox 1663 1270 1886 1332; x_wconf 84' lang='lat' dir='ltr'>tempus</span> <span class='ocrx_word' id='word_1_94' title='bbox 1919 1262 2059 1315; x_wconf 76' lang='lat' dir='ltr'>olfe-</span> 
     </span>
    </p>
   </div>
   <div class='ocr_carea' id='block_1_15' title="bbox 458 1351 2055 1434">
    <p class='ocr_par' dir='ltr' id='par_1_15' title="bbox 458 1351 2055 1434">
     <span class='ocr_line' id='line_1_15' title="bbox 458 1351 2055 1434; baseline -0.011 -15"><span class='ocrx_word' id='word_1_95' title='bbox 458 1363 617 1419; x_wconf 88' lang='lat' dir='ltr'>rendi</span> <span class='ocrx_word' id='word_1_96' title='bbox 646 1361 1010 1434; x_wconf 71' lang='lat' dir='ltr'>{osculantur,</span> <span class='ocrx_word' id='word_1_97' title='bbox 1055 1355 1387 1426; x_wconf 84' lang='lat' dir='ltr'>incipientes</span> <span class='ocrx_word' id='word_1_98' title='bbox 1436 1353 1505 1407; x_wconf 90' lang='lat' dir='ltr'>ab</span> <span class='ocrx_word' id='word_1_99' title='bbox 1548 1353 1635 1406; x_wconf 85' lang='lat' dir='ltr'>his</span> <span class='ocrx_word' id='word_1_100' title='bbox 1672 1352 1768 1423; x_wconf 88' lang='lat' dir='ltr'>qui</span> <span class='ocrx_word' id='word_1_101' title='bbox 1821 1351 2055 1404; x_wconf 90' lang='lat' dir='ltr'>chorum</span> 
     </span>
    </p>
   </div>
   <div class='ocr_carea' id='block_1_16' title="bbox 458 1438 2049 1518">
    <p class='ocr_par' dir='ltr' id='par_1_16' title="bbox 458 1438 2049 1518">
     <span class='ocr_line' id='line_1_16' title="bbox 458 1438 2049 1518; baseline -0.011 -10"><span class='ocrx_word' id='word_1_102' title='bbox 458 1458 675 1518; x_wconf 87' lang='lat' dir='ltr'>tenent,</span> <span class='ocrx_word' id='word_1_103' title='bbox 706 1448 809 1515; x_wconf 93' lang='lat' dir='ltr'>vel,</span> <span class='ocrx_word' id='word_1_104' title='bbox 846 1449 892 1503; x_wconf 87' lang='lat' dir='ltr'>si</span> <span class='ocrx_word' id='word_1_105' title='bbox 912 1448 993 1501; x_wconf 84' lang='lat' dir='ltr'>illi</span> <span class='ocrx_word' id='word_1_106' title='bbox 1018 1447 1238 1511; x_wconf 89' lang='lat' dir='ltr'>desunt,</span> <span class='ocrx_word' id='word_1_107' title='bbox 1272 1443 1342 1497; x_wconf 92' lang='lat' dir='ltr'>ad</span> <span class='ocrx_word' id='word_1_108' title='bbox 1374 1443 1582 1497; x_wconf 90' lang='lat' dir='ltr'>formas</span> <span class='ocrx_word' id='word_1_109' title='bbox 1611 1443 1680 1495; x_wconf 91' lang='lat' dir='ltr'>de</span> <span class='ocrx_word' id='word_1_110' title='bbox 1717 1438 2049 1494; x_wconf 90' lang='lat' dir='ltr'>senioribus.</span> 
     </span>
    </p>
   </div>
   <div class='ocr_carea' id='block_1_17' title="bbox 460 1529 2055 1612">
    <p class='ocr_par' dir='ltr' id='par_1_17' title="bbox 460 1529 2055 1612">
     <span class='ocr_line' id='line_1_17' title="bbox 460 1529 2055 1612; baseline -0.01 -15"><span class='ocrx_word' id='word_1_111' title='bbox 460 1543 605 1597; x_wconf 90' lang='lat' dir='ltr'>Nam</span> <span class='ocrx_word' id='word_1_112' title='bbox 636 1538 743 1612; x_wconf 89' lang='lat' dir='ltr'>ipsi</span> <span class='ocrx_word' id='word_1_113' title='bbox 768 1538 872 1594; x_wconf 91' lang='lat' dir='ltr'>soli</span> <span class='ocrx_word' id='word_1_114' title='bbox 914 1553 978 1591; x_wconf 93' lang='lat' dir='ltr'>eo</span> <span class='ocrx_word' id='word_1_115' title='bbox 1020 1534 1109 1589; x_wconf 86' lang='lat' dir='ltr'>die</span> <span class='ocrx_word' id='word_1_116' title='bbox 1141 1534 1419 1601; x_wconf 73' lang='lat' dir='ltr'>olferunt;</span> <span class='ocrx_word' id='word_1_117' title='bbox 1465 1532 1511 1586; x_wconf 91' lang='lat' dir='ltr'>si</span> <span class='ocrx_word' id='word_1_118' title='bbox 1541 1538 1730 1585; x_wconf 87' lang='lat' dir='ltr'>tamen</span> <span class='ocrx_word' id='word_1_119' title='bbox 1760 1529 2055 1584; x_wconf 87' lang='lat' dir='ltr'>duodecim</span> 
     </span>
    </p>
   </div>
   <div class='ocr_carea' id='block_1_18' title="bbox 458 1622 2057 1692">
    <p class='ocr_par' dir='ltr' id='par_1_18' title="bbox 458 1622 2057 1692">
     <span class='ocr_line' id='line_1_18' title="bbox 458 1622 2057 1692; baseline -0.009 -6"><span class='ocrx_word' id='word_1_120' title='bbox 458 1631 728 1686; x_wconf 86' lang='lat' dir='ltr'>lectiones</span> <span class='ocrx_word' id='word_1_121' title='bbox 770 1631 917 1683; x_wconf 90' lang='lat' dir='ltr'>sunt.</span> <span class='ocrx_word' id='word_1_122' title='bbox 969 1622 1077 1681; x_wconf 88' lang='lat' dir='ltr'>Sed</span> <span class='ocrx_word' id='word_1_123' title='bbox 1107 1624 1177 1678; x_wconf 89' lang='lat' dir='ltr'>ad</span> <span class='ocrx_word' id='word_1_124' title='bbox 1207 1622 1575 1678; x_wconf 88' lang='lat' dir='ltr'>osculandum</span> <span class='ocrx_word' id='word_1_125' title='bbox 1608 1626 1803 1692; x_wconf 88' lang='lat' dir='ltr'>postea</span> <span class='ocrx_word' id='word_1_126' title='bbox 1828 1636 1942 1672; x_wconf 91' lang='lat' dir='ltr'>non</span> <span class='ocrx_word' id='word_1_127' title='bbox 1973 1635 2057 1672; x_wconf 86' lang='lat' dir='ltr'>re-</span> 
     </span>
    </p>
   </div>
   <div class='ocr_carea' id='block_1_19' title="bbox 2133 461 3667 534">
    <p class='ocr_par' dir='ltr' id='par_1_19' title="bbox 2133 461 3667 534">
     <span class='ocr_line' id='line_1_19' title="bbox 2133 461 3667 534; baseline 0.002 -20"><span class='ocrx_word' id='word_1_128' title='bbox 2133 462 2376 534; x_wconf 86' lang='lat' dir='ltr'>capitulo</span> <span class='ocrx_word' id='word_1_129' title='bbox 2398 464 2634 529; x_wconf 89' lang='lat' dir='ltr'>caret,si</span> <span class='ocrx_word' id='word_1_130' title='bbox 2663 463 2904 517; x_wconf 91' lang='lat' dir='ltr'>domnus</span> <span class='ocrx_word' id='word_1_131' title='bbox 2935 461 3105 515; x_wconf 83' lang='lat' dir='ltr'>abbas</span> <span class='ocrx_word' id='word_1_132' title='bbox 3134 478 3258 516; x_wconf 89' lang='lat' dir='ltr'>eum</span> <span class='ocrx_word' id='word_1_133' title='bbox 3284 478 3390 515; x_wconf 89' lang='lat' dir='ltr'>non</span> <span class='ocrx_word' id='word_1_134' title='bbox 3418 479 3667 517; x_wconf 88' lang='lat' dir='ltr'>consecra-</span> 
     </span>
    </p>
   </div>
   <div class='ocr_carea' id='block_1_20' title="bbox 2133 550 3670 629">
    <p class='ocr_par' dir='ltr' id='par_1_20' title="bbox 2133 550 3670 629">
     <span class='ocr_line' id='line_1_20' title="bbox 2133 550 3670 629; baseline 0.003 -27"><span class='ocrx_word' id='word_1_135' title='bbox 2133 551 2211 629; x_wconf 85' lang='lat' dir='ltr'>vit</span> <span class='ocrx_word' id='word_1_136' title='bbox 2235 570 2246 619; x_wconf 91' lang='lat'><strong>;</strong></span> <span class='ocrx_word' id='word_1_137' title='bbox 2282 557 2338 605; x_wconf 88' lang='lat' dir='ltr'>et</span> <span class='ocrx_word' id='word_1_138' title='bbox 2370 553 2623 623; x_wconf 77' lang='lat' dir='ltr'>quamvis</span> <span class='ocrx_word' id='word_1_139' title='bbox 2652 553 2709 606; x_wconf 92' lang='lat' dir='ltr'>in</span> <span class='ocrx_word' id='word_1_140' title='bbox 2732 552 2925 607; x_wconf 86' lang='lat' dir='ltr'>ordine</span> <span class='ocrx_word' id='word_1_141' title='bbox 2951 556 3230 605; x_wconf 89' lang='lat' dir='ltr'>extremus</span> <span class='ocrx_word' id='word_1_142' title='bbox 3250 550 3340 616; x_wconf 88' lang='lat' dir='ltr'>sit,</span> <span class='ocrx_word' id='word_1_143' title='bbox 3353 558 3525 605; x_wconf 87' lang='lat' dir='ltr'>tamen</span> <span class='ocrx_word' id='word_1_144' title='bbox 3547 554 3670 607; x_wconf 83' lang='lat' dir='ltr'>novi-</span> 
     </span>
    </p>
   </div>
   <div class='ocr_carea' id='block_1_21' title="bbox 2134 640 3669 712">
    <p class='ocr_par' dir='ltr' id='par_1_21' title="bbox 2134 640 3669 712">
     <span class='ocr_line' id='line_1_21' title="bbox 2134 640 3669 712; baseline 0.002 -19"><span class='ocrx_word' id='word_1_145' title='bbox 2134 641 2228 694; x_wconf 86' lang='lat' dir='ltr'>tiis</span> <span class='ocrx_word' id='word_1_146' title='bbox 2259 641 2521 696; x_wconf 87' lang='lat' dir='ltr'>omnibus</span> <span class='ocrx_word' id='word_1_147' title='bbox 2551 642 2807 712; x_wconf 88' lang='lat' dir='ltr'>superior</span> <span class='ocrx_word' id='word_1_148' title='bbox 2830 642 2954 695; x_wconf 92' lang='lat' dir='ltr'>erit.</span> <span class='ocrx_word' id='word_1_149' title='bbox 2992 640 3297 710; x_wconf 86' lang='lat' dir='ltr'>Postquam</span> <span class='ocrx_word' id='word_1_150' title='bbox 3319 646 3491 694; x_wconf 85' lang='lat' dir='ltr'>autem</span> <span class='ocrx_word' id='word_1_151' title='bbox 3512 646 3561 694; x_wconf 89' lang='lat' dir='ltr'>et</span> <span class='ocrx_word' id='word_1_152' title='bbox 3584 641 3669 712; x_wconf 87' lang='lat' dir='ltr'>ipsi</span> 
     </span>
    </p>
   </div>
   <div class='ocr_carea' id='block_1_22' title="bbox 2133 730 3673 801">
    <p class='ocr_par' dir='ltr' id='par_1_22' title="bbox 2133 730 3673 801">
     <span class='ocr_line' id='line_1_22' title="bbox 2133 730 3673 801; baseline 0.002 -19"><span class='ocrx_word' id='word_1_153' title='bbox 2133 731 2445 784; x_wconf 88' lang='lat' dir='ltr'>consecrati</span> <span class='ocrx_word' id='word_1_154' title='bbox 2491 731 2723 797; x_wconf 86' lang='lat' dir='ltr'>fuerint,</span> <span class='ocrx_word' id='word_1_155' title='bbox 2765 731 2820 784; x_wconf 92' lang='lat' dir='ltr'>in</span> <span class='ocrx_word' id='word_1_156' title='bbox 2872 730 3124 785; x_wconf 86' lang='lat' dir='ltr'>ordinem</span> <span class='ocrx_word' id='word_1_157' title='bbox 3168 746 3328 783; x_wconf 86' lang='lat' dir='ltr'>suum</span> <span class='ocrx_word' id='word_1_158' title='bbox 3357 730 3575 801; x_wconf 84' lang='lat' dir='ltr'>priorem</span> <span class='ocrx_word' id='word_1_159' title='bbox 3599 730 3673 785; x_wconf 89' lang='lat' dir='ltr'>de-</span> 
     </span>
    </p>
   </div>
   <div class='ocr_carea' id='block_1_23' title="bbox 2134 819 2372 875">
    <p class='ocr_par' dir='ltr' id='par_1_23' title="bbox 2134 819 2372 875">
     <span class='ocr_line' id='line_1_23' title="bbox 2134 819 2372 875; baseline 0.013 -3"><span class='ocrx_word' id='word_1_160' title='bbox 2134 819 2372 875; x_wconf 86' lang='lat' dir='ltr'>scendit.</span> 
     </span>
    </p>
   </div>
   <div class='ocr_carea' id='block_1_24' title="bbox 2684 910 3194 966">
    <p class='ocr_par' dir='ltr' id='par_1_24' title="bbox 2684 910 3194 966">
     <span class='ocr_line' id='line_1_24' title="bbox 2684 910 3194 966; baseline 0 -3"><span class='ocrx_word' id='word_1_161' title='bbox 2684 910 2917 964; x_wconf 81' lang='lat' dir='ltr'>CAPUT</span> <span class='ocrx_word' id='word_1_162' title='bbox 2953 910 3194 966; x_wconf 80' lang='lat' dir='ltr'>LXXVI.</span> 
     </span>
    </p>
   </div>
   <div class='ocr_carea' id='block_1_25' title="bbox 2166 1000 3674 1068">
    <p class='ocr_par' dir='ltr' id='par_1_25' title="bbox 2166 1000 3674 1068">
     <span class='ocr_line' id='line_1_25' title="bbox 2166 1000 3674 1068; baseline -0.001 -16"><span class='ocrx_word' id='word_1_163' title='bbox 2166 1000 2238 1052; x_wconf 83' lang='lat' dir='ltr'>De</span> <span class='ocrx_word' id='word_1_164' title='bbox 2266 1001 2523 1053; x_wconf 65' lang='lat' dir='ltr'>sa’culari</span> <span class='ocrx_word' id='word_1_165' title='bbox 2549 1000 2650 1068; x_wconf 83' lang='lat' dir='ltr'>qui</span> <span class='ocrx_word' id='word_1_166' title='bbox 2666 1000 2741 1052; x_wconf 86' lang='lat' dir='ltr'>ad</span> <span class='ocrx_word' id='word_1_167' title='bbox 2765 1005 3007 1052; x_wconf 67' lang='lat' dir='ltr'>extrema</span> <span class='ocrx_word' id='word_1_168' title='bbox 3034 1002 3253 1053; x_wconf 67' lang='lat' dir='ltr'>veniens</span> <span class='ocrx_word' id='word_1_169' title='bbox 3284 1001 3612 1053; x_wconf 75' lang='lat' dir='ltr'>monasticari</span> <span class='ocrx_word' id='word_1_170' title='bbox 3634 1016 3674 1051; x_wconf 72' lang='lat' dir='ltr'>se</span> 
     </span>
    </p>
   </div>
   <div class='ocr_carea' id='block_1_26' title="bbox 2831 1074 3073 1139">
    <p class='ocr_par' dir='ltr' id='par_1_26' title="bbox 2831 1074 3073 1139">
     <span class='ocr_line' id='line_1_26' title="bbox 2831 1074 3073 1139; baseline 0.008 -16"><span class='ocrx_word' id='word_1_171' title='bbox 2831 1074 3073 1139; x_wconf 75' lang='lat' dir='ltr'>petierit.</span> 
     </span>
    </p>
   </div>
   <div class='ocr_carea' id='block_1_27' title="bbox 2211 1157 3677 1230">
    <p class='ocr_par' dir='ltr' id='par_1_27' title="bbox 2211 1157 3677 1230">
     <span class='ocr_line' id='line_1_27' title="bbox 2211 1157 3677 1230; baseline -0.001 -18"><span class='ocrx_word' id='word_1_172' title='bbox 2211 1158 2231 1181; x_wconf 76' lang='grc'><strong><em>⁶</em></strong></span> <span class='ocrx_word' id='word_1_173' title='bbox 2261 1157 2318 1212; x_wconf 91' lang='lat' dir='ltr'>Si</span> <span class='ocrx_word' id='word_1_174' title='bbox 2347 1158 2571 1228; x_wconf 88' lang='lat' dir='ltr'>quando</span> <span class='ocrx_word' id='word_1_175' title='bbox 2602 1160 2882 1214; x_wconf 78' lang='lat' dir='ltr'>saecularis</span> <span class='ocrx_word' id='word_1_176' title='bbox 2912 1159 3114 1230; x_wconf 86' lang='lat' dir='ltr'>aliquis</span> <span class='ocrx_word' id='word_1_177' title='bbox 3147 1159 3218 1213; x_wconf 91' lang='lat' dir='ltr'>ad</span> <span class='ocrx_word' id='word_1_178' title='bbox 3265 1164 3499 1213; x_wconf 83' lang='lat' dir='ltr'>extrema</span> <span class='ocrx_word' id='word_1_179' title='bbox 3520 1176 3677 1230; x_wconf 82' lang='lat' dir='ltr'>perve-</span> 
     </span>
    </p>
   </div>
   <div class='ocr_carea' id='block_1_28' title="bbox 2138 1246 3677 1318">
    <p class='ocr_par' dir='ltr' id='par_1_28' title="bbox 2138 1246 3677 1318">
     <span class='ocr_line' id='line_1_28' title="bbox 2138 1246 3677 1318; baseline 0.001 -19"><span class='ocrx_word' id='word_1_180' title='bbox 2138 1246 2299 1300; x_wconf 89' lang='lat' dir='ltr'>niens</span> <span class='ocrx_word' id='word_1_181' title='bbox 2327 1248 2620 1302; x_wconf 86' lang='lat' dir='ltr'>monastici</span> <span class='ocrx_word' id='word_1_182' title='bbox 2642 1248 2871 1302; x_wconf 89' lang='lat' dir='ltr'>habitus</span> <span class='ocrx_word' id='word_1_183' title='bbox 2892 1249 3308 1302; x_wconf 81' lang='lat' dir='ltr'>consecratione</span> <span class='ocrx_word' id='word_1_184' title='bbox 3334 1265 3391 1301; x_wconf 90' lang='lat' dir='ltr'>se</span> <span class='ocrx_word' id='word_1_185' title='bbox 3416 1247 3580 1316; x_wconf 89' lang='lat' dir='ltr'>juvari</span> <span class='ocrx_word' id='word_1_186' title='bbox 3604 1265 3677 1318; x_wconf 88' lang='lat' dir='ltr'>pe-</span> 
     </span>
    </p>
   </div>
   <div class='ocr_carea' id='block_1_29' title="bbox 2137 1335 3679 1409">
    <p class='ocr_par' dir='ltr' id='par_1_29' title="bbox 2137 1335 3679 1409">
     <span class='ocr_line' id='line_1_29' title="bbox 2137 1335 3679 1409; baseline 0.001 -20"><span class='ocrx_word' id='word_1_187' title='bbox 2137 1335 2311 1400; x_wconf 89' lang='lat' dir='ltr'>tierit,</span> <span class='ocrx_word' id='word_1_188' title='bbox 2346 1354 2379 1391; x_wconf 88' lang='lat' dir='ltr'>a</span> <span class='ocrx_word' id='word_1_189' title='bbox 2420 1338 2625 1391; x_wconf 89' lang='lat' dir='ltr'>domno</span> <span class='ocrx_word' id='word_1_190' title='bbox 2667 1337 2885 1403; x_wconf 85' lang='lat' dir='ltr'>abbate,</span> <span class='ocrx_word' id='word_1_191' title='bbox 2918 1339 3005 1391; x_wconf 91' lang='lat' dir='ltr'>vel</span> <span class='ocrx_word' id='word_1_192' title='bbox 3032 1338 3080 1391; x_wconf 92' lang='lat' dir='ltr'>si</span> <span class='ocrx_word' id='word_1_193' title='bbox 3108 1338 3226 1409; x_wconf 88' lang='lat' dir='ltr'>ipse</span> <span class='ocrx_word' id='word_1_194' title='bbox 3274 1354 3383 1391; x_wconf 90' lang='lat' dir='ltr'>non</span> <span class='ocrx_word' id='word_1_195' title='bbox 3410 1336 3585 1400; x_wconf 86' lang='lat' dir='ltr'>aderit,</span> <span class='ocrx_word' id='word_1_196' title='bbox 3611 1336 3679 1390; x_wconf 94' lang='lat' dir='ltr'>vel</span> 
     </span>
    </p>
   </div>
   <div class='ocr_carea' id='block_1_30' title="bbox 2140 1425 3678 1498">
    <p class='ocr_par' dir='ltr' id='par_1_30' title="bbox 2140 1425 3678 1498">
     <span class='ocr_line' id='line_1_30' title="bbox 2140 1425 3678 1498; baseline 0.001 -21"><span class='ocrx_word' id='word_1_197' title='bbox 2140 1426 2311 1479; x_wconf 90' lang='lat' dir='ltr'>etiam</span> <span class='ocrx_word' id='word_1_198' title='bbox 2341 1427 2529 1497; x_wconf 91' lang='lat' dir='ltr'>aliqua</span> <span class='ocrx_word' id='word_1_199' title='bbox 2558 1427 2890 1480; x_wconf 85' lang='lat' dir='ltr'>necessitate</span> <span class='ocrx_word' id='word_1_200' title='bbox 2919 1427 3257 1498; x_wconf 64' lang='lat' dir='ltr'>praepeditus</span> <span class='ocrx_word' id='word_1_201' title='bbox 3285 1425 3354 1479; x_wconf 90' lang='lat' dir='ltr'>ad</span> <span class='ocrx_word' id='word_1_202' title='bbox 3383 1443 3502 1480; x_wconf 90' lang='lat' dir='ltr'>eum</span> <span class='ocrx_word' id='word_1_203' title='bbox 3526 1425 3678 1478; x_wconf 83' lang='lat' dir='ltr'>venire</span> 
     </span>
    </p>
   </div>
   <div class='ocr_carea' id='block_1_31' title="bbox 2140 1514 3680 1587">
    <p class='ocr_par' dir='ltr' id='par_1_31' title="bbox 2140 1514 3680 1587">
     <span class='ocr_line' id='line_1_31' title="bbox 2140 1514 3680 1587; baseline 0 -20"><span class='ocrx_word' id='word_1_204' title='bbox 2140 1531 2250 1567; x_wconf 91' lang='lat' dir='ltr'>non</span> <span class='ocrx_word' id='word_1_205' title='bbox 2282 1516 2545 1585; x_wconf 89' lang='lat' dir='ltr'>potuerit,</span> <span class='ocrx_word' id='word_1_206' title='bbox 2579 1533 2612 1569; x_wconf 90' lang='lat' dir='ltr'>a</span> <span class='ocrx_word' id='word_1_207' title='bbox 2639 1516 2823 1587; x_wconf 88' lang='lat' dir='ltr'>priore</span> <span class='ocrx_word' id='word_1_208' title='bbox 2853 1526 3061 1582; x_wconf 68' lang='lat' dir='ltr'>{tamen</span> <span class='ocrx_word' id='word_1_209' title='bbox 3092 1516 3207 1569; x_wconf 87' lang='lat' dir='ltr'>vice</span> <span class='ocrx_word' id='word_1_210' title='bbox 3237 1517 3375 1586; x_wconf 78' lang='lat' dir='ltr'>ejus)</span> <span class='ocrx_word' id='word_1_211' title='bbox 3406 1514 3680 1568; x_wconf 86' lang='lat' dir='ltr'>monachico</span> 
     </span>
    </p>
   </div>
   <div class='ocr_carea' id='block_1_32' title="bbox 2138 1603 3681 1675">
    <p class='ocr_par' dir='ltr' id='par_1_32' title="bbox 2138 1603 3681 1675">
     <span class='ocr_line' id='line_1_32' title="bbox 2138 1603 3681 1675; baseline -0.001 -18"><span class='ocrx_word' id='word_1_212' title='bbox 2138 1603 2333 1658; x_wconf 89' lang='lat' dir='ltr'>habitu</span> <span class='ocrx_word' id='word_1_213' title='bbox 2360 1604 2616 1659; x_wconf 88' lang='lat' dir='ltr'>induitur</span> <span class='ocrx_word' id='word_1_214' title='bbox 2637 1614 2692 1658; x_wconf 94' lang='lat' dir='ltr'>et</span> <span class='ocrx_word' id='word_1_215' title='bbox 2706 1611 3084 1671; x_wconf 86' lang='lat' dir='ltr'>consecratur,</span> <span class='ocrx_word' id='word_1_216' title='bbox 3113 1605 3258 1659; x_wconf 88' lang='lat' dir='ltr'>sicut</span> <span class='ocrx_word' id='word_1_217' title='bbox 3288 1612 3344 1658; x_wconf 90' lang='lat' dir='ltr'>et</span> <span class='ocrx_word' id='word_1_218' title='bbox 3370 1603 3581 1675; x_wconf 83' lang='lat' dir='ltr'>quilibet</span> <span class='ocrx_word' id='word_1_219' title='bbox 3604 1620 3681 1655; x_wconf 90' lang='lat' dir='ltr'>no-</span> 
     </span>
    </p>
   </div>
   <div class='ocr_carea' id='block_1_33' title="bbox 458 1693 3683 1788">
    <p class='ocr_par' dir='ltr' id='par_1_33' title="bbox 458 1693 3683 1788">
     <span class='ocr_line' id='line_1_33' title="bbox 458 1693 3683 1788; baseline -0.006 -13"><span class='ocrx_word' id='word_1_220' title='bbox 458 1716 824 1786; x_wconf 88' lang='lat' dir='ltr'>deant,etiam</span> <span class='ocrx_word' id='word_1_221' title='bbox 846 1714 891 1771; x_wconf 88' lang='lat' dir='ltr'>si</span> <span class='ocrx_word' id='word_1_222' title='bbox 915 1716 1069 1788; x_wconf 90' lang='lat' dir='ltr'>prius</span> <span class='ocrx_word' id='word_1_223' title='bbox 1092 1712 1351 1768; x_wconf 89' lang='lat' dir='ltr'>omnibus</span> <span class='ocrx_word' id='word_1_224' title='bbox 1368 1710 1617 1765; x_wconf 90' lang='lat' dir='ltr'>osculum</span> <span class='ocrx_word' id='word_1_225' title='bbox 1640 1726 1751 1763; x_wconf 93' lang='lat' dir='ltr'>non</span> <span class='ocrx_word' id='word_1_226' title='bbox 1772 1708 2051 1762; x_wconf 86' lang='lat' dir='ltr'>dederint.</span> <span class='ocrx_word' id='word_1_227' title='bbox 2074 1694 2122 1754; x_wconf 89' lang='grc' dir='ltr'>Β</span> <span class='ocrx_word' id='word_1_228' title='bbox 2141 1693 2304 1746; x_wconf 53' lang='lat' dir='ltr'>Vilius</span> <span class='ocrx_word' id='word_1_229' title='bbox 2334 1694 2389 1746; x_wconf 76' lang='grc' dir='ltr'>ίη</span> <span class='ocrx_word' id='word_1_230' title='bbox 2412 1694 2623 1748; x_wconf 61' lang='lat'>013115”</span> <span class='ocrx_word' id='word_1_231' title='bbox 2624 1711 2720 1748; x_wconf 75' lang='lat' dir='ltr'>um</span> <span class='ocrx_word' id='word_1_232' title='bbox 2746 1695 3075 1765; x_wconf 66' lang='grc' dir='ltr'>ι’θσεΡίυεςδί</span> <span class='ocrx_word' id='word_1_233' title='bbox 3102 1695 3182 1748; x_wconf 68' lang='lat' dir='ltr'>ita</span> <span class='ocrx_word' id='word_1_234' title='bbox 3217 1694 3387 1749; x_wconf 65' lang='lat' dir='ltr'>fuerit</span> <span class='ocrx_word' id='word_1_235' title='bbox 3412 1693 3683 1747; x_wconf 60' lang='lat' dir='ltr'>inﬁrmatus</span> 
     </span>
    </p>
   </div>
   <div class='ocr_carea' id='block_1_34' title="bbox 457 1796 2052 1881">
    <p class='ocr_par' dir='ltr' id='par_1_34' title="bbox 457 1796 2052 1881">
     <span class='ocr_line' id='line_1_34' title="bbox 457 1796 2052 1881; baseline -0.01 -16"><span class='ocrx_word' id='word_1_236' title='bbox 457 1806 542 1865; x_wconf 84' lang='lat' dir='ltr'>Ad</span> <span class='ocrx_word' id='word_1_237' title='bbox 564 1825 758 1881; x_wconf 89' lang='lat' dir='ltr'>pacem</span> <span class='ocrx_word' id='word_1_238' title='bbox 776 1804 982 1870; x_wconf 87' lang='lat' dir='ltr'>ultimi,</span> <span class='ocrx_word' id='word_1_239' title='bbox 1010 1802 1080 1857; x_wconf 89' lang='lat' dir='ltr'>ad</span> <span class='ocrx_word' id='word_1_240' title='bbox 1101 1802 1552 1857; x_wconf 84' lang='lat' dir='ltr'>communionem</span> <span class='ocrx_word' id='word_1_241' title='bbox 1573 1798 1845 1853; x_wconf 88' lang='lat' dir='ltr'>accedunt</span> <span class='ocrx_word' id='word_1_242' title='bbox 1865 1796 2052 1868; x_wconf 88' lang='lat' dir='ltr'>primi.</span> 
     </span>
    </p>
   </div>
   <div class='ocr_carea' id='block_1_35' title="bbox 458 1886 2055 1967">
    <p class='ocr_par' dir='ltr' id='par_1_35' title="bbox 458 1886 2055 1967">
     <span class='ocr_line' id='line_1_35' title="bbox 458 1886 2055 1967; baseline -0.009 -13"><span class='ocrx_word' id='word_1_243' title='bbox 458 1899 568 1954; x_wconf 85' lang='lat' dir='ltr'>Tot</span> <span class='ocrx_word' id='word_1_244' title='bbox 605 1914 729 1952; x_wconf 87' lang='lat' dir='ltr'>esse</span> <span class='ocrx_word' id='word_1_245' title='bbox 772 1898 1030 1967; x_wconf 86' lang='lat' dir='ltr'>possunt,</span> <span class='ocrx_word' id='word_1_246' title='bbox 1060 1898 1125 1946; x_wconf 90' lang='lat' dir='ltr'>ut</span> <span class='ocrx_word' id='word_1_247' title='bbox 1150 1891 1207 1946; x_wconf 89' lang='lat' dir='ltr'>in</span> <span class='ocrx_word' id='word_1_248' title='bbox 1235 1892 1324 1946; x_wconf 93' lang='lat' dir='ltr'>his</span> <span class='ocrx_word' id='word_1_249' title='bbox 1348 1889 1529 1945; x_wconf 85' lang='lat' dir='ltr'>tribus</span> <span class='ocrx_word' id='word_1_250' title='bbox 1557 1888 1772 1952; x_wconf 89' lang='lat' dir='ltr'>diebus,</span> <span class='ocrx_word' id='word_1_251' title='bbox 1807 1887 1978 1941; x_wconf 86' lang='lat' dir='ltr'>etiam</span> <span class='ocrx_word' id='word_1_252' title='bbox 2008 1886 2055 1940; x_wconf 90' lang='lat' dir='ltr'>si</span> 
     </span>
    </p>
   </div>
   <div class='ocr_carea' id='block_1_36' title="bbox 457 1978 2057 2061">
    <p class='ocr_par' dir='ltr' id='par_1_36' title="bbox 457 1978 2057 2061">
     <span class='ocr_line' id='line_1_36' title="bbox 457 1978 2057 2061; baseline -0.009 -19"><span class='ocrx_word' id='word_1_253' title='bbox 457 1982 662 2061; x_wconf 86' lang='lat' dir='ltr'>privati</span> <span class='ocrx_word' id='word_1_254' title='bbox 721 1985 854 2043; x_wconf 82' lang='lat' dir='ltr'>sint.</span> <span class='ocrx_word' id='word_1_255' title='bbox 902 1999 1089 2048; x_wconf 92' lang='lat' dir='ltr'>nemo,</span> <span class='ocrx_word' id='word_1_256' title='bbox 1130 1981 1236 2035; x_wconf 90' lang='lat' dir='ltr'>nisi</span> <span class='ocrx_word' id='word_1_257' title='bbox 1276 1980 1379 2035; x_wconf 93' lang='lat' dir='ltr'>soli</span> <span class='ocrx_word' id='word_1_258' title='bbox 1424 1978 1617 2033; x_wconf 86' lang='lat' dir='ltr'>novitii</span> <span class='ocrx_word' id='word_1_259' title='bbox 1651 1978 1723 2031; x_wconf 90' lang='lat' dir='ltr'>ad</span> <span class='ocrx_word' id='word_1_260' title='bbox 1782 1978 2057 2046; x_wconf 85' lang='lat' dir='ltr'>majorem</span> 
     </span>
    </p>
   </div>
   <div class='ocr_carea' id='block_1_37' title="bbox 459 2062 2057 2141">
    <p class='ocr_par' dir='ltr' id='par_1_37' title="bbox 459 2062 2057 2141">
     <span class='ocr_line' id='line_1_37' title="bbox 459 2062 2057 2141; baseline -0.009 -11"><span class='ocrx_word' id='word_1_261' title='bbox 459 2062 688 2131; x_wconf 87' lang='lat' dir='ltr'>missam</span> <span class='ocrx_word' id='word_1_262' title='bbox 715 2074 931 2139; x_wconf 73' lang='lat' dir='ltr'>offerat,</span> <span class='ocrx_word' id='word_1_263' title='bbox 965 2076 1065 2126; x_wconf 89' lang='lat' dir='ltr'>aut</span> <span class='ocrx_word' id='word_1_264' title='bbox 1088 2068 1156 2123; x_wconf 87' lang='lat' dir='ltr'>ad</span> <span class='ocrx_word' id='word_1_265' title='bbox 1186 2085 1380 2141; x_wconf 89' lang='lat' dir='ltr'>pacem</span> <span class='ocrx_word' id='word_1_266' title='bbox 1406 2075 1463 2122; x_wconf 90' lang='lat' dir='ltr'>et</span> <span class='ocrx_word' id='word_1_267' title='bbox 1489 2064 1940 2121; x_wconf 88' lang='lat' dir='ltr'>communionem</span> <span class='ocrx_word' id='word_1_268' title='bbox 1969 2080 2057 2117; x_wconf 87' lang='lat' dir='ltr'>ac-</span> 
     </span>
    </p>
   </div>
   <div class='ocr_carea' id='block_1_38' title="bbox 457 2164 637 2220">
    <p class='ocr_par' dir='ltr' id='par_1_38' title="bbox 457 2164 637 2220">
     <span class='ocr_line' id='line_1_38' title="bbox 457 2164 637 2220; baseline -0.022 0"><span class='ocrx_word' id='word_1_269' title='bbox 457 2164 637 2220; x_wconf 84' lang='lat' dir='ltr'>cedat.</span> 
     </span>
    </p>
   </div>
   <div class='ocr_carea' id='block_1_39' title="bbox 532 2242 2053 2320">
    <p class='ocr_par' dir='ltr' id='par_1_39' title="bbox 532 2242 2053 2320">
     <span class='ocr_line' id='line_1_39' title="bbox 532 2242 2053 2320; baseline -0.008 -14"><span class='ocrx_word' id='word_1_270' title='bbox 532 2251 642 2306; x_wconf 88' lang='lat' dir='ltr'>Sed</span> <span class='ocrx_word' id='word_1_271' title='bbox 683 2249 994 2305; x_wconf 87' lang='lat' dir='ltr'>notandum</span> <span class='ocrx_word' id='word_1_272' title='bbox 1057 2247 1206 2320; x_wconf 91' lang='lat' dir='ltr'>quod</span> <span class='ocrx_word' id='word_1_273' title='bbox 1255 2245 1581 2310; x_wconf 88' lang='lat' dir='ltr'>monachus,</span> <span class='ocrx_word' id='word_1_274' title='bbox 1625 2243 1719 2315; x_wconf 91' lang='lat' dir='ltr'>qui</span> <span class='ocrx_word' id='word_1_275' title='bbox 1762 2242 1831 2296; x_wconf 90' lang='lat' dir='ltr'>de</span> <span class='ocrx_word' id='word_1_276' title='bbox 1871 2243 2053 2296; x_wconf 89' lang='lat' dir='ltr'>alieno</span> 
     </span>
    </p>
   </div>
   <div class='ocr_carea' id='block_1_40' title="bbox 460 2334 2052 2408">
    <p class='ocr_par' dir='ltr' id='par_1_40' title="bbox 460 2334 2052 2408">
     <span class='ocr_line' id='line_1_40' title="bbox 460 2334 2052 2408; baseline -0.007 -13"><span class='ocrx_word' id='word_1_277' title='bbox 460 2340 803 2395; x_wconf 88' lang='lat' dir='ltr'>monasterio</span> <span class='ocrx_word' id='word_1_278' title='bbox 832 2339 1002 2405; x_wconf 87' lang='lat' dir='ltr'>venit,</span> <span class='ocrx_word' id='word_1_279' title='bbox 1036 2346 1094 2392; x_wconf 89' lang='lat' dir='ltr'>et</span> <span class='ocrx_word' id='word_1_280' title='bbox 1128 2338 1249 2408; x_wconf 91' lang='lat' dir='ltr'>ipso</span> <span class='ocrx_word' id='word_1_281' title='bbox 1296 2336 1387 2390; x_wconf 91' lang='lat' dir='ltr'>die</span> <span class='ocrx_word' id='word_1_282' title='bbox 1432 2334 1745 2389; x_wconf 86' lang='lat' dir='ltr'>chartulam</span> <span class='ocrx_word' id='word_1_283' title='bbox 1778 2349 1892 2386; x_wconf 78' lang='lat' dir='ltr'>suae</span> <span class='ocrx_word' id='word_1_284' title='bbox 1922 2349 2052 2402; x_wconf 89' lang='lat' dir='ltr'>pro-</span> 
     </span>
    </p>
   </div>
   <div class='ocr_carea' id='block_1_41' title="bbox 456 2421 2053 2499">
    <p class='ocr_par' dir='ltr' id='par_1_41' title="bbox 456 2421 2053 2499">
     <span class='ocr_line' id='line_1_41' title="bbox 456 2421 2053 2499; baseline -0.006 -15"><span class='ocrx_word' id='word_1_285' title='bbox 456 2429 715 2484; x_wconf 85' lang='lat' dir='ltr'>fessionis</span> <span class='ocrx_word' id='word_1_286' title='bbox 745 2430 931 2499; x_wconf 87' lang='lat' dir='ltr'>legere</span> <span class='ocrx_word' id='word_1_287' title='bbox 962 2427 1146 2489; x_wconf 89' lang='lat' dir='ltr'>debet,</span> <span class='ocrx_word' id='word_1_288' title='bbox 1176 2425 1391 2497; x_wconf 87' lang='lat' dir='ltr'>primus</span> <span class='ocrx_word' id='word_1_289' title='bbox 1425 2424 1675 2477; x_wconf 89' lang='lat' dir='ltr'>omnium</span> <span class='ocrx_word' id='word_1_290' title='bbox 1722 2421 1876 2491; x_wconf 85' lang='lat' dir='ltr'>legit,</span> <span class='ocrx_word' id='word_1_291' title='bbox 1911 2428 1968 2475; x_wconf 91' lang='lat' dir='ltr'>et</span> <span class='ocrx_word' id='word_1_292' title='bbox 2006 2421 2053 2474; x_wconf 88' lang='lat' dir='ltr'>si</span> 
     </span>
    </p>
   </div>
   <div class='ocr_carea' id='block_1_42' title="bbox 461 2511 2049 2591">
    <p class='ocr_par' dir='ltr' id='par_1_42' title="bbox 461 2511 2049 2591">
     <span class='ocr_line' id='line_1_42' title="bbox 461 2511 2049 2591; baseline -0.007 -17"><span class='ocrx_word' id='word_1_293' title='bbox 461 2519 618 2591; x_wconf 85' lang='lat' dir='ltr'>prius</span> <span class='ocrx_word' id='word_1_294' title='bbox 634 2519 692 2572; x_wconf 90' lang='lat' dir='ltr'>in</span> <span class='ocrx_word' id='word_1_295' title='bbox 717 2523 989 2573; x_wconf 90' lang='lat' dir='ltr'>conventu</span> <span class='ocrx_word' id='word_1_296' title='bbox 1010 2517 1254 2587; x_wconf 89' lang='lat' dir='ltr'>aliquem</span> <span class='ocrx_word' id='word_1_297' title='bbox 1279 2513 1820 2585; x_wconf 89' lang='lat' dir='ltr'>superioremlocum</span> <span class='ocrx_word' id='word_1_298' title='bbox 1834 2511 2049 2573; x_wconf 89' lang='lat' dir='ltr'>habuit,</span> 
     </span>
    </p>
   </div>
   <div class='ocr_carea' id='block_1_43' title="bbox 458 2600 2054 2676">
    <p class='ocr_par' dir='ltr' id='par_1_43' title="bbox 458 2600 2054 2676">
     <span class='ocr_line' id='line_1_43' title="bbox 458 2600 2054 2676; baseline -0.006 -14"><span class='ocrx_word' id='word_1_299' title='bbox 458 2625 589 2662; x_wconf 83' lang='lat' dir='ltr'>mox</span> <span class='ocrx_word' id='word_1_300' title='bbox 635 2612 825 2662; x_wconf 90' lang='lat' dir='ltr'>tamen</span> <span class='ocrx_word' id='word_1_301' title='bbox 864 2623 968 2660; x_wconf 90' lang='lat' dir='ltr'>sua</span> <span class='ocrx_word' id='word_1_302' title='bbox 1005 2611 1223 2676; x_wconf 89' lang='lat' dir='ltr'>sponte,</span> <span class='ocrx_word' id='word_1_303' title='bbox 1255 2601 1661 2674; x_wconf 88' lang='lat' dir='ltr'>qualiscunque</span> <span class='ocrx_word' id='word_1_304' title='bbox 1689 2617 1930 2671; x_wconf 80' lang='lat' dir='ltr'>persona</span> <span class='ocrx_word' id='word_1_305' title='bbox 1958 2600 2054 2668; x_wconf 87' lang='lat' dir='ltr'>sit,</span> 
     </span>
    </p>
   </div>
   <div class='ocr_carea' id='block_1_44' title="bbox 458 2689 2055 2751">
    <p class='ocr_par' dir='ltr' id='par_1_44' title="bbox 458 2689 2055 2751">
     <span class='ocr_line' id='line_1_44' title="bbox 458 2689 2055 2751; baseline -0.007 0"><span class='ocrx_word' id='word_1_306' title='bbox 458 2690 545 2751; x_wconf 86' lang='lat' dir='ltr'>ibi</span> <span class='ocrx_word' id='word_1_307' title='bbox 565 2695 624 2751; x_wconf 90' lang='lat' dir='ltr'>in</span> <span class='ocrx_word' id='word_1_308' title='bbox 652 2696 822 2750; x_wconf 88' lang='lat' dir='ltr'>choro</span> <span class='ocrx_word' id='word_1_309' title='bbox 860 2694 919 2748; x_wconf 92' lang='lat' dir='ltr'>in</span> <span class='ocrx_word' id='word_1_310' title='bbox 961 2695 1222 2750; x_wconf 88' lang='lat' dir='ltr'>ultimum</span> <span class='ocrx_word' id='word_1_311' title='bbox 1262 2693 1445 2746; x_wconf 90' lang='lat' dir='ltr'>locum</span> <span class='ocrx_word' id='word_1_312' title='bbox 1477 2690 1854 2745; x_wconf 89' lang='lat' dir='ltr'>litteratorum</span> <span class='ocrx_word' id='word_1_313' title='bbox 1892 2689 2055 2741; x_wconf 87' lang='lat' dir='ltr'>debet</span> 
     </span>
    </p>
   </div>
   <div class='ocr_carea' id='block_1_45' title="bbox 458 2778 2054 2857">
    <p class='ocr_par' dir='ltr' id='par_1_45' title="bbox 458 2778 2054 2857">
     <span class='ocr_line' id='line_1_45' title="bbox 458 2778 2054 2857; baseline -0.005 -17"><span class='ocrx_word' id='word_1_314' title='bbox 458 2786 561 2853; x_wconf 90' lang='lat' dir='ltr'>ire,</span> <span class='ocrx_word' id='word_1_315' title='bbox 594 2785 642 2839; x_wconf 91' lang='lat' dir='ltr'>si</span> <span class='ocrx_word' id='word_1_316' title='bbox 664 2784 781 2857; x_wconf 89' lang='lat' dir='ltr'>ipse</span> <span class='ocrx_word' id='word_1_317' title='bbox 803 2789 890 2838; x_wconf 89' lang='lat' dir='ltr'>est</span> <span class='ocrx_word' id='word_1_318' title='bbox 918 2783 1201 2838; x_wconf 86' lang='lat' dir='ltr'>litteratus</span> <span class='ocrx_word' id='word_1_319' title='bbox 1232 2800 1245 2837; x_wconf 92' lang='lat'><strong>:</strong></span> <span class='ocrx_word' id='word_1_320' title='bbox 1276 2781 1335 2835; x_wconf 89' lang='lat' dir='ltr'>in</span> <span class='ocrx_word' id='word_1_321' title='bbox 1363 2780 1606 2851; x_wconf 88' lang='lat' dir='ltr'>capitulo</span> <span class='ocrx_word' id='word_1_322' title='bbox 1636 2796 1765 2833; x_wconf 89' lang='lat' dir='ltr'>vero</span> <span class='ocrx_word' id='word_1_323' title='bbox 1796 2784 1853 2832; x_wconf 90' lang='lat' dir='ltr'>et</span> <span class='ocrx_word' id='word_1_324' title='bbox 1882 2778 1942 2831; x_wconf 91' lang='lat' dir='ltr'>in</span> <span class='ocrx_word' id='word_1_325' title='bbox 1963 2795 2054 2832; x_wconf 89' lang='lat' dir='ltr'>re-</span> 
     </span>
    </p>
   </div>
   <div class='ocr_carea' id='block_1_46' title="bbox 458 2863 1733 2928">
    <p class='ocr_par' dir='ltr' id='par_1_46' title="bbox 458 2863 1733 2928">
     <span class='ocr_line' id='line_1_46' title="bbox 458 2863 1733 2928; baseline -0.007 0"><span class='ocrx_word' id='word_1_326' title='bbox 458 2872 691 2928; x_wconf 89' lang='lat' dir='ltr'>fectorio</span> <span class='ocrx_word' id='word_1_327' title='bbox 715 2872 887 2927; x_wconf 89' lang='lat' dir='ltr'>etiam</span> <span class='ocrx_word' id='word_1_328' title='bbox 915 2863 1307 2926; x_wconf 80' lang='lat' dir='ltr'>conversorum</span> <span class='ocrx_word' id='word_1_329' title='bbox 1342 2868 1450 2922; x_wconf 91' lang='lat' dir='ltr'>erit</span> <span class='ocrx_word' id='word_1_330' title='bbox 1477 2868 1733 2921; x_wconf 90' lang='lat' dir='ltr'>ultimus.</span> 
     </span>
    </p>
   </div>
   <div class='ocr_carea' id='block_1_47' title="bbox 1019 2957 1495 3015">
    <p class='ocr_par' dir='ltr' id='par_1_47' title="bbox 1019 2957 1495 3015">
     <span class='ocr_line' id='line_1_47' title="bbox 1019 2957 1495 3015; baseline -0.008 0"><span class='ocrx_word' id='word_1_331' title='bbox 1019 2959 1253 3015; x_wconf 82' lang='lat' dir='ltr'>CAPUT</span> <span class='ocrx_word' id='word_1_332' title='bbox 1282 2957 1495 3013; x_wconf 82' lang='lat' dir='ltr'>LXXV.</span> 
     </span>
    </p>
   </div>
   <div class='ocr_carea' id='block_1_48' title="bbox 2137 1780 3682 1850">
    <p class='ocr_par' dir='ltr' id='par_1_48' title="bbox 2137 1780 3682 1850">
     <span class='ocr_line' id='line_1_48' title="bbox 2137 1780 3682 1850; baseline -0.001 -15"><span class='ocrx_word' id='word_1_333' title='bbox 2137 1786 2224 1850; x_wconf 82' lang='lat' dir='ltr'>(ut</span> <span class='ocrx_word' id='word_1_334' title='bbox 2252 1782 2429 1849; x_wconf 88' lang='lat' dir='ltr'>aiunt)</span> <span class='ocrx_word' id='word_1_335' title='bbox 2454 1784 2526 1836; x_wconf 83' lang='lat' dir='ltr'>ad</span> <span class='ocrx_word' id='word_1_336' title='bbox 2574 1785 3012 1837; x_wconf 67' lang='lat' dir='ltr'>succurrendum</span> <span class='ocrx_word' id='word_1_337' title='bbox 3044 1783 3357 1837; x_wconf 88' lang='lat' dir='ltr'>ordinatur.</span> <span class='ocrx_word' id='word_1_338' title='bbox 3385 1784 3518 1836; x_wconf 79' lang='lat' dir='ltr'>Nam</span> <span class='ocrx_word' id='word_1_339' title='bbox 3550 1780 3682 1834; x_wconf 85' lang='lat' dir='ltr'>verbo</span> 
     </span>
    </p>
   </div>
   <div class='ocr_carea' id='block_1_49' title="bbox 2138 1872 3683 1943">
    <p class='ocr_par' dir='ltr' id='par_1_49' title="bbox 2138 1872 3683 1943">
     <span class='ocr_line' id='line_1_49' title="bbox 2138 1872 3683 1943; baseline 0 -20"><span class='ocrx_word' id='word_1_340' title='bbox 2138 1876 2359 1924; x_wconf 88' lang='lat' dir='ltr'>tantum</span> <span class='ocrx_word' id='word_1_341' title='bbox 2388 1876 2554 1942; x_wconf 90' lang='lat' dir='ltr'>prout</span> <span class='ocrx_word' id='word_1_342' title='bbox 2572 1877 2757 1943; x_wconf 87' lang='lat' dir='ltr'>potest</span> <span class='ocrx_word' id='word_1_343' title='bbox 2771 1872 2916 1931; x_wconf 43' lang='lat' dir='ltr'>,facrt</span> <span class='ocrx_word' id='word_1_344' title='bbox 2935 1872 3362 1943; x_wconf 85' lang='lat' dir='ltr'>professionem,</span> <span class='ocrx_word' id='word_1_345' title='bbox 3378 1878 3432 1926; x_wconf 89' lang='lat' dir='ltr'>et</span> <span class='ocrx_word' id='word_1_346' title='bbox 3450 1876 3683 1924; x_wconf 69' lang='lat' dir='ltr'>consuetae</span> 
     </span>
    </p>
   </div>
   <div class='ocr_carea' id='block_1_50' title="bbox 2138 1959 3683 2032">
    <p class='ocr_par' dir='ltr' id='par_1_50' title="bbox 2138 1959 3683 2032">
     <span class='ocr_line' id='line_1_50' title="bbox 2138 1959 3683 2032; baseline -0.001 -20"><span class='ocrx_word' id='word_1_347' title='bbox 2138 1960 2419 2013; x_wconf 88' lang='lat' dir='ltr'>orationes</span> <span class='ocrx_word' id='word_1_348' title='bbox 2439 1978 2608 2032; x_wconf 88' lang='lat' dir='ltr'>super</span> <span class='ocrx_word' id='word_1_349' title='bbox 2630 1978 2759 2014; x_wconf 89' lang='lat' dir='ltr'>eum</span> <span class='ocrx_word' id='word_1_350' title='bbox 2790 1960 3071 2015; x_wconf 90' lang='lat' dir='ltr'>dicuntur.</span> <span class='ocrx_word' id='word_1_351' title='bbox 3113 1962 3274 2025; x_wconf 85' lang='lat' dir='ltr'>Quod</span> <span class='ocrx_word' id='word_1_352' title='bbox 3320 1962 3365 2015; x_wconf 89' lang='lat' dir='ltr'>si</span> <span class='ocrx_word' id='word_1_353' title='bbox 3397 1960 3566 2014; x_wconf 89' lang='lat' dir='ltr'>obitus</span> <span class='ocrx_word' id='word_1_354' title='bbox 3590 1959 3683 2028; x_wconf 86' lang='lat' dir='ltr'>ejus</span> 
     </span>
    </p>
   </div>
   <div class='ocr_carea' id='block_1_51' title="bbox 2137 2048 3683 2120">
    <p class='ocr_par' dir='ltr' id='par_1_51' title="bbox 2137 2048 3683 2120">
     <span class='ocr_line' id='line_1_51' title="bbox 2137 2048 3683 2120; baseline -0.003 -17"><span class='ocrx_word' id='word_1_355' title='bbox 2137 2048 2275 2103; x_wconf 89' lang='lat' dir='ltr'>adeo</span> <span class='ocrx_word' id='word_1_356' title='bbox 2305 2065 2477 2120; x_wconf 90' lang='lat' dir='ltr'>pr0pe</span> <span class='ocrx_word' id='word_1_357' title='bbox 2524 2066 2645 2103; x_wconf 88' lang='lat' dir='ltr'>esse</span> <span class='ocrx_word' id='word_1_358' title='bbox 2688 2051 2960 2115; x_wconf 80' lang='lat' dir='ltr'>cernitur,</span> <span class='ocrx_word' id='word_1_359' title='bbox 2990 2056 3055 2104; x_wconf 93' lang='lat' dir='ltr'>ut</span> <span class='ocrx_word' id='word_1_360' title='bbox 3083 2052 3346 2105; x_wconf 86' lang='lat' dir='ltr'>credatur</span> <span class='ocrx_word' id='word_1_361' title='bbox 3375 2049 3574 2103; x_wconf 87' lang='lat' dir='ltr'>tamdiu</span> <span class='ocrx_word' id='word_1_362' title='bbox 3598 2063 3683 2101; x_wconf 90' lang='lat' dir='ltr'>non</span> 
     </span>
    </p>
   </div>
   <div class='ocr_carea' id='block_1_52' title="bbox 2136 2137 3685 2209">
    <p class='ocr_par' dir='ltr' id='par_1_52' title="bbox 2136 2137 3685 2209">
     <span class='ocr_line' id='line_1_52' title="bbox 2136 2137 3685 2209; baseline -0.002 -18"><span class='ocrx_word' id='word_1_363' title='bbox 2136 2155 2298 2208; x_wconf 87' lang='lat' dir='ltr'>posse</span> <span class='ocrx_word' id='word_1_364' title='bbox 2324 2138 2505 2191; x_wconf 84' lang='lat' dir='ltr'>vivere</span> <span class='ocrx_word' id='word_1_365' title='bbox 2523 2155 2812 2209; x_wconf 88' lang='lat' dir='ltr'>quousque</span> <span class='ocrx_word' id='word_1_366' title='bbox 2829 2139 3277 2193; x_wconf 88' lang='lat' dir='ltr'>benedictionem</span> <span class='ocrx_word' id='word_1_367' title='bbox 3304 2139 3402 2192; x_wconf 90' lang='lat' dir='ltr'>tali</span> <span class='ocrx_word' id='word_1_368' title='bbox 3418 2137 3566 2191; x_wconf 90' lang='lat' dir='ltr'>modo</span> <span class='ocrx_word' id='word_1_369' title='bbox 3585 2152 3685 2207; x_wconf 88' lang='lat' dir='ltr'>per-</span> 
     </span>
    </p>
   </div>
   <div class='ocr_carea' id='block_1_53' title="bbox 2136 2225 3684 2299">
    <p class='ocr_par' dir='ltr' id='par_1_53' title="bbox 2136 2225 3684 2299">
     <span class='ocr_line' id='line_1_53' title="bbox 2136 2225 3684 2299; baseline -0.003 -18"><span class='ocrx_word' id='word_1_370' title='bbox 2136 2226 2321 2299; x_wconf 90' lang='lat' dir='ltr'>cipere</span> <span class='ocrx_word' id='word_1_371' title='bbox 2342 2228 2761 2298; x_wconf 90' lang='lat' dir='ltr'>possit,cuculla</span> <span class='ocrx_word' id='word_1_372' title='bbox 2778 2228 3169 2282; x_wconf 90' lang='lat' dir='ltr'>tantummodo</span> <span class='ocrx_word' id='word_1_373' title='bbox 3180 2228 3469 2283; x_wconf 87' lang='lat' dir='ltr'>benedicta</span> <span class='ocrx_word' id='word_1_374' title='bbox 3488 2225 3684 2279; x_wconf 81' lang='lat' dir='ltr'>induen-</span> 
     </span>
    </p>
   </div>
   <div class='ocr_carea' id='block_1_54' title="bbox 2137 2315 3683 2388">
    <p class='ocr_par' dir='ltr' id='par_1_54' title="bbox 2137 2315 3683 2388">
     <span class='ocr_line' id='line_1_54' title="bbox 2137 2315 3683 2388; baseline -0.005 -17"><span class='ocrx_word' id='word_1_375' title='bbox 2137 2318 2241 2371; x_wconf 91' lang='lat' dir='ltr'>dus</span> <span class='ocrx_word' id='word_1_376' title='bbox 2271 2323 2375 2384; x_wconf 88' lang='lat' dir='ltr'>est,</span> <span class='ocrx_word' id='word_1_377' title='bbox 2418 2324 2474 2370; x_wconf 90' lang='lat' dir='ltr'>et</span> <span class='ocrx_word' id='word_1_378' title='bbox 2503 2315 2717 2383; x_wconf 88' lang='lat' dir='ltr'>statim,</span> <span class='ocrx_word' id='word_1_379' title='bbox 2758 2318 2801 2370; x_wconf 90' lang='lat' dir='ltr'>si</span> <span class='ocrx_word' id='word_1_380' title='bbox 2826 2317 2942 2388; x_wconf 90' lang='lat' dir='ltr'>pati</span> <span class='ocrx_word' id='word_1_381' title='bbox 2974 2323 3180 2388; x_wconf 86' lang='lat' dir='ltr'>potest.</span> <span class='ocrx_word' id='word_1_382' title='bbox 3214 2318 3286 2371; x_wconf 91' lang='lat' dir='ltr'>ad</span> <span class='ocrx_word' id='word_1_383' title='bbox 3308 2316 3683 2371; x_wconf 85' lang='lat' dir='ltr'>monasterium:</span> 
     </span>
    </p>
   </div>
   <div class='ocr_carea' id='block_1_55' title="bbox 2137 2400 3684 2464">
    <p class='ocr_par' dir='ltr' id='par_1_55' title="bbox 2137 2400 3684 2464">
     <span class='ocr_line' id='line_1_55' title="bbox 2137 2400 3684 2464; baseline -0.004 -5"><span class='ocrx_word' id='word_1_384' title='bbox 2137 2405 2184 2459; x_wconf 90' lang='lat' dir='ltr'>si</span> <span class='ocrx_word' id='word_1_385' title='bbox 2214 2412 2405 2458; x_wconf 88' lang='lat' dir='ltr'>autem</span> <span class='ocrx_word' id='word_1_386' title='bbox 2431 2406 2486 2458; x_wconf 91' lang='lat' dir='ltr'>in</span> <span class='ocrx_word' id='word_1_387' title='bbox 2518 2406 2714 2459; x_wconf 89' lang='lat' dir='ltr'>eodem</span> <span class='ocrx_word' id='word_1_388' title='bbox 2747 2407 2869 2459; x_wconf 92' lang='lat' dir='ltr'>loco</span> <span class='ocrx_word' id='word_1_389' title='bbox 2916 2407 3114 2459; x_wconf 90' lang='lat' dir='ltr'>mortis</span> <span class='ocrx_word' id='word_1_390' title='bbox 3157 2406 3407 2460; x_wconf 90' lang='lat' dir='ltr'>debitum</span> <span class='ocrx_word' id='word_1_391' title='bbox 3451 2403 3609 2464; x_wconf 82' lang='lat' dir='ltr'>solvit,</span> <span class='ocrx_word' id='word_1_392' title='bbox 3640 2400 3684 2453; x_wconf 89' lang='lat' dir='ltr'>in</span> 
     </span>
    </p>
   </div>
   <div class='ocr_carea' id='block_1_56' title="bbox 2136 2490 3682 2564">
    <p class='ocr_par' dir='ltr' id='par_1_56' title="bbox 2136 2490 3682 2564">
     <span class='ocr_line' id='line_1_56' title="bbox 2136 2490 3682 2564; baseline -0.004 -17"><span class='ocrx_word' id='word_1_393' title='bbox 2136 2496 2441 2548; x_wconf 88' lang='lat' dir='ltr'>claustrum</span> <span class='ocrx_word' id='word_1_394' title='bbox 2464 2500 2653 2547; x_wconf 88' lang='lat' dir='ltr'>tamen</span> <span class='ocrx_word' id='word_1_395' title='bbox 2681 2494 3033 2564; x_wconf 86' lang='lat' dir='ltr'>recipitur,et</span> <span class='ocrx_word' id='word_1_396' title='bbox 3050 2495 3201 2548; x_wconf 88' lang='lat' dir='ltr'>inter</span> <span class='ocrx_word' id='word_1_397' title='bbox 3222 2494 3420 2548; x_wconf 86' lang='lat' dir='ltr'>fratres</span> <span class='ocrx_word' id='word_1_398' title='bbox 3440 2490 3682 2563; x_wconf 85' lang='lat' dir='ltr'>sepelitur.</span> 
     </span>
    </p>
   </div>
   <div class='ocr_carea' id='block_1_57' title="bbox 2139 2582 3688 2639">
    <p class='ocr_par' dir='ltr' id='par_1_57' title="bbox 2139 2582 3688 2639">
     <span class='ocr_line' id='line_1_57' title="bbox 2139 2582 3688 2639; baseline -0.006 0"><span class='ocrx_word' id='word_1_399' title='bbox 2139 2584 2196 2639; x_wconf 87' lang='lat' dir='ltr'>Si</span> <span class='ocrx_word' id='word_1_400' title='bbox 2237 2600 2364 2637; x_wconf 88' lang='lat' dir='ltr'>vero</span> <span class='ocrx_word' id='word_1_401' title='bbox 2393 2583 2464 2636; x_wconf 91' lang='lat' dir='ltr'>ad</span> <span class='ocrx_word' id='word_1_402' title='bbox 2494 2583 2899 2636; x_wconf 88' lang='lat' dir='ltr'>monasterium</span> <span class='ocrx_word' id='word_1_403' title='bbox 2931 2584 3134 2637; x_wconf 89' lang='lat' dir='ltr'>allatus</span> <span class='ocrx_word' id='word_1_404' title='bbox 3156 2583 3227 2636; x_wconf 90' lang='lat' dir='ltr'>de</span> <span class='ocrx_word' id='word_1_405' title='bbox 3249 2582 3563 2637; x_wconf 85' lang='lat' dir='ltr'>inﬁrmitate</span> <span class='ocrx_word' id='word_1_406' title='bbox 3588 2594 3688 2632; x_wconf 89' lang='lat' dir='ltr'>con-</span> 
     </span>
    </p>
   </div>
   <div class='ocr_carea' id='block_1_58' title="bbox 2141 2668 3689 2744">
    <p class='ocr_par' dir='ltr' id='par_1_58' title="bbox 2141 2668 3689 2744">
     <span class='ocr_line' id='line_1_58' title="bbox 2141 2668 3689 2744; baseline -0.004 -18"><span class='ocrx_word' id='word_1_407' title='bbox 2141 2673 2397 2736; x_wconf 88' lang='lat' dir='ltr'>valuerit,</span> <span class='ocrx_word' id='word_1_408' title='bbox 2423 2677 2549 2743; x_wconf 89' lang='lat' dir='ltr'>post</span> <span class='ocrx_word' id='word_1_409' title='bbox 2564 2672 2805 2742; x_wconf 88' lang='lat' dir='ltr'>primam</span> <span class='ocrx_word' id='word_1_410' title='bbox 2829 2675 2915 2725; x_wconf 87' lang='lat' dir='ltr'>vel</span> <span class='ocrx_word' id='word_1_411' title='bbox 2935 2672 3046 2726; x_wconf 90' lang='lat' dir='ltr'>alio</span> <span class='ocrx_word' id='word_1_412' title='bbox 3073 2679 3327 2743; x_wconf 86' lang='lat' dir='ltr'>tempore</span> <span class='ocrx_word' id='word_1_413' title='bbox 3356 2677 3476 2744; x_wconf 90' lang='lat' dir='ltr'>post</span> <span class='ocrx_word' id='word_1_414' title='bbox 3501 2668 3689 2724; x_wconf 86' lang='lat' dir='ltr'>tertiam</span> 
     </span>
    </p>
   </div>
   <div class='ocr_carea' id='block_1_59' title="bbox 2136 2759 3689 2832">
    <p class='ocr_par' dir='ltr' id='par_1_59' title="bbox 2136 2759 3689 2832">
     <span class='ocr_line' id='line_1_59' title="bbox 2136 2759 3689 2832; baseline -0.004 -17"><span class='ocrx_word' id='word_1_415' title='bbox 2136 2762 2196 2815; x_wconf 89' lang='lat' dir='ltr'>in</span> <span class='ocrx_word' id='word_1_416' title='bbox 2225 2762 2422 2815; x_wconf 89' lang='lat' dir='ltr'>cellam</span> <span class='ocrx_word' id='word_1_417' title='bbox 2462 2761 2797 2814; x_wconf 85' lang='lat' dir='ltr'>novitiorum</span> <span class='ocrx_word' id='word_1_418' title='bbox 2826 2778 2927 2832; x_wconf 90' lang='lat' dir='ltr'>per</span> <span class='ocrx_word' id='word_1_419' title='bbox 2954 2760 3401 2815; x_wconf 86' lang='lat' dir='ltr'>inﬁrmariumin</span> <span class='ocrx_word' id='word_1_420' title='bbox 3426 2759 3689 2831; x_wconf 88' lang='lat' dir='ltr'>capitulum</span> 
     </span>
    </p>
   </div>
   <div class='ocr_carea' id='block_1_60' title="bbox 2136 2844 3690 2922">
    <p class='ocr_par' dir='ltr' id='par_1_60' title="bbox 2136 2844 3690 2922">
     <span class='ocr_line' id='line_1_60' title="bbox 2136 2844 3690 2922; baseline -0.004 -18"><span class='ocrx_word' id='word_1_421' title='bbox 2136 2868 2238 2922; x_wconf 90' lang='lat' dir='ltr'>pro</span> <span class='ocrx_word' id='word_1_422' title='bbox 2269 2849 2538 2921; x_wconf 88' lang='lat' dir='ltr'>petitione</span> <span class='ocrx_word' id='word_1_423' title='bbox 2569 2849 2823 2903; x_wconf 80' lang='lat' dir='ltr'>facienda</span> <span class='ocrx_word' id='word_1_424' title='bbox 2852 2867 2953 2920; x_wconf 91' lang='lat' dir='ltr'>per</span> <span class='ocrx_word' id='word_1_425' title='bbox 2982 2851 3319 2921; x_wconf 84' lang='lat' dir='ltr'>magistrum</span> <span class='ocrx_word' id='word_1_426' title='bbox 3352 2850 3579 2911; x_wconf 90' lang='lat' dir='ltr'>dicitur;</span> <span class='ocrx_word' id='word_1_427' title='bbox 3614 2844 3690 2899; x_wconf 87' lang='lat' dir='ltr'>sed</span> 
     </span>
    </p>
   </div>
   <div class='ocr_carea' id='block_1_61' title="bbox 2138 2937 3689 3010">
    <p class='ocr_par' dir='ltr' id='par_1_61' title="bbox 2138 2937 3689 3010">
     <span class='ocr_line' id='line_1_61' title="bbox 2138 2937 3689 3010; baseline -0.004 -19"><span class='ocrx_word' id='word_1_428' title='bbox 2138 2937 2393 3008; x_wconf 90' lang='lat' dir='ltr'>quamvis</span> <span class='ocrx_word' id='word_1_429' title='bbox 2426 2937 2735 2991; x_wconf 88' lang='lat' dir='ltr'>monastica</span> <span class='ocrx_word' id='word_1_430' title='bbox 2759 2937 3139 2992; x_wconf 88' lang='lat' dir='ltr'>benedictione</span> <span class='ocrx_word' id='word_1_431' title='bbox 3170 2939 3400 3010; x_wconf 79' lang='lat' dir='ltr'>adjutus</span> <span class='ocrx_word' id='word_1_432' title='bbox 3420 2938 3508 3003; x_wconf 91' lang='lat' dir='ltr'>sit,</span> <span class='ocrx_word' id='word_1_433' title='bbox 3535 2944 3689 2989; x_wconf 83' lang='lat' dir='ltr'>tamen</span> 
     </span>
    </p>
   </div>
   <div class='ocr_carea' id='block_1_62' title="bbox 463 3016 3691 3116">
    <p class='ocr_par' dir='ltr' id='par_1_62' title="bbox 463 3016 3691 3116">
     <span class='ocr_line' id='line_1_62' title="bbox 463 3016 3691 3116; baseline -0.002 -36"><span class='ocrx_word' id='word_1_434' title='bbox 463 3056 531 3110; x_wconf 58' lang='lat' dir='ltr'>De</span> <span class='ocrx_word' id='word_1_435' title='bbox 579 3048 904 3108; x_wconf 50' lang='lat' dir='ltr'>habt-tudine</span> <span class='ocrx_word' id='word_1_436' title='bbox 950 3052 1288 3105; x_wconf 60' lang='lat' dir='ltr'>nom-mrum</span> <span class='ocrx_word' id='word_1_437' title='bbox 1316 3050 1379 3101; x_wconf 57' lang='lat' dir='ltr'>in</span> <span class='ocrx_word' id='word_1_438' title='bbox 1410 3049 1507 3101; x_wconf 58' lang='lat' dir='ltr'><em>illo</em></span> <span class='ocrx_word' id='word_1_439' title='bbox 1540 3048 1727 3100; x_wconf 54' lang='lat' dir='ltr'>triduo</span> <span class='ocrx_word' id='word_1_440' title='bbox 1754 3050 1875 3116; x_wconf 60' lang='lat' dir='ltr'>post</span> <span class='ocrx_word' id='word_1_441' title='bbox 1907 3047 2057 3099; x_wconf 63' lang='grc' dir='ltr'>θεηα,</span> <span class='ocrx_word' id='word_1_442' title='bbox 2077 3016 2382 3099; x_wconf 85' lang='lat' dir='ltr'>Ccapitulo</span> <span class='ocrx_word' id='word_1_443' title='bbox 2412 3025 2876 3088; x_wconf 76' lang='lat' dir='ltr'>carebit,‘etiamsi</span> <span class='ocrx_word' id='word_1_444' title='bbox 2906 3044 2940 3080; x_wconf 90' lang='lat' dir='ltr'>a</span> <span class='ocrx_word' id='word_1_445' title='bbox 2970 3027 3176 3081; x_wconf 91' lang='lat' dir='ltr'>domno</span> <span class='ocrx_word' id='word_1_446' title='bbox 3210 3026 3412 3081; x_wconf 88' lang='lat' dir='ltr'>abbate</span> <span class='ocrx_word' id='word_1_447' title='bbox 3441 3038 3691 3082; x_wconf 76' lang='lat' dir='ltr'>censeam-</span> 
     </span>
    </p>
   </div>
   <div class='ocr_carea' id='block_1_63' title="bbox 1090 3140 1415 3193">
    <p class='ocr_par' dir='ltr' id='par_1_63' title="bbox 1090 3140 1415 3193">
     <span class='ocr_line' id='line_1_63' title="bbox 1090 3140 1415 3193; baseline 0.003 -1"><span class='ocrx_word' id='word_1_448' title='bbox 1090 3140 1385 3192; x_wconf 80' lang='lat' dir='ltr'>dictzonem</span> <span class='ocrx_word' id='word_1_449' title='bbox 1403 3180 1415 3193; x_wconf 94' lang='lat'>.</span> 
     </span>
    </p>
   </div>
   <div class='ocr_carea' id='block_1_64' title="bbox 529 3218 2057 3297">
    <p class='ocr_par' dir='ltr' id='par_1_64' title="bbox 529 3218 2057 3297">
     <span class='ocr_line' id='line_1_64' title="bbox 529 3218 2057 3297; baseline -0.007 -11"><span class='ocrx_word' id='word_1_450' title='bbox 529 3231 597 3287; x_wconf 85' lang='lat' dir='ltr'>In</span> <span class='ocrx_word' id='word_1_451' title='bbox 622 3229 712 3285; x_wconf 91' lang='lat' dir='ltr'>his</span> <span class='ocrx_word' id='word_1_452' title='bbox 736 3227 917 3284; x_wconf 88' lang='lat' dir='ltr'>tribus</span> <span class='ocrx_word' id='word_1_453' title='bbox 946 3227 1142 3282; x_wconf 91' lang='lat' dir='ltr'>diebus</span> <span class='ocrx_word' id='word_1_454' title='bbox 1170 3230 1341 3297; x_wconf 88' lang='lat' dir='ltr'>caput</span> <span class='ocrx_word' id='word_1_455' title='bbox 1383 3242 1496 3279; x_wconf 92' lang='lat' dir='ltr'>non</span> <span class='ocrx_word' id='word_1_456' title='bbox 1525 3218 1817 3278; x_wconf 86' lang='lat' dir='ltr'>denudant</span> <span class='ocrx_word' id='word_1_457' title='bbox 1840 3223 2057 3295; x_wconf 84' lang='lat' dir='ltr'>jugiter</span> 
     </span>
    </p>
   </div>
   <div class='ocr_carea' id='block_1_65' title="bbox 459 3312 2054 3393">
    <p class='ocr_par' dir='ltr' id='par_1_65' title="bbox 459 3312 2054 3393">
     <span class='ocr_line' id='line_1_65' title="bbox 459 3312 2054 3393; baseline -0.007 -17"><span class='ocrx_word' id='word_1_458' title='bbox 459 3318 672 3393; x_wconf 88' lang='lat' dir='ltr'>capelle</span> <span class='ocrx_word' id='word_1_459' title='bbox 702 3323 1049 3390; x_wconf 85' lang='lat' dir='ltr'>coepertum;</span> <span class='ocrx_word' id='word_1_460' title='bbox 1075 3317 1133 3369; x_wconf 91' lang='lat' dir='ltr'>in</span> <span class='ocrx_word' id='word_1_461' title='bbox 1153 3312 1386 3369; x_wconf 89' lang='lat' dir='ltr'>cucullis</span> <span class='ocrx_word' id='word_1_462' title='bbox 1403 3314 1720 3368; x_wconf 86' lang='lat' dir='ltr'>dormiunt:</span> <span class='ocrx_word' id='word_1_463' title='bbox 1749 3313 1844 3366; x_wconf 92' lang='lat' dir='ltr'>sed</span> <span class='ocrx_word' id='word_1_464' title='bbox 1863 3320 2054 3366; x_wconf 88' lang='lat' dir='ltr'>tamen</span> 
     </span>
    </p>
   </div>
   <div class='ocr_carea' id='block_1_66' title="bbox 456 3401 2052 3474">
    <p class='ocr_par' dir='ltr' id='par_1_66' title="bbox 456 3401 2052 3474">
     <span class='ocr_line' id='line_1_66' title="bbox 456 3401 2052 3474; baseline -0.006 -10"><span class='ocrx_word' id='word_1_465' title='bbox 456 3408 671 3463; x_wconf 84' lang='lat' dir='ltr'>froccos</span> <span class='ocrx_word' id='word_1_466' title='bbox 710 3412 958 3462; x_wconf 83' lang='lat' dir='ltr'>exuunt:</span> <span class='ocrx_word' id='word_1_467' title='bbox 988 3405 1203 3459; x_wconf 89' lang='lat' dir='ltr'>calceos</span> <span class='ocrx_word' id='word_1_468' title='bbox 1240 3419 1462 3474; x_wconf 91' lang='lat' dir='ltr'>quoque</span> <span class='ocrx_word' id='word_1_469' title='bbox 1503 3408 1559 3455; x_wconf 90' lang='lat' dir='ltr'>et</span> <span class='ocrx_word' id='word_1_470' title='bbox 1588 3402 1842 3456; x_wconf 89' lang='lat' dir='ltr'>cultellos</span> <span class='ocrx_word' id='word_1_471' title='bbox 1880 3401 2052 3472; x_wconf 85' lang='lat' dir='ltr'>depo-</span> 
     </span>
    </p>
   </div>
   <div class='ocr_carea' id='block_1_67' title="bbox 458 3490 2053 3569">
    <p class='ocr_par' dir='ltr' id='par_1_67' title="bbox 458 3490 2053 3569">
     <span class='ocr_line' id='line_1_67' title="bbox 458 3490 2053 3569; baseline -0.006 -17"><span class='ocrx_word' id='word_1_472' title='bbox 458 3502 637 3553; x_wconf 89' lang='lat' dir='ltr'>nunt:</span> <span class='ocrx_word' id='word_1_473' title='bbox 671 3494 1034 3569; x_wconf 88' lang='lat' dir='ltr'>coopertoriis</span> <span class='ocrx_word' id='word_1_474' title='bbox 1055 3511 1114 3547; x_wconf 92' lang='lat' dir='ltr'>se</span> <span class='ocrx_word' id='word_1_475' title='bbox 1133 3494 1394 3564; x_wconf 87' lang='lat' dir='ltr'>operiunt</span> <span class='ocrx_word' id='word_1_476' title='bbox 1419 3510 1430 3542; x_wconf 90' lang='lat'><strong>:</strong></span> <span class='ocrx_word' id='word_1_477' title='bbox 1466 3491 1692 3563; x_wconf 87' lang='lat' dir='ltr'>pellicos</span> <span class='ocrx_word' id='word_1_478' title='bbox 1725 3491 1793 3544; x_wconf 90' lang='lat' dir='ltr'>de</span> <span class='ocrx_word' id='word_1_479' title='bbox 1821 3490 2053 3545; x_wconf 92' lang='lat' dir='ltr'>cucullis</span> 
     </span>
    </p>
   </div>
   <div class='ocr_carea' id='block_1_68' title="bbox 460 3580 2057 3655">
    <p class='ocr_par' dir='ltr' id='par_1_68' title="bbox 460 3580 2057 3655">
     <span class='ocr_line' id='line_1_68' title="bbox 460 3580 2057 3655; baseline -0.005 -15"><span class='ocrx_word' id='word_1_480' title='bbox 460 3586 781 3651; x_wconf 86' lang='lat' dir='ltr'>extrahunt,</span> <span class='ocrx_word' id='word_1_481' title='bbox 822 3582 870 3638; x_wconf 93' lang='lat' dir='ltr'>si</span> <span class='ocrx_word' id='word_1_482' title='bbox 906 3584 1089 3655; x_wconf 89' lang='lat' dir='ltr'>placet</span> <span class='ocrx_word' id='word_1_483' title='bbox 1135 3600 1148 3636; x_wconf 89' lang='lat'><strong>:</strong></span> <span class='ocrx_word' id='word_1_484' title='bbox 1196 3582 1336 3635; x_wconf 89' lang='lat' dir='ltr'>nihil</span> <span class='ocrx_word' id='word_1_485' title='bbox 1383 3581 1609 3635; x_wconf 86' lang='lat' dir='ltr'>omnino</span> <span class='ocrx_word' id='word_1_486' title='bbox 1639 3580 1966 3651; x_wconf 87' lang='lat' dir='ltr'>loquuntur,</span> <span class='ocrx_word' id='word_1_487' title='bbox 2001 3586 2057 3633; x_wconf 92' lang='lat' dir='ltr'>et</span> 
     </span>
    </p>
   </div>
   <div class='ocr_carea' id='block_1_69' title="bbox 459 3669 2057 3747">
    <p class='ocr_par' dir='ltr' id='par_1_69' title="bbox 459 3669 2057 3747">
     <span class='ocr_line' id='line_1_69' title="bbox 459 3669 2057 3747; baseline -0.004 -18"><span class='ocrx_word' id='word_1_488' title='bbox 459 3681 691 3747; x_wconf 88' lang='lat' dir='ltr'>propter</span> <span class='ocrx_word' id='word_1_489' title='bbox 719 3674 823 3729; x_wconf 88' lang='lat' dir='ltr'>hoc</span> <span class='ocrx_word' id='word_1_490' title='bbox 851 3690 978 3727; x_wconf 88' lang='lat' dir='ltr'>cum</span> <span class='ocrx_word' id='word_1_491' title='bbox 1008 3688 1191 3726; x_wconf 87' lang='lat' dir='ltr'>sermo</span> <span class='ocrx_word' id='word_1_492' title='bbox 1225 3669 1420 3727; x_wconf 80' lang='lat' dir='ltr'>linitur</span> <span class='ocrx_word' id='word_1_493' title='bbox 1447 3670 1505 3724; x_wconf 92' lang='lat' dir='ltr'>in</span> <span class='ocrx_word' id='word_1_494' title='bbox 1534 3670 1778 3740; x_wconf 86' lang='lat' dir='ltr'>capitulo</span> <span class='ocrx_word' id='word_1_495' title='bbox 1809 3669 1939 3724; x_wconf 89' lang='lat' dir='ltr'>inde</span> <span class='ocrx_word' id='word_1_496' title='bbox 1969 3686 2057 3722; x_wconf 78' lang='lat' dir='ltr'>ex-</span> 
     </span>
    </p>
   </div>
   <div class='ocr_carea' id='block_1_70' title="bbox 460 3759 2056 3830">
    <p class='ocr_par' dir='ltr' id='par_1_70' title="bbox 460 3759 2056 3830">
     <span class='ocr_line' id='line_1_70' title="bbox 460 3759 2056 3830; baseline -0.006 -10"><span class='ocrx_word' id='word_1_497' title='bbox 460 3769 660 3820; x_wconf 89' lang='lat' dir='ltr'>euntes</span> <span class='ocrx_word' id='word_1_498' title='bbox 688 3764 748 3818; x_wconf 90' lang='lat' dir='ltr'>in</span> <span class='ocrx_word' id='word_1_499' title='bbox 771 3761 1059 3817; x_wconf 90' lang='lat' dir='ltr'>ecclesiam</span> <span class='ocrx_word' id='word_1_500' title='bbox 1090 3760 1320 3826; x_wconf 88' lang='lat' dir='ltr'>vadunt,</span> <span class='ocrx_word' id='word_1_501' title='bbox 1341 3766 1398 3813; x_wconf 89' lang='lat' dir='ltr'>et</span> <span class='ocrx_word' id='word_1_502' title='bbox 1419 3777 1518 3830; x_wconf 90' lang='lat' dir='ltr'>per</span> <span class='ocrx_word' id='word_1_503' title='bbox 1539 3766 1763 3830; x_wconf 88' lang='lat' dir='ltr'>tempus</span> <span class='ocrx_word' id='word_1_504' title='bbox 1790 3759 2056 3829; x_wconf 89' lang='lat' dir='ltr'>loquendi</span> 
     </span>
    </p>
   </div>
   <div class='ocr_carea' id='block_1_71' title="bbox 461 3847 2055 3923">
    <p class='ocr_par' dir='ltr' id='par_1_71' title="bbox 461 3847 2055 3923">
     <span class='ocr_line' id='line_1_71' title="bbox 461 3847 2055 3923; baseline -0.004 -16"><span class='ocrx_word' id='word_1_505' title='bbox 461 3852 689 3908; x_wconf 91' lang='lat' dir='ltr'>omnino</span> <span class='ocrx_word' id='word_1_506' title='bbox 732 3848 810 3905; x_wconf 91' lang='lat' dir='ltr'>ibi</span> <span class='ocrx_word' id='word_1_507' title='bbox 838 3847 1165 3923; x_wconf 89' lang='lat' dir='ltr'>persistunt.</span> <span class='ocrx_word' id='word_1_508' title='bbox 1208 3849 1275 3903; x_wconf 93' lang='lat' dir='ltr'>In</span> <span class='ocrx_word' id='word_1_509' title='bbox 1321 3848 1528 3902; x_wconf 91' lang='lat' dir='ltr'>minori</span> <span class='ocrx_word' id='word_1_510' title='bbox 1569 3848 1738 3902; x_wconf 86' lang='lat' dir='ltr'>choro</span> <span class='ocrx_word' id='word_1_511' title='bbox 1769 3847 1923 3919; x_wconf 90' lang='lat' dir='ltr'>operi</span> <span class='ocrx_word' id='word_1_512' title='bbox 1952 3847 2055 3901; x_wconf 91' lang='lat' dir='ltr'>Dei</span> 
     </span>
    </p>
   </div>
   <div class='ocr_carea' id='block_1_72' title="bbox 460 3937 2053 4012">
    <p class='ocr_par' dir='ltr' id='par_1_72' title="bbox 460 3937 2053 4012">
     <span class='ocr_line' id='line_1_72' title="bbox 460 3937 2053 4012; baseline -0.004 -15"><span class='ocrx_word' id='word_1_513' title='bbox 460 3942 763 4009; x_wconf 88' lang='lat' dir='ltr'>intersunt,</span> <span class='ocrx_word' id='word_1_514' title='bbox 797 3939 987 4012; x_wconf 90' lang='lat' dir='ltr'>ibique</span> <span class='ocrx_word' id='word_1_515' title='bbox 1024 3938 1151 3993; x_wconf 90' lang='lat' dir='ltr'>illas</span> <span class='ocrx_word' id='word_1_516' title='bbox 1184 3944 1298 3992; x_wconf 88' lang='lat' dir='ltr'>tres</span> <span class='ocrx_word' id='word_1_517' title='bbox 1341 3937 1623 3991; x_wconf 89' lang='lat' dir='ltr'>orationes</span> <span class='ocrx_word' id='word_1_518' title='bbox 1652 3942 1783 3991; x_wconf 89' lang='lat' dir='ltr'>ante</span> <span class='ocrx_word' id='word_1_519' title='bbox 1812 3937 2053 4008; x_wconf 89' lang='lat' dir='ltr'>primam</span> 
     </span>
    </p>
   </div>
   <div class='ocr_carea' id='block_1_73' title="bbox 459 4025 2054 4098">
    <p class='ocr_par' dir='ltr' id='par_1_73' title="bbox 459 4025 2054 4098">
     <span class='ocr_line' id='line_1_73' title="bbox 459 4025 2054 4098; baseline -0.004 -12"><span class='ocrx_word' id='word_1_520' title='bbox 459 4029 692 4086; x_wconf 89' lang='lat' dir='ltr'>faciunt.</span> <span class='ocrx_word' id='word_1_521' title='bbox 720 4030 788 4086; x_wconf 89' lang='lat' dir='ltr'>In</span> <span class='ocrx_word' id='word_1_522' title='bbox 816 4029 1033 4083; x_wconf 87' lang='lat' dir='ltr'>eisdem</span> <span class='ocrx_word' id='word_1_523' title='bbox 1062 4025 1261 4081; x_wconf 91' lang='lat' dir='ltr'>diebus</span> <span class='ocrx_word' id='word_1_524' title='bbox 1290 4042 1511 4098; x_wconf 88' lang='lat' dir='ltr'>quoque</span> <span class='ocrx_word' id='word_1_525' title='bbox 1541 4026 1680 4080; x_wconf 90' lang='lat' dir='ltr'>nulli</span> <span class='ocrx_word' id='word_1_526' title='bbox 1710 4026 2054 4097; x_wconf 91' lang='lat' dir='ltr'>processioni</span> 
     </span>
    </p>
   </div>
   <div class='ocr_carea' id='block_1_74' title="bbox 457 4115 2089 4190">
    <p class='ocr_par' dir='ltr' id='par_1_74' title="bbox 457 4115 2089 4190">
     <span class='ocr_line' id='line_1_74' title="bbox 457 4115 2089 4190; baseline -0.003 -15"><span class='ocrx_word' id='word_1_527' title='bbox 457 4120 762 4185; x_wconf 87' lang='lat' dir='ltr'>intersunt,</span> <span class='ocrx_word' id='word_1_528' title='bbox 786 4118 896 4173; x_wconf 88' lang='lat' dir='ltr'>nisi</span> <span class='ocrx_word' id='word_1_529' title='bbox 923 4134 1046 4190; x_wconf 73' lang='lat' dir='ltr'>quae</span> <span class='ocrx_word' id='word_1_530' title='bbox 1064 4116 1137 4171; x_wconf 89' lang='lat' dir='ltr'>ad</span> <span class='ocrx_word' id='word_1_531' title='bbox 1164 4122 1415 4169; x_wconf 88' lang='lat' dir='ltr'>sanctam</span> <span class='ocrx_word' id='word_1_532' title='bbox 1448 4115 1685 4169; x_wconf 89' lang='lat' dir='ltr'>Mariam</span> <span class='ocrx_word' id='word_1_533' title='bbox 1716 4116 1928 4186; x_wconf 81' lang='lat' dir='ltr'>agitur.</span> <span class='ocrx_word' id='word_1_534' title='bbox 1956 4116 2057 4170; x_wconf 81' lang='lat' dir='ltr'>Co-</span> <span class='ocrx_word' id='word_1_535' title='bbox 2086 4178 2089 4181; x_wconf 96' lang='lat'><em>_</em></span> 
     </span>
    </p>
   </div>
   <div class='ocr_carea' id='block_1_75' title="bbox 458 4204 2060 4278">
    <p class='ocr_par' dir='ltr' id='par_1_75' title="bbox 458 4204 2060 4278">
     <span class='ocr_line' id='line_1_75' title="bbox 458 4204 2060 4278; baseline -0.005 -13"><span class='ocrx_word' id='word_1_536' title='bbox 458 4205 598 4265; x_wconf 89' lang='lat' dir='ltr'>tidie</span> <span class='ocrx_word' id='word_1_537' title='bbox 629 4210 926 4264; x_wconf 69' lang='lat' dir='ltr'>offerentes</span> <span class='ocrx_word' id='word_1_538' title='bbox 946 4205 1018 4260; x_wconf 91' lang='lat' dir='ltr'>ad</span> <span class='ocrx_word' id='word_1_539' title='bbox 1032 4222 1226 4278; x_wconf 89' lang='lat' dir='ltr'>pacem</span> <span class='ocrx_word' id='word_1_540' title='bbox 1248 4211 1305 4259; x_wconf 91' lang='lat' dir='ltr'>et</span> <span class='ocrx_word' id='word_1_541' title='bbox 1333 4204 1404 4258; x_wconf 91' lang='lat' dir='ltr'>ad</span> <span class='ocrx_word' id='word_1_542' title='bbox 1431 4205 1881 4259; x_wconf 89' lang='lat' dir='ltr'>communionem</span> <span class='ocrx_word' id='word_1_543' title='bbox 1909 4220 2060 4258; x_wconf 88' lang='lat' dir='ltr'>acce-</span> 
     </span>
    </p>
   </div>
   <div class='ocr_carea' id='block_1_76' title="bbox 460 4291 2061 4370">
    <p class='ocr_par' dir='ltr' id='par_1_76' title="bbox 460 4291 2061 4370">
     <span class='ocr_line' id='line_1_76' title="bbox 460 4291 2061 4370; baseline -0.005 -17"><span class='ocrx_word' id='word_1_544' title='bbox 460 4298 623 4365; x_wconf 90' lang='lat' dir='ltr'>dunt,</span> <span class='ocrx_word' id='word_1_545' title='bbox 655 4292 803 4370; x_wconf 91' lang='lat' dir='ltr'>quod</span> <span class='ocrx_word' id='word_1_546' title='bbox 842 4312 953 4350; x_wconf 91' lang='lat' dir='ltr'>non</span> <span class='ocrx_word' id='word_1_547' title='bbox 1001 4293 1270 4349; x_wconf 90' lang='lat' dir='ltr'>omittunt</span> <span class='ocrx_word' id='word_1_548' title='bbox 1319 4293 1488 4348; x_wconf 89' lang='lat' dir='ltr'>etiam</span> <span class='ocrx_word' id='word_1_549' title='bbox 1538 4294 1584 4347; x_wconf 91' lang='lat' dir='ltr'>si</span> <span class='ocrx_word' id='word_1_550' title='bbox 1628 4293 1779 4347; x_wconf 83' lang='lat' dir='ltr'>aliud</span> <span class='ocrx_word' id='word_1_551' title='bbox 1813 4293 1947 4363; x_wconf 89' lang='lat' dir='ltr'>quid</span> <span class='ocrx_word' id='word_1_552' title='bbox 1979 4291 2061 4346; x_wconf 92' lang='lat' dir='ltr'>eis</span> 
     </span>
    </p>
   </div>
   <div class='ocr_carea' id='block_1_77' title="bbox 462 4380 2059 4456">
    <p class='ocr_par' dir='ltr' id='par_1_77' title="bbox 462 4380 2059 4456">
     <span class='ocr_line' id='line_1_77' title="bbox 462 4380 2059 4456; baseline -0.004 -15"><span class='ocrx_word' id='word_1_553' title='bbox 462 4384 736 4456; x_wconf 82' lang='lat' dir='ltr'>contingit</span> <span class='ocrx_word' id='word_1_554' title='bbox 778 4383 1128 4440; x_wconf 87' lang='lat' dir='ltr'>dormiendo.</span> <span class='ocrx_word' id='word_1_555' title='bbox 1173 4382 1231 4437; x_wconf 91' lang='lat' dir='ltr'>Si</span> <span class='ocrx_word' id='word_1_556' title='bbox 1269 4382 1327 4435; x_wconf 91' lang='lat' dir='ltr'>in</span> <span class='ocrx_word' id='word_1_557' title='bbox 1358 4380 1651 4436; x_wconf 88' lang='lat' dir='ltr'>refectorio</span> <span class='ocrx_word' id='word_1_558' title='bbox 1696 4382 1942 4435; x_wconf 90' lang='lat' dir='ltr'>sonitum</span> <span class='ocrx_word' id='word_1_559' title='bbox 1973 4382 2059 4435; x_wconf 89' lang='lat' dir='ltr'>vel</span> 
     </span>
    </p>
   </div>
   <div class='ocr_carea' id='block_1_78' title="bbox 461 4469 2058 4544">
    <p class='ocr_par' dir='ltr' id='par_1_78' title="bbox 461 4469 2058 4544">
     <span class='ocr_line' id='line_1_78' title="bbox 461 4469 2058 4544; baseline -0.003 -16"><span class='ocrx_word' id='word_1_560' title='bbox 461 4474 619 4529; x_wconf 86' lang='lat' dir='ltr'>aliud</span> <span class='ocrx_word' id='word_1_561' title='bbox 650 4473 782 4544; x_wconf 88' lang='lat' dir='ltr'>quid</span> <span class='ocrx_word' id='word_1_562' title='bbox 806 4470 1132 4542; x_wconf 90' lang='lat' dir='ltr'>hujusmodi</span> <span class='ocrx_word' id='word_1_563' title='bbox 1159 4469 1412 4537; x_wconf 84' lang='lat' dir='ltr'>fecerint,</span> <span class='ocrx_word' id='word_1_564' title='bbox 1440 4469 1520 4523; x_wconf 86' lang='lat' dir='ltr'>ita</span> <span class='ocrx_word' id='word_1_565' title='bbox 1547 4470 1809 4524; x_wconf 87' lang='lat' dir='ltr'>cucullati</span> <span class='ocrx_word' id='word_1_566' title='bbox 1840 4471 2058 4524; x_wconf 88' lang='lat' dir='ltr'>veniam</span> 
     </span>
    </p>
   </div>
   <div class='ocr_carea' id='block_1_79' title="bbox 461 4558 2058 4635">
    <p class='ocr_par' dir='ltr' id='par_1_79' title="bbox 461 4558 2058 4635">
     <span class='ocr_line' id='line_1_79' title="bbox 461 4558 2058 4635; baseline -0.003 -18"><span class='ocrx_word' id='word_1_567' title='bbox 461 4566 682 4635; x_wconf 90' lang='lat' dir='ltr'>petunt.</span> <span class='ocrx_word' id='word_1_568' title='bbox 711 4560 1039 4631; x_wconf 77' lang='lat' dir='ltr'>(un.)Tertio</span> <span class='ocrx_word' id='word_1_569' title='bbox 1059 4559 1288 4615; x_wconf 85' lang='lat' dir='ltr'>tandem</span> <span class='ocrx_word' id='word_1_570' title='bbox 1308 4558 1399 4612; x_wconf 91' lang='lat' dir='ltr'>die</span> <span class='ocrx_word' id='word_1_571' title='bbox 1419 4558 1491 4611; x_wconf 93' lang='lat' dir='ltr'>ad</span> <span class='ocrx_word' id='word_1_572' title='bbox 1515 4559 1788 4629; x_wconf 87' lang='lat' dir='ltr'>majorem</span> <span class='ocrx_word' id='word_1_573' title='bbox 1806 4560 2058 4628; x_wconf 89' lang='lat' dir='ltr'>missam,</span> 
     </span>
    </p>
   </div>
   <div class='ocr_carea' id='block_1_80' title="bbox 461 4647 2058 4719">
    <p class='ocr_par' dir='ltr' id='par_1_80' title="bbox 461 4647 2058 4719">
     <span class='ocr_line' id='line_1_80' title="bbox 461 4647 2058 4719; baseline -0.002 -14"><span class='ocrx_word' id='word_1_574' title='bbox 461 4651 550 4705; x_wconf 86' lang='lat' dir='ltr'>vel</span> <span class='ocrx_word' id='word_1_575' title='bbox 574 4651 621 4705; x_wconf 91' lang='lat' dir='ltr'>si</span> <span class='ocrx_word' id='word_1_576' title='bbox 641 4649 847 4704; x_wconf 89' lang='lat' dir='ltr'>domno</span> <span class='ocrx_word' id='word_1_577' title='bbox 878 4647 1067 4703; x_wconf 90' lang='lat' dir='ltr'>abbati</span> <span class='ocrx_word' id='word_1_578' title='bbox 1099 4648 1334 4713; x_wconf 91' lang='lat' dir='ltr'>videtur,</span> <span class='ocrx_word' id='word_1_579' title='bbox 1385 4647 1456 4701; x_wconf 92' lang='lat' dir='ltr'>ad</span> <span class='ocrx_word' id='word_1_580' title='bbox 1493 4648 1722 4701; x_wconf 89' lang='lat' dir='ltr'>missam</span> <span class='ocrx_word' id='word_1_581' title='bbox 1752 4665 1874 4719; x_wconf 56' lang='lat' dir='ltr'>quae.</span> <span class='ocrx_word' id='word_1_582' title='bbox 1899 4647 2058 4703; x_wconf 85' lang='lat' dir='ltr'>inﬁr-</span> 
     </span>
    </p>
   </div>
   <div class='ocr_carea' id='block_1_81' title="bbox 464 4735 2059 4803">
    <p class='ocr_par' dir='ltr' id='par_1_81' title="bbox 464 4735 2059 4803">
     <span class='ocr_line' id='line_1_81' title="bbox 464 4735 2059 4803; baseline -0.003 -8"><span class='ocrx_word' id='word_1_583' title='bbox 464 4741 573 4795; x_wconf 91' lang='lat' dir='ltr'>mis</span> <span class='ocrx_word' id='word_1_584' title='bbox 601 4739 822 4793; x_wconf 89' lang='lat' dir='ltr'>canitur</span> <span class='ocrx_word' id='word_1_585' title='bbox 850 4738 921 4792; x_wconf 90' lang='lat' dir='ltr'>ad</span> <span class='ocrx_word' id='word_1_586' title='bbox 952 4739 1009 4793; x_wconf 92' lang='lat' dir='ltr'>S.</span> <span class='ocrx_word' id='word_1_587' title='bbox 1034 4735 1293 4803; x_wconf 85' lang='lat' dir='ltr'>Mariam,</span> <span class='ocrx_word' id='word_1_588' title='bbox 1319 4753 1448 4790; x_wconf 87' lang='lat' dir='ltr'>cum</span> <span class='ocrx_word' id='word_1_589' title='bbox 1479 4737 1738 4790; x_wconf 87' lang='lat' dir='ltr'>sacerdos</span> <span class='ocrx_word' id='word_1_590' title='bbox 1766 4753 1861 4790; x_wconf 89' lang='lat' dir='ltr'>eos</span> <span class='ocrx_word' id='word_1_591' title='bbox 1890 4737 2059 4791; x_wconf 88' lang='lat' dir='ltr'>fuerit</span> 
     </span>
    </p>
   </div>
   <div class='ocr_carea' id='block_1_82' title="bbox 464 4824 2056 4898">
    <p class='ocr_par' dir='ltr' id='par_1_82' title="bbox 464 4824 2056 4898">
     <span class='ocr_line' id='line_1_82' title="bbox 464 4824 2056 4898; baseline -0.003 -15"><span class='ocrx_word' id='word_1_592' title='bbox 464 4829 767 4894; x_wconf 80' lang='lat' dir='ltr'>osculatus,</span> <span class='ocrx_word' id='word_1_593' title='bbox 809 4827 878 4881; x_wconf 87' lang='lat' dir='ltr'>de</span> <span class='ocrx_word' id='word_1_594' title='bbox 910 4825 1187 4898; x_wconf 89' lang='lat' dir='ltr'>capitibus</span> <span class='ocrx_word' id='word_1_595' title='bbox 1215 4841 1411 4879; x_wconf 83' lang='lat' dir='ltr'>eorum</span> <span class='ocrx_word' id='word_1_596' title='bbox 1457 4824 1735 4880; x_wconf 83' lang='lat' dir='ltr'>abstrahit</span> <span class='ocrx_word' id='word_1_597' title='bbox 1760 4826 2056 4897; x_wconf 77' lang='lat' dir='ltr'>capellam,</span> 
     </span>
    </p>
   </div>
   <div class='ocr_carea' id='block_1_83' title="bbox 463 4915 2061 4987">
    <p class='ocr_par' dir='ltr' id='par_1_83' title="bbox 463 4915 2061 4987">
     <span class='ocr_line' id='line_1_83' title="bbox 463 4915 2061 4987; baseline -0.003 -13"><span class='ocrx_word' id='word_1_598' title='bbox 463 4925 522 4974; x_wconf 91' lang='lat' dir='ltr'>et</span> <span class='ocrx_word' id='word_1_599' title='bbox 548 4918 618 4973; x_wconf 89' lang='lat' dir='ltr'>de</span> <span class='ocrx_word' id='word_1_600' title='bbox 648 4922 848 4972; x_wconf 69' lang='lat' dir='ltr'>caetero</span> <span class='ocrx_word' id='word_1_601' title='bbox 888 4916 1021 4970; x_wconf 89' lang='lat' dir='ltr'>licet</span> <span class='ocrx_word' id='word_1_602' title='bbox 1059 4915 1140 4971; x_wconf 87' lang='lat' dir='ltr'>eis</span> <span class='ocrx_word' id='word_1_603' title='bbox 1190 4915 1333 4970; x_wconf 88' lang='lat' dir='ltr'>sicut</span> <span class='ocrx_word' id='word_1_604' title='bbox 1359 4915 1485 4970; x_wconf 88' lang='lat' dir='ltr'>aliis</span> <span class='ocrx_word' id='word_1_605' title='bbox 1512 4915 1780 4970; x_wconf 85' lang='lat' dir='ltr'>fratribus</span> <span class='ocrx_word' id='word_1_606' title='bbox 1819 4915 1973 4987; x_wconf 91' lang='lat' dir='ltr'>loqui</span> <span class='ocrx_word' id='word_1_607' title='bbox 2003 4922 2061 4970; x_wconf 87' lang='lat' dir='ltr'>et</span> 
     </span>
    </p>
   </div>
   <div class='ocr_carea' id='block_1_84' title="bbox 463 5005 960 5063">
    <p class='ocr_par' dir='ltr' id='par_1_84' title="bbox 463 5005 960 5063">
     <span class='ocr_line' id='line_1_84' title="bbox 463 5005 960 5063; baseline -0.008 0"><span class='ocrx_word' id='word_1_608' title='bbox 463 5024 666 5063; x_wconf 83' lang='lat' dir='ltr'>exuere</span> <span class='ocrx_word' id='word_1_609' title='bbox 695 5005 960 5062; x_wconf 88' lang='lat' dir='ltr'>cucullas.</span> 
     </span>
    </p>
   </div>
   <div class='ocr_carea' id='block_1_85' title="bbox 536 5092 2063 5169">
    <p class='ocr_par' dir='ltr' id='par_1_85' title="bbox 536 5092 2063 5169">
     <span class='ocr_line' id='line_1_85' title="bbox 536 5092 2063 5169; baseline -0.003 -17"><span class='ocrx_word' id='word_1_610' title='bbox 536 5096 595 5153; x_wconf 92' lang='lat' dir='ltr'>Si</span> <span class='ocrx_word' id='word_1_611' title='bbox 616 5095 741 5169; x_wconf 86' lang='lat' dir='ltr'>quis</span> <span class='ocrx_word' id='word_1_612' title='bbox 761 5095 1019 5151; x_wconf 84' lang='lat' dir='ltr'>inﬁrmus</span> <span class='ocrx_word' id='word_1_613' title='bbox 1042 5098 1126 5161; x_wconf 74' lang='lat' dir='ltr'>(ut</span> <span class='ocrx_word' id='word_1_614' title='bbox 1144 5092 1322 5164; x_wconf 87' lang='lat' dir='ltr'>aiunt)</span> <span class='ocrx_word' id='word_1_615' title='bbox 1340 5095 1424 5150; x_wconf 77' lang='lat' dir='ltr'>Ad</span> <span class='ocrx_word' id='word_1_616' title='bbox 1441 5094 1882 5148; x_wconf 85' lang='lat' dir='ltr'>succurrendum</span> <span class='ocrx_word' id='word_1_617' title='bbox 1899 5092 2063 5147; x_wconf 84' lang='lat' dir='ltr'>bene-</span> 
     </span>
    </p>
   </div>
   <div class='ocr_carea' id='block_1_86' title="bbox 462 5180 2061 5256">
    <p class='ocr_par' dir='ltr' id='par_1_86' title="bbox 462 5180 2061 5256">
     <span class='ocr_line' id='line_1_86' title="bbox 462 5180 2061 5256; baseline -0.003 -14"><span class='ocrx_word' id='word_1_618' title='bbox 462 5187 765 5243; x_wconf 87' lang='lat' dir='ltr'>dictionem</span> <span class='ocrx_word' id='word_1_619' title='bbox 786 5180 1195 5256; x_wconf 64' lang='lat' dir='ltr'>accipit,etpraa</span> <span class='ocrx_word' id='word_1_620' title='bbox 1213 5183 1541 5237; x_wconf 80' lang='lat' dir='ltr'>inﬁrmitate</span> <span class='ocrx_word' id='word_1_621' title='bbox 1562 5182 1848 5237; x_wconf 90' lang='lat' dir='ltr'>silentium</span> <span class='ocrx_word' id='word_1_622' title='bbox 1866 5187 2061 5237; x_wconf 80' lang='lat' dir='ltr'>tenere</span> 
     </span>
    </p>
   </div>
   <div class='ocr_carea' id='block_1_87' title="bbox 461 5270 2055 5348">
    <p class='ocr_par' dir='ltr' id='par_1_87' title="bbox 461 5270 2055 5348">
     <span class='ocr_line' id='line_1_87' title="bbox 461 5270 2055 5348; baseline -0.005 -16"><span class='ocrx_word' id='word_1_623' title='bbox 461 5294 575 5332; x_wconf 90' lang='lat' dir='ltr'>non</span> <span class='ocrx_word' id='word_1_624' title='bbox 599 5274 940 5348; x_wconf 89' lang='lat' dir='ltr'>potuit,ante</span> <span class='ocrx_word' id='word_1_625' title='bbox 959 5273 1100 5328; x_wconf 89' lang='lat' dir='ltr'>alios</span> <span class='ocrx_word' id='word_1_626' title='bbox 1119 5272 1524 5344; x_wconf 85' lang='lat' dir='ltr'>professionem</span> <span class='ocrx_word' id='word_1_627' title='bbox 1544 5271 1614 5324; x_wconf 90' lang='lat' dir='ltr'>ad</span> <span class='ocrx_word' id='word_1_628' title='bbox 1633 5270 1872 5341; x_wconf 80' lang='lat' dir='ltr'>gradum</span> <span class='ocrx_word' id='word_1_629' title='bbox 1900 5270 2055 5338; x_wconf 86' lang='lat' dir='ltr'>facit,</span> 
     </span>
    </p>
   </div>
   <div class='ocr_carea' id='block_1_88' title="bbox 462 5359 2053 5435">
    <p class='ocr_par' dir='ltr' id='par_1_88' title="bbox 462 5359 2053 5435">
     <span class='ocr_line' id='line_1_88' title="bbox 462 5359 2053 5435; baseline -0.003 -16"><span class='ocrx_word' id='word_1_630' title='bbox 462 5368 665 5420; x_wconf 86' lang='lat' dir='ltr'>etcum</span> <span class='ocrx_word' id='word_1_631' title='bbox 685 5365 831 5432; x_wconf 90' lang='lat' dir='ltr'>aliis,</span> <span class='ocrx_word' id='word_1_632' title='bbox 848 5362 945 5435; x_wconf 90' lang='lat' dir='ltr'>qui</span> <span class='ocrx_word' id='word_1_633' title='bbox 966 5359 1585 5432; x_wconf 84' lang='lat' dir='ltr'>benedicuntur,capita</span> <span class='ocrx_word' id='word_1_634' title='bbox 1606 5360 2053 5430; x_wconf 82' lang='lat' dir='ltr'>contegentibus,</span> 
     </span>
    </p>
   </div>
   <div class='ocr_carea' id='block_1_89' title="bbox 458 5447 2057 5526">
    <p class='ocr_par' dir='ltr' id='par_1_89' title="bbox 458 5447 2057 5526">
     <span class='ocr_line' id='line_1_89' title="bbox 458 5447 2057 5526; baseline -0.001 -19"><span class='ocrx_word' id='word_1_635' title='bbox 458 5453 580 5526; x_wconf 90' lang='lat' dir='ltr'>ipse</span> <span class='ocrx_word' id='word_1_636' title='bbox 606 5469 829 5525; x_wconf 90' lang='lat' dir='ltr'>quoque</span> <span class='ocrx_word' id='word_1_637' title='bbox 857 5450 1136 5522; x_wconf 75' lang='lat' dir='ltr'>contegit:</span> <span class='ocrx_word' id='word_1_638' title='bbox 1172 5449 1361 5505; x_wconf 87' lang='lat' dir='ltr'>omnia</span> <span class='ocrx_word' id='word_1_639' title='bbox 1384 5466 1507 5521; x_wconf 67' lang='lat' dir='ltr'>quae</span> <span class='ocrx_word' id='word_1_640' title='bbox 1528 5448 1609 5504; x_wconf 88' lang='lat' dir='ltr'>illi</span> <span class='ocrx_word' id='word_1_641' title='bbox 1624 5447 1840 5506; x_wconf 76' lang='lat' dir='ltr'>faeiunt</span> <span class='ocrx_word' id='word_1_642' title='bbox 1864 5466 1930 5504; x_wconf 88' lang='lat' dir='ltr'>eo</span> <span class='ocrx_word' id='word_1_643' title='bbox 1958 5451 2057 5506; x_wconf 81' lang='lat' dir='ltr'>tri-</span> 
     </span>
    </p>
   </div>
   <div class='ocr_carea' id='block_1_90' title="bbox 457 5534 2053 5613">
    <p class='ocr_par' dir='ltr' id='par_1_90' title="bbox 457 5534 2053 5613">
     <span class='ocr_line' id='line_1_90' title="bbox 457 5534 2053 5613; baseline -0.002 -15"><span class='ocrx_word' id='word_1_644' title='bbox 457 5534 570 5599; x_wconf 88' lang='lat' dir='ltr'>duo</span> <span class='ocrx_word' id='word_1_645' title='bbox 599 5540 858 5597; x_wconf 81' lang='lat' dir='ltr'>similiter</span> <span class='ocrx_word' id='word_1_646' title='bbox 903 5538 1059 5613; x_wconf 84' lang='lat' dir='ltr'>facit,</span> <span class='ocrx_word' id='word_1_647' title='bbox 1088 5546 1144 5596; x_wconf 91' lang='lat' dir='ltr'>et</span> <span class='ocrx_word' id='word_1_648' title='bbox 1196 5538 1346 5612; x_wconf 87' lang='lat' dir='ltr'>quod</span> <span class='ocrx_word' id='word_1_649' title='bbox 1400 5537 1558 5613; x_wconf 74' lang='lat' dir='ltr'>prius</span> <span class='ocrx_word' id='word_1_650' title='bbox 1593 5538 1866 5595; x_wconf 87' lang='lat' dir='ltr'>omissum</span> <span class='ocrx_word' id='word_1_651' title='bbox 1909 5545 2053 5611; x_wconf 80' lang='lat' dir='ltr'>erat,</span> 
     </span>
    </p>
   </div>
   <div class='ocr_carea' id='block_1_91' title="bbox 2137 3115 3693 3187">
    <p class='ocr_par' dir='ltr' id='par_1_91' title="bbox 2137 3115 3693 3187">
     <span class='ocr_line' id='line_1_91' title="bbox 2137 3115 3693 3187; baseline -0.004 -17"><span class='ocrx_word' id='word_1_652' title='bbox 2137 3124 2229 3170; x_wconf 90' lang='lat' dir='ltr'>tus</span> <span class='ocrx_word' id='word_1_653' title='bbox 2258 3117 2350 3182; x_wconf 92' lang='lat' dir='ltr'>sit,</span> <span class='ocrx_word' id='word_1_654' title='bbox 2385 3115 2491 3169; x_wconf 91' lang='lat' dir='ltr'>nisi</span> <span class='ocrx_word' id='word_1_655' title='bbox 2521 3116 2639 3186; x_wconf 90' lang='lat' dir='ltr'>ipse</span> <span class='ocrx_word' id='word_1_656' title='bbox 2669 3132 2913 3186; x_wconf 74' lang='lat' dir='ltr'>praesens</span> <span class='ocrx_word' id='word_1_657' title='bbox 2934 3116 3015 3170; x_wconf 90' lang='lat' dir='ltr'>vel</span> <span class='ocrx_word' id='word_1_658' title='bbox 3046 3134 3111 3170; x_wconf 90' lang='lat' dir='ltr'>eo</span> <span class='ocrx_word' id='word_1_659' title='bbox 3136 3116 3371 3171; x_wconf 89' lang='lat' dir='ltr'>absente</span> <span class='ocrx_word' id='word_1_660' title='bbox 3401 3116 3544 3187; x_wconf 89' lang='lat' dir='ltr'>prior</span> <span class='ocrx_word' id='word_1_661' title='bbox 3562 3115 3693 3183; x_wconf 87' lang='lat' dir='ltr'>jussu</span> 
     </span>
    </p>
   </div>
   <div class='ocr_carea' id='block_1_92' title="bbox 2137 3200 3691 3277">
    <p class='ocr_par' dir='ltr' id='par_1_92' title="bbox 2137 3200 3691 3277">
     <span class='ocr_line' id='line_1_92' title="bbox 2137 3200 3691 3277; baseline -0.004 -18"><span class='ocrx_word' id='word_1_662' title='bbox 2137 3205 2314 3277; x_wconf 88' lang='lat' dir='ltr'>ipsius</span> <span class='ocrx_word' id='word_1_663' title='bbox 2351 3206 2456 3259; x_wconf 92' lang='lat' dir='ltr'>hoc</span> <span class='ocrx_word' id='word_1_664' title='bbox 2480 3205 2835 3271; x_wconf 88' lang='lat' dir='ltr'>concesserit,</span> <span class='ocrx_word' id='word_1_665' title='bbox 2870 3222 3159 3276; x_wconf 90' lang='lat' dir='ltr'>quousque</span> <span class='ocrx_word' id='word_1_666' title='bbox 3190 3223 3319 3260; x_wconf 89' lang='lat' dir='ltr'>cum</span> <span class='ocrx_word' id='word_1_667' title='bbox 3348 3205 3485 3269; x_wconf 86' lang='lat' dir='ltr'>aliis,</span> <span class='ocrx_word' id='word_1_668' title='bbox 3516 3201 3600 3275; x_wconf 86' lang='lat' dir='ltr'>qui</span> <span class='ocrx_word' id='word_1_669' title='bbox 3622 3200 3691 3253; x_wconf 86' lang='lat' dir='ltr'>be-</span> 
     </span>
    </p>
   </div>
   <div class='ocr_carea' id='block_1_93' title="bbox 2136 3294 3693 3367">
    <p class='ocr_par' dir='ltr' id='par_1_93' title="bbox 2136 3294 3693 3367">
     <span class='ocr_line' id='line_1_93' title="bbox 2136 3294 3693 3367; baseline -0.004 -18"><span class='ocrx_word' id='word_1_670' title='bbox 2136 3295 2429 3350; x_wconf 86' lang='lat' dir='ltr'>n’edicendi</span> <span class='ocrx_word' id='word_1_671' title='bbox 2457 3302 2609 3361; x_wconf 89' lang='lat' dir='ltr'>sunt,</span> <span class='ocrx_word' id='word_1_672' title='bbox 2636 3294 3036 3367; x_wconf 86' lang='lat' dir='ltr'>professionem</span> <span class='ocrx_word' id='word_1_673' title='bbox 3068 3296 3256 3359; x_wconf 77' lang='lat' dir='ltr'>iaciat,</span> <span class='ocrx_word' id='word_1_674' title='bbox 3286 3302 3345 3349; x_wconf 92' lang='lat' dir='ltr'>et</span> <span class='ocrx_word' id='word_1_675' title='bbox 3364 3300 3566 3359; x_wconf 65' lang='lat' dir='ltr'>caetera,</span> <span class='ocrx_word' id='word_1_676' title='bbox 3594 3307 3693 3362; x_wconf 76' lang='lat' dir='ltr'>quae</span> 
     </span>
    </p>
   </div>
   <div class='ocr_carea' id='block_1_94' title="bbox 2135 3378 3694 3455">
    <p class='ocr_par' dir='ltr' id='par_1_94' title="bbox 2135 3378 3694 3455">
     <span class='ocr_line' id='line_1_94' title="bbox 2135 3378 3694 3455; baseline -0.004 -18"><span class='ocrx_word' id='word_1_677' title='bbox 2135 3384 2193 3437; x_wconf 87' lang='lat' dir='ltr'>in</span> <span class='ocrx_word' id='word_1_678' title='bbox 2207 3384 2385 3437; x_wconf 90' lang='lat' dir='ltr'>tribus</span> <span class='ocrx_word' id='word_1_679' title='bbox 2415 3384 2611 3437; x_wconf 90' lang='lat' dir='ltr'>diebus</span> <span class='ocrx_word' id='word_1_680' title='bbox 2640 3382 2859 3453; x_wconf 81' lang='lat' dir='ltr'>agenda</span> <span class='ocrx_word' id='word_1_681' title='bbox 2879 3400 3014 3437; x_wconf 89' lang='lat' dir='ltr'>usus</span> <span class='ocrx_word' id='word_1_682' title='bbox 3034 3385 3301 3455; x_wconf 88' lang='lat' dir='ltr'>postulat.</span> <span class='ocrx_word' id='word_1_683' title='bbox 3341 3385 3479 3454; x_wconf 66' lang='grc' dir='ltr'>(ευ.)</span> <span class='ocrx_word' id='word_1_684' title='bbox 3495 3384 3538 3437; x_wconf 83' lang='grc' dir='ltr'><strong>Α</strong></span> <span class='ocrx_word' id='word_1_685' title='bbox 3556 3378 3694 3435; x_wconf 85' lang='lat' dir='ltr'>tertia</span> 
     </span>
    </p>
   </div>
   <div class='ocr_carea' id='block_1_95' title="bbox 2135 3468 3694 3544">
    <p class='ocr_par' dir='ltr' id='par_1_95' title="bbox 2135 3468 3694 3544">
     <span class='ocr_line' id='line_1_95' title="bbox 2135 3468 3694 3544; baseline -0.004 -17"><span class='ocrx_word' id='word_1_686' title='bbox 2135 3480 2323 3527; x_wconf 89' lang='lat' dir='ltr'>autem</span> <span class='ocrx_word' id='word_1_687' title='bbox 2356 3472 2466 3539; x_wconf 90' lang='lat' dir='ltr'>die,</span> <span class='ocrx_word' id='word_1_688' title='bbox 2487 3490 2599 3543; x_wconf 89' lang='lat' dir='ltr'>qua</span> <span class='ocrx_word' id='word_1_689' title='bbox 2613 3490 2713 3544; x_wconf 90' lang='lat' dir='ltr'>per</span> <span class='ocrx_word' id='word_1_690' title='bbox 2734 3472 3080 3527; x_wconf 90' lang='lat' dir='ltr'>sacerdotem</span> <span class='ocrx_word' id='word_1_691' title='bbox 3104 3473 3273 3540; x_wconf 86' lang='lat' dir='ltr'>(sicut</span> <span class='ocrx_word' id='word_1_692' title='bbox 3295 3474 3501 3527; x_wconf 90' lang='lat' dir='ltr'>dictum</span> <span class='ocrx_word' id='word_1_693' title='bbox 3529 3476 3615 3527; x_wconf 89' lang='lat' dir='ltr'>est)</span> <span class='ocrx_word' id='word_1_694' title='bbox 3639 3468 3694 3522; x_wconf 85' lang='lat' dir='ltr'>de</span> 
     </span>
    </p>
   </div>
   <div class='ocr_carea' id='block_1_96' title="bbox 2138 3561 3693 3634">
    <p class='ocr_par' dir='ltr' id='par_1_96' title="bbox 2138 3561 3693 3634">
     <span class='ocr_line' id='line_1_96' title="bbox 2138 3561 3693 3634; baseline -0.005 -18"><span class='ocrx_word' id='word_1_695' title='bbox 2138 3563 2417 3634; x_wconf 90' lang='lat' dir='ltr'>capitibus</span> <span class='ocrx_word' id='word_1_696' title='bbox 2449 3579 2641 3616; x_wconf 84' lang='lat' dir='ltr'>eorum</span> <span class='ocrx_word' id='word_1_697' title='bbox 2673 3561 2901 3616; x_wconf 68' lang='lat' dir='ltr'>cucullo:</span> <span class='ocrx_word' id='word_1_698' title='bbox 2939 3561 3353 3616; x_wconf 88' lang='lat' dir='ltr'>abstrahuntur</span> <span class='ocrx_word' id='word_1_699' title='bbox 3380 3573 3693 3633; x_wconf 85' lang='lat' dir='ltr'>nequaquam</span> 
     </span>
    </p>
   </div>
   <div class='ocr_carea' id='block_1_97' title="bbox 2138 3648 3694 3720">
    <p class='ocr_par' dir='ltr' id='par_1_97' title="bbox 2138 3648 3694 3720">
     <span class='ocr_line' id='line_1_97' title="bbox 2138 3648 3694 3720; baseline -0.004 -15"><span class='ocrx_word' id='word_1_700' title='bbox 2138 3651 2374 3705; x_wconf 89' lang='lat' dir='ltr'>ulterius</span> <span class='ocrx_word' id='word_1_701' title='bbox 2400 3668 2434 3703; x_wconf 88' lang='lat' dir='ltr'>a</span> <span class='ocrx_word' id='word_1_702' title='bbox 2453 3650 2694 3720; x_wconf 89' lang='lat' dir='ltr'>capitulo</span> <span class='ocrx_word' id='word_1_703' title='bbox 2724 3654 3077 3720; x_wconf 89' lang='lat' dir='ltr'>separantur,</span> <span class='ocrx_word' id='word_1_704' title='bbox 3101 3656 3158 3704; x_wconf 91' lang='lat' dir='ltr'>et</span> <span class='ocrx_word' id='word_1_705' title='bbox 3178 3650 3420 3705; x_wconf 89' lang='lat' dir='ltr'>domnus</span> <span class='ocrx_word' id='word_1_706' title='bbox 3447 3648 3601 3703; x_wconf 83' lang='lat' dir='ltr'>abbas</span> <span class='ocrx_word' id='word_1_707' title='bbox 3624 3662 3694 3698; x_wconf 83' lang='lat' dir='ltr'>se-</span> 
     </span>
    </p>
   </div>
   <div class='ocr_carea' id='block_1_98' title="bbox 2137 3733 3693 3809">
    <p class='ocr_par' dir='ltr' id='par_1_98' title="bbox 2137 3733 3693 3809">
     <span class='ocr_line' id='line_1_98' title="bbox 2137 3733 3693 3809; baseline -0.006 -16"><span class='ocrx_word' id='word_1_708' title='bbox 2137 3740 2385 3794; x_wconf 91' lang='lat' dir='ltr'>cundum</span> <span class='ocrx_word' id='word_1_709' title='bbox 2421 3738 2683 3809; x_wconf 80' lang='lat' dir='ltr'>gratiam,</span> <span class='ocrx_word' id='word_1_710' title='bbox 2716 3755 2840 3809; x_wconf 66' lang='lat' dir='ltr'>qua:</span> <span class='ocrx_word' id='word_1_711' title='bbox 2870 3738 3106 3808; x_wconf 82' lang='lat' dir='ltr'>singulis</span> <span class='ocrx_word' id='word_1_712' title='bbox 3133 3745 3220 3793; x_wconf 90' lang='lat' dir='ltr'>est</span> <span class='ocrx_word' id='word_1_713' title='bbox 3252 3740 3407 3803; x_wconf 88' lang='lat' dir='ltr'>data,</span> <span class='ocrx_word' id='word_1_714' title='bbox 3438 3755 3527 3792; x_wconf 91' lang='lat' dir='ltr'>eos</span> <span class='ocrx_word' id='word_1_715' title='bbox 3560 3733 3693 3806; x_wconf 81' lang='lat' dir='ltr'>jubet</span> 
     </span>
    </p>
   </div>
   <div class='ocr_carea' id='block_1_99' title="bbox 2137 3818 3695 3897">
    <p class='ocr_par' dir='ltr' id='par_1_99' title="bbox 2137 3818 3695 3897">
     <span class='ocr_line' id='line_1_99' title="bbox 2137 3818 3695 3897; baseline -0.003 -14"><span class='ocrx_word' id='word_1_716' title='bbox 2137 3829 2207 3883; x_wconf 90' lang='lat' dir='ltr'>de</span> <span class='ocrx_word' id='word_1_717' title='bbox 2235 3834 2435 3883; x_wconf 80' lang='lat' dir='ltr'>caetero</span> <span class='ocrx_word' id='word_1_718' title='bbox 2463 3827 2521 3880; x_wconf 91' lang='lat' dir='ltr'>in</span> <span class='ocrx_word' id='word_1_719' title='bbox 2551 3827 2785 3881; x_wconf 88' lang='lat' dir='ltr'>ecclesia</span> <span class='ocrx_word' id='word_1_720' title='bbox 2834 3827 3042 3882; x_wconf 87' lang='lat' dir='ltr'>servire</span> <span class='ocrx_word' id='word_1_721' title='bbox 3092 3818 3310 3883; x_wconf 84' lang='lat' dir='ltr'>scilicet</span> <span class='ocrx_word' id='word_1_722' title='bbox 3352 3834 3417 3885; x_wconf 90' lang='lat' dir='ltr'>ut</span> <span class='ocrx_word' id='word_1_723' title='bbox 3460 3828 3629 3897; x_wconf 81' lang='lat' dir='ltr'>legant</span> <span class='ocrx_word' id='word_1_724' title='bbox 3652 3826 3695 3875; x_wconf 73' lang='lat' dir='ltr'>et</span> 
     </span>
    </p>
   </div>
   <div class='ocr_carea' id='block_1_100' title="bbox 2135 3916 2886 3988">
    <p class='ocr_par' dir='ltr' id='par_1_100' title="bbox 2135 3916 2886 3988">
     <span class='ocr_line' id='line_1_100' title="bbox 2135 3916 2886 3988; baseline -0.003 -16"><span class='ocrx_word' id='word_1_725' title='bbox 2135 3923 2382 3985; x_wconf 88' lang='lat' dir='ltr'>cantent,</span> <span class='ocrx_word' id='word_1_726' title='bbox 2415 3916 2512 3988; x_wconf 93' lang='lat' dir='ltr'>qui</span> <span class='ocrx_word' id='word_1_727' title='bbox 2544 3916 2649 3970; x_wconf 89' lang='lat' dir='ltr'>hoc</span> <span class='ocrx_word' id='word_1_728' title='bbox 2680 3916 2886 3970; x_wconf 90' lang='lat' dir='ltr'>sciunt.</span> 
     </span>
    </p>
   </div>
   <div class='ocr_carea' id='block_1_101' title="bbox 2667 4022 3201 4080">
    <p class='ocr_par' dir='ltr' id='par_1_101' title="bbox 2667 4022 3201 4080">
     <span class='ocr_line' id='line_1_101' title="bbox 2667 4022 3201 4080; baseline 0 -2"><span class='ocrx_word' id='word_1_729' title='bbox 2667 4022 2803 4078; x_wconf 74' lang='lat' dir='ltr'>CAP</span> <span class='ocrx_word' id='word_1_730' title='bbox 2815 4023 2903 4078; x_wconf 89' lang='lat' dir='ltr'>UT</span> <span class='ocrx_word' id='word_1_731' title='bbox 2929 4022 3201 4080; x_wconf 83' lang='lat' dir='ltr'>LXXVII.</span> 
     </span>
    </p>
   </div>
   <div class='ocr_carea' id='block_1_102' title="bbox 2140 4129 3696 4200">
    <p class='ocr_par' dir='ltr' id='par_1_102' title="bbox 2140 4129 3696 4200">
     <span class='ocr_line' id='line_1_102' title="bbox 2140 4129 3696 4200; baseline -0.003 -14"><span class='ocrx_word' id='word_1_732' title='bbox 2140 4132 2290 4200; x_wconf 81' lang='lat' dir='ltr'>Quod</span> <span class='ocrx_word' id='word_1_733' title='bbox 2328 4133 2623 4200; x_wconf 76' lang='lat' dir='ltr'>diligenter</span> <span class='ocrx_word' id='word_1_734' title='bbox 2669 4133 3035 4185; x_wconf 73' lang='lat' dir='ltr'>examinandi</span> <span class='ocrx_word' id='word_1_735' title='bbox 3063 4134 3178 4186; x_wconf 77' lang='lat' dir='ltr'>sint</span> <span class='ocrx_word' id='word_1_736' title='bbox 3212 4135 3415 4187; x_wconf 81' lang='lat' dir='ltr'>novitii</span> <span class='ocrx_word' id='word_1_737' title='bbox 3438 4129 3696 4186; x_wconf 73' lang='lat' dir='ltr'>sacerdota</span> 
     </span>
    </p>
   </div>
   <div class='ocr_carea' id='block_1_103' title="bbox 2211 4200 3697 4331">
    <p class='ocr_par' dir='ltr' id='par_1_103' title="bbox 2211 4200 3697 4331">
     <span class='ocr_line' id='line_1_103' title="bbox 2211 4200 3697 4331; baseline -0.003 -74"><span class='ocrx_word' id='word_1_738' title='bbox 2211 4207 2472 4331; x_wconf 47' lang='lat' dir='ltr'>gletvitw,</span> <span class='ocrx_word' id='word_1_739' title='bbox 2503 4208 2805 4273; x_wconf 78' lang='lat' dir='ltr'>antequam</span> <span class='ocrx_word' id='word_1_740' title='bbox 2828 4205 3075 4272; x_wconf 78' lang='lat' dir='ltr'>ofﬁcium</span> <span class='ocrx_word' id='word_1_741' title='bbox 3120 4220 3291 4259; x_wconf 82' lang='lat' dir='ltr'>suum</span> <span class='ocrx_word' id='word_1_742' title='bbox 3328 4218 3482 4273; x_wconf 80' lang='lat' dir='ltr'>agere</span> <span class='ocrx_word' id='word_1_743' title='bbox 3502 4200 3697 4272; x_wconf 76' lang='lat' dir='ltr'>permit-</span> 
     </span>
     <span class='ocr_line' id='line_1_104' title="bbox 2281 4290 2434 4327; baseline 0.013 -2"><span class='ocrx_word' id='word_1_744' title='bbox 2281 4290 2313 4327; x_wconf 83' lang='grc' dir='ltr'><em>η</em></span> <span class='ocrx_word' id='word_1_745' title='bbox 2344 4290 2434 4327; x_wconf 87' lang='lat' dir='ltr'>ur.</span> 
     </span>
    </p>
   </div>
   <div class='ocr_carea' id='block_1_104' title="bbox 2212 4375 3701 4452">
    <p class='ocr_par' dir='ltr' id='par_1_104' title="bbox 2212 4375 3701 4452">
     <span class='ocr_line' id='line_1_105' title="bbox 2212 4375 3701 4452; baseline -0.003 -18"><span class='ocrx_word' id='word_1_746' title='bbox 2212 4380 2353 4449; x_wconf 84' lang='lat' dir='ltr'>(UD.)</span> <span class='ocrx_word' id='word_1_747' title='bbox 2373 4380 2454 4434; x_wconf 92' lang='lat' dir='ltr'>De</span> <span class='ocrx_word' id='word_1_748' title='bbox 2474 4380 2560 4434; x_wconf 91' lang='lat' dir='ltr'>his</span> <span class='ocrx_word' id='word_1_749' title='bbox 2586 4385 2799 4447; x_wconf 88' lang='lat' dir='ltr'>tamen,</span> <span class='ocrx_word' id='word_1_750' title='bbox 2830 4381 2927 4452; x_wconf 90' lang='lat' dir='ltr'>qui</span> <span class='ocrx_word' id='word_1_751' title='bbox 2955 4381 3042 4435; x_wconf 86' lang='lat' dir='ltr'>vel</span> <span class='ocrx_word' id='word_1_752' title='bbox 3062 4380 3386 4437; x_wconf 87' lang='lat' dir='ltr'>sacerdotes</span> <span class='ocrx_word' id='word_1_753' title='bbox 3402 4384 3530 4437; x_wconf 89' lang='lat' dir='ltr'>sunt</span> <span class='ocrx_word' id='word_1_754' title='bbox 3543 4378 3619 4434; x_wconf 89' lang='lat' dir='ltr'>vel</span> <span class='ocrx_word' id='word_1_755' title='bbox 3641 4375 3701 4432; x_wconf 89' lang='lat' dir='ltr'>le-</span> 
     </span>
    </p>
   </div>
   <div class='ocr_carea' id='block_1_105' title="bbox 2140 4465 3701 4542">
    <p class='ocr_par' dir='ltr' id='par_1_105' title="bbox 2140 4465 3701 4542">
     <span class='ocr_line' id='line_1_106' title="bbox 2140 4465 3701 4542; baseline -0.001 -20"><span class='ocrx_word' id='word_1_756' title='bbox 2140 4469 2286 4534; x_wconf 55' lang='lat' dir='ltr'>vita,</span> <span class='ocrx_word' id='word_1_757' title='bbox 2328 4468 2631 4539; x_wconf 79' lang='lat' dir='ltr'>diligenter</span> <span class='ocrx_word' id='word_1_758' title='bbox 2653 4470 3006 4524; x_wconf 83' lang='lat' dir='ltr'>examinatur</span> <span class='ocrx_word' id='word_1_759' title='bbox 3025 4472 3307 4542; x_wconf 90' lang='lat' dir='ltr'>quomodo</span> <span class='ocrx_word' id='word_1_760' title='bbox 3327 4473 3443 4527; x_wconf 87' lang='lat' dir='ltr'>sint</span> <span class='ocrx_word' id='word_1_761' title='bbox 3468 4465 3701 4533; x_wconf 82' lang='lat' dir='ltr'>ordinati,</span> 
     </span>
    </p>
   </div>
   <div class='ocr_carea' id='block_1_106' title="bbox 2139 4556 3701 4631">
    <p class='ocr_par' dir='ltr' id='par_1_106' title="bbox 2139 4556 3701 4631">
     <span class='ocr_line' id='line_1_107' title="bbox 2139 4556 3701 4631; baseline -0.003 -20"><span class='ocrx_word' id='word_1_762' title='bbox 2139 4556 2321 4629; x_wconf 83' lang='lat' dir='ltr'>qualis</span> <span class='ocrx_word' id='word_1_763' title='bbox 2352 4557 2427 4612; x_wconf 90' lang='lat' dir='ltr'>sit</span> <span class='ocrx_word' id='word_1_764' title='bbox 2456 4575 2649 4612; x_wconf 89' lang='lat' dir='ltr'>eorum</span> <span class='ocrx_word' id='word_1_765' title='bbox 2673 4559 3041 4626; x_wconf 86' lang='lat' dir='ltr'>conscientia,</span> <span class='ocrx_word' id='word_1_766' title='bbox 3060 4566 3118 4613; x_wconf 90' lang='lat' dir='ltr'>et</span> <span class='ocrx_word' id='word_1_767' title='bbox 3142 4577 3246 4630; x_wconf 87' lang='lat' dir='ltr'>per</span> <span class='ocrx_word' id='word_1_768' title='bbox 3272 4560 3488 4631; x_wconf 84' lang='lat' dir='ltr'>aliquot</span> <span class='ocrx_word' id='word_1_769' title='bbox 3513 4564 3701 4627; x_wconf 79' lang='lat' dir='ltr'>tempus</span> 
     </span>
    </p>
   </div>
   <div class='ocr_carea' id='block_1_107' title="bbox 2140 4643 3701 4720">
    <p class='ocr_par' dir='ltr' id='par_1_107' title="bbox 2140 4643 3701 4720">
     <span class='ocr_line' id='line_1_108' title="bbox 2140 4643 3701 4720; baseline 0 -21"><span class='ocrx_word' id='word_1_770' title='bbox 2140 4645 2412 4718; x_wconf 86' lang='lat' dir='ltr'>probatur</span> <span class='ocrx_word' id='word_1_771' title='bbox 2440 4664 2637 4701; x_wconf 89' lang='lat' dir='ltr'>eorum</span> <span class='ocrx_word' id='word_1_772' title='bbox 2669 4649 3039 4715; x_wconf 88' lang='lat' dir='ltr'>conversatio,</span> <span class='ocrx_word' id='word_1_773' title='bbox 3071 4665 3241 4720; x_wconf 88' lang='lat' dir='ltr'>quam</span> <span class='ocrx_word' id='word_1_774' title='bbox 3274 4650 3350 4703; x_wconf 90' lang='lat' dir='ltr'>ad</span> <span class='ocrx_word' id='word_1_775' title='bbox 3377 4649 3539 4719; x_wconf 79' lang='lat' dir='ltr'>hujus</span> <span class='ocrx_word' id='word_1_776' title='bbox 3560 4643 3701 4699; x_wconf 83' lang='lat' dir='ltr'>mini-</span> 
     </span>
    </p>
   </div>
   <div class='ocr_carea' id='block_1_108' title="bbox 2139 4732 3703 4810">
    <p class='ocr_par' dir='ltr' id='par_1_108' title="bbox 2139 4732 3703 4810">
     <span class='ocr_line' id='line_1_109' title="bbox 2139 4732 3703 4810; baseline 0.001 -23"><span class='ocrx_word' id='word_1_777' title='bbox 2139 4734 2294 4787; x_wconf 86' lang='lat' dir='ltr'>sterii</span> <span class='ocrx_word' id='word_1_778' title='bbox 2318 4736 2600 4790; x_wconf 87' lang='lat' dir='ltr'>licentiam</span> <span class='ocrx_word' id='word_1_779' title='bbox 2630 4738 3347 4810; x_wconf 77' lang='lat' dir='ltr'>permittantur.Praecipue</span> <span class='ocrx_word' id='word_1_780' title='bbox 3364 4738 3459 4809; x_wconf 86' lang='lat' dir='ltr'>qui</span> <span class='ocrx_word' id='word_1_781' title='bbox 3478 4732 3703 4791; x_wconf 79' lang='lat' dir='ltr'>sacerdos</span> 
     </span>
    </p>
   </div>
   <div class='ocr_carea' id='block_1_109' title="bbox 2142 4820 3704 4895">
    <p class='ocr_par' dir='ltr' id='par_1_109' title="bbox 2142 4820 3704 4895">
     <span class='ocr_line' id='line_1_110' title="bbox 2142 4820 3704 4895; baseline 0.001 -18"><span class='ocrx_word' id='word_1_782' title='bbox 2142 4832 2265 4877; x_wconf 88' lang='lat' dir='ltr'>erat</span> <span class='ocrx_word' id='word_1_783' title='bbox 2291 4833 2599 4895; x_wconf 88' lang='lat' dir='ltr'>antequam</span> <span class='ocrx_word' id='word_1_784' title='bbox 2628 4825 2843 4881; x_wconf 90' lang='lat' dir='ltr'>veniret</span> <span class='ocrx_word' id='word_1_785' title='bbox 2862 4827 3089 4880; x_wconf 89' lang='lat' dir='ltr'>omnino</span> <span class='ocrx_word' id='word_1_786' title='bbox 3118 4827 3190 4881; x_wconf 89' lang='lat' dir='ltr'>ab</span> <span class='ocrx_word' id='word_1_787' title='bbox 3221 4828 3328 4882; x_wconf 86' lang='lat' dir='ltr'>hoc</span> <span class='ocrx_word' id='word_1_788' title='bbox 3347 4827 3525 4881; x_wconf 80' lang='lat' dir='ltr'>ofﬁcio</span> <span class='ocrx_word' id='word_1_789' title='bbox 3546 4820 3704 4895; x_wconf 83' lang='lat' dir='ltr'>prohi-</span> 
     </span>
    </p>
   </div>
   <div class='ocr_carea' id='block_1_110' title="bbox 2142 4911 3705 4988">
    <p class='ocr_par' dir='ltr' id='par_1_110' title="bbox 2142 4911 3705 4988">
     <span class='ocr_line' id='line_1_111' title="bbox 2142 4911 3705 4988; baseline -0.001 -21"><span class='ocrx_word' id='word_1_790' title='bbox 2142 4911 2324 4980; x_wconf 91' lang='lat' dir='ltr'>betur,</span> <span class='ocrx_word' id='word_1_791' title='bbox 2357 4931 2535 4985; x_wconf 90' lang='lat' dir='ltr'>usque</span> <span class='ocrx_word' id='word_1_792' title='bbox 2557 4914 2688 4968; x_wconf 91' lang='lat' dir='ltr'>dum</span> <span class='ocrx_word' id='word_1_793' title='bbox 2708 4915 2911 4986; x_wconf 71' lang='lat' dir='ltr'>saepius</span> <span class='ocrx_word' id='word_1_794' title='bbox 2932 4916 3277 4988; x_wconf 88' lang='lat' dir='ltr'>perspiciens</span> <span class='ocrx_word' id='word_1_795' title='bbox 3296 4916 3544 4971; x_wconf 82' lang='lat' dir='ltr'>addiscat</span> <span class='ocrx_word' id='word_1_796' title='bbox 3559 4923 3705 4984; x_wconf 82' lang='lat' dir='ltr'>quam</span> 
     </span>
    </p>
   </div>
   <div class='ocr_carea' id='block_1_111' title="bbox 2141 4999 3700 5072">
    <p class='ocr_par' dir='ltr' id='par_1_111' title="bbox 2141 4999 3700 5072">
     <span class='ocr_line' id='line_1_112' title="bbox 2141 4999 3700 5072; baseline -0.003 -17"><span class='ocrx_word' id='word_1_797' title='bbox 2141 5001 2437 5072; x_wconf 89' lang='lat' dir='ltr'>multiplici</span> <span class='ocrx_word' id='word_1_798' title='bbox 2456 5004 2643 5057; x_wconf 89' lang='lat' dir='ltr'>studio</span> <span class='ocrx_word' id='word_1_799' title='bbox 2664 5004 2776 5058; x_wconf 90' lang='lat' dir='ltr'>tale</span> <span class='ocrx_word' id='word_1_800' title='bbox 2792 5012 3208 5060; x_wconf 87' lang='lat' dir='ltr'>sacramentum</span> <span class='ocrx_word' id='word_1_801' title='bbox 3222 5011 3534 5061; x_wconf 88' lang='lat' dir='ltr'>tractetura</span> <span class='ocrx_word' id='word_1_802' title='bbox 3547 4999 3700 5056; x_wconf 85' lang='lat' dir='ltr'>nobis.</span> 
     </span>
    </p>
   </div>
   <div class='ocr_carea' id='block_1_112' title="bbox 2144 5090 3703 5165">
    <p class='ocr_par' dir='ltr' id='par_1_112' title="bbox 2144 5090 3703 5165">
     <span class='ocr_line' id='line_1_113' title="bbox 2144 5090 3703 5165; baseline -0.003 -20"><span class='ocrx_word' id='word_1_803' title='bbox 2144 5093 2166 5115; x_wconf 84' lang='lat'>&quot;</span> <span class='ocrx_word' id='word_1_804' title='bbox 2188 5092 2423 5155; x_wconf 84' lang='lat' dir='ltr'>Quando</span> <span class='ocrx_word' id='word_1_805' title='bbox 2451 5097 2641 5147; x_wconf 90' lang='lat' dir='ltr'>autem</span> <span class='ocrx_word' id='word_1_806' title='bbox 2660 5093 2899 5148; x_wconf 87' lang='lat' dir='ltr'>domnus</span> <span class='ocrx_word' id='word_1_807' title='bbox 2920 5094 3092 5149; x_wconf 85' lang='lat' dir='ltr'>abbas</span> <span class='ocrx_word' id='word_1_808' title='bbox 3108 5094 3433 5165; x_wconf 86' lang='lat' dir='ltr'>hujusmodi</span> <span class='ocrx_word' id='word_1_809' title='bbox 3452 5090 3703 5147; x_wconf 81' lang='lat' dir='ltr'>licentiam</span> 
     </span>
    </p>
   </div>
   <div class='ocr_carea' id='block_1_113' title="bbox 2141 5180 3701 5254">
    <p class='ocr_par' dir='ltr' id='par_1_113' title="bbox 2141 5180 3701 5254">
     <span class='ocr_line' id='line_1_114' title="bbox 2141 5180 3701 5254; baseline -0.004 -19"><span class='ocrx_word' id='word_1_810' title='bbox 2141 5180 2367 5235; x_wconf 90' lang='lat' dir='ltr'>novitiis</span> <span class='ocrx_word' id='word_1_811' title='bbox 2397 5198 2497 5252; x_wconf 90' lang='lat' dir='ltr'>per</span> <span class='ocrx_word' id='word_1_812' title='bbox 2522 5199 2580 5236; x_wconf 91' lang='lat' dir='ltr'>se</span> <span class='ocrx_word' id='word_1_813' title='bbox 2605 5183 2691 5237; x_wconf 91' lang='lat' dir='ltr'>vel</span> <span class='ocrx_word' id='word_1_814' title='bbox 2711 5200 2811 5254; x_wconf 89' lang='lat' dir='ltr'>per</span> <span class='ocrx_word' id='word_1_815' title='bbox 2836 5185 3097 5238; x_wconf 90' lang='lat' dir='ltr'>nuntium</span> <span class='ocrx_word' id='word_1_816' title='bbox 3127 5184 3368 5249; x_wconf 86' lang='lat' dir='ltr'>dederit,</span> <span class='ocrx_word' id='word_1_817' title='bbox 3398 5182 3701 5237; x_wconf 78' lang='lat' dir='ltr'>admonente</span> 
     </span>
    </p>
   </div>
   <div class='ocr_carea' id='block_1_114' title="bbox 2140 5265 3699 5344">
    <p class='ocr_par' dir='ltr' id='par_1_114' title="bbox 2140 5265 3699 5344">
     <span class='ocr_line' id='line_1_115' title="bbox 2140 5265 3699 5344; baseline -0.003 -20"><span class='ocrx_word' id='word_1_818' title='bbox 2140 5272 2410 5341; x_wconf 79' lang='lat' dir='ltr'>magistro</span> <span class='ocrx_word' id='word_1_819' title='bbox 2440 5287 2655 5338; x_wconf 90' lang='lat' dir='ltr'>eorum,</span> <span class='ocrx_word' id='word_1_820' title='bbox 2679 5289 2790 5326; x_wconf 90' lang='lat' dir='ltr'>non</span> <span class='ocrx_word' id='word_1_821' title='bbox 2820 5273 2888 5325; x_wconf 89' lang='lat' dir='ltr'>ad</span> <span class='ocrx_word' id='word_1_822' title='bbox 2900 5273 3070 5343; x_wconf 86' lang='lat' dir='ltr'>pedes</span> <span class='ocrx_word' id='word_1_823' title='bbox 3094 5273 3270 5344; x_wconf 87' lang='lat' dir='ltr'>ipsius</span> <span class='ocrx_word' id='word_1_824' title='bbox 3301 5272 3448 5326; x_wconf 90' lang='lat' dir='ltr'>sicut</span> <span class='ocrx_word' id='word_1_825' title='bbox 3464 5286 3560 5325; x_wconf 89' lang='lat' dir='ltr'>nec</span> <span class='ocrx_word' id='word_1_826' title='bbox 3575 5265 3699 5340; x_wconf 86' lang='lat' dir='ltr'>prio-</span> 
     </span>
    </p>
   </div>
   <div class='ocr_carea' id='block_1_115' title="bbox 2137 5354 3699 5431">
    <p class='ocr_par' dir='ltr' id='par_1_115' title="bbox 2137 5354 3699 5431">
     <span class='ocr_line' id='line_1_116' title="bbox 2137 5354 3699 5431; baseline -0.002 -18"><span class='ocrx_word' id='word_1_827' title='bbox 2137 5360 2215 5415; x_wconf 88' lang='lat' dir='ltr'>ris</span> <span class='ocrx_word' id='word_1_828' title='bbox 2244 5360 2444 5414; x_wconf 91' lang='lat' dir='ltr'>inloco</span> <span class='ocrx_word' id='word_1_829' title='bbox 2474 5362 2595 5431; x_wconf 81' lang='lat' dir='ltr'>ejus</span> <span class='ocrx_word' id='word_1_830' title='bbox 2622 5362 2867 5415; x_wconf 87' lang='lat' dir='ltr'>sedentis</span> <span class='ocrx_word' id='word_1_831' title='bbox 2896 5362 3162 5427; x_wconf 86' lang='lat' dir='ltr'>veniunt;</span> <span class='ocrx_word' id='word_1_832' title='bbox 3195 5362 3292 5417; x_wconf 88' lang='lat' dir='ltr'>sed</span> <span class='ocrx_word' id='word_1_833' title='bbox 3320 5367 3538 5416; x_wconf 86' lang='lat' dir='ltr'>tantum</span> <span class='ocrx_word' id='word_1_834' title='bbox 3554 5354 3699 5412; x_wconf 84' lang='lat' dir='ltr'>incli-</span> 
     </span>
    </p>
   </div>
   <div class='ocr_carea' id='block_1_116' title="bbox 2136 5442 3699 5517">
    <p class='ocr_par' dir='ltr' id='par_1_116' title="bbox 2136 5442 3699 5517">
     <span class='ocr_line' id='line_1_117' title="bbox 2136 5442 3699 5517; baseline -0.004 -10"><span class='ocrx_word' id='word_1_835' title='bbox 2136 5455 2276 5508; x_wconf 86' lang='lat' dir='ltr'>nant</span> <span class='ocrx_word' id='word_1_836' title='bbox 2302 5449 2361 5503; x_wconf 90' lang='lat' dir='ltr'>in</span> <span class='ocrx_word' id='word_1_837' title='bbox 2386 5450 2611 5505; x_wconf 89' lang='lat' dir='ltr'>sedibus</span> <span class='ocrx_word' id='word_1_838' title='bbox 2639 5451 2777 5505; x_wconf 87' lang='lat' dir='ltr'>suis.</span> <span class='ocrx_word' id='word_1_839' title='bbox 2811 5451 2972 5515; x_wconf 82' lang='lat' dir='ltr'>Quod</span> <span class='ocrx_word' id='word_1_840' title='bbox 3002 5458 3059 5506; x_wconf 88' lang='lat' dir='ltr'>et</span> <span class='ocrx_word' id='word_1_841' title='bbox 3086 5457 3220 5506; x_wconf 89' lang='lat' dir='ltr'>tunc</span> <span class='ocrx_word' id='word_1_842' title='bbox 3246 5451 3477 5516; x_wconf 80' lang='lat' dir='ltr'>faciunt,</span> <span class='ocrx_word' id='word_1_843' title='bbox 3506 5448 3552 5503; x_wconf 88' lang='lat' dir='ltr'>si</span> <span class='ocrx_word' id='word_1_844' title='bbox 3570 5442 3699 5517; x_wconf 70' lang='lat' dir='ltr'>iussi</span> 
     </span>
    </p>
   </div>
   <div class='ocr_carea' id='block_1_117' title="bbox 2134 5536 3698 5616">
    <p class='ocr_par' dir='ltr' id='par_1_117' title="bbox 2134 5536 3698 5616">
     <span class='ocr_line' id='line_1_118' title="bbox 2134 5536 3698 5616; baseline -0.002 -20"><span class='ocrx_word' id='word_1_845' title='bbox 2134 5555 2325 5596; x_wconf 88' lang='lat' dir='ltr'>coram</span> <span class='ocrx_word' id='word_1_846' title='bbox 2346 5539 2637 5613; x_wconf 81' lang='lat' dir='ltr'>assistunt,</span> <span class='ocrx_word' id='word_1_847' title='bbox 2645 5546 2703 5595; x_wconf 88' lang='lat' dir='ltr'>et</span> <span class='ocrx_word' id='word_1_848' title='bbox 2720 5538 3103 5598; x_wconf 84' lang='lat' dir='ltr'>sacerdotibus</span> <span class='ocrx_word' id='word_1_849' title='bbox 3119 5539 3345 5616; x_wconf 82' lang='lat' dir='ltr'>quidem</span> <span class='ocrx_word' id='word_1_850' title='bbox 3359 5536 3576 5598; x_wconf 79' lang='lat' dir='ltr'>novitiis</span> <span class='ocrx_word' id='word_1_851' title='bbox 3586 5549 3698 5593; x_wconf 74' lang='lat' dir='ltr'>mox</span> 
     </span>
    </p>
   </div>
  </div>
