3872 6164
170 187 277 249 ιοοδ
1176 182 1596 240 CONSTITUT.
1640 178 1980 236 HIRSAUG.
2025 209 2089 220 —
2130 180 2267 235 LIB.
2310 179 2355 234 1:
3258 189 3410 250 1006

163 312 554 387 deputabuntur
601 311 804 366 fratres
851 311 1021 380 hujus
1057 310 1224 365 ofﬁcii
1262 309 1448 382 periti,
1490 308 1723 379 singulis
1741 307 1789 367 A
1808 305 1985 357 mario
2016 304 2241 374 signum
2269 305 2427 364 facit.
2465 306 2623 370 Quod
2648 307 2698 363 si
2727 308 3030 380 aliquando
3058 312 3118 367 in
3146 318 3406 387 sequenti

164 402 357 474 singuli,
383 402 479 474 qui
507 418 602 456 eos
624 400 872 455 studiose
896 400 1198 462 instruant,
1222 416 1393 469 quam
1419 415 1623 468 magna
1648 398 1728 452 di-
1809 393 2160 448 hobdomada
2191 394 2362 448 missa
2389 397 2736 452 matutinalis
2782 399 2978 455 festive
3018 404 3271 459 canenda
3299 410 3407 474 est,

163 492 365 565 ligentia
392 491 540 561 apud
562 507 666 544 nos
694 491 809 545 hec
838 496 1155 544 tractentur
1181 496 1553 543 sacramenta.
1577 488 1727 542 Nulli
1809 481 2053 536 ofﬁcium
2100 479 2170 535 ad
2216 480 2360 535 hanc
2412 500 2635 555 quoque
2677 486 2966 557 imponere
3025 492 3273 562 pertinet
3333 496 3408 549 ad

163 590 320 638 tamen
349 580 561 635 novitio
583 579 943 651 quantumvis
963 578 1143 650 perito
1172 578 1320 633 infra
1347 577 1567 632 dimidii
1596 575 1729 631 anni
1811 571 2017 641 ipsum,
2051 571 2223 625 etiam
2253 571 2301 625 si
2331 589 2431 642 pro
2453 572 2747 642 defunétisi
2781 578 2853 631 ad
2883 595 3050 649 quam
3080 577 3251 639 etiam
3270 584 3408 639 ulti-

163 671 399 743 spatium,
432 664 642 740 absque
674 685 881 737 magna
909 668 1259 733 necessitate,
1292 668 1425 722 licet
1450 666 1598 737 apud
1629 682 1730 719 nos
1814 676 1939 714 mus
1969 660 2077 715 erit
2103 660 2476 716 offerentium.
2500 661 2623 735 (un)
2653 662 2795 719 Cum
2823 665 2883 721 in
2904 668 2993 723 die
3014 670 3306 727 Dominica
3319 674 3410 729 vel

164 761 405 829 majorem
430 757 662 812 missam
690 756 996 811 celebrare.
1022 754 1154 825 (ου.)
1195 754 1307 810 Sed
1336 761 1401 809 ut
1426 754 1518 809 hic
1538 755 1734 808 memi—
1814 750 1869 802 in
1889 750 2137 820 qualibet
2156 750 2205 803 ei
2228 751 2397 804 simili
2415 753 2602 805 omnia
2624 753 2783 825 signa
2803 756 2871 810 ad
2891 758 3157 828 majorem
3177 760 3411 817 missam

163 848 312 905 uerim
329 852 451 900 tam
463 846 560 917 qui
575 846 984 912 examinantur,
1001 862 1171 916 quam
1186 845 1280 916 qui
1291 845 1409 914 jam
1428 842 1732 897 examinati
1814 844 1948 892 sunt
1970 839 2264 910 pulsanda,
2302 841 2372 894 ad
2412 857 2542 894 eum
2571 844 2834 913 Pertinet.
2870 854 2934 900 ut
2955 848 3171 918 primus
3193 850 3410 906 scillam

164 936 492 1008 aliquomodo
521 935 728 989 servire
771 932 1061 1004 jubentur,
1107 933 1492 1005 unusquisque
1536 949 1732 986 eorum
1812 927 2047 998 incipiat
2060 928 2305 998 pulsare,
2321 932 2377 982 et
2397 933 2459 982 ut
2480 929 2681 985 chorus
2697 936 2961 987 teneatur
2977 934 3046 989 ab
3066 936 3204 1007 ipso.
3222 939 3414 1011 Cappa

166 1026 333 1080 sedens
354 1024 414 1077 in
438 1023 684 1094 capitulo
703 1023 1005 1093 diligenter
1024 1023 1361 1088 attendit,ut
1384 1023 1733 1076 animadver—
1814 1033 1873 1070 se
1903 1016 2105 1082 induit,
2140 1033 2308 1088 quam
2336 1016 2456 1088 ipse
2485 1014 2592 1072 sibi
2631 1019 2781 1075 inter
2808 1039 3008 1078 sonum
3051 1026 3135 1080 vel
3164 1028 3410 1099 psalmos

165 1122 248 1181 tat,
269 1114 312 1168 si
339 1120 430 1169 est
454 1114 526 1167 ad
554 1113 731 1167 ullum
760 1113 999 1184 scriptus
1020 1112 1369 1183 obsequium,
1400 1112 1549 1183 quod
1570 1113 1655 1166 vel
1673 1112 1733 1166 in
1814 1111 2148 1181 apportavit.
2170 1110 2189 1133 ⁸
2209 1112 2266 1167 Si
2291 1114 2551 1167 sacerdos
2571 1119 2674 1181 est,
2698 1122 2827 1185 post
2849 1119 3198 1190 evangelium
3228 1122 3414 1196 impo-

167 1203 367 1258 ecclesia
395 1203 484 1257 vel
513 1208 670 1256 extra
695 1201 770 1255 sit
791 1202 1093 1272 agendum.
1815 1200 1925 1253 sita
1950 1199 2231 1255 oblatione
2244 1208 2431 1272 potest
2453 1219 2555 1273 pro
2576 1206 2856 1260 cantanda
2873 1208 3047 1262 missa
3071 1210 3157 1263 vel
3185 1211 3297 1266 alia
3312 1212 3416 1267 hu-

655 1291 889 1346 CAPUT
924 1293 1223 1347 LXXVIII.
1349 1346 1358 1353 ,
1809 1288 2058 1359 jusmodi
2095 1291 2429 1345 necessitate
2461 1292 2750 1348 licentiam
2782 1296 3053 1368 accipere,
3089 1304 3145 1353 et
3165 1282 3417 1355 dataali-

541 1383 615 1435 De
643 1382 1067 1435 hebdomadario
1097 1387 1336 1435 cantare.
1821 1378 1911 1432 cui
1942 1375 2083 1447 (106)
2116 1379 2186 1434 de
2233 1380 2437 1435 oblatis
2478 1399 2674 1454 cappa,
2703 1385 2962 1458 factoque
3004 1393 3137 1443 ante
3180 1395 3238 1444 et
3263 1398 3418 1445 retro

226 1474 347 1541 (UD.)
384 1469 448 1525 Si
490 1476 577 1526 est
616 1470 689 1524 ad
733 1470 1121 1529 invitatoriam
1150 1476 1398 1537 notatus,
1432 1476 1738 1542 antequam
1820 1467 2124 1522 discedere.
2166 1486 2264 1527 ω).
2301 1470 2408 1534 Qui
2456 1476 2512 1525 et
2554 1472 2847 1529 incensum
2876 1475 2982 1530 sibi
3017 1458 3273 1546 allatum,
3307 1496 3417 1552 quo

168 1560 322 1632 ipsum
341 1560 758 1627 inchoet,stans
777 1561 849 1614 ad
866 1561 1108 1631 gradum
1129 1578 1257 1614 cum
1280 1577 1381 1615 suo
1406 1561 1639 1632 collega,
1653 1562 1741 1615 vel
1820 1572 2022 1627 corpus
2050 1557 2274 1612 Domini
2303 1565 2433 1613 ante
2473 1564 2951 1619 consecrationem
2993 1568 3077 1621 est
3119 1568 3419 1623 incensan-

171 1650 366 1721 quando
398 1649 545 1715 ﬁnit,
563 1655 804 1721 utraque
835 1650 947 1703 vice
973 1650 1107 1703 facit
1132 1654 1263 1704 ante
1292 1656 1350 1703 et
1379 1654 1583 1706 retro.*
1606 1652 1734 1715 Sed,
1757 1662 1807 1721 Β
1823 1645 1978 1711 dum,
2012 1647 2172 1718 ponit
2194 1648 2253 1702 in
2281 1648 2651 1717 thuribulum,
2675 1653 2825 1723 quod
2851 1654 3019 1709 etiam
3048 1655 3181 1710 facit
3207 1656 3267 1711 in
3296 1657 3420 1710 Vir-

171 1740 477 1812 priusquam
497 1740 681 1811 ipsum
702 1738 1087 1792 invitatorium
1104 1738 1353 1809 incipiat,
1368 1745 1426 1792 et
1444 1746 1741 1811 postquam
1821 1735 2019 1805 ginum
2071 1737 2464 1808 principalium
2521 1739 2842 1796 festivitate.
2881 1746 2906 1769 *
2946 1744 3419 1818 Quotiescumque

173 1828 442 1900 inceperit,
471 1827 642 1882 etiam
675 1834 732 1882 et
759 1834 1062 1900 antequam
1095 1833 1223 1898 post
1251 1828 1497 1881 Gloriam
1538 1828 1745 1883 iterum

173 1917 394 1989 incipiat,
429 1934 608 1972 unum
636 1926 820 1971 servat
866 1916 1094 1970 modum
1131 1916 1455 1983 inclinandi,
1488 1917 1543 1971 id
1574 1918 1747 1972 estin

175 2008 435 2062 anteriora
447 2008 903 2061 tantum.Verum
920 2012 1046 2077 post
1060 2007 1323 2061 ultimum
1341 2007 1543 2078 psalmi
1569 2009 1748 2061 Venite

172 2113 366 2150 versum
380 2093 733 2167 aliquamdiu
745 2101 858 2150 stat
870 2096 1190 2163 inclinatus,
1205 2097 1340 2150 dum
1362 2096 1748 2150 invitatorium

176 2191 341 2239 cantat
366 2189 696 2239 conventus.
733 2185 802 2238 Et
845 2185 961 2238 sive
1007 2185 1118 2239 duo
1160 2185 1246 2238 vel
1291 2191 1533 2255 quatuor
1573 2187 1748 2238 Venite

174 2274 644 2343 prtecinant,‘hanc
670 2272 1049 2326 inclinationis
1068 2274 1252 2343 legem
1274 2272 1588 2327 observant.
1612 2275 1746 2341 (01).)

176 2362 226 2416 Si
246 2380 305 2416 ex
329 2361 554 2417 duobus
591 2360 978 2417 invitatorium
1006 2362 1315 2416 cantaturis
1345 2362 1501 2433 prior
1530 2368 1617 2416 est
1645 2378 1748 2416 no-

171 2456 323 2518 tatus,
346 2459 487 2506 tunc
517 2451 689 2505 etiam
717 2451 825 2506 erit
848 2451 1339 2518 hebdomadarius,
1364 2458 1421 2505 et
1448 2468 1549 2522 per
1571 2456 1748 2505 totam

170 2541 565 2595 hebdomadam
593 2547 711 2594 tam
742 2540 802 2595 in
834 2539 1031 2602 tribus,
1066 2557 1235 2611 quam
1265 2540 1324 2594 in
1355 2540 1647 2594 duodecim
1677 2542 1753 2594 le-

166 2631 427 2685 ctionibus
462 2633 640 2685 Venite
660 2631 939 2697 cantabit;
972 2647 1077 2684 nec
1102 2636 1293 2685 tamen
1307 2630 1568 2700 amplius,
1596 2632 1620 2654 *
1640 2629 1751 2683 nisi

165 2719 216 2773 in
233 2720 461 2775 sabbato
485 2719 688 2791 prioris
710 2719 1074 2774 hebdomadas
1093 2720 1164 2773 ad
1198 2719 1302 2772 hoc
1325 2725 1410 2773 est
1432 2718 1748 2785 notandus;

167 2816 376 2881 excepto
398 2811 450 2863 si
469 2808 602 2863 talis
628 2808 899 2863 festivitas
920 2808 1327 2879 supervenerit,
1349 2808 1408 2861 in
1430 2825 1542 2879 qua
1560 2824 1595 2861 a
1619 2824 1753 2879 qua-

165 2903 280 2952 tuor
304 2898 627 2954 canendum
664 2902 780 2964 est;
811 2904 948 2952 tunc
975 2897 1111 2951 item
1137 2898 1259 2967 ipse
1289 2897 1443 2967 prior
1470 2896 1529 2950 in
1558 2896 1752 2950 tabula

1824 1830 2047 1895 tempus
2075 1830 2133 1879 et
2159 1826 2341 1880 locum
2363 1833 2549 1898 potest
2576 1829 2799 1897 habere,
2823 1831 2954 1886 licet
2983 1833 3035 1888 ei
3064 1835 3278 1890 sedere.
3303 1836 3421 1891 Cae—

1825 1913 1963 1968 teris
1990 1914 2139 1969 inter
2157 1917 2497 1971 cantandum
2522 1935 2581 1972 se
2609 1918 3032 1992 inclinantibus,
3051 1923 3174 1997 ipse
3199 1940 3422 1996 quoque

1826 2002 2096 2070 inclinat;
2147 2010 2375 2076 excepto
2416 2008 2639 2077 quando
2685 2007 2921 2064 Sanctus
2966 2018 3247 2079 cantatur,
3289 2019 3426 2068 tunc

1829 2093 1981 2146 enim
2002 2098 2115 2147 stat
2142 2099 2379 2149 erectus.
2401 2095 2707 2167 Postquam
2736 2099 2909 2153 etiam
2932 2100 3224 2156 Dominica
3244 2101 3424 2157 oratio

1831 2182 1991 2236 finita
2018 2183 2207 2248 fuerit,
2237 2184 2429 2238 statim
2455 2202 2515 2239 se
2545 2185 2730 2256 erigit.
2759 2188 2844 2241 Ad
2874 2189 3135 2245 collectas
3153 2207 3285 2246 vero
3311 2189 3423 2262 pri-

1832 2288 1953 2325 mas
1968 2277 2024 2324 et
2041 2272 2271 2326 ultimas
2301 2277 2358 2326 et
2377 2273 2448 2327 ad
2466 2280 2716 2329 secretas
2746 2292 2850 2347 per
2872 2282 3056 2333 totum
3074 2278 3297 2334 inclinis
3313 2278 3431 2334 erit

1831 2360 2015 2414 Finita
2043 2361 2233 2428 missa,
2265 2378 2300 2415 a
2334 2362 2454 2416 loco
2505 2380 2606 2418 suo
2650 2380 2764 2419 non
2801 2365 3061 2435 discedit,
3093 2370 3429 2441 priusquam

1831 2466 2038 2504 mensae
2067 2451 2244 2504 lector
2265 2450 2709 2508 benedictionem
2730 2456 3026 2527 acceperit.
3054 2458 3165 2528 (un.
3198 2464 3343 2532 var.)
3364 2463 3432 2517 In

1833 2538 2125 2592 duodecim
2157 2539 2490 2595 lectionibus
2514 2542 2585 2596 ad
2613 2548 2953 2599 nocturnum
2980 2551 3037 2600 et
3063 2550 3430 2618 matutinum,

1833 2627 2169 2698 antiphonas
2210 2629 2281 2682 ad
2325 2645 2464 2699 quas
2496 2636 2723 2685 notatus
2755 2638 2860 2697 est,
2891 2633 3132 2704 imponit
3159 2655 3172 2704 ;
3218 2638 3278 2692 in
3305 2639 3436 2694 aliis

1832 2716 2089 2771 noctibus
2132 2733 2366 2788 quaeque
2414 2718 2474 2772 in
2519 2736 2623 2775 suo
2663 2720 2832 2776 choro
2878 2721 3234 2797 imponendae
3274 2733 3431 2796 sunt,

1832 2804 1901 2858 ab
1936 2805 2058 2877 ipso
2100 2806 2487 2876 imponuntur,
2519 2813 2640 2862 tam
2685 2808 2744 2863 in
2788 2812 3047 2882 sequenti
3082 2813 3437 2872 hebdomade

1834 2910 2005 2965 quam
2030 2895 2091 2948 in
2126 2896 2408 2966 praesenti.
2433 2896 2812 2953 Nihilominus
2834 2900 2903 2953 ad
2933 2900 3103 2956 horas
3122 2919 3319 2959 omnes
3341 2921 3436 2960 re-

167 2994 239 3041 est
258 2990 544 3043 notandus
568 3010 582 3054 ;
615 3004 743 3042 cum
765 3003 875 3058 quo
896 2993 1086 3040 tamen
1110 2986 1169 3039 in
1189 2985 1477 3040 duodecim
1501 2985 1750 3039 lectioni-
1768 2983 1810 2999 “'
1830 2983 2055 3052 gulares
2076 2984 2318 3055 imponit
2353 2987 2711 3057 antiphonas,
2738 2993 2943 3059 praeter
2961 2991 3034 3044 ad
3053 3008 3332 3063 vesperos,
3359 2995 3436 3050 ad.

164 3075 253 3131 bus
271 3095 382 3133 non
407 3083 712 3133 transacta:
732 3076 1095 3130 hebdomadae
1111 3080 1326 3157 cantor,
1354 3076 1452 3129 sed
1473 3076 1659 3146 potius
1677 3075 1746 3141 is,
1833 3088 1971 3141 quos
2001 3089 2114 3126 non
2148 3073 2390 3143 imponit
2412 3074 2473 3128 in
2496 3075 2594 3128 tali
2621 3072 2943 3143 festivitate,
2975 3079 3032 3133 in
3068 3097 3180 3151 qua
3208 3082 3435 3153 singula

165 3167 240 3220 cui
267 3168 551 3221 armarius
588 3182 927 3237 unaquaque
954 3166 1072 3219 vice
1101 3165 1158 3218 id
1204 3164 1531 3235 injunxerit,
1574 3167 1749 3219 Venite
1830 3161 2184 3231 responsoria
2215 3178 2249 3215 a
2275 3162 2493 3217 duobus
2521 3170 2822 3219 cantantur
2844 3179 2855 3214 :
2877 3183 3010 3222 nam
3038 3173 3172 3224 tunc
3189 3171 3437 3242 primam

161 3256 416 3315 cantabit.
456 3256 690 3320 Quoties
717 3261 907 3310 autem
942 3260 1185 3325 quatuor
1211 3254 1595 3309 invitatorium
1624 3270 1750 3307 can—
1831 3254 2053 3303 tantum
2092 3250 2351 3322 imponit,
2384 3252 2631 3323 reliquas
2673 3255 2955 3311 armarius
2984 3257 3188 3329 quibus
3214 3260 3323 3314 sibi
3351 3261 3435 3315 vi-

162 3350 268 3399 tare
289 3346 525 3407 debent,
558 3345 617 3399 hi
647 3351 890 3416 quatuor
917 3344 988 3398 ad
1016 3344 1241 3397 tertiam
1271 3343 1589 3414 quindecim
1616 3359 1748 3414 gra—
1832 3337 1998 3392 detur
2016 3338 2383 3410 imponendas
2403 3340 2701 3412 injungit.*
2722 3343 2781 3399 Si
2802 3345 2931 3400 talis
2953 3345 3227 3403 festivitas
3244 3365 3437 3423 super-

158 3434 318 3489 duum
365 3434 707 3491 incisionem
755 3433 823 3488 de
857 3433 1028 3487 choro
1078 3437 1301 3498 exeunt,
1337 3438 1394 3486 et
1431 3432 1589 3503 prius
1609 3432 1751 3499 dotis
1832 3427 2065 3492 venerit,
2089 3428 2149 3482 in
2175 3445 2285 3500 qua
2304 3446 2419 3484 una
2439 3424 2750 3502 antiphona
2769 3434 3021 3489 canenda
3048 3436 3126 3490 sit
3156 3453 3327 3509 super
3352 3439 3436 3494 fe‘

160 3524 406 3579 manibus
453 3523 769 3578 sacristiam
803 3523 1038 3586 intrant,
1067 3537 1132 3575 ac
1177 3522 1320 3576 albis
1350 3521 1667 3576 vestiuntur
1695 3527 1753 3575 et
1831 3516 2001 3570 riales
2030 3519 2273 3588 psalmos
2301 3518 2361 3572 in
2400 3519 2575 3590 priori
2614 3538 2864 3592 vespera,
2899 3523 3005 3578 hac
3033 3524 3206 3580 etiam
3232 3527 3304 3581 ab
3331 3528 3435 3583 he-

156 3616 353 3687 cappis,
387 3621 449 3670 et
493 3615 591 3668 illo
620 3613 891 3667 versiculo
926 3615 1151 3667 Domini
1177 3618 1253 3666 est
1283 3614 1433 3665 salus
1463 3611 1747 3681 imposito,
1834 3604 2198 3660 bdomadario
2241 3608 2571 3678 imponitur.
2617 3610 2889 3666 Similiter
2925 3630 3149 3686 quoque
3184 3615 3436 3688 primum

156 3705 375 3759 chorum
396 3706 643 3771 intrant,
668 3719 733 3755 eo
751 3702 933 3765 modo,
958 3707 1024 3755 ut
1046 3701 1274 3755 altiores
1295 3700 1352 3753 in
1377 3716 1536 3753 sacro
1556 3700 1751 3753 ordine
1834 3695 2095 3765 quodque
2131 3697 2551 3767 responsorium
2593 3704 2711 3753 tam
2758 3699 2921 3756 breve
2960 3719 3132 3775 quam
3178 3704 3434 3779 longum,

152 3794 332 3863 medii,
383 3792 687 3848 inferiores
716 3791 785 3845 ad
824 3791 1063 3861 gradum
1102 3789 1410 3844 consistant
1448 3788 1654 3855 ultimi,
1695 3793 1752 3841 et
1833 3784 1982 3853 quod
2003 3784 2073 3837 ad
2094 3785 2437 3839 matutinum
2458 3787 2573 3841 sive
2589 3788 2660 3842 ad
2681 3806 2940 3860 vesperos
2961 3798 3047 3845 est
3065 3794 3429 3861 cantandum,

150 3885 556 3955 unusquisque,
579 3882 628 3936 si
654 3880 778 3935 ﬁeri
799 3884 1002 3952 potest,
1026 3878 1085 3933 in
1108 3885 1270 3950 parte
1295 3879 1383 3933 sui
1412 3878 1584 3932 chori.
1605 3879 1750 3932 Nam
1830 3871 1952 3942 ipse
1975 3878 2182 3939 cantat,
2208 3890 2311 3928 nec
2339 3880 2472 3928 tunc
2499 3875 2619 3947 ipse
2647 3876 2930 3933 subtrahit
2967 3897 3049 3947 se,
3074 3897 3204 3935 cum
3233 3882 3344 3937 duo
3372 3882 3432 3937 id

150 3972 244 4029 etsi
268 3989 478 4027 omnes
502 3973 573 4026 de
600 3988 713 4025 uno
742 3970 911 4023 choro
939 3968 1071 4034 sint,
1101 3969 1251 4022 hunc
1269 3973 1460 4021 tamen
1494 3967 1749 4021 ordinem
1833 3962 2122 4032 veliplures
2134 3962 2689 4021 cantabunLLitania
2702 3968 2930 4022 missam
2944 3971 3431 4042 antecedensguaa

148 4060 407 4117 intrando
441 4059 838 4116 observabant.
869 4057 1082 4112 Deinde
1110 4056 1579 4124 consuetudinali,
1605 4056 1752 4110 sicut
1832 4050 1904 4103 ad
1932 4051 2347 4121 processionem
2375 4054 2599 4107 canitur
2625 4072 2981 4128 nequaquam
3008 4057 3079 4111 ab
3109 4075 3174 4112 eo
3202 4059 3300 4130 qui
3322 4058 3432 4114 fuit

146 4152 501 4220 praemissum
524 4158 629 4212 est,
654 4147 1018 4203 inclinatione
1045 4147 1341 4218 completa,
1364 4145 1780 4220 invitatoriumq
1830 4144 2127 4194 transacta?
2154 4140 2538 4210 hebdomadis,
2560 4140 2658 4198 sed
2675 4146 2860 4214 potius
2875 4146 2945 4199 ab
2975 4146 3064 4201 his
3095 4146 3298 4219 quibus
3333 4164 3429 4202 ar-

147 4217 440 4295 inoderate
464 4239 764 4310 incipiunt,
783 4244 840 4292 et
856 4237 1025 4291 simul
1044 4217 1290 4309 primum
1309 4252 1531 4290 versum
1557 4234 1633 4299 hi,
1654 4234 1749 4305 qui
1765 4217 1813 4278 D
1831 4228 2043 4283 marius
2072 4228 2279 4287 librum
2308 4230 2564 4302 porrigit,
2590 4234 2916 4304 praecinitur
2943 4253 2956 4289 :
2987 4236 3081 4307 qui
3110 4217 3429 4308 aliquantu-

147 4328 199 4382 in
220 4330 466 4386 dextera
504 4334 665 4401 parte
691 4332 863 4393 stant,
896 4330 1245 4397 percantant,
1278 4340 1343 4378 ac
1371 4324 1630 4395 deinceps
1659 4328 1749 4377 to-
1829 4316 1946 4371 lum
1977 4323 2281 4389 antequam
2309 4319 2541 4374 ﬁniatur
2569 4323 2748 4376 oratio
2772 4323 2886 4391 illa,
2911 4326 3053 4378 Deus
3081 4329 3241 4395 cujus
3269 4329 3431 4381 mise-

140 4422 256 4473 tum
295 4421 596 4491 psalmum
624 4415 967 4482 alternatim,
998 4415 1305 4470 secundum
1335 4430 1531 4479 unum,
1565 4418 1622 4467 et
1658 4429 1748 4466 se-
1831 4410 2066 4474 ratione,
2115 4408 2187 4462 ad
2225 4408 2465 4478 gradum
2520 4412 2850 4481 procedunt,
2887 4419 2945 4467 et
2990 4412 3326 4469 inclinantes
3366 4431 3428 4470 se

141 4507 388 4562 cundum
412 4508 665 4561 alterum
684 4522 908 4559 versum
928 4508 1222 4559 cantantes
1235 4519 1411 4574 usque
1424 4502 1577 4558 Sicut
1597 4507 1745 4566 erat;
1831 4500 2052 4550 tantum
2072 4497 2143 4551 ad
2164 4498 2361 4564 altare,
2380 4498 2574 4553 statim
2597 4501 2759 4554 ﬁnita
2776 4502 3052 4569 oratione,
3074 4502 3329 4558 litauiam
3345 4503 3429 4577 iu-

134 4596 207 4651 ibi
237 4613 454 4652 omnes
477 4595 648 4650 simul
668 4599 896 4649 cantare
915 4593 1138 4649 debent.
1157 4594 1305 4648 Ante
1323 4607 1548 4646 versum
1564 4591 1746 4655 illum,
1831 4583 2065 4656 cipiunt.
2100 4586 2406 4641 Praedictus
2440 4592 2629 4643 autem
2653 4585 3147 4672 hebdomadarius,
3177 4593 3430 4667 quotidie

138 4686 301 4740 Hodie
337 4690 397 4740 si
439 4701 639 4752 amem,
665 4683 1073 4747 invitatorium,
1105 4682 1153 4736 si
1183 4698 1322 4754 opus
1348 4680 1536 4747 fuerit,
1564 4679 1634 4733 ab
1664 4696 1752 4734 ar-
1832 4675 1903 4729 ad
1931 4675 2203 4746 majorem
2227 4675 2481 4743 missam,
2512 4678 2645 4732 licet
2664 4679 2733 4733 de
2752 4679 2983 4759 sinistro
3000 4681 3170 4736 choro
3199 4681 3294 4749 sit,
3326 4683 3431 4739 sed.

131 4775 310 4830 maria
337 4774 529 4830 altius
553 4779 642 4828 est
663 4772 1085 4845 imponendum.

197 4865 336 4928 Sed,
371 4870 447 4919 ut
474 4863 705 4917 redeam
732 4862 805 4917 ad
834 4858 1358 4925 hebdomadarium,
1388 4858 1507 4931 ipse
1534 4875 1634 4930 per
1660 4861 1749 4912 to-

127 4960 239 5011 tam
287 4948 731 5009 hebdomadam
755 4951 1003 5006 officium
1031 4949 1261 5020 majoris
1301 4948 1484 5003 missae
1512 4947 1751 5019 imponit

93 5028 335 5114 'preter
367 5058 609 5098 versum
636 5040 927 5109 otl'ertorii,
950 5041 1020 5096 de
1050 5039 1252 5113 quibus
1280 5036 1633 5109 imponendis
1661 5052 1750 5090 ar-

1833 4765 2057 4835 quando
2086 4782 2263 4837 cappa
2289 4766 2527 4821 amictus
2563 4767 2782 4840 incipit,
2814 4762 3010 4825 dexter
3036 4770 3240 4827 chorus
3266 4771 3429 4828 illum

1830 4855 2079 4925 adjuvat.
2111 4855 2345 4918 Quando
2373 4861 2566 4911 autem
2594 4873 2789 4913 omnes
2819 4875 3017 4915 sumus
3053 4850 3194 4915 albis
3221 4861 3428 4929 induti,

1830 4960 1943 4999 non
1962 4944 2034 4998 ad
2062 4961 2214 5013 eum,
2240 4944 2338 4999 sed
2357 4945 2429 5000 ad
2449 4947 2758 5002 armarium
2774 4949 3023 5022 pertinet
3043 4949 3228 5006 missa
3253 4951 3428 5021 majo-

1828 5034 1908 5089 ris
1929 5034 2196 5090 ofﬁcium.

1834 5200 1970 5254 terio
1984 5196 2048 5252 in
2068 5198 2265 5253 multis
2276 5197 2364 5252 uti
2382 5198 2799 5253 rationabiliter
2809 5197 3103 5264 consuevit,
3119 5201 3181 5252 in
3198 5192 3283 5251 his
3304 5214 3421 5252 ma-

1828 5274 1994 5334 xime,
2020 5283 2138 5340 quae
2157 5273 2222 5324 in
2246 5268 2419 5324 medio
2439 5268 2811 5331 saecularium,
2847 5282 2951 5338 quo
2971 5268 3230 5340 Barbula:
3259 5266 3421 5340 (Con.

1827 5338 2041 5411 νενεοεῖ
2066 5344 2301 5405 mittere,
2327 5344 2409 5395 vel
2426 5342 2719 5395 monachos
2746 5352 2860 5395 non
2879 5339 3088 5406 licebat,
3111 5338 3422 5410 peragenda

1825 5414 2176 5473 videbantur.
2203 5411 2447 5471 Consule
2466 5412 2573 5469 loc.
2605 5412 2705 5471 cit.

194 5202 349 5276 (106)
381 5203 524 5276 Huc
547 5203 796 5276 pertinet
825 5203 976 5276 quod
998 5200 1577 5276 TrithemiusChron.
1608 5196 1749 5276 Hir-

129 5268 287 5350 saug.
498 5268 604 5351 2'29
625 5268 918 5351 destinato
936 5272 1239 5351 Wilhelmo
1269 5272 1472 5351 habet:
1495 5268 1748 5351 Instituit

126 5344 295 5406 ιιίαῖη
320 5344 458 5403 ὐἰῖθ
503 5350 602 5403 Dei
650 5346 973 5402 Withelmus
1017 5348 1257 5414 ewemplo
1295 5344 1748 5400 Gtunz'acensium

127 5420 610 5479 consuetudinem
639 5419 972 5486 oblatarum,
1004 5434 1137 5489 quos
1166 5430 1390 5473 manere
1418 5419 1481 5471 in
1502 5417 1746 5489 pristino

127 5491 330 5552 habitu
360 5505 545 5552 sacra
564 5484 1229 5562 comtitutione'pErmisit
1248 5507 1265 5547 :
1288 5484 1530 5562 quorum
1546 5484 1749 5545 minis-
