3908 6168
450 276 590 336 1007

987 402 1223 459 CAPUT
1252 402 1497 459 LXXIX.

527 498 601 550 De
628 511 687 550 eo
715 495 815 563 qui
843 498 1063 547 notatus
1092 498 1166 545 est
1196 494 1270 546 ad
1293 496 1544 561 primam
1573 493 1961 561 antiphonam.

522 584 658 653 (ου.)
683 581 843 646 Quod
864 582 911 635 si
929 581 1403 636 hebdomadarius
1423 598 1536 635 non
1557 586 1661 647 est,
1690 587 1746 634 et
1764 586 1953 635 tamen
1975 582 2046 656 ad

329 666 341 683 '
445 672 690 742 aliquam
715 676 1117 725 nocturnorum
1147 671 1513 742 antiphonam
1542 676 1627 724 est
1656 675 1900 735 notatus,
1916 687 2044 725 cum

443 760 777 831 imposuerit
804 777 928 814 eam
958 761 1118 814 ﬁnito
1139 760 1321 831 primo
1343 776 1504 813 versu
1527 759 1733 813 Psalmi
1759 759 1891 813 facit
1912 765 2042 814 ante

442 855 501 905 et
527 854 699 917 retro,
722 849 832 904 nisi
857 856 1053 904 contra
1070 850 1249 903 altare
1269 849 1343 903 sit
1368 868 1379 902 :
1404 865 1535 902 nam
1563 848 1643 901 illi
1664 865 1878 915 omnes,
1902 851 1919 871 ⁶
1944 848 2041 919 qui

440 939 501 993 in
532 956 597 993 eo
625 939 803 994 latere
827 944 996 1004 stant,
1022 938 1117 992 ubi
1139 944 1223 992 est
1248 939 1407 991 sedes
1434 938 1625 991 domni
1646 937 1883 1003 abbatis,
1905 944 2040 991 tunc

442 1033 664 1083 tantum
695 1029 753 1082 in
782 1029 1068 1082 anteriora
1095 1028 1387 1082 inclinant.
1409 1027 1567 1090 Quod
1588 1028 1634 1080 si
1657 1044 1781 1080 eam
1808 1027 2038 1081 omnino

440 1118 769 1188 neglexerit,
818 1118 900 1171 ita
928 1124 993 1172 ut
1022 1118 1091 1171 ab
1122 1118 1232 1171 alio
1278 1116 1636 1187 incipiantur,
1669 1122 1901 1187 propter
1928 1116 2036 1171 hoc

440 1221 543 1262 nec
565 1207 662 1273 ibi,
687 1223 790 1261 nec
811 1212 1007 1278 postea
1026 1206 1082 1259 in
1105 1206 1348 1276 capitulo
1377 1204 1592 1259 veniam
1622 1210 1794 1273 petet,
1824 1200 1930 1258 nisi
1955 1205 2038 1258 in-

437 1296 713 1352 clamatus
757 1296 942 1350 fuerit.
978 1296 1034 1349 Si
1064 1300 1253 1348 autem
1300 1294 1616 1365 incipiendo
1646 1310 1772 1347 eam
1802 1293 2029 1359 fallitur,

438 1386 631 1440 statim
651 1385 874 1439 veniam
894 1385 1035 1455 petit
1050 1384 1378 1455 priusquam
1401 1401 1459 1437 se
1475 1383 1733 1443 inclinet;
1764 1384 1812 1436 si
1840 1387 2033 1436 tamen

435 1474 497 1529 in
508 1474 676 1529 verbo
694 1474 927 1528 fallitur.
943 1475 1082 1527 Nam
1101 1478 1329 1543 propter
1349 1472 1748 1542 Neumas(107)
1770 1488 1934 1524 nemo
1948 1488 2035 1523 ve-

435 1563 589 1618 niam
602 1563 762 1635 petit,
777 1563 910 1635 quia
921 1563 1025 1616 hoc
1043 1579 1145 1615 nec
1156 1567 1383 1615 sanctus
1401 1561 1733 1615 Benedictus
1746 1559 2028 1631 praecepit.

424 1634 445 1647 ⁹
604 1634 619 1635 θ
794 1634 807 1635 ”
968 1650 1201 1705 CAPUT
1250 1651 1461 1704 Lxxx.

546 1765 557 1779 ο
600 1743 674 1797 De
703 1758 759 1795 eo
788 1743 887 1810 qui
917 1744 1145 1794 notatur
1174 1741 1247 1792 ad
1274 1742 1527 1807 aliquam
1558 1740 1861 1791 lectionem.

501 1830 561 1887 Si
606 1830 678 1885 ad
722 1830 1021 1885 lectionem
1069 1834 1156 1883 est
1197 1833 1443 1892 notatus,
1496 1832 1800 1896 antequam
1851 1827 2021 1897 legat,

426 1919 654 1975 veniens
695 1919 767 1973 ad
811 1919 1049 1989 gradum
1101 1918 1233 1971 facit
1262 1922 1393 1970 ante
1422 1922 1479 1969 et
1506 1922 1677 1981 retro,
1710 1920 1766 1969 et
1794 1916 1924 1969 inde
1953 1916 2024 1969 ad

424 2008 746 2078 analogium
779 2009 1022 2062 multum
1051 2006 1274 2060 inclinis
1302 2005 1515 2059 accedit
1542 2012 1599 2058 et
1622 2004 1833 2058 recedit
1856 2023 1869 2071 ;
1913 2004 2023 2058 nisi

425 2113 494 2151 ea
520 2096 658 2161 vice,
679 2097 901 2168 quando
931 2101 1236 2150 conventus
1266 2095 1514 2148 nondum
1541 2094 1823 2160 consedit;
1859 2094 1906 2147 si
1942 2100 2022 2148 ta-

423 2199 557 2239 men
576 2185 897 2255 analogium
920 2185 998 2238 ita
1027 2189 1115 2238 est
1141 2184 1406 2255 positum,
1424 2189 1488 2237 ut
1507 2183 1753 2237 lecturus
1778 2183 2019 2237 transire

419 2274 624 2330 debeat
648 2292 749 2346 per
780 2281 1142 2330 conventum.
1184 2278 1313 2344 (ου.)
1346 2274 1652 2343 Postquam
1694 2273 2013 2343 perlegerit,

418 2379 617 2419 rursus
645 2364 717 2418 ad
754 2364 995 2435 gradum
1041 2379 1155 2417 non
1185 2363 1366 2417 solum
1412 2368 1545 2415 ante
1585 2366 1641 2416 et
1683 2366 1833 2416 retro
1862 2362 2015 2427 facit,

417 2452 517 2507 sed
543 2452 714 2507 etiam
740 2452 897 2505 illam
921 2451 1141 2506 veniam
1171 2468 1342 2522 super
1369 2467 1570 2505 manus
1599 2456 1657 2505 et
1680 2468 1868 2521 genua
1896 2468 2018 2522 pre-

415 2540 611 2595 mittit.
643 2543 803 2609 (υαν.)
827 2543 876 2595 Α
906 2558 1016 2612 quo
1046 2541 1216 2594 etiam
1235 2541 1547 2594 notandum
1574 2540 1677 2595 hoc
1697 2540 1868 2594 moris
1892 2557 2014 2594 esse

409 2630 611 2695 nostri,
641 2635 707 2684 ut
747 2646 812 2684 eo
854 2635 1128 2701 tempore,
1175 2647 1285 2701 quo
1335 2630 1621 2701 prophetae
1658 2630 1927 2699 leguntur
1953 2630 2012 2683 in

409 2718 662 2785 ecclesia,
695 2719 860 2774 lectio
911 2719 1234 2791 prophetico
1270 2719 1561 2790 incipiens,
1608 2719 1706 2773 sed
1748 2719 2011 2772 historice

408 2807 631 2873 ﬁniens,
678 2824 809 2863 cum
846 2810 924 2862 Tu
953 2814 1141 2862 autem
1175 2827 1190 2861 :
1228 2808 1493 2862 historice
1540 2825 1669 2863 vero
1713 2808 2005 2879 incipiens,

407 2897 509 2952 sed
530 2897 855 2968 prophetica
881 2897 1100 2960 ﬁniens,
1127 2914 1254 2951 cum
1285 2900 1404 2952 [Iac
1432 2900 1563 2951 dicit
1596 2899 1864 2951 Dominus
1892 2902 2008 2951 ter-

407 2985 684 3054 minetur;
702 2988 724 3010 *
746 2988 823 3041 Tu
843 2992 1027 3041 autem
1041 2986 1213 3041 etiam
1234 2987 1441 3041 dicitur
1455 2987 1527 3040 ad
1543 2987 1717 3041 ﬁnem
1736 2988 2008 3058 cujusque

408 3074 615 3129 codicis
633 3074 1036 3146 prophetarum
1060 3076 1308 3147 perlecti.

954 3166 1187 3220 CAPUT
1224 3163 1467 3219 LXXXI.

528 3256 604 3310 De
632 3272 690 3309 eo
719 3257 819 3324 qui
846 3259 1074 3309 notatur
1099 3257 1172 3307 ad
1197 3255 1425 3322 aliquod
1454 3257 1880 3322 responsorium.

481 3344 618 3415 (ιω.)
639 3344 799 3408 Quod
814 3344 862 3398 si
877 3344 950 3397 ad
968 3342 1389 3414 responsorium
1409 3347 1657 3409 notatur,
1673 3343 1761 3397 hic
1777 3345 2003 3415 quidem

406 3433 695 3487 moderate
727 3433 977 3497 inclinat,
1010 3437 1066 3486 et
1095 3437 1398 3502 antequam
1441 3432 1696 3502 imponat
1726 3438 1783 3486 et
1810 3439 2005 3504 postea

407 3521 568 3575 ﬁnito
599 3537 760 3576 versu
786 3522 875 3575 vel
914 3521 1100 3576 Gloria
1131 3523 1309 3588 Patri,
1348 3520 1415 3586 (si
1446 3520 1551 3574 hoc
1579 3526 1664 3574 est
1690 3522 2003 3592 adjungen-

406 3610 559 3678 dum)
590 3610 725 3663 facit
752 3614 810 3663 et
835 3609 913 3663 ibi
960 3615 1088 3663 ante
1118 3615 1174 3663 et
1203 3613 1373 3675 retro,
1419 3614 1475 3662 et
1514 3615 1643 3680 post
1670 3626 1893 3664 versum
1931 3612 2002 3665 ad

406 3697 563 3751 aliud
591 3703 940 3752 momentum
969 3698 1235 3751 inclinem
1276 3715 1336 3751 se
1366 3697 1665 3751 submittit.
1700 3699 1769 3752 Et
1796 3699 1843 3752 si
1872 3716 2002 3754 cum

406 3784 517 3841 alio
545 3789 634 3841 est
660 3791 1011 3850 cantaturus,
1042 3787 1113 3840 ad
1141 3786 1381 3857 gradum
1412 3786 1677 3841 cantabit.

940 3876 1172 3931 CAPUT
1200 3876 1469 3931 LXXXII.

780 3967 854 4021 De
878 3967 1148 4020 sacerdote
1178 3965 1617 4020 hebdomadario.

479 4055 618 4126 (01).)
631 4055 790 4120 Quod
806 4055 853 4109 si
866 4054 1108 4125 scriptus
1130 4058 1234 4119 est,
1248 4059 1311 4109 ut
1330 4055 1640 4109 sacerdotio
1662 4055 1930 4126 fungatur
1945 4062 2002 4111 et

402 4145 462 4199 in
488 4144 749 4216 praesenti
776 4144 1093 4215 septimana
1112 4144 1385 4214 majorem
1409 4144 1640 4198 missam
1668 4146 1994 4213 cantavcrit,

1477 278 1533 333 S.
1576 277 1968 333 GUILLELMI
2005 277 2309 335 ABBATIS
2346 280 2686 336 HIRSAUG.

3556 284 3665 346 1008

2062 407 2113 464 A
2136 405 2285 475 quod
2314 406 2361 460 si
2389 405 2689 477 aliquando
2730 409 2860 477 post
2896 405 3200 461 familiares
3236 408 3469 479 psalmos
3493 411 3671 482 aliquid

2129 494 2386 565 sequitur
2429 494 2821 558 continuatim,
2850 496 2872 518 θ
2898 501 2964 549 ut
3008 502 3095 549 est
3140 497 3379 552 ofﬁcium
3407 500 3487 553 vel
3529 500 3672 555 missa

2128 583 2541 651 defunctorum,
2572 584 2852 655 processio
2880 584 2966 638 vel
2997 585 3211 649 litania,
3240 603 3350 641 non
3379 587 3564 643 dicitur
3593 592 3672 645 Be-

2128 676 2448 728 ncdicamus
2470 677 2720 728 Domino.
2737 672 2798 728 Si
2814 673 2939 744 quis
2954 691 3071 745 pra:
3090 681 3387 743 senectute,
3402 677 3481 731 vel
3495 677 3673 749 ingenii

2125 763 2391 817 tarditate
2418 762 2742 834 praescripta
2775 778 2885 816 non
2929 767 3114 833 potest
3140 765 3454 819 memoriter
3472 765 3667 834 discere,

2125 853 2276 906 nullo
2312 854 2477 906 modo
2509 852 2561 905 ei
2588 850 2914 905 conceditur
2937 851 3244 922 quidquam
3271 852 3466 906 horum
3489 854 3540 907 in
3563 871 3671 910 con-

2121 947 2291 995 ventu
2319 946 2516 994 contra
2544 939 2797 994 ordinem
2826 940 3027 994 facere.
3069 941 3198 1010 (00.)
3232 940 3334 995 Cui
3363 947 3554 1009 autem,
3585 944 3672 999 hoc

2120 1029 2375 1099 exigente
2438 1028 2843 1093 convenientia,
2904 1029 3247 1094 conceditur,
3307 1032 3673 1100 quantumlibet

2119 1118 2323 1172 sciolus
2353 1116 2458 1172 sibi
2488 1119 2556 1171 de
2587 1116 2845 1171 omnibus
2875 1117 3148 1184 videatur,
3185 1123 3373 1172 tamen
3408 1135 3511 1173 non
3533 1119 3671 1175 debet

2117 1206 2421 1277 dedignare
2466 1208 2810 1277 frequenter,
2844 1205 2989 1259 sicut
3029 1212 3087 1260 et
3126 1208 3310 1261 caeteri
3355 1212 3569 1273 omnes,‘
3592 1227 3669 1280 qui

2116 1296 2189 1349 ad
2217 1295 2443 1365 aliquod
2466 1295 2717 1348 divinum
2747 1293 2995 1348 ofﬁcium
3021 1300 3152 1349 sunt
3184 1297 3469 1365 praenotati
3488 1296 3548 1350 de
3573 1298 3670 1368 qui-

2113 1376 2218 1438 bus
2249 1384 2447 1439 incerti
2477 1389 2627 1450 sunt,
2675 1383 2984 1437 armarium
3016 1384 3383 1455 interrogare.
3416 1388 3441 1411 *
3469 1385 3521 1440 Si
3561 1386 3668 1442 inde

2113 1472 2296 1525 locum
2326 1471 2514 1535 habet,
2544 1472 2615 1525 ad
2641 1472 2877 1525 formam
2906 1471 2989 1525 vel
3010 1471 3069 1524 in
3087 1473 3435 1527 extremitate
3453 1473 3664 1543 parietis,

2113 1578 2214 1632 per
2236 1561 2388 1614 illam
2420 1561 2827 1614 hebdomadam
2856 1561 3079 1631 quando
3104 1567 3333 1615 notatur
3355 1562 3422 1615 ad
3451 1562 3663 1628 missam,

2114 1650 2267 1703 locus
2298 1650 2349 1703 ei
2380 1665 2685 1720 parumper
2713 1648 2880 1702 altior
2907 1649 2977 1702 ad
2999 1648 3270 1719 parietem
3298 1655 3382 1703 est
3407 1651 3665 1704 conceden-

2045 1721 2214 1791 Bdus
2247 1744 2476 1809 propter
2511 1738 2885 1792 reverentiam
2926 1737 3166 1808 injuncti
3197 1737 3303 1791 sibi
3332 1739 3587 1809 ofﬁcii,,et
3616 1747 3666 1794 ut

2110 1832 2493 1897 competenter
2532 1843 2567 1880 a
2612 1832 2889 1880 conventu
2922 1827 3098 1897 possit
3147 1826 3349 1881 audiri.
3384 1828 3484 1891 Qui
3523 1828 3664 1881 etiam

2108 1914 2402 1969 observare
2440 1914 2605 1969 debet
2634 1921 2697 1969 ut
2742 1915 2957 1969 nullam
3002 1915 3200 1969 horam
3247 1916 3480 1983 inchoet,
3508 1916 3664 1988 prius-

2107 2020 2277 2074 quam
2307 2005 2531 2073 signum
2563 2004 2899 2058 dimittatur.
2938 2004 3166 2068 Quoties
3195 2010 3383 2059 autem
3409 2006 3661 2060 duodecim

2104 2094 2248 2147 ﬁunt
2274 2093 2543 2147 lectiones
2584 2093 2733 2147 inter
2760 2098 2988 2148 cantum
3032 2094 3118 2147 vel
3162 2094 3337 2165 prius,
3368 2093 3413 2148 si
3441 2094 3657 2159 voluerit,

2102 2183 2171 2235 ad
2202 2182 2533 2236 lavatorium
2564 2198 2767 2236 manus
2796 2182 2981 2235 lavare
3009 2181 3206 2251 debet;
3240 2199 3409 2254 quare
3432 2188 3547 2254 post
3577 2200 3660 2237 no-

2100 2276 2329 2325 cturnos
2368 2286 2482 2324 non
2520 2271 2675 2341 prius
2705 2271 2819 2325 exit
2844 2272 2913 2325 de
2952 2271 3140 2336 choro,
3171 2285 3268 2327 L'D.
3315 2288 3476 2343 quam
3502 2289 3560 2326 ex
3590 2271 3658 2325 al-

2099 2360 2415 2413 ternatione
2462 2359 2874 2414 modulantium
2924 2365 3156 2413 ventum
3200 2360 3368 2415 fuerit
3420 2360 3486 2414 ad
3525 2361 3655 2414 illum

2099 2466 2322 2504 versum
2353 2453 2511 2504 Pleni
2546 2456 2678 2504 sunt
2721 2452 2884 2504 cali:
2932 2450 3029 2504 sed
3076 2456 3215 2504 tunc
3269 2450 3452 2505 exiens
3495 2451 3654 2505 statim

2098 2539 2404 2593 sacrarium
2449 2539 2641 2592 intrat.
2698 2538 2935 2592 vestitur
2970 2538 3116 2606 alba,
3163 2540 3329 2603 stola,
3379 2545 3432 2595 et
3476 2539 3651 2604 casula,

2096 2629 2451 2699 perlectoque
2508 2627 2808 2698 Evangelio
2857 2627 3139 2691 audiente.
3182 2628 3233 2682 si
3283 2645 3417 2700 opus
3452 2633 3544 2693 est,
3585 2644 3654 2681 ar-

2094 2717 2310 2783 mario;
2356 2721 2381 2743 *
2421 2716 2629 2770 ibidem
2667 2717 2799 2771 thus
2838 2716 3097 2788 imponit,
3128 2723 3187 2771 et
3226 2717 3305 2772 sic
3337 2718 3402 2772 de
3430 2716 3652 2771 vestiario

2091 2821 2221 2859 cum
2251 2805 2604 2876 processione
2635 2805 2863 2872 incedit,
2912 2810 2977 2860 ut
3018 2806 3329 2860 sacrarium
3358 2807 3551 2860 intrare
3574 2822 3651 2858 va-

2089 2895 2203 2948 leat
2230 2895 2327 2949 illo
2367 2895 2639 2949 versiculo
2683 2897 2785 2948 Per
2812 2898 3059 2963 singulos
3099 2897 3217 2950 dies
3263 2895 3647 2967 imposito;un.

2090 2988 2419 3054 textumque
2443 2982 2747 3053 Evangelii,
2774 2999 2940 3053 quem
2963 2990 3287 3039 reverenter
3304 2984 3446 3038 inter
3461 2982 3653 3037 brachia

2090 3078 2295 3144 portat,
2340 3073 2577 3127 reclinat
2605 3073 2677 3127 ad
2716 3078 2930 3143 pectus,
2961 3073 3022 3127 in
3057 3074 3243 3128 medio
3277 3074 3465 3128 altaris
3502 3071 3649 3145 ponit,

2088 3177 2254 3231 quem
2286 3162 2456 3215 etiam
2485 3162 2545 3215 in
2576 3162 2803 3216 modum
2833 3162 3012 3217 crucis
3038 3162 3313 3230 incensat,
3346 3163 3522 3234 ibique
3544 3165 3651 3215 ante

2086 3251 2263 3304 altare
2309 3251 2380 3304 ad
2412 3250 2724 3305 orationem
2755 3252 3104 3306 Dominicam
3151 3269 3215 3307 se
3249 3252 3490 3307 inclinat.
3512 3249 3653 3321 (ναν.)

2084 3338 2226 3394 Cum
2250 3345 2478 3394 ventum
2502 3340 2672 3394 fuerit
2698 3340 2771 3394 ad
2798 3340 2958 3394 illum
2982 3358 3232 3411 versum,
3255 3344 3321 3397 In
3343 3347 3407 3409 lc,
3426 3342 3639 3399 Domine,

2085 3431 2319 3497 speravi,
2352 3434 2572 3483 erectus
2625 3429 2812 3498 signat
2839 3446 2917 3489 se,
2951 3445 3016 3483 ac
3052 3431 3376 3485 deosculato
3421 3427 3569 3483 altari
3591 3425 3646 3479 li-

2086 3516 2248 3571 brum
2269 3518 2436 3584 tollit,
2471 3524 2530 3572 et
2558 3518 2785 3584 iterum,
2811 3518 2957 3571 sicut
2976 3519 3133 3589 prius
3165 3519 3317 3574 inter
3335 3517 3545 3573 brachia
3566 3515 3646 3569 de-

2086 3611 2277 3660 center
2304 3611 2479 3677 aptat,
2511 3612 2575 3661 ut
2613 3606 2728 3661 viso
2774 3607 2971 3660 eodem
3021 3608 3311 3679 Evangelii
3353 3607 3486 3661 libro
3526 3620 3644 3658 con-

2084 3705 2282 3755 ventus
2328 3718 2387 3754 se
2430 3700 2680 3764 inclinet,
2711 3702 2734 3723 "
2762 3700 2952 3771 sicque
3000 3701 3071 3755 ad
3120 3702 3440 3773 analogium
3474 3696 3639 3754 tendit.

2087 3790 2192 3844 Sed
2223 3806 2541 3856 conversus,
2574 3789 2670 3859 qui
2708 3787 3060 3843 thuribulum
3099 3797 3309 3861 portat,
3342 3787 3641 3862 praeveniens

2085 3878 2348 3933 eumdem
2391 3878 2760 3945 sacerdotem,
2797 3877 3121 3947 analogiuni
3151 3879 3211 3933 in
3243 3880 3463 3934 modum
3490 3875 3640 3931 crucis

2082 3968 2356 4036 incensat,
2371 3967 2746 4037 recedensque
2768 3982 2882 4021 non
2903 3966 3165 4035 inclinat;
3199 3968 3342 4023 lecto
3362 3963 3637 4035 Evangelia,

2084 4062 2141 4110 et
2168 4057 2382 4111 caeteris
2416 4059 2559 4127 (quae
2586 4062 2722 4109 tunc
2748 4055 2965 4126 agenda
2985 4060 3215 4110 sanctus
3237 4055 3477 4128 praecipit
3496 4054 3641 4108 Bene-

2082 4143 2287 4215 dictus)
2340 4145 2448 4199 rite
2499 4145 2759 4215 peractis,
2819 4145 3149 4216 priusquam
3212 4146 3363 4201 idem
3417 4140 3638 4200 sacerdos

402 4233 573 4289 etiam
601 4233 859 4305 sequenti
890 4233 1170 4287 matutino
1202 4232 1452 4286 cantabit
1479 4233 1749 4304 aliquam,
1791 4235 1906 4288 sive
1936 4234 1995 4288 in
2077 4234 2417 4287 matutinum
2446 4232 2755 4304 incceperit,
2780 4249 2873 4287 ω).
2910 4249 3024 4288 non
3052 4250 3114 4288 se
3144 4240 3333 4290 movet
3358 4251 3392 4289 a
3414 4234 3539 4299 loco,
3558 4247 3637 4284 us-

399 4323 761 4389 monasterio,
794 4323 908 4377 sive
951 4322 1023 4376 ad
1070 4322 1126 4376 S.
1160 4320 1401 4375 Mariam
1441 4322 1736 4376 cantanda.
1770 4323 1835 4377 In
1873 4323 1994 4393 ipso
2013 4354 2058 4412 Β
2077 4339 2186 4393 que
2214 4322 2347 4376 dum
2379 4322 2583 4376 dixerit
2605 4338 2733 4376 cum
2755 4321 2880 4375 aliis
2905 4340 2917 4376 :
2945 4322 3135 4377 Gloria
3158 4326 3338 4386 Patri,
3361 4323 3634 4393 aliquantu-

398 4427 625 4466 accessu
671 4411 940 4466 diaconus
986 4417 1044 4465 et
1092 4410 1465 4465 subdiaconus
1507 4411 1745 4465 linteum
1800 4407 2049 4466 altaris—
2076 4412 2195 4465 lum
2228 4411 2524 4465 inclinans.
2559 4410 2772 4476 Quibus
2801 4427 2861 4464 se
2890 4410 3257 4482 erigentibus,
3298 4412 3414 4484 ipse
3437 4407 3631 4487 recedit.

398 4500 694 4570 explicant,
713 4500 979 4570 itemque,
1005 4499 1165 4553 ﬁnita
1200 4499 1389 4565 missa,
1425 4500 1781 4570 complicant.
1805 4501 1994 4556 UD.De
2076 4501 2284 4555 Verum
2313 4517 2537 4572 semper
2581 4501 2871 4567 accelerat,
2919 4506 2985 4555 ut
3031 4500 3190 4572 prius
3231 4502 3306 4556 sit
3332 4515 3564 4555 reversus
3586 4496 3633 4549 in

396 4588 485 4642 his
523 4594 733 4655 autem,
786 4604 909 4659 quae
942 4588 1200 4643 sacerdos
1229 4588 1480 4643 dicturus
1527 4595 1630 4653 est,
1672 4605 1784 4643 non
1815 4605 1993 4660 pauca
2075 4590 2327 4657 chorum,
2350 4592 2372 4613 ⁴’
2396 4606 2564 4661 quam
2585 4589 2798 4661 primus
2817 4589 3068 4661 psalmus
3088 4590 3483 4645 matutinorum
3501 4584 3633 4641 ﬁnia-

394 4676 563 4730 corde
590 4681 755 4731 tenus
783 4677 927 4731 scire
955 4676 1140 4744 debet,
1176 4678 1422 4747 primum
1469 4682 1585 4731 tres
1631 4678 1889 4732 collectas
1917 4679 1988 4732 ad
2073 4683 2205 4734 tur:
2251 4684 2306 4732 et
2343 4680 2391 4733 si
2432 4680 2608 4733 Venite
2634 4679 2694 4732 in
2742 4678 2883 4733 albis
2922 4678 3163 4747 canitur,
3203 4680 3323 4753 ipse
3358 4678 3556 4733 albatus
3582 4673 3631 4727 in

393 4769 621 4819 cantum
643 4764 961 4836 quindecim
989 4766 1268 4836 graduum
1297 4771 1427 4820 ante
1462 4770 1785 4833 nocturnos,
1812 4767 1918 4831 vel,
1940 4767 1987 4821 si
2068 4769 2299 4823 chorum
2354 4768 2674 4822 revertitur.
2710 4768 2770 4823 Si
2810 4768 3058 4840 quinque
3105 4769 3437 4824 candelabra
3460 4761 3631 4819 viderit

390 4853 704 4925 psalmodia
731 4853 1086 4926 protenditur
1108 4871 1287 4925 usque
1307 4855 1378 4909 ad
1400 4856 1571 4909 ﬁnem
1590 4855 1861 4927 psalterii,
1880 4856 1988 4910 col-
2067 4861 2199 4910 ante
2226 4855 2534 4927 principale
2568 4856 2766 4923 altare,
2817 4872 2995 4927 cappa
3019 4855 3187 4911 debet
3213 4856 3436 4911 indutus
3462 4854 3627 4907 incen-

388 4942 562 4997 lectas
588 4943 660 4998 ad
690 4942 958 5014 suffragia
985 4947 1325 5009 sanctorum,
1348 4943 1608 4998 collectas
1636 4945 1707 4998 ad
1740 4944 1985 4999 ofﬁcium
2068 4963 2214 5014 sare,
2246 4953 2303 5000 et
2330 4952 2465 5000 tunc
2491 4946 2641 5000 infra
2657 4946 2933 5017 hymnum
2952 4945 3083 5011 exit,
3104 4951 3170 5001 ut
3199 4945 3390 5001 eadem
3407 4956 3563 5013 cappa
3577 4954 3627 4992 se

384 5050 489 5106 pro
526 5033 787 5090 ﬁdelibus
823 5033 1121 5099 defunctis,
1179 5034 1438 5088 collectas
1476 5035 1548 5089 ad
1584 5035 1828 5107 psalmos
1884 5052 1985 5106 pro
2063 5034 2311 5089 inducat.
2352 5036 2525 5101 Tunc,
2557 5034 2779 5089 etiamsi
2807 5034 3077 5089 domnum
3111 5033 3369 5089 abbatem
3403 5032 3459 5086 in
3483 5028 3624 5083 choro
3657 5076 3681 5107 .

383 5122 774 5186 familiaribus,
794 5123 1055 5178 collectas
1074 5123 1144 5176 ad
1165 5123 1535 5194 psalmodiam
1555 5125 1695 5178 Deus
1724 5126 1975 5188 auribus,
2062 5124 2371 5195 reliquerit,
2395 5129 2453 5178 et
2470 5123 2518 5178 si
2535 5123 2694 5178 illum
2712 5123 3079 5194 antipbonam
3094 5122 3377 5195 imponere
3395 5115 3621 5181 audierit,

381 5228 611 5268 cursum
635 5212 706 5267 ad
748 5228 1025 5267 rasuram.
1049 5214 1071 5235 ⁶
1092 5212 1241 5267 Usus
1274 5229 1495 5283 quoque
1536 5218 1759 5267 nostros
1784 5213 1979 5267 multi-
2061 5228 2187 5267 cum
2214 5228 2426 5278 acerra,
2459 5212 2685 5283 quando
2713 5211 2991 5267 canticum
3009 5213 3325 5266 Beiwdictus
3343 5208 3618 5268 inchoatur,

378 5302 519 5357 farie
550 5302 693 5357 scire
739 5302 923 5369 debet,
972 5301 1212 5356 maxime
1239 5300 1299 5355 in
1346 5302 1593 5356 collectis
1640 5302 1889 5357 dicendis
1921 5308 1979 5357 et
2059 5301 2131 5356 ad
2160 5318 2289 5356 eum
2317 5301 2547 5367 accedit,
2581 5305 2851 5372 sequente
2881 5315 3145 5355 converso
3175 5316 3301 5355 cum
3342 5291 3615 5352 tburibulo,

379 5391 724 5456 ordinandis,
748 5408 838 5447 uo.
867 5398 931 5445 ut
959 5391 1018 5445 in
1050 5395 1324 5444 conventu
1354 5390 1496 5444 nihil
1526 5407 1773 5462 unquam
1803 5391 1970 5460 dicat,
2058 5400 2116 5447 et
2151 5410 2279 5448 cum
2327 5392 2671 5447 osculatione
2711 5409 2933 5460 manus,
2975 5392 3110 5447 thus
3160 5392 3210 5447 ei
3258 5385 3616 5462 imponendum

378 5480 527 5551 quod
547 5480 618 5534 ab
634 5496 740 5535 usu
760 5480 876 5535 ullo
898 5480 1066 5534 modo
1085 5478 1375 5534 dissideat.
1396 5478 1549 5533 Scire
1568 5484 1758 5534 autem
1785 5480 1971 5550 debet,
2056 5483 2311 5556 porrigit.
2343 5482 2504 5547 Quod
2530 5482 2579 5537 si
2615 5483 2856 5539 domnus
2887 5480 3031 5537 abba
3069 5486 3204 5538 tunc
3238 5481 3300 5536 in
3338 5478 3495 5534 choro
3520 5486 3616 5529 non

448 5583 588 5657 (£07)
619 5584 759 5642 Vide
788 5602 874 5656 ea,
907 5603 1031 5660 quae
1059 5586 1129 5643 de
1154 5586 1389 5643 Neumis
1417 5602 1589 5660 supra
1617 5587 1881 5645 diximus.
