3908 6168
294 325 436 386 1009
1311 327 1731 385 CONSTITUT.
1776 330 1879 385 ΗΠ

1965 329 2115 385 \UG.
2157 359 2229 372 —-
2266 330 2401 386 LIB.
2444 334 2489 387 Ι.
3440 317 3580 382 1010

287 458 398 521 est,
428 453 552 524 ipse
577 453 637 507 in
665 453 923 509 sacristia
950 454 1118 509 thure
1139 453 1403 526 imposito
1432 456 1784 511 thuribulum
1813 461 1962 518 ac—A
1989 473 2090 527 per
2127 457 2404 511 minorem
2443 442 2697 512 chorum.
2723 455 2960 511 discedit
2986 453 3057 508 ad
3087 450 3353 507 lavandos
3382 448 3573 521 pedes,

285 542 443 613 cipit,
486 548 542 598 et
591 542 664 597 ad
702 543 931 597 initium
967 543 1220 614 prmdicti
1258 544 1460 600 cantici
1513 546 1895 601 sanctuarium
1977 544 2167 616 sicque
2195 546 2488 613 accelerat,
2514 550 2580 600 ut
2608 544 2938 616 tempestive
2966 544 3224 613 imponat
3241 540 3374 594 thus
3393 538 3450 592 in
3486 553 3576 591 ve-

283 632 482 699 intrat,
505 636 572 688 ut
595 632 776 687 altare
802 633 1074 687 incenset.

798 721 1031 790 CAPUT
1080 721 1379 777 LXXXIII.

558 810 833 877 Quomodo
856 813 1069 865 altaria
1098 813 1385 866 incensare
1415 813 1618 866 debeat.

356 899 537 969 (vain)
561 898 767 954 Modus
794 906 986 955 autem
1006 900 1333 954 incensandi
1352 901 1445 955 hic
1472 906 1576 955 est.
1610 900 1677 956 In
1699 901 1893 973 primis

280 987 489 1043 faciem
520 988 718 1044 altaris
768 989 1027 1044 incensat
1070 988 1252 1044 tribus
1296 990 1529 1057 vicibus,
1562 990 1763 1046 deinde
1792 1008 1893 1063 per

279 1081 403 1131 tres
431 1077 580 1133 vices
608 1078 1127 1150 superﬁciem,itcm
1146 1079 1206 1132 in
1229 1080 1413 1133 medio
1438 1079 1656 1146 altaris,
1687 1080 1889 1135 deinde

281 1171 594 1238 utrumque
622 1183 799 1222 cornu
826 1167 1008 1222 tribus
1035 1167 1248 1223 vicibus
1281 1168 1340 1222 in
1371 1168 1683 1239 superﬁcie,
1716 1174 1771 1223 et
1801 1186 1889 1223 se-

281 1256 399 1311 mel
420 1257 478 1310 in
506 1262 888 1311 transversum
910 1276 922 1324 ;
944 1262 1135 1328 postea
1158 1262 1463 1329 utrumque
1492 1259 1640 1312 latus
1670 1258 1814 1312 sicut
1837 1263 1895 1312 et

284 1345 491 1399 faciem
517 1364 530 1413 ;
554 1351 838 1417 postremo
870 1345 965 1400 ubi
991 1350 1141 1400 retro
1179 1354 1329 1401 stare
1358 1348 1541 1401 solent
1558 1347 1809 1419 reliquiae
1835 1352 1893 1402 et

283 1434 541 1505 plenaria
570 1432 714 1504 (108)
746 1435 805 1489 in
830 1440 1072 1506 utraque
1115 1441 1274 1506 parte
1305 1441 1393 1490 ter
1435 1436 1629 1506 dirigit
1658 1452 1889 1491 manum

283 1538 411 1576 cum
446 1522 696 1577 incenso.
728 1523 933 1577 Postea
965 1539 1092 1577 vero
1134 1523 1389 1578 incensat
1421 1526 1626 1578 altaria
1668 1526 1890 1581 minora

281 1611 458 1665 choro
490 1611 762 1682 proxima,
799 1617 857 1665 et
886 1613 943 1669 S.
976 1612 1171 1667 Crucis
1216 1614 1414 1680 altare,
1468 1614 1678 1668 faciens
1720 1632 1890 1686 super

280 1700 512 1771 singula
537 1717 665 1754 cum
689 1700 919 1755 incenso
949 1702 1125 1757 semel
1144 1703 1324 1757 crucis
1342 1703 1585 1773 signum.
1604 1705 1625 1727 θ
1644 1704 1701 1758 Si
1730 1705 1887 1774 cujus

1977 634 2193 699 stiario,
2226 651 2318 689 vo.
2345 639 2403 688 et
2430 634 2509 688 sic
2536 634 2804 688 accedens
2824 633 2894 686 ad
2923 633 3099 687 altare
3129 633 3317 700 portat
3341 627 3462 698 ipse
3489 642 3579 681 co-

1977 723 2155 779 dicem
2179 725 2465 779 missalem
2493 724 2552 778 in
2580 724 2807 779 brachio
2837 723 3080 779 sinistro.

2048 814 2070 836 ‘
2101 813 2159 867 Si
2189 813 2314 884 quis
2340 813 2633 885 episcopus
2661 813 2747 867 vel
2776 812 2946 867 abbas
2975 811 3203 865 missam
3223 811 3452 863 cantare
3480 804 3575 861 de-

1973 900 2316 967 bet,diaconi
2347 904 2470 973 ejus
2503 902 2746 957 eundem
2774 900 3056 955 missalem
3087 903 3314 971 portare
3341 894 3565 950 debent.

1977 992 2088 1060 (vi).
2112 993 2255 1061 var.)
2282 992 2404 1056 Quo
2431 992 2685 1063 deposito
2710 991 2769 1045 in
2795 991 3053 1044 dextrum
3069 1003 3246 1042 cornu
3266 984 3463 1040 altaris
3481 983 3572 1038 in-

1972 1080 2145 1135 clinat
2171 1097 2230 1135 se
2259 1088 2456 1136 contra
2473 1081 2722 1135 medium
2743 1078 2936 1134 altaris
2953 1078 3023 1133 ad
3047 1077 3360 1133 orationem
3389 1073 3572 1128 maxi-

1974 1186 2063 1223 me
2094 1170 2464 1225 Dominicam.
2508 1171 2631 1235 Qua
2672 1170 2952 1241 completa
3003 1166 3264 1222 muniens
3304 1180 3365 1219 se
3410 1163 3571 1234 signo

1974 1258 2173 1324 crucis,
2209 1259 2495 1313 osculatur
2539 1260 2716 1314 altare
2765 1264 2821 1313 et
2864 1262 3079 1313 textum
3108 1253 3394 1325 Evangelii
3422 1253 3571 1308 clau-

1973 1362 2099 1401 sum
2124 1366 2137 1415 ;
2170 1348 2216 1402 si
2249 1353 2439 1403 tamen
2469 1349 2658 1420 aliquo
2679 1348 2819 1403 fabri
2839 1363 3007 1419 opere
3032 1345 3276 1401 exterius
3305 1348 3391 1398 est
3411 1343 3571 1397 deco-

1972 1441 2156 1505 ratus;
2177 1438 2262 1491 sin
2279 1442 2489 1505 autem,
2515 1444 2793 1509 apertum.
2819 1440 2840 1461 *
2869 1436 3085 1491 Deinde
3104 1435 3201 1490 dat
3228 1435 3415 1488 locum
3446 1432 3572 1486 dia-

1971 1541 2132 1593 cono,
2164 1533 2230 1581 ut
2257 1532 2407 1582 stare
2433 1528 2613 1599 possit
2640 1543 2813 1598 prape
2844 1526 3104 1580 dextrum
3132 1540 3306 1579 cornu
3335 1521 3568 1588 altaris;

1970 1616 2089 1688 ipse
2120 1622 2232 1671 stat
2258 1634 2429 1688 prope
2459 1618 2771 1683 sinistrum,
2806 1621 2865 1671 et
2898 1616 3120 1670 inclinis
3162 1618 3359 1669 contra
3385 1611 3570 1666 diaco-

1970 1723 2107 1760 num
2137 1712 2194 1760 et
2221 1706 2622 1761 subdiaconum
2648 1726 2658 1761 :
2691 1704 3194 1760 similiterinclines
3213 1703 3405 1757 dicant
3433 1716 3567 1755 con-

281 1789 340 1843 S.
373 1789 626 1860 reliquiae
655 1794 788 1844 sunt
814 1790 875 1844 in
900 1791 1113 1862 capella
1148 1792 1205 1848 S.
1238 1792 1446 1859 Maria),
1488 1793 1647 1862 cujus
1675 1793 1888 1847 festivi-
1908 1774 2289 1851 Bfessionem.
2309 1810 2405 1853 UD.
2428 1797 2600 1867 Cujus
2620 1796 2791 1850 etiam
2818 1796 3001 1849 forma
3019 1794 3098 1848 ita
3115 1798 3201 1847 est
3220 1790 3567 1863 praescripta,

276 1883 367 1932 tas
398 1884 506 1942 est,
532 1879 668 1933 illuc
691 1896 914 1951 quoque
936 1881 1110 1947 vadit,
1140 1886 1197 1935 et
1224 1882 1407 1935 solum
1430 1882 1571 1935 illud
1597 1882 1792 1949 altare,
1828 1883 1887 1936 in

276 1983 389 2038 quo
446 1973 582 2022 sunt
628 1968 899 2039 reliquiae,
929 1969 1101 2023 simili
1131 1970 1317 2039 modo,
1350 1975 1413 2025 ut
1440 1976 1643 2025 caetera
1668 1972 1888 2025 minora

276 2057 485 2111 altaria
512 2057 844 2112 incensabit.
866 2058 1102 2125 Deinde,
1127 2059 1173 2113 si
1200 2060 1440 2115 domnus
1462 2060 1626 2128 abba,
1662 2062 1745 2115 vel
1767 2061 1885 2132 epi-

276 2163 500 2217 scopus,
530 2152 631 2201 aut
658 2147 772 2201 alia
797 2147 927 2202 talis
953 2149 1261 2219 personain
1280 2150 1450 2204 choro
1474 2157 1577 2215 est,
1611 2168 1739 2205 cum
1759 2151 1886 2205 thu-

280 2235 469 2290 ribulo
500 2235 1162 2309 intmbit,przemissaque
1192 2238 1391 2292 humili
1422 2239 1785 2293 inclinatione
1804 2239 1885 2293 illi

279 2324 536 2396 porriget
562 2325 874 2392 incensum,
909 2326 1112 2380 deinde
1139 2326 1338 2397 priori.
1380 2328 1487 2382 Sed
1519 2328 1568 2381 si
1596 2328 1753 2382 nulla
1781 2329 1885 2382 ha-

280 2430 407 2467 rum
440 2414 668 2469 affuerit
686 2431 1074 2486 personarum,
1115 2415 1219 2469 soli
1244 2417 1419 2486 priori
1448 2433 1549 2488 pro
1573 2417 1886 2471 reverentia

276 2518 313 2555 a
341 2502 637 2558 sacerdote
665 2504 1070 2575 porrigendum
1100 2509 1203 2558 est.
1230 2506 1303 2559 At
1327 2505 1374 2559 si
1395 2511 1609 2576 septem
1629 2506 1885 2560 candela-

274 2590 379 2645 bra
411 2599 549 2647 sunt
576 2598 707 2647 ante
745 2594 930 2664 majus
973 2594 1153 2648 altare
1197 2594 1396 2664 posita,
1440 2600 1575 2648 tunc
1607 2612 1641 2648 a
1668 2595 1885 2649 duobus

276 2686 367 2735 est
386 2682 815 2747 incensandum,
851 2688 909 2737 et
926 2688 1158 2754 propter
1183 2684 1289 2737 hoc
1313 2684 1590 2738 sacerdoti
1619 2684 1885 2739 alicuisa—

270 2770 451 2825 crista
480 2771 687 2837 innuit,
720 2772 817 2843 qui
848 2772 1017 2826 simul
1064 2788 1193 2827 cum
1233 2772 1671 2827 hebdomadario
1701 2790 1880 2827 sacer-

275 2860 412 2914 dote
440 2860 708 2916 incenset.
742 2861 1228 2916 Hebdomadarius
1276 2879 1424 2929 vero,
1480 2863 1611 2916 licet
1649 2863 1881 2917 inferior

276 2947 499 3014 ordine,
528 2948 779 3003 dextram
811 2966 986 3005 cornu
1004 2950 1200 3005 altaris
1229 2950 1771 3006 consuetudinaliter
1797 2951 1879 3005 in-

268 3043 486 3103 censat,
522 3042 580 3091 et
636 3038 696 3092 in
739 3055 841 3093 suo
899 3040 1068 3094 choro
1117 3044 1314 3111 postea
1337 3041 1561 3095 rediens
1592 3040 1780 3094 stabit.
1807 3040 1879 3094 Hi

273 3127 408 3192 duo,
441 3126 492 3181 si
521 3127 762 3182 domnus
792 3127 936 3182 abba
980 3129 1066 3183 vel
1105 3128 1310 3200 aliquis
1341 3130 1876 3201 praenominatorum

272 3221 362 3270 est
390 3215 452 3269 in
487 3216 677 3283 choro,
729 3217 897 3272 simul
923 3234 1053 3272 cum
1080 3218 1383 3273 thuribulis
1412 3218 1618 3273 debent
1645 3219 1876 3285 intrare,

270 3304 559 3376 simulque
590 3305 773 3359 eidem
800 3311 858 3360 et
887 3306 1061 3377 priori
1081 3307 1372 3362 incensum
1402 3308 1879 3378 porrigere.Quod

270 3394 319 3448 si
340 3394 835 3450 Hebdomadarius
854 3402 1018 3466 rogat
1036 3396 1210 3450 alium
1230 3413 1331 3468 pro
1355 3414 1414 3451 se
1432 3398 1618 3468 legere
1633 3399 1879 3469 Evange-

269 3482 434 3549 lium,
463 3488 661 3554 postea
707 3485 898 3555 legens
930 3485 1123 3540 omnia
1166 3486 1284 3540 haec
1313 3487 1623 3557 prescripta
1651 3488 1793 3542 sciat
1818 3505 1877 3542 se

269 3572 580 3627 facturum.
614 3573 671 3628 Si
697 3579 886 3628 autem
912 3574 1044 3628 inde
1071 3580 1302 3644 rogatus
1330 3592 1457 3629 cum
1487 3576 1615 3628 alba
1644 3576 1791 3630 redit
1817 3576 1877 3631 in

268 3662 534 3731 chorum,
553 3678 682 3717 cum
706 3663 779 3718 ad
807 3664 1118 3718 exuendam
1147 3664 1333 3718 albam
1364 3665 1579 3731 exierit,
1611 3666 1879 3736 suffragia

266 3751 612 3807 Sanctorum
650 3752 1125 3807 bebdomadarius
1166 3752 1319 3819 dicit,
1368 3760 1425 3808 et
1479 3759 1701 3821 caetera,
1754 3772 1877 3826 quae

267 3846 407 3895 tunc
434 3846 771 3912 sequuntur.
801 3842 861 3897 Si
879 3859 1009 3897 vero
1031 3842 1241 3914 absque
1269 3842 1397 3897 alba
1418 3844 1583 3908 redit,
1606 3844 1874 3915 suffragia

266 3930 611 3985 Sanctorum
660 3936 718 3985 et
747 3936 949 3986 caetera
978 3948 1157 4004 usque
1185 3932 1257 3986 ad
1299 3933 1712 4003 processionem
1742 3950 1873 4004 per-

266 4019 422 4090 agit;
457 4025 518 4074 et
550 4020 598 4074 si
627 4020 859 4075 missam
898 4023 1173 4092 majorem
1202 4027 1289 4076 est
1332 4022 1715 4077 celebraturus
1740 4023 1872 4077 licet

264 4115 487 4163 caztera:
517 4109 667 4163 hora:
682 4111 751 4164 ad
780 4127 908 4165 eum
937 4128 1049 4165 non
1064 4111 1405 4182 pertineant.
1428 4113 1626 4167 horam
1657 4118 1867 4179 tamen,

266 4212 392 4267 quae
426 4195 660 4250 missam
679 4198 1047 4252 continuatim
1079 4199 1361 4269 praecedit,
1395 4205 1452 4253 et
1481 4202 1721 4268 Nonam,
1751 4216 1875 4271 quae

264 4285 646 4339 continuatim
678 4287 978 4358 prandium
1017 4286 1398 4358 subsequitur,
1432 4290 1874 4360 Completorium

264 4390 497 4445 quoque
528 4374 783 4445 implebit
796 4377 944 4431 sicut
955 4381 1011 4431 et
1021 4376 1317 4447 Vesperas,
1332 4376 1380 4430 si
1394 4377 1721 4432 incensabit.
1735 4381 1867 4449 (υυ.)

262 4464 327 4519 In
380 4463 619 4534 privatis
665 4464 862 4519 diebus
910 4465 1128 4535 quoties
1169 4464 1255 4519 bis
1285 4466 1651 4529 comedimus,
1686 4469 1872 4538 prius-

1968 1890 2034 1939 ut
2056 1901 2159 1939 nec
2177 1886 2246 1939 ad
2269 1886 2519 1952 missam,
2544 1902 2645 1939 nec
2665 1885 2735 1939 ad
2754 1886 2943 1948 horas,
2968 1883 3171 1955 quibus
3196 1887 3281 1935 est
3308 1878 3562 1945 dicenda,

1968 1973 2151 2028 verbis
2179 1973 2545 2045 amplioribus
2572 1974 2792 2027 dicatur
2811 1989 2979 2044 quam
3005 1969 3327 2042 hujusmodi
3355 1983 3367 2023 :
3394 1968 3569 2035 Conﬁ-

1970 2067 2083 2116 teor
2108 2064 2341 2117 Domino
2369 2067 2419 2117 et
2446 2065 2703 2117 omnibus
2722 2065 2927 2116 sanctis
2957 2065 3074 2131 ejus
3099 2065 3151 2114 et
3171 2061 3337 2125 vobis,
3361 2060 3563 2119 Pater;

1969 2154 2103 2221 quia
2128 2155 2347 2220 peccavi
2376 2155 2438 2205 in
2468 2153 3165 2220 cogitatione,inlocutione
3193 2154 3241 2203 et
3266 2161 3568 2217 opere,mea

1967 2244 2129 2309 culpa
2152 2258 2167 2303 ;
2197 2256 2388 2310 precor
2425 2257 2533 2304 vos,
2566 2246 2717 2295 orate
2739 2256 2842 2309 pro
2869 2256 2970 2294 me.
3006 2241 3337 2292 Misereatur
3372 2238 3561 2300 vestri,

1972 2330 2323 2398 Omnipotens
2372 2331 2531 2391 Deus,
2573 2334 2622 2383 et
2664 2331 2915 2383 dimittat
2943 2329 3090 2383 vobis
3129 2330 3321 2382 omnia
3344 2329 3566 2396 peccata

1967 2424 2148 2472 vestra
2182 2437 2194 2472 :
2229 2420 2417 2473 liberet
2460 2435 2549 2472 vos
2577 2420 2646 2472 ab
2676 2421 2832 2472 omni
2853 2422 3017 2484 malo,
3052 2421 3328 2472 conservet
3351 2418 3399 2469 et
3429 2430 3562 2469 con-

1966 2506 2153 2577 ﬁrmet
2180 2524 2269 2561 vos
2297 2510 2359 2561 in
2378 2511 2533 2562 omni
2548 2523 2701 2576 opere
2728 2508 2880 2570 bono,
2914 2508 3240 2576 etperducat
3268 2521 3358 2559 vos
3376 2504 3451 2558 ad
3479 2505 3566 2557 vi-

1970 2601 2082 2649 tam
2134 2602 2419 2663 «sternam,
2466 2599 2662 2651 Amen.
2707 2597 2989 2667 Adjuncto
3020 2614 3031 2649 :
3068 2596 3487 2663 Indulgentiam
3516 2596 3566 2647 et

1968 2688 2345 2740 remissionem
2357 2690 2405 2739 et
2434 2685 3115 2758 adjutoriuiii.Postquam
3136 2683 3396 2737 collectas
3415 2681 3565 2736 dixe-

1960 2773 2053 2838 rit,
2089 2773 2323 2829 diacono
2355 2775 2453 2828 dat
2480 2773 2765 2828 missalem
2803 2773 2863 2827 in
2893 2772 3123 2827 sinistro
3147 2788 3324 2826 cornu
3345 2786 3565 2842 ponen-

1961 2864 2116 2929 dum,
2166 2863 2275 2918 nisi
2313 2880 2505 2918 secum
2559 2863 2825 2917 maluerit
2874 2861 3038 2927 ferre,
3081 2861 3129 2916 si
3158 2861 3293 2933 quid
3325 2859 3570 2915 voluerit

1959 2952 2281 3022 praevidere.
2327 2953 2460 3025 (01).)
2485 2953 2571 3006 Ad
2601 2952 2909 3024 Epistolam
2940 2951 3099 3005 sedet
3119 2966 3299 3021 usque
3321 2949 3457 3004 dum
3488 2949 3565 3005 ad

1961 3040 2331 3112 Evangelium
2375 3042 2617 3096 venitur.
2660 3040 2906 3095 Diacono
2945 3040 3157 3095 lecturo
3185 3039 3284 3093 dat
3330 3037 3563 3093 benedi-

1962 3131 2204 3185 ctionem
2228 3132 2334 3185 hoc
2355 3131 2552 3185 modo:
2578 3132 2716 3185 Deus
2727 3130 3059 3184 misereatur
3087 3131 3268 3183 nostri
3281 3133 3331 3182 et
3348 3128 3563 3183 benedi-

1962 3226 2049 3274 cat
2086 3223 2256 3274 nobis.
2301 3221 2381 3275 Ea
2426 3220 2542 3274 vice
2583 3225 2697 3274 stat
2738 3219 2859 3290 ipse
2887 3234 3061 3289 prope
3100 3217 3359 3271 dextrum
3387 3232 3564 3272 cornu

1960 3310 2174 3377 altaris,
2219 3314 2277 3365 et
2319 3309 2585 3364 diaconus
2622 3325 2796 3381 prope
2826 3308 3140 3362 sinistrum.
3176 3307 3197 3327 ’
3245 3305 3562 3361 Recedente

1960 3404 2150 3453 autem
2180 3416 2245 3454 eo
2267 3400 2336 3453 de
2363 3399 2528 3454 altari
2565 3399 2633 3452 ad
2663 3397 2986 3467 analogium
3014 3395 3183 3450 vertit
3210 3411 3270 3449 se
3300 3394 3563 3449 sacerdos

1960 3494 2087 3559 post
2132 3489 2314 3555 illum,
2355 3494 2412 3543 et
2464 3489 2547 3543 ita
2587 3492 2719 3555 stat,
2761 3503 2942 3557 usque
2980 3486 3117 3540 dum
3149 3483 3457 3557 perfectum
3486 3483 3563 3538 sit

1959 3578 2345 3649 Evangelium.
2404 3579 2530 3632 Non
2567 3579 2746 3633 solum
2791 3582 2982 3631 autem
3031 3576 3145 3641 ille,
3196 3574 3293 3628 sed
3324 3578 3382 3628 et
3406 3577 3561 3627 totus

1957 3673 2263 3722 conventus
2292 3671 2615 3722 reverenter
2638 3683 2699 3721 se
2719 3666 2870 3733 illuc,
2895 3665 3081 3731 vertit,
3114 3663 3455 3734 ubicumque
3477 3663 3561 3718 le-

1958 3757 2113 3827 gitur
2145 3756 2529 3826 Evangelium.

2389 3846 2623 3900 CAPUT
2660 3843 2932 3899 LXXXIV
2958 3841 3131 3916 (109).

1956 3934 2074 4001 Qua
2095 3936 2391 4002 diligentia
2417 3936 2688 3989 dominici
2712 3935 2950 4003 corporis
2978 3933 3308 3986 consecratio
3339 3935 3389 3985 et
3416 3944 3560 3984 com-

2482 4026 2676 4077 munio
2707 4024 3037 4076 celebratur.

2026 4114 2145 4181 (UD.
2162 4116 2307 4181 var.)
2324 4112 2568 4182 Dignum
2580 4111 2820 4171 videtur,
2839 4117 2894 4164 et
2904 4108 3282 4163 necessarium
3300 4106 3392 4161 hic
3412 4106 3560 4162 inse-

1956 4217 2219 4272 rere,qua
2241 4200 2529 4271 diligentia
2545 4217 2722 4270 quove
2752 4199 2936 4253 studio
2954 4198 3025 4252 ad
3046 4196 3322 4253 Dominici
3342 4195 3554 4267 Corpo-

1956 4290 2035 4343 ris
2056 4295 2112 4344 et
2142 4290 2445 4359 Sanguinis
2465 4288 2941 4343 consecrationem
2966 4286 3260 4340 serviatur.
3298 4284 3555 4339 Primum

1955 4384 2186 4450 propter
2205 4380 2309 4432 hoc
2329 4379 2510 4450 ipsum
2526 4378 2735 4432 factum
2753 4382 2838 4431 est
2849 4393 3024 4430 unum
3036 4373 3402 4429 armariolum
3422 4376 3555 4428 ante

1954 4468 2153 4522 faciem
2181 4469 2411 4539 majoris
2433 4467 2627 4522 altaris
2657 4467 2866 4538 optime
2879 4464 3357 4537 compaginatum,
3390 4467 3447 4517 et
3472 4462 3558 4517 in-

262 4569 438 4625 quam
470 4552 695 4623 signum
726 4554 797 4607 ad
827 4555 1075 4610 Tertiam
1106 4556 1379 4627 pulsetur,
1413 4573 1612 4611 manus
1631 4535 1703 4611 eX
1717 4575 1871 4613 more
1888 4535 1944 4595 D
1958 4558 2233 4613 trinsecus
2255 4535 2457 4629 pannis
2477 4535 2726 4628 undique
2744 4535 3026 4610 vestitum:
3038 4556 3101 4609 In
3114 4569 3225 4624 quo
3242 4551 3383 4607 nihil
3401 4550 3558 4606 aliud

255 4642 418 4697 lavat
438 4648 505 4696 ut
527 4643 781 4699 oratione
808 4644 952 4698 facta
969 4661 1097 4699 mox
1112 4662 1173 4699 sc
1194 4645 1633 4700 sacerdotalibus
1654 4646 1869 4710 induat,

258 4737 317 4786 et
345 4731 605 4785 Tertiam
637 4732 893 4803 imponat
920 4752 932 4801 ;
976 4738 1033 4787 et
1059 4740 1196 4788 tunc
1224 4735 1294 4788 ad
1324 4733 1601 4788 Litaniam
1632 4752 1757 4789 cum
1780 4754 1871 4791 se-

256 4821 452 4876 dendo
483 4820 816 4876 decantatus
835 4822 1008 4876 fuerit
1036 4822 1130 4877 ille
1160 4840 1352 4878 versus
1377 4825 1588 4887 Omnes,
1605 4830 1735 4891 etc.,
1760 4825 1871 4879 exit

255 4910 327 4964 de
359 4909 561 4975 choro,
600 4916 665 4964 ut
688 4912 879 4965 casula
929 4928 989 4966 se
1027 4913 1246 4980 vestiat,
1279 4918 1337 4966 et
1365 4930 1492 4967 cum
1516 4914 1869 4984 processione

254 5000 328 5053 ad
357 5000 546 5053 altare
574 4999 779 5054 veniat.
804 5001 1058 5056 Eundem
1082 5002 1338 5056 ordinem
1366 5003 1604 5057 exeundi
1635 5009 1761 5074 post
1784 5003 1869 5058 fa-

170 5075 183 5089 ”
253 5095 414 5144 ctam
436 5088 750 5143 orationem
773 5089 1051 5158 observat,
1068 5091 1184 5145 sive
1214 5091 1437 5145 Litania
1465 5092 1695 5146 missam
1726 5110 1870 5163 prae-

252 5179 455 5236 cedat.
481 5180 505 5203 ¹’
542 5179 601 5234 Si
630 5179 750 5234 dies
783 5184 870 5234 est
897 5180 1044 5245 talis,
1074 5186 1138 5234 ut
1166 5181 1389 5235 nonnisi
1417 5182 1591 5235 semel
1619 5183 1871 5237 comeda-

250 5272 371 5334 tur,
410 5267 580 5321 vestit
607 5284 667 5322 se
686 5267 836 5338 inter
863 5269 1205 5323 cantandum
1234 5269 1515 5323 Litaniam
1543 5288 1554 5323 :
1590 5275 1647 5324 et
1664 5270 1712 5323 si
1737 5286 1868 5340 pro-

252 5356 441 5411 cessio
459 5360 547 5410 est
571 5355 809 5427 agenda,
826 5361 890 5410 ut
918 5357 977 5411 in
998 5356 1197 5427 quinta
1223 5358 1361 5412 feria
1392 5358 1864 5429 Quadragesimaz,

252 5461 373 5500 non
405 5461 469 5499 se
488 5444 855 5512 vestit,donec
883 5449 942 5499 et
959 5445 1086 5517 ipsa
1106 5447 1227 5516 jam
1256 5445 1403 5501 facta
1420 5446 1626 5502 fuerit’
1656 5453 1713 5501 et
1735 5454 1870 5503 tunc

331 5584 481 5660 (198)
524 5589 790 5660 {denaria
814 5589 853 5642 t.
887 5604 1089 5660 capsae,
1119 5589 1207 5643 vel
1232 5596 1583 5660 ornamenta.

1954 4647 2278 4702 reconditur
2305 4647 2413 4701 nisi
2442 4647 2536 4700 illa
2558 4645 2822 4700 utensilia
2846 4660 2970 4715 quae
2988 4642 3307 4699 necessaria
3326 4645 3460 4696 sunt
3482 4639 3557 4695 ad

1953 4735 2252 4788 Missarum
2300 4734 2591 4799 solemnia,
2621 4734 2916 4787 dumtaxat
2945 4731 3004 4786 in
3054 4731 3346 4785 Conventu
3389 4743 3561 4798 gene-

1951 4824 2149 4878 raliter
2176 4823 2557 4894 agendarum;
2588 4821 2645 4874 id
2672 4826 2759 4875 est
2776 4820 3054 4892 praecipue
3075 4819 3186 4873 duo
3206 4818 3406 4873 calices
3425 4832 3557 4871 cum

1949 4912 2170 4984 patenis
2223 4912 2454 4966 diversa:
2515 4910 2867 4982 quantitatis,
2931 4915 2989 4964 et
3044 4908 3154 4963 duo
3221 4905 3553 4979 corporalia,

1949 5018 2128 5056 unum
2167 5002 2422 5072 duplum,
2455 5001 2602 5055 sicut
2647 5000 2840 5055 omnia
2868 4998 3194 5071 Corporalia
3223 4997 3407 5051 solent
3435 5009 3557 5049 esse

1952 5092 2026 5145 ad
2050 5091 2299 5163 privatas
2326 5090 2545 5156 missas,
2579 5090 2821 5144 alterum
2872 5088 3158 5158 simplum.
3191 5085 3376 5140 Minor
3412 5080 3558 5136 calix

1953 5197 2079 5235 cum
2111 5180 2282 5251 duplo
2313 5179 2587 5250 corporali
2610 5179 2681 5233 ad
2710 5178 3102 5232 matutinalem
3116 5170 3554 5240 missam,major

1952 5284 2079 5323 cum
2126 5268 2326 5339 simplo
2370 5268 2441 5322 ad
2488 5269 2781 5338 majorem.
2816 5268 2961 5321 Nam
2986 5274 3044 5319 et
3078 5277 3257 5318 unum
3287 5258 3555 5328 simplum

1951 5374 2174 5428 semper
2197 5357 2256 5411 in
2286 5357 2514 5411 sinistro
2545 5373 2721 5411 comu
2749 5360 2837 5411 est
2860 5353 3055 5408 altaris
3083 5351 3141 5404 in
3171 5364 3286 5404 una
3312 5345 3558 5419 capsella

1950 5463 2078 5502 cum
2105 5448 2283 5502 serico
2314 5447 2580 5501 decenter
2609 5449 2828 5510 ornata,
2859 5446 2924 5496 ut
2953 5458 2988 5496 a
3015 5436 3298 5512 prioribus
3345 5434 3558 5491 nostris

334 5658 489 5731 (109)
527 5657 671 5714 Vide
693 5663 864 5730 caput
891 5657 977 5718 35'.
1016 5660 1211 5715 Ordin.
1248 5659 1498 5717 Cluniae.
1529 5667 1676 5733 part.
1711 5677 1749 5717 ι.
1777 5680 1879 5734 per
1908 5661 2279 5718 Bernardum.
