3872 6164
409 340 549 400 1011

1430 347 1487 402 S.
1531 347 1922 404 GUILLELMI
1961 347 2266 403 ABBATIS
2307 345 2648 401 HIRSAUG.

3503 343 3611 406 illi!

404 467 622 545 accepi,
653 471 882 547 propter
916 467 1039 533 hoc,
1069 471 1136 524 ut
1163 469 1233 525 ad
1264 487 1495 537 manum
1521 476 1700 546 possit
1726 492 1845 529 esse
1876 491 2011 529 con-
2027 478 2076 536 Α
2096 472 2356 528 manibus
2385 472 2597 527 accedit
2628 469 2698 524 ad
2728 469 2925 523 altare.
2959 467 3029 523 Et
3054 472 3118 522 ut
3144 466 3232 521 hic
3248 469 3453 541 proprie
3468 469 3615 527 dicam

413 560 505 609 tra
542 555 853 626 periculum
881 557 1046 628 ignis,
1093 560 1240 630 quod
1267 560 1313 614 si
1339 561 1483 616 forte
1513 564 1843 635 contigerit;
1880 564 2011 635 quia

419 644 661 698 multum
682 645 831 699 valet
868 653 1247 718 apportatum.
1279 648 1425 704 Item
1454 650 1530 705 ibi
1556 657 1642 707 est
1667 660 1875 724 patena
1902 670 2013 707 me-

416 733 620 797 diocris
650 740 708 789 et
734 743 1002 806 argentea
1021 743 1079 791 et
1106 738 1359 813 ejusdem
1389 741 1604 795 metalli
1634 744 1885 809 scutella,
1917 744 2012 797 ha-

414 820 558 877 bens
580 825 902 895 operculum
933 825 1184 897 ejusdem
1217 829 1429 884 metalli
1454 830 1637 885 fabrili
1657 849 1824 903 opere
1854 833 2014 887 colli-

417 917 637 983 gatum.
681 910 766 967 Ibi
811 915 1074 986 ampullas
1108 917 1179 971 ad
1208 917 1784 975 subministrationem
1816 922 1930 975 vini
1958 928 2016 976 et

419 1003 599 1072 aquae.
631 1001 775 1057 Nam
805 1008 864 1057 et
887 1002 948 1057 in
975 1006 1227 1077 ampulla
1256 1007 1449 1062 vinum
1491 1014 1621 1063 ante
1650 1010 2017 1065 consecratio-

417 1105 551 1144 nem
582 1090 727 1146 solet
742 1092 1252 1149 oﬂerriniurceus
1276 1102 1574 1168 argenteus
1594 1115 1720 1153 cum
1746 1100 2017 1171 appendi-

420 1179 508 1233 cio
532 1195 634 1235 suo
662 1180 733 1235 ad
763 1198 1034 1237 manuum
1068 1183 1433 1239 ablutionem.
1467 1187 1550 1241 lbi
1573 1187 1806 1242 linteola
1832 1191 2013 1260 plura,

422 1268 544 1323 sine
574 1268 776 1350 quibus
812 1271 1035 1342 singula
1063 1280 1281 1329 sacrata
1309 1291 1441 1329 vasa
1469 1294 1573 1330 nec
1596 1277 1874 1343 lavantur,
1916 1294 2019 1332 nec

424 1374 709 1430 quoquam
735 1364 1049 1431 portantur.
1060 1360 1253 1433 Ipsum
1288 1381 1510 1436 quoque
1530 1367 1895 1422 armariolum
1923 1369 2019 1421 ha-

420 1445 521 1501 bet
544 1448 604 1502 in
630 1449 817 1503 medio
844 1450 1182 1518 tabulatum,
1214 1463 1277 1506 ut
1307 1470 1540 1525 quaeque
1571 1457 1878 1510 sacratiora
1905 1457 2020 1510 sint

424 1550 669 1603 sursum,
695 1539 1187 1594 caeteradeorsum.
1211 1541 1298 1595 Ad
1317 1542 1539 1597 initium
1562 1544 1859 1599 missarum
1884 1546 2021 1600 refe-

423 1628 587 1679 ratur
613 1641 648 1679 a
676 1627 890 1697 majore
915 1629 1145 1683 custode
1173 1630 1434 1695 ecclesiae,
1458 1634 1543 1686 vel
1573 1633 1642 1686 ab
1668 1635 1789 1704 ejus
1818 1635 2020 1689 suifra-

423 1729 624 1785 ganeo,
658 1715 755 1786 qui
782 1720 918 1771 tunc
947 1722 1032 1771 est
1058 1717 1551 1776 hebdomadarius.
1596 1722 1792 1778 Panno
1824 1725 2019 1787 eodem

2092 563 2160 615 de
2191 560 2387 631 majori
2424 560 2613 624 missa,
2660 562 2965 626 utrumque
3000 556 3299 626 corporale,
3327 558 3406 610 vel
3427 560 3551 628 quod
3573 561 3620 615 in

2091 651 2255 705 altari
2285 665 2506 720 semper
2522 649 2690 718 jacet,
2722 646 2807 699 vel
2850 645 2999 719 quod
3038 661 3070 698 a
3097 644 3418 701 subdiacono
3442 648 3514 702 vel
3536 648 3622 702 mi-

2093 740 2270 794 nistro
2314 742 2673 809 apportatum
2731 741 2834 801 est,
2883 734 3177 806 accipiens,
3216 736 3473 806 expandit,
3514 737 3625 794 illud

2096 845 2317 901 quoque
2346 843 2568 897 semper
2587 825 2703 878 illic
2725 826 2874 895 jacet
2890 826 3261 896 supponensf
3282 826 3627 882 Consummata

2094 918 2270 990 igitur
2306 916 2591 972 oblatione
2638 914 2900 968 sacerdos
2949 929 3171 985 quoque
3207 914 3353 969 lavat
3373 932 3562 981 manus,
3586 924 3630 970 et

2095 1008 2269 1078 tergit
2306 1024 2432 1061 cum
2476 1005 2845 1059 mundissimo
2868 1002 3118 1075 linteolo,
3147 1017 3243 1058 UD.
3274 1004 3412 1075 quod
3436 1004 3525 1058 sibi
3550 1006 3632 1061 soli

2097 1098 2167 1151 ad
2195 1098 2301 1151 hoc
2329 1102 2413 1151 est
2436 1097 2787 1166 deputatum,
2819 1109 3018 1148 cavens
3058 1098 3253 1165 postea
3279 1109 3347 1147 ne
3368 1093 3505 1148 aliud
3527 1095 3630 1166 quid

2097 1192 2293 1257 tangat
2306 1201 2432 1240 cum
2447 1183 2867 1254 digitis,quibus
2890 1182 3117 1237 Domini
3128 1199 3325 1253 corpus
3342 1185 3635 1255 tangendurn

2101 1281 2204 1333 est.
2240 1274 2622 1329 Subdiaconus
2652 1279 2841 1344 portat
2868 1272 3081 1327 hostias
3111 1271 3180 1325 ad
3209 1271 3487 1326 diaconum
3511 1290 3635 1330 secus

2100 1365 2280 1418 altare
2309 1369 2553 1417 stantem
2576 1368 2634 1416 et
2656 1363 3003 1433 operientem
3034 1378 3113 1425 se,
3138 1366 3203 1415 ut
3221 1362 3289 1415 de
3304 1362 3637 1417 omnibustres

2102 1454 2440 1524 eligat,quas
2468 1452 2706 1506 voluerit
2732 1452 2802 1507 ad
2827 1453 3286 1507 consecrandum.
3309 1452 3638 1523 Vinum,quod

2102 1543 2353 1598 oblatum
2378 1541 2742 1608 est,funditur
2767 1541 2837 1595 ab
2865 1543 2988 1613 ipso
3007 1540 3344 1595 subdiacono
3371 1542 3425 1595 in
3445 1543 3640 1595 alterum

2103 1634 2355 1699 calicem,
2378 1637 2714 1702 tantumque
2735 1632 3022 1702 relinquit,
3043 1632 3192 1701 quod
3205 1630 3437 1684 sufﬁciat
3453 1631 3513 1684 ad
3538 1648 3642 1684 con-

2104 1721 2475 1774 secrationem
2495 1738 2506 1773 :
2524 1720 2593 1774 ad
2612 1720 2759 1791 quod
2775 1726 2963 1773 tamen
2988 1720 3106 1791 ipse
3126 1736 3238 1773 non
3251 1719 3640 1793 miscetaquam;

424 1800 668 1875 desuper
680 1805 1053 1877 operitur,qui
1075 1812 1131 1861 et
1142 1814 1405 1877 patenam
1425 1810 1501 1865 ibi
1523 1812 1683 1883 ponit
1705 1813 1875 1867 simul
1894 1795 2084 1868 cumB
2103 1811 2239 1881 quia
2263 1812 2315 1864 ei
2354 1828 2455 1864 nec
2483 1810 2673 1863 vinum
2710 1825 2812 1863 nec
2850 1825 3055 1880 aquam
3085 1810 3215 1864 licet
3253 1810 3542 1873 infundere,
3570 1809 3645 1861 sed

424 1894 702 1964 corporali
733 1911 746 1948 :
778 1894 1010 1949 calicem
1041 1913 1171 1950 vero
1192 1914 1317 1952 cum
1342 1898 1572 1955 linteolo
1598 1902 1655 1956 in
1676 1902 1905 1973 longum
1926 1920 2022 1957 ex-

421 1986 583 2036 tento
608 1987 828 2051 tenens,
859 1989 916 2037 et
944 1985 1184 2056 desuper
1201 1988 1458 2058 operiens
1483 1996 1673 2061 portat
1693 1992 1763 2045 ad
1787 1992 2022 2063 ampho-

424 2085 550 2124 ram
573 2087 752 2142 aquae,
782 2089 904 2143 quaa
926 2073 994 2127 de
1018 2079 1219 2129 stanno
1247 2093 1469 2149 semper
1497 2085 1583 2133 est
1608 2080 1668 2133 in
1695 2081 1944 2146 ecclesia,
1969 2087 2026 2135 et

425 2159 489 2214 in
527 2159 648 2214 loco
688 2164 1048 2233 competenti,
1090 2170 1155 2218 ut
1185 2183 1378 2221 omnes
1407 2170 1483 2223 ibi
1513 2171 1712 2224 calices
1747 2172 2023 2238 laventur,

429 2265 671 2329 quorum
721 2268 858 2307 usus
906 2260 993 2307 est
1038 2255 1110 2308 ad
1157 2257 1403 2327 privatas
1441 2259 1660 2314 missas.
1694 2260 1776 2314 Ibi
1805 2278 2027 2334 quoque

427 2344 566 2393 tunc
591 2338 1065 2398 hebdomadarius
1089 2351 1447 2416 apportatum
1480 2349 1709 2403 calicem
1729 2350 2028 2421 diligenter

428 2427 585 2482 lavat
606 2444 755 2499 aqua
782 2429 869 2484 bis
898 2431 1084 2487 infusa
1116 2452 1128 2486 :
1159 2434 1263 2489 etsi
1291 2452 1403 2490 non
1434 2443 1521 2491 est
1547 2439 1806 2493 sacerdos
1840 2441 1925 2494 vel
1952 2440 2028 2494 le-

430 2516 776 2589 vita,quaerit
802 2519 874 2573 ad
904 2520 1007 2574 hoc
1032 2521 1137 2576 sibi
1165 2522 1432 2579 vicarium
1462 2527 1692 2581 alterius
1724 2529 2028 2594 ordinis,ut

431 2603 495 2660 in
524 2610 728 2676 quarta
754 2607 911 2676 feria,
947 2614 1004 2664 et
1043 2611 1102 2665 in
1133 2612 1366 2668 sabbato
1386 2632 1558 2670 manu
1588 2617 1824 2672 interius
1855 2620 2028 2675 missa

431 2691 579 2749 bene
625 2695 687 2750 in
721 2695 896 2753 fundo
945 2699 1065 2769 ipse
1111 2701 1254 2756 calix
1279 2704 1634 2771 confricetur,
1664 2724 1734 2760 ne
1754 2708 1896 2763 forte
1923 2709 2028 2765 ali-

435 2785 770 2855 quantulum
819 2787 1059 2844 fatiscat
1101 2796 1332 2862 propter
1359 2792 1473 2848 vini
1510 2794 1764 2851 crebram
1791 2797 2029 2854 infusio-

430 2886 601 2943 nem;
625 2892 758 2947 ergo
786 2875 1005 2933 lavatus
1024 2885 1365 2957 reportatur,
1394 2889 1452 2938 et
1479 2902 1648 2957 super
1666 2889 2031 2943 armariolum

429 2962 682 3037 ponitur.

510 3053 898 3112 Subdiaconus
928 3058 1200 3131 anticipat
1234 3059 1422 3117 lavare
1452 3080 1675 3131 manus,
1714 3069 1780 3121 ut
1814 3064 1935 3138 ipse
1964 3069 2035 3122 ad

406 3141 815 3198 'ministerium
845 3147 1031 3201 calicis
1056 3147 1129 3203 sit
1158 3155 1407 3220 paratus.
1430 3153 1608 3217 Quem
1641 3155 1869 3209 interim
1900 3156 2035 3211 dum

436 3228 805 3303 Evangelium
841 3235 1053 3306 legitur
1097 3240 1374 3311 accipiens
1404 3242 1572 3298 simul
1598 3261 1726 3298 cum
1748 3250 1955 3316 patena
1981 3252 2038 3300 et

437 3322 738 3393 corporali,
780 3325 1069 3396 experitur
1114 3328 1325 3399 siquid
1360 3348 1519 3402 aquae
1562 3332 1711 3387 inter
1735 3333 2035 3389 lavandum

436 3408 501 3475 in
539 3409 636 3466 illo
683 3415 1039 3483 remanserit,
1090 3421 1148 3471 et
1197 3419 1433 3474 effundit
1478 3421 1537 3475 in
1583 3440 1808 3481 caveam
1838 3424 1909 3478 ad
1934 3425 2041 3479 hoc

438 3498 648 3577 factam
678 3501 737 3556 in
766 3503 1017 3573 proximo
1047 3505 1261 3573 altaris,
1312 3508 1457 3563 sicut
1494 3517 1551 3564 et
1583 3511 1763 3571 altera
1791 3512 1868 3565 ibi
1892 3513 2037 3567 facta

444 3592 531 3641 est
559 3589 851 3658 paululum
879 3594 1168 3661 remotius,
1188 3595 1283 3650 ubi
1307 3590 1456 3652 idem
1477 3599 1851 3656 subdiaconus
1872 3608 1927 3655 et
1942 3603 2038 3657 alii

410 3672 797 3733 'subministri
844 3697 1046 3737 manus
1101 3698 1272 3756 super
1313 3703 1437 3740 eam
1490 3687 1695 3742 lavent.
1736 3690 1860 3744 Stat
1882 3691 2040 3761 juxta

442 3766 791 3822 sacerdotem
821 3786 999 3844 usque
1032 3772 1167 3827 dum
1198 3775 1559 3847 Evangelium
1591 3777 1839 3833 ﬁniatur.
1874 3779 2041 3835 Ponit

441 3855 732 3924 corporale
761 3874 931 3929 super
960 3861 1206 3917 medium
1233 3864 1431 3931 altare,
1472 3867 1724 3921 anterius
1751 3869 2036 3935 accedens,

408 3943 676 4001 'calicem
725 3963 946 4020 quoque
990 3952 1239 4007 retinens
1292 3958 1351 4008 et
1399 3959 1663 4026 patenam
1697 3975 1709 4010 :
1741 3958 2045 4013 comitatur

447 4036 799 4100 sacerdotem
838 4040 1233 4110 procedentem
1275 4042 1685 4115 aliquantulum
1712 4054 1907 4101 contra
1935 4049 2045 4102 fra-

446 4124 580 4193 tres,
613 4131 733 4181 uta
760 4127 996 4200 singulis
1024 4130 1312 4188 offeratur.

518 4214 544 4239 θ
569 4214 822 4279 Perlecto
848 4224 1040 4273 autem
1058 4219 1357 4293 Evangelio
1382 4223 1638 4279 minister
1663 4226 1881 4280 textum
1900 4227 2046 4297 ejus-

446 4302 577 4359 dem
612 4304 897 4376 Evangelii
927 4322 961 4361 a
988 4307 1221 4364 diacono
1248 4311 1546 4383 accipiens,
1578 4314 1649 4368 ad
1677 4315 2044 4369 osculandum

2106 1900 2337 1953 allatam
2369 1898 2677 1970 ampullam
2726 1914 2884 1968 aquae
2911 1899 3079 1952 simul
3108 1915 3238 1952 cum
3266 1898 3427 1953 calice
3453 1898 3538 1951 dat
3560 1897 3648 1950 dia-

2105 2005 2265 2054 cono,
2297 1993 2362 2042 ut
2390 1988 2484 2041 ille
2514 1989 2763 2042 misceat.
2797 1988 2905 2042 Dat
2930 1993 2986 2041 et
3024 1988 3281 2053 linteum,
3313 2004 3416 2058 quo
3451 1986 3572 2041 calix
3596 1985 3647 2038 de

2107 2078 2244 2131 foris
2274 2084 2533 2147 tergatur
2558 2078 2951 2148 diligenterme
2977 2077 3120 2131 forte
3138 2077 3275 2149 quid
3296 2076 3403 2130 vini
3426 2075 3504 2129 vel
3525 2091 3648 2145 aquae

2109 2167 2353 2221 exterius
2404 2172 2711 2220 remaneat.
2756 2170 2913 2229 (ναν.)
2964 2166 3033 2220 Et
3080 2166 3159 2220 sic
3198 2165 3391 2220 hostiis
3426 2181 3573 2235 super
3593 2164 3651 2216 al-

2107 2262 2228 2310 tare
2258 2254 2981 2327 compositis,subdiaconus
3001 2272 3128 2309 cum
3152 2262 3357 2326 patena
3376 2258 3430 2309 et
3448 2251 3653 2325 ampulla

2108 2351 2412 2400 revertens.
2436 2352 2696 2416 patenam
2723 2345 2882 2415 ponit
2911 2361 3081 2414 super
3109 2345 3467 2398 armariolum
3486 2347 3534 2396 et
3557 2359 3653 2395 am-

2108 2435 2319 2506 pullam
2366 2434 2425 2487 in
2472 2433 2594 2488 loco
2642 2451 2751 2505 quo
2809 2434 2951 2487 solet
2997 2433 3233 2487 servari.
3290 2433 3491 2505 Accipit
3522 2431 3655 2485 aliam

2107 2530 2372 2595 patenam
2402 2530 2729 2593 argenteam
2753 2523 2901 2576 infra
2928 2523 3223 2576 scutellam
3253 2539 3471 2577 auream
3506 2536 3658 2574 recon-

2109 2614 2306 2679 ditam,
2354 2620 2411 2666 et
2458 2614 2630 2683 tergit
2667 2612 2915 2667 studiose
2944 2629 3070 2666 cum
3098 2629 3287 2683 panno
3312 2610 3659 2666 candidissimo

2111 2719 2284 2774 prope
2302 2702 2665 2757 armariolum
2683 2702 3224 2774 propterhocipsum
3241 2704 3447 2775 jugiter
3462 2702 3662 2774 penden-

2111 2797 2246 2859 tem,
2294 2796 2351 2845 et
2394 2797 2593 2861 postea
2620 2808 2747 2845 cum
2784 2791 3014 2846 linteolo
3044 2791 3281 2847 honeste
3312 2798 3367 2846 et
3392 2795 3663 2845 reverenter

2111 2881 2257 2936 hanc
2285 2881 2574 2935 involvit."
2605 2882 2836 2936 Interim
2863 2881 3130 2936 diaconus
3162 2884 3299 2937 thus
3330 2883 3397 2936 ad
3424 2882 3666 2952 imponen-

2116 2970 2251 3024 dum
2274 2970 2550 3024 sacerdoti
2579 2970 2678 3024 dat
2709 2990 2720 3024 :
2755 2970 2804 3024 si
2831 2971 3048 3040 privata
3072 2976 3157 3025 est
3192 2972 3331 3039 dies,
3354 2972 3489 3026 sicut
3507 2971 3557 3023 in
3580 2969 3665 3022 fes-

2114 3059 2190 3112 tis
2209 3059 2424 3123 diebus,
2457 3076 2756 3114 conversus
2773 3060 3003 3114 chorum
3019 3062 3285 3131 regnanti
3309 3059 3668 3139 apportatQuo

2117 3149 2380 3220 imposito
2407 3150 2586 3202 altare
2609 3155 2665 3203 et
2686 3149 3019 3203 sacrificium
3051 3151 3315 3204 sacerdos
3345 3151 3575 3203 incensat
3588 3149 3670 3200 hoc

2117 3239 2283 3292 modo
2319 3256 2330 3291 :
2361 3238 2419 3292 in
2457 3239 2654 3310 primis
2698 3238 2879 3293 tribus
2906 3239 3119 3293 vicibus
3148 3240 3406 3295 incensat
3432 3240 3484 3293 in
3511 3238 3671 3292 faciem

2119 3327 2332 3392 altaris,
2367 3327 2567 3381 deinde
2597 3328 2729 3382 facit
2751 3333 2865 3381 tres
2886 3344 3079 3383 cruces
3107 3345 3239 3383 cum
3269 3329 3457 3383 eodem
3486 3329 3672 3381 incenso

2120 3434 2291 3488 super
2327 3416 2684 3483 sacriﬁcium,
2709 3422 2834 3488 post
2862 3417 2980 3471 haec
3008 3434 3179 3489 super
3207 3425 3505 3490 utrumque
3534 3432 3675 3471 cornu

2120 3506 2316 3559 altaris
2348 3522 2447 3577 per
2490 3511 2607 3559 tres
2654 3505 2800 3559 vices
2827 3505 3082 3559 incensat
3108 3513 3389 3577 quantum
3416 3510 3580 3578 potcst
3601 3521 3674 3557 ex-

2118 3596 2351 3649 tendere
2376 3610 2567 3649 manu.

2197 3686 2327 3752 (UD-)
2379 3682 2499 3748 {109
2523 3683 2571 3755 *)
2612 3684 2753 3739 Cum
2789 3689 2977 3738 autem
3012 3684 3221 3740 dixerit
3277 3692 3406 3741 ante
3450 3683 3681 3758 praefatio-

2122 3790 2251 3827 nem
2281 3791 2292 3826 :
2321 3775 2423 3827 Per
2450 3777 2640 3827 omnia
2677 3778 2872 3827 sarcula
2900 3777 3250 3839 saeculorum,
3273 3780 3409 3830 tunc
3431 3775 3567 3829 venit
3590 3772 3683 3827 dia-

2124 3880 2297 3918 conus
2347 3868 2498 3917 retro
2542 3867 2690 3917 stare
2747 3868 2874 3934 post
2916 3865 3292 3932 sacerdotem,
3352 3864 3682 3920 subdiaconus

2124 3956 2256 4006 ante
2274 3952 2512 4023 gradum
2542 3953 2600 4005 in
2622 3952 2742 4023 ipso
2764 3969 2991 4006 accessu
3008 3960 3207 4008 contra
3230 3954 3409 4014 altare
3429 3952 3681 4009 inclinans,

2126 4042 2275 4113 quod
2295 4046 2351 4096 et
2367 4042 2624 4095 minister
2650 4042 2708 4095 in
2733 4041 3029 4096 duodecim
3057 4042 3395 4097 lectionibus
3419 4048 3500 4098 est
3540 4042 3687 4096 factu-

2125 4147 2242 4193 rus,
2277 4131 2467 4202 ibique
2498 4136 2612 4185 stat
2640 4147 2862 4185 sursum
2888 4137 3087 4185 tenens
3106 4132 3480 4202 patenam,ita
3505 4137 3563 4185 ut
3578 4146 3689 4205 prte-

2127 4221 2363 4275 missum
2399 4224 2501 4285 cst,
2535 4225 2877 4291 coopertam.
2912 4221 3075 4274 Stant
3105 4225 3304 4276 autem
3330 4222 3514 4289 erecti,
3543 4234 3691 4290 usque

2126 4309 2261 4363 dum
2293 4310 2363 4363 ad
2406 4310 2509 4363 hoc
2555 4314 2783 4363 ventum
2821 4308 3009 4375 fuerit,
3054 4315 3118 4363 ut
3156 4315 3425 4371 cantetur
3466 4312 3692 4374 Sanctus,

445 4393 612 4448 aﬂert
638 4396 935 4461 sacerdoti,
968 4398 1169 4453 deinde
1197 4399 1443 4471 primum
1472 4402 1746 4457 offerenti.
1766 4404 1882 4458 Hoc
1906 4422 2110 4493 sem-D
2128 4400 2383 4463 Sanctus,
2408 4399 2661 4453 Sanctus.
2700 4399 2902 4453 Postea
2924 4399 3181 4453 inclinati
3202 4417 3329 4455 esse
3350 4400 3620 4496 debentlet
3638 4396 3697 4496 ad

444 4494 551 4565 per
567 4484 915 4553 observatur,
937 4486 1046 4541 nisi
1067 4487 1125 4542 in
1149 4489 1470 4556 Parasceve,
1494 4491 1627 4562 quia
1644 4496 1781 4546 tunc
1798 4494 2046 4564 perlecta
2065 4484 2105 4493 ’”
2126 4489 2438 4542 orationem
2469 4488 2689 4553 intenti,
2722 4504 2899 4559 usque
2913 4488 3047 4542 dum
3064 4506 3165 4561 per
3176 4490 3522 4544 sacerdotem
3539 4484 3697 4541 Domi-

444 4571 731 4655 passione,
782 4575 990 4639 nullus,
1049 4584 1275 4649 excepto
1327 4579 1446 4633 solo
1510 4580 1764 4649 diacono,
1808 4568 2043 4637 textum

446 4658 737 4735 Evangelii
761 4664 1066 4721 osculatur.

525 4751 825 4807 Sciendum
865 4759 1051 4809 autem
1096 4756 1245 4835 quod
1296 4757 1355 4812 in
1394 4758 1482 4813 his
1512 4759 1732 4831 diebus,
1763 4761 1822 4814 in
1845 4761 2046 4832 quibus

451 4841 584 4901 ﬁdei
629 4840 948 4923 symbolum
993 4844 1233 4911 canitur,
1283 4846 1558 4914 minister,
1594 4865 1692 4918 qui
1720 4853 1873 4917 tunc,
1903 4851 2047 4904 sicut

448 4931 623 4989 etiam
653 4930 712 4989 in
744 4931 1001 4988 omnibus
1030 4933 1324 4990 duodecim
1355 4935 1688 4992 lectionibus
1716 4937 1870 4993 festis
1892 4944 2048 4993 tenet

448 5027 607 5095 ante,
653 5027 938 5101 exspectat
978 5039 1157 5095 usque
1201 5024 1335 5079 dum
1378 5024 1528 5078 idem
1567 5026 1883 5098 symbolum
1906 5044 2047 5099 pene

449 5111 525 5169 sit
554 5112 796 5180 ﬁnitum,
847 5117 903 5167 et
943 5116 1080 5166 tunc
1108 5113 1388 5186 accipiens
1418 5114 1668 5180 calicem,
1700 5121 1765 5171 ut
1788 5117 2042 5188 praemis-

446 5216 574 5257 sum
604 5205 708 5265 est,
736 5218 770 5256 a
802 5201 1143 5257 subdiacono
1176 5203 1235 5255 in
1261 5203 1498 5256 eandem
1535 5221 1780 5271 caveam,
1822 5205 1871 5259 si
1910 5206 2043 5277 quid

446 5290 517 5355 de
544 5308 695 5367 aqua
722 5290 1068 5359 remanebat,
1109 5290 1373 5358 infundit,
1425 5295 1483 5346 et
1532 5293 1601 5348 de
1654 5311 1823 5367 super
1867 5295 2045 5348 altare

444 5368 733 5457 corporale
742 5382 918 5455 ponit.
936 5395 1028 5436 UD.
1046 5382 1095 5434 A
1114 5379 1348 5434 diacono
1372 5398 1519 5453 aqua
1543 5388 1600 5436 et
1626 5383 2045 5454 manutergium

408 5466 411 5469 Α
448 5458 799 5543 apportatur,
849 5475 906 5525 et
954 5474 1279 5524 reverenter
1317 5471 1628 5527 exhibetur.
1683 5472 1790 5536 Qui
1846 5472 2044 5526 lavatis

2125 4578 2253 4631 nica
2275 4577 2454 4631 oratio
2477 4577 2549 4631 sit
2568 4577 2746 4631 ﬁnita.
2772 4578 2833 4632 In
2857 4594 3191 4649 quacunque
3205 4584 3400 4633 autem
3421 4576 3698 4633 incessione

2126 4665 2499 4721 subdiaconus
2545 4671 2604 4720 et
2632 4666 2889 4720 minister
2917 4667 3146 4721 omnino
3178 4668 3389 4722 debent
3417 4682 3615 4729 cavere,
3639 4679 3698 4716 ne

2126 4756 2282 4828 prius
2311 4762 2439 4828 post
2456 4757 2804 4809 sacerdotem
2824 4756 3069 4823 veniant,
3103 4773 3275 4828 quam
3309 4752 3696 4819 diaconus,ubi-

2126 4862 2346 4917 cunque
2373 4845 3174 4911 incensaverit,rcdeat.Notat
3204 4863 3432 4919 quoque
3460 4846 3700 4899 diaconus

2129 4938 2352 5006 quando
2390 4936 2648 4989 sacerdos
2676 4935 2825 4989 inter
2859 4951 3132 4989 canonem
3167 4953 3228 4989 se
3259 4934 3619 4996 inclinaverit,
3646 4936 3700 4984 ut

2127 5028 2323 5096 postea
2351 5039 2479 5078 cum
2508 5024 2603 5077 illo
2635 5040 2695 5077 se
2724 5023 3272 5094 erigat,calicemque
3304 5041 3433 5077 eum
3463 5039 3523 5076 eo
3540 5021 3700 5075 disco-

2129 5113 2364 5184 operiat,
2388 5115 2446 5166 et
2473 5128 2602 5167 cum
2631 5112 2849 5166 levante
2878 5112 3041 5175 levet,
3070 5112 3393 5184 iterumque
3418 5110 3699 5182 repositum

2126 5202 2449 5273 cooperiat;
2480 5202 2636 5273 prius
2673 5207 2864 5255 tamen
2906 5201 2967 5255 in
3021 5201 3142 5272 ipso
3186 5218 3418 5258 accessu
3443 5200 3702 5253 osculatur

2127 5293 2324 5363 altare,
2356 5308 2421 5346 ac
2449 5291 2650 5346 deinde
2678 5291 2982 5345 sacerdotis
3015 5289 3307 5344 brachium
3346 5306 3541 5363 parum
3569 5286 3698 5340 infra

2125 5370 2458 5435 humelluni.
2491 5382 2702 5435 Deinde
2726 5385 2847 5451 post
2877 5380 3223 5434 Dominicam
3252 5381 3564 5434 orationem
3577 5375 3700 5430 acci-

2124 5471 2206 5543 pit
2239 5487 2273 5525 a
2298 5470 2637 5525 subdiacono
2663 5475 2927 5541 patenam
2957 5469 3038 5522 ita
3064 5484 3190 5523 cum
3216 5469 3452 5522 linteolo
3481 5468 3695 5522 daturus

512 5628 685 5703 (109‘)
716 5630 914 5685 Variat
940 5630 1050 5699 hic,
1103 5646 1234 5686 cum
1276 5629 1483 5704 integri
1526 5631 1554 5704 §
1594 5630 1642 5705 §.
1675 5649 1709 5687 a
1738 5632 2042 5693 Wilhelmo
2071 5633 2169 5705 qui
2199 5633 2261 5688 in
2291 5632 2481 5689 codice
2500 5632 2748 5690 Udalrici
2776 5630 3079 5701 habentur,
3109 5628 3305 5687 omissi
3331 5629 3472 5686 sint.
