3908 6168
1708 242 1735 251 ρ

275 318 421 379 1013

1336 325 1756 382 οοΝεΤιΤυΤ.
1798 322 2138 381 IIIRSAUG.
2182 354 2248 365 —
2286 322 2423 379 LIB.
2465 296 2515 381 ι’.

3421 298 3567 382 ἱοι4

266 445 553 500 sacerdoti
583 447 886 503 osculando
904 465 1135 505 manum
1168 451 1306 522 ejus,
1328 453 1474 506 sicut
1503 456 1556 505 et
1588 450 1938 511 subdiaco-A
1954 449 2156 513 fundit,
2191 465 2318 504 cum
2368 450 2706 519 sanguinem
2736 449 2938 507 deinde
2970 467 3006 506 a
3038 447 3356 508 bibentibus
3385 444 3564 509 :..iuui

269 552 386 590 nus
414 535 543 589 sibi.
578 536 849 591 Sacerdos
875 543 1061 592 autem
1088 541 1245 612 ponit
1274 558 1396 595 eam
1426 541 1493 594 ad
1524 541 1724 612 pedem
1751 539 1880 593 cali-

269 625 376 688 cis,
410 630 467 679 et
493 631 792 699 postquam
813 627 1045 699 fregerit
1071 630 1334 694 hostiam,
1359 648 1529 685 unam
1560 630 1881 702 portiuncu-

268 713 392 769 lam
430 714 517 774 (ut
545 732 667 769 mos
694 722 779 771 est
804 718 1101 791 generalis)
1131 719 1307 777 mittit
1346 720 1403 774 in
1455 720 1707 789 calicem,
1738 720 1879 773 duas

267 821 448 877 super
472 810 758 882 patenam,
786 810 842 860 et
867 824 995 861 cum
1021 810 1296 881 corporali
1358 812 1500 882 tegit
1547 818 1874 888 utrumque.

267 893 442 953 Prius
457 898 649 948 autem
670 912 840 967 super
866 896 1052 971 ipsum
1080 898 1309 953 calicem
1340 899 1549 969 digitos
1577 901 1881 974 diligenter

268 984 507 1051 excutit,
544 1001 615 1037 ne
643 984 780 1055 quid
808 985 948 1040 forte
974 986 1122 1040 inter
1151 988 1523 1057 frangendum
1556 991 1625 1045 de
1648 991 1880 1065 corpore

266 1071 504 1126 Domini
535 1073 852 1129 adhzeserit.
901 1074 1114 1139 Quibus
1144 1077 1327 1131 adhuc
1356 1096 1482 1132 cum
1511 1082 1664 1135 omni
1694 1082 1880 1138 studio

267 1160 502 1225 clausis,
536 1167 593 1216 et
611 1164 681 1217 ad
703 1169 895 1235 pectus
918 1166 1211 1237 applicatis
1235 1165 1280 1234 (l
1301 1164 1400 1235 l0),
1429 1167 1655 1224 brachio
1685 1172 1879 1227 dextro

268 1267 447 1322 super
476 1252 768 1307 sinistrum
799 1255 997 1325 posito,
1032 1255 1276 1326 primum
1303 1256 1538 1312 diacono
1566 1264 1623 1313 et
1650 1260 1877 1316 subdia-

266 1356 412 1393 cuno
455 1345 577 1397 tum
626 1342 795 1396 etiam
825 1343 1080 1398 ministro
1122 1346 1220 1399 dat
1246 1362 1460 1417 pacem,
1496 1352 1552 1401 et
1582 1349 1628 1405 si
1661 1350 1792 1421 quid
1815 1352 1885 1405 de

266 1445 508 1501 corpore
537 1431 758 1485 Domini
790 1439 1096 1499 remaneat,
1130 1434 1235 1488 hoc
1264 1436 1381 1508 ipse
1411 1438 1664 1509 accipiat.
1693 1440 1760 1493 Et
1791 1459 1885 1513 po-

266 1524 393 1572 stea
424 1519 713 1574 descendit
742 1528 971 1592 propter
993 1523 1171 1595 ipsam
1200 1542 1392 1595 pacem
1419 1525 1488 1580 ad
1514 1528 1737 1591 fratres,
1755 1530 1876 1602 ipso

1964 539 2179 593 viderit.
2213 539 2350 594 Inde
2379 556 2619 610 quoque,
2648 556 2775 594 cum
2808 541 3051 611 primum
3074 558 3133 596 se
3154 541 3284 596 inde
3308 544 3563 619 expedie-

1960 631 2053 691 rit,
2078 633 2134 681 et
2162 627 2424 682 ultimum
2452 627 2522 682 ad
2552 629 2730 683 altare
2759 631 3171 685 communicare
3192 633 3559 702 perspexerit,

1960 716 2237 787 accipiens
2254 716 2494 771 alterum
2516 715 2742 770 calicem
2762 716 2830 771 de
2856 718 3174 785 armariolo,
3200 717 3476 775 sacerdoti
3492 721 3565 775 ad

1961 804 2268 859 abluendos
2308 804 2368 859 in
2421 821 2485 859 eo
2524 804 2728 875 digitos
2758 805 2927 859 simul
2958 821 3086 860 cum
3143 804 3392 879 ampulla
3448 809 3563 869 vini

1962 899 2240 965 apportat,
2273 910 2337 948 ac
2367 893 2549 966 primo
2579 893 2874 965 paululum
2887 894 3001 948 vini
3029 895 3212 950 eidem
3241 911 3409 969 super
3430 915 3565 973 qua-

1962 990 2093 1038 tuor
2116 983 2339 1055 digitos,
2370 982 2573 1055 quibus
2597 999 2799 1055 corpus
2822 984 3044 1039 Domini
3059 984 3320 1056 fregerat,
3353 987 3559 1043 fundit.

1963 1072 2123 1137 Quod
2169 1072 2445 1135 sacerdos,
2479 1077 2777 1143 postquam
2834 1071 3071 1127 eblberit
3110 1074 3293 1129 adhuc
3318 1072 3563 1131 secundo

1963 1163 2109 1232 quod
2157 1162 2473 1216 infunditur
2513 1160 2673 1226 bibit,
2725 1164 2789 1216 ut
2826 1167 2884 1216 et
2934 1158 3028 1216 ille
3092 1162 3233 1218 calix
3277 1169 3564 1239 utcunque

1961 1252 2242 1306 abluatur.

2040 1342 2339 1413 Postquam
2371 1358 2567 1396 omnes
2595 1341 2887 1395 Dominico
2900 1342 3161 1414 sanguini
3183 1343 3566 1403 communica-

1963 1430 2145 1484 verint
2173 1432 2268 1502 qui
2322 1447 2524 1502 corpus
2582 1432 2807 1503 Domini
2860 1436 3209 1505 acceperant,
3266 1431 3564 1489 novissime

1964 1519 2221 1573 ministro
2242 1520 2507 1579 defertur.
2532 1526 2598 1574 ut
2617 1524 2675 1573 et
2704 1520 2823 1589 ipse
2855 1521 2924 1574 de
2950 1522 3144 1575 eodem
3172 1521 3395 1577 Domini
3427 1539 3563 1581 san-

266 1608 509 1663 diacono
542 1610 766 1664 interim
798 1629 971 1685 prope
1001 1613 1177 1667 altare
1216 1620 1419 1680 stante,
1448 1621 1504 1670 et
1534 1635 1603 1672 ne
1644 1636 1754 1690 qua
1783 1638 1877 1675 ne-
1955 1609 2126 1679 ευίηϐ
2173 1608 2346 1673 bibat,
2379 1608 2426 1663 Si
2457 1614 2644 1663 tamen
2684 1626 2886 1680 corpus
2944 1609 3170 1664 Domini
3220 1615 3512 1683 acceperat
3543 1631 3557 1666 ε

264 1698 545 1769 gligentia
583 1699 639 1753 in
670 1699 957 1755 Dominico
986 1718 1218 1774 corpore
1247 1705 1333 1757 vel
1351 1706 1624 1776 sanguine
1654 1710 1873 1763 εοιηίη-
1956 1715 2087 1752 nam
2119 1716 2182 1753 ex
2208 1715 2314 1753 usu
2335 1715 2447 1752 non
2477 1698 2871 1772 communicat,
2890 1697 2999 1754 nisi
3016 1698 3206 1771 aliqua
3220 1717 3352 1770 pars
3370 1717 3564 1773 corpo-

263 1790 365 1857 gat
392 1786 749 1856 providente,
793 1788 900 1842 Sed
922 1789 1296 1845 subdiaconus
1325 1798 1587 1863 patenam
1636 1796 1703 1849 ad
1736 1798 1872 1852 cali-
1898 1807 1935 1866 Β
1955 1787 2032 1842 ris
2062 1786 2286 1841 Domini
2337 1794 2644 1841 remaneat.
2678 1786 2911 1842 Interim
2961 1805 3091 1843 vero
3136 1787 3406 1845 diaconus
3434 1807 3560 1846 cor-

265 1890 389 1927 cem
443 1876 839 1949 pertinentem,
877 1896 1045 1951 quam
1078 1881 1265 1951 posuit
1291 1899 1458 1953 super
1487 1884 1871 1951 armariolum,

263 1970 585 2035 reportans,
620 1966 788 2020 simul
818 1985 945 2022 cum
977 1968 1207 2024 linteolo
1257 1972 1414 2042 ponit
1458 1990 1629 2047 super
1675 1977 1870 2043 altare,

265 2058 323 2106 et
350 2059 550 2125 postea
580 2059 693 2109 stat
720 2056 941 2111 inclinis
988 2058 1058 2111 ad
1092 2060 1555 2131 supplicationem
1594 2065 1664 2118 ad
1700 2083 1872 2120 cornu

264 2141 465 2197 altaris
492 2143 769 2209 dextrum,
800 2162 978 2217 usque
1025 2147 1159 2201 dum
1208 2150 1400 2204 redeat
1435 2153 1713 2208 sacerdos.
1765 2155 1873 2220 Qui

262 2230 494 2285 rediens
530 2234 941 2307 portiunculam
973 2237 1247 2292 Dominici
1267 2240 1513 2310 corporis
1534 2242 1786 2315 accipiat,
1809 2262 1872 2298 ac

263 2319 470 2377 deinde
501 2329 784 2393 patenam,
820 2343 988 2396 super
1009 2344 1179 2398 quam
1205 2346 1407 2400 corpus
1437 2329 1659 2385 Domini
1689 2339 1774 2388 est
1794 2334 1873 2387 di-

261 2409 592 2475 videndum,
623 2412 795 2467 mittit
821 2413 878 2468 in
908 2417 1219 2481 scutellam,
1247 2434 1413 2489 quam
1440 2419 1697 2475 minister
1722 2422 1869 2476 alta-

260 2499 340 2552 ris
364 2500 600 2554 allatam
630 2502 698 2556 de
728 2504 1025 2558 armariolo
1054 2510 1210 2559 tenet
1232 2524 1401 2572 super
1428 2509 1866 2578 reclinatorium;

258 2587 468 2643 deinde
502 2594 586 2643 est
612 2589 667 2643 in
697 2590 923 2644 dextera
953 2598 1112 2664 parte
1141 2594 1354 2661 altaris,
1388 2601 1614 2668 propter
1634 2599 1736 2651 hoc
1756 2616 1869 2652 ma-

256 2676 411 2731 xime
441 2677 649 2734 ibidem
693 2679 901 2734 factum
932 2681 1079 2735 inter
1125 2683 1265 2737 duas
1315 2683 1505 2739 ciborii
1555 2686 1864 2753 columnas,

255 2766 455 2819 statim
491 2767 721 2821 diacono
750 2786 952 2840 corpus
981 2770 1205 2826 Domini
1226 2772 1425 2827 tribuit
1444 2790 1508 2827 ac
1532 2773 1733 2829 deinde
1748 2776 1867 2847 ipse

255 2858 597 2926 sanguinem
626 2860 818 2926 sumit,
841 2865 897 2914 et
922 2861 1149 2915 calicem
1182 2862 1416 2917 diacono
1445 2862 1557 2921 dat.
1583 2864 1723 2918 Cum
1755 2883 1864 2937 quo

253 2946 352 3000 ille
385 2964 517 3001 mox
545 2948 601 3001 in
640 2955 1053 3021 competentem
1084 2951 1265 3005 locum
1301 2952 1527 3017 secedit,
1553 2959 1617 3007 ut
1638 2954 1777 3025 ipse,
1810 2961 1865 3009 et

253 3036 298 3088 si
331 3037 464 3107 quis
489 3034 558 3089 de
587 3037 852 3093 fratribus
882 3057 1082 3112 corpus
1108 3041 1331 3094 Domini
1362 3043 1619 3114 sumpsit,
1669 3044 1738 3097 de
1777 3060 1865 3098 eo-

251 3124 386 3178 dem
417 3127 695 3197 sanguine
724 3128 950 3181 Domini
975 3130 1390 3185 communicare
1410 3131 1645 3201 possint.

322 3214 544 3269 Deinde
574 3233 704 3270 vero
732 3216 1107 3272 subdiaconus
1135 3236 1337 3291 corpus
1380 3220 1604 3274 Domini
1635 3221 1857 3294 accipit,

249 3308 308 3357 et
332 3310 468 3375 post
497 3322 625 3358 eum
657 3322 850 3361 omnes
889 3307 984 3377 qui
1030 3307 1245 3376 volunt,
1273 3325 1337 3362 ac
1368 3309 1667 3363 novissime
1698 3310 1861 3366 mini-

248 3398 388 3458 ster,
425 3393 524 3464 qui
553 3400 710 3449 tenet
736 3397 1048 3461 scutellam,
1076 3397 1147 3474 'si
1198 3398 1331 3469 quid
1360 3405 1647 3459 remanet;
1703 3401 1860 3472 prius

244 3486 449 3536 tamen
476 3484 696 3538 veniam
724 3491 964 3556 petunt;
998 3493 1054 3540 et
1082 3487 1177 3558 qui
1206 3487 1265 3541 in
1294 3487 1433 3541 albis
1462 3488 1548 3541 vel
1572 3488 1628 3543 in
1669 3491 1859 3561 cappis

244 3577 387 3626 sunt
414 3577 639 3626 tantum
674 3591 732 3627 se
762 3592 933 3645 super
952 3592 1151 3629 manus
1165 3576 1523 3644 submittunt;
1547 3578 1643 3631 sed
1666 3586 1861 3649 postea

242 3661 474 3715 veniam
508 3668 697 3733 petere
726 3665 809 3717 vel
842 3665 1042 3719 saltem
1075 3683 1295 3737 quoque
1346 3666 1615 3720 inclinare
1644 3667 1858 3723 devita-

243 3748 408 3814 bunt,
446 3750 615 3804 etiam
646 3751 693 3805 si
729 3752 969 3807 domnus
990 3753 1133 3808 abba
1160 3755 1271 3809 illis
1299 3755 1623 3823 obviaverit,
1649 3775 1856 3831 quous-

244 3856 357 3911 que
387 3840 459 3892 de
492 3839 616 3893 vino
640 3840 898 3895 biberint.
919 3842 1135 3896 Debent
1154 3850 1341 3897 autem
1373 3845 1580 3915 singuli
1610 3845 1854 3900 scutella;

242 3926 326 3979 ita
357 3944 420 3980 se
441 3927 768 3999 adjungere,
801 3935 863 3983 ut
890 3932 937 3985 si
978 3931 1118 3985 forte
1172 3934 1319 3986 inter
1364 3935 1698 3988 sumendum
1748 3935 1851 3988 ali-

242 4014 480 4089 quando
514 4034 718 4087 corpus
748 4018 971 4072 Domini
1002 4020 1085 4073 vel
1119 4019 1186 4073 de
1217 4039 1311 4075 ore
1333 4022 1628 4085 sumentis,
1674 4022 1757 4076 vel
1783 4021 1852 4077 de

240 4119 424 4157 manu
446 4105 748 4160 tribuentis
778 4108 997 4178 lapsum
1043 4109 1232 4174 fuerit,
1274 4128 1385 4164 non
1430 4111 1536 4165 nisi
1563 4112 1620 4165 in
1651 4111 1851 4165 scutel-

237 4188 355 4244 lam
390 4193 593 4248 cadere
625 4196 816 4266 possit.
851 4197 908 4250 Si
948 4196 1018 4251 de
1047 4198 1158 4251 alio
1209 4199 1378 4253 choro
1434 4201 1848 4254 communicare

233 4282 510 4347 voluerit,
554 4300 723 4353 quam
752 4285 820 4340 de
848 4303 932 4353 eo,
980 4286 1037 4340 in
1084 4305 1193 4359 quo
1231 4289 1483 4356 offertur,
1522 4295 1749 4360 accepta
1776 4291 1846 4344 li-

1958 1875 2173 1948 poralia
2198 1876 2828 1948 complicat,tollensque
2848 1880 3131 1951 patenam,
3158 1895 3324 1955 quam
3337 1878 3562 1934 subdia-

1956 1982 2129 2020 conus
2172 1966 2361 2037 posuit
2403 1982 2573 2037 super
2616 1964 2812 2032 altare,
2874 1966 2973 2019 dat
3014 1966 3194 2026 eidem
3247 1967 3393 2023 hanc
3428 1986 3557 2025 cum

1957 2055 2252 2127 corporali.
2286 2055 2493 2109 Eodem
2517 2060 2801 2109 momento
2830 2054 3090 2110 minister
3121 2055 3321 2133 accipit
3350 2058 3558 2112 scutel-

1955 2145 2088 2205 lam,
2114 2145 2171 2198 in
2203 2162 2313 2215 qua
2332 2150 2419 2199 est
2446 2150 2715 2215 argentea
2744 2150 2967 2216 patena,
3003 2149 3059 2199 et
3084 2150 3203 2199 tam
3227 2145 3347 2217 ipse
3387 2164 3556 2223 quam

1954 2233 2048 2286 ille
2078 2234 2175 2305 qui
2204 2232 2433 2286 calicem
2458 2237 2631 2300 tenet,
2648 2233 2815 2289 ambo
2846 2233 3117 2288 recedunt
3145 2238 3297 2289 retro
3317 2239 3443 2313 post
3471 2254 3560 2291 sa-

1954 2323 2235 2376 cerdotem
2260 2328 2511 2390 stantes;
2559 2322 2652 2393 qui
2680 2340 2808 2377 cum
2830 2321 3001 2377 calice
3048 2329 3243 2377 contra
3296 2320 3555 2383 dextrum

1952 2428 2125 2466 cornu
2156 2412 2369 2475 altaris,
2401 2412 2494 2483 qui
2546 2428 2672 2466 cum
2731 2412 2967 2466 scutella
3011 2416 3206 2467 contra
3236 2411 3549 2470 sinistrum.

1953 2501 2160 2555 Contra
2190 2519 2329 2572 quos
2344 2502 2475 2555 illuc
2494 2501 2818 2556 secedentes
2852 2506 3004 2556 totus
3024 2507 3329 2556 conventus
3351 2520 3452 2581 pro
3470 2521 3556 2563 re-

1949 2591 2200 2645 verentia
2226 2591 2495 2645 Dominici
2527 2591 2775 2663 corporis
2804 2597 2862 2645 et
2883 2591 3175 2663 sanguinis
3204 2591 3423 2646 veniam
3452 2609 3554 2666 pe-

1950 2681 2039 2734 tit.
2074 2679 2175 2735 Ille
2196 2687 2383 2736 autem
2408 2681 2703 2753 quiportat
2722 2681 3141 2741 candelabrum,
3166 2687 3363 2757 postea
3382 2699 3553 2759 quam

1949 2771 2208 2824 sacerdos
2228 2788 2261 2824 a
2289 2788 2423 2842 pace
2448 2769 2697 2830 redierit,
2732 2787 2954 2826 sursum
2986 2770 3091 2824 hoc
3110 2774 3267 2823 tenet
3284 2768 3549 2840 levatum,

1949 2876 2049 2915 nec
2082 2858 2236 2931 prius
2264 2859 2367 2913 hoc
2409 2858 2658 2933 deponit,
2712 2876 2881 2930 quam
2929 2863 3055 2931 post
3098 2859 3551 2921 communionem

1945 2949 2129 3026 prima
2157 2949 2389 3003 collecta
2416 2948 2759 3004 inchoaverit
2782 2947 2949 3001 ﬁniri.
2984 2945 3113 3001 Mox
3141 2948 3311 3002 etiam
3343 2953 3551 3026 patena

1948 3038 2113 3093 simul
2163 3054 2287 3093 cum
2320 3038 2489 3093 calice
2538 3038 2609 3091 ad
2648 3034 3017 3092 armariolum
3066 3040 3417 3111 reportatur;
3451 3030 3550 3094 ubi

1947 3128 2361 3203 quantumlibet
2402 3128 2473 3183 sit
2499 3127 2647 3181 clara
2704 3126 2841 3192 dies,
2897 3130 3088 3182 tamen
3136 3143 3265 3180 cum
3312 3126 3548 3189 candela

1943 3220 2247 3289 utrumque
2274 3215 2697 3288 diligentissime
2726 3213 3114 3270 consideratur
3142 3231 3177 3268 a
3204 3213 3544 3271 subdiacono

1944 3311 2001 3361 et
2028 3306 2139 3360 alio
2168 3306 2455 3373 servitore,
2478 3305 2675 3377 siquid
2700 3304 2842 3359 forte
2865 3303 3304 3360 minutissimum
3318 3322 3544 3360 reman-

1941 3395 2075 3450 serit
2098 3395 2168 3451 de
2198 3413 2428 3467 corpore
2454 3393 2696 3449 Domini.
2730 3394 2798 3448 Et
2824 3392 2872 3448 si
2911 3410 3079 3467 quam
3110 3395 3381 3467 majorem
3410 3411 3545 3466 par-

1940 3488 2053 3539 tem
2083 3485 2341 3539 minister
2365 3484 2567 3539 viderit
2595 3482 2949 3547 remansisse,
3005 3483 3149 3537 hanc
3196 3499 3310 3537 non
3359 3484 3545 3554 tangit

1940 3591 2130 3641 manu,
2173 3574 2271 3629 sed
2317 3573 2511 3645 lingua
2553 3578 2774 3627 tantum
2805 3572 2951 3626 levat
2981 3576 3039 3626 et
3066 3571 3266 3639 sumit;
3299 3571 3347 3625 si
3384 3571 3542 3644 prius

1939 3670 2129 3718 tamen
2185 3664 2303 3735 ipse
2331 3663 2763 3717 communicavit
2793 3679 2803 3716 :
2839 3662 2988 3732 quod
3017 3661 3065 3716 si
3094 3678 3206 3715 non
3234 3660 3386 3725 fecit,
3416 3659 3547 3715 sub-

1940 3753 2206 3807 diaconus
2235 3752 2373 3806 illud
2405 3751 2666 3806 absumit.
2694 3751 2904 3806 Verum
2945 3749 3059 3805 sive
3098 3748 3233 3823 quid
3259 3767 3544 3806 remanse-

1939 3845 2029 3903 rit,
2063 3843 2177 3896 sive
2207 3843 2364 3908 nihil,
2386 3859 2497 3897 non
2516 3846 2707 3897 tamen
2735 3838 2841 3895 hoc
2869 3839 3193 3910 negligitur,
3225 3842 3291 3895 ut
3309 3845 3533 3911 patena,

1934 3932 1994 3985 in
2015 3950 2124 4005 qua
2153 3950 2355 4005 corpus
2385 3932 2610 3987 Domini
2641 3936 2724 3984 est
2760 3929 3020 3995 divisum,
3053 3928 3272 3985 duabus
3324 3929 3538 4002 vicibus

1935 4038 2063 4075 cum
2113 4021 2239 4075 vino
2285 4021 2608 4075 cautissime
2662 4018 2896 4083 lavetur,
2932 4017 3079 4089 quod
3109 4036 3139 4072 e
3168 4017 3337 4073 calice
3366 4035 3538 4085 super

1934 4111 2223 4164 scutellam
2252 4110 2431 4182 posito
2464 4113 2751 4180 receptum
2800 4124 2913 4161 non
2969 4107 3173 4161 minori
3219 4106 3535 4162 reverentia

1930 4197 2191 4263 ebibitur,
2222 4216 2393 4270 quam
2417 4198 2463 4251 si
2497 4202 2645 4252 esset
2674 4197 2791 4269 ipse
2821 4196 3050 4268 sanguis
3077 4198 3456 4249 consecratus.

2000 4288 2285 4343 Recedens
2315 4292 2502 4342 autem
2532 4286 2600 4341 ab
2642 4285 2807 4340 altari
2849 4283 3127 4350 sacerdos,
3187 4283 3283 4339 dat
3321 4282 3531 4338 librum

231 4371 429 4425 centia
458 4371 517 4424 in
548 4373 742 4427 ordine
773 4393 874 4429 suo
900 4376 970 4430 ad
1000 4393 1194 4448 pacem
1221 4383 1278 4431 et
1296 4378 1367 4431 ad
1395 4378 1845 4433 communionem
1928 4377 2211 4432 missalem
2253 4376 2485 4431 diacono
2538 4375 2963 4447 reportandum.
2997 4370 3211 4428 Stolam
3240 4372 3360 4447 ipse
3384 4390 3529 4431 com-

228 4462 482 4516 accedit.
511 4462 568 4517 Si
592 4463 716 4534 quis
738 4482 865 4518 vero
895 4466 963 4519 de
998 4467 1167 4520 choro
1214 4484 1315 4521 suo
1348 4468 1405 4520 in
1446 4468 1685 4521 alterum
1716 4449 1914 4522 cho-D
1934 4468 2127 4538 plicat,
2155 4467 2264 4521 nisi
2287 4465 2429 4520 forte
2454 4465 2546 4527 sit,
2567 4471 2630 4519 ut
2650 4463 2707 4520 in
2722 4463 2880 4518 festis
2900 4460 3211 4535 praecipuis,
3236 4460 3525 4532 deaurata;

227 4566 366 4604 rum
430 4549 504 4603 ad
533 4552 754 4606 missam
786 4553 866 4607 ire
891 4553 1142 4624 jubetur,
1175 4556 1264 4609 hic
1295 4572 1407 4610 non
1448 4557 1569 4610 sine
1620 4557 1850 4611 licentia
1930 4563 2065 4611 tunc
2114 4558 2264 4610 enim
2297 4562 2383 4610 est
2411 4573 2444 4609 a
2474 4553 2710 4609 sacrista
2759 4550 3170 4625 comp‘licanda.
3228 4550 3530 4607 Sciendum

226 4656 369 4693 cum
404 4638 605 4693 eodem
622 4641 792 4695 choro
823 4642 892 4695 ad
923 4660 1116 4713 pacem
1155 4650 1212 4698 et
1260 4645 1329 4698 ad
1390 4646 1845 4700 communionem
1929 4654 2137 4713 autem,
2193 4646 2343 4716 quod
2371 4643 2632 4699 sacerdos
2664 4642 2959 4714 czeterique
3015 4640 3260 4701 ministri
3313 4638 3529 4705 altaris,

224 4728 481 4795 accedit,
516 4729 622 4783 nisi
668 4737 918 4802 perstare
949 4732 1165 4787 debeat.
1203 4734 1259 4787 Si
1288 4752 1417 4788 vero
1443 4752 1510 4788 ea
1536 4734 1627 4788 die
1656 4736 1760 4789 hoc
1788 4735 1846 4789 in
1929 4736 2153 4808 quando
2206 4752 2357 4789 nona
2400 4733 2770 4789 continuatim
2820 4733 3050 4787 missam
3113 4732 3387 4805 sequitur,
3444 4732 3531 4788 vel

224 4820 414 4874 choro
446 4836 547 4874 suo
571 4822 780 4891 agitur,
812 4840 1007 4894 pacem
1042 4822 1207 4878 debet
1236 4825 1504 4896 accipere,
1540 4830 1597 4878 et
1626 4823 1673 4879 si
1703 4825 1841 4893 vult,

222 4916 432 4983 potest
458 4912 892 4965 communicare.

302 5000 642 5054 Notandum
690 5008 901 5069 autem,
963 5002 1111 5073 quod
1166 5003 1319 5058 omni
1347 5003 1563 5076 privata
1589 5004 1698 5068 die,
1732 5021 1844 5059 non

219 5090 436 5163 plures
468 5106 636 5159 quam
668 5091 915 5161 quinque
937 5108 1001 5145 ex
1025 5092 1427 5147 consuetudine
1449 5094 1517 5146 ad
1539 5093 1848 5147 communi-

223 5180 491 5235 candum
520 5181 848 5250 procedunt,
876 5198 1002 5234 cum
1034 5181 1228 5236 hostiae
1257 5189 1479 5236 tantum
1501 5181 1559 5237 in
1580 5189 1695 5238 tres
1716 5200 1846 5256 par-

222 5277 319 5326 tes
373 5269 718 5324 dividantur.
761 5270 1065 5342 Postquam
1108 5278 1297 5325 autem
1326 5272 1702 5327 subdiaconus
1730 5290 1846 5327 cor-

223 5378 345 5433 pus
394 5358 619 5413 Domini
668 5361 964 5431 acceperit,
1020 5363 1212 5415 statim
1265 5362 1335 5415 ad
1372 5362 1670 5417 diaconum
1718 5379 1845 5416 cum

223 5449 530 5505 arundine
558 5454 613 5503 et
641 5450 893 5521 ampulla
911 5450 1081 5518 venit,
1104 5451 1174 5505 de
1194 5467 1304 5521 qua
1324 5451 1511 5506 vinum
1538 5452 1595 5505 in
1617 5452 1846 5506 calicem

1925 4843 2176 4899 vespera,
2189 4830 2346 4881 utest
2363 4825 2421 4878 in
2437 4823 3198 4896 Quadragesima,postquam
3213 4840 3273 4877 se
3294 4828 3527 4892 exuunt,

1926 4914 2257 4979 orationem,
2280 4931 2402 4985 quae
2431 4913 2502 4967 ad
2532 4912 2687 4967 illam
2714 4911 2912 4966 horam
2933 4912 3198 4984 pertinet,
3225 4911 3285 4967 in
3314 4916 3529 4968 secreto

1929 5003 2048 5059 loco
2068 5003 2298 5058 faciunt.

2000 5095 2064 5149 In
2076 5093 2305 5165 privatis
2316 5090 2513 5147 diebus
2524 5089 2722 5146 hostiae
2748 5107 2861 5145 non
2881 5095 3216 5146 consecrata;
3227 5095 3527 5164 portantur

1929 5184 1986 5237 in
2007 5183 2386 5245 refectorium,
2417 5187 2483 5235 ut
2526 5181 2629 5247 his,
2653 5180 2750 5253 qui
2782 5197 2847 5235 eo
2870 5180 2960 5235 die
2988 5198 3099 5234 non
3146 5178 3527 5259 communica-

1928 5278 2258 5344 verunt,per
2295 5287 2496 5325 manus
2516 5270 2820 5325 sacerdotis
2843 5267 3263 5325 bebdomadarii
3290 5274 3346 5322 et
3374 5266 3528 5338 prio-

1926 5363 2005 5417 ris
2064 5360 2487 5417 hebdomadarii
2539 5360 2969 5415 distribuantur.
3015 5357 3173 5421 Quod
3198 5357 3304 5410 hoc
3330 5356 3531 5411 ordine

1928 5439 2051 5506 ﬁeri
2080 5452 2241 5516 solet,
2277 5454 2341 5504 ut
2388 5450 2636 5522 primum
2686 5448 2972 5504 tribuatur
3027 5444 3098 5499 de
3144 5443 3282 5518 ipsis
3332 5444 3531 5500 hostiis

310 5588 474 5663 (110)
493 5591 762 5647 Bernard.
795 5592 931 5647 0rd.
957 5592 1207 5649 Cluniae.
1253 5598 1400 5665 part.
1435 5607 1478 5661 I,
1509 5610 1627 5666 cap.
1658 5593 1747 5662 35,
1778 5595 1951 5649 habet
1974 5613 1987 5651 :
2023 5599 2073 5649 et
2100 5609 2304 5647 manus
2326 5595 2391 5647 in
2418 5593 2646 5646 modum
2669 5590 3135 5659 crucisadpectus
3152 5590 3456 5682 applicans.
