3872 6164
405 258 546 318 1015
1435 258 1492 312 S.
1534 255 1930 312 GUILLELMI

2100 253 2270 310 {ATIS
2309 252 2646 310 HIRSAUG.
3518 246 3629 305 1016

404 386 612 445 domno
647 382 854 451 abbati,
880 387 1101 454 posteat
1123 381 1388 452 utrinque
1415 381 1486 436 ad
1512 346 1765 437 dextram
1796 387 1851 436 et
1872 381 2008 436 sini-
2025 381 2078 442 Α
2096 386 2232 441 tam.
2263 380 2496 451 insuper
2522 384 2579 433 et
2606 377 2748 432 duas
2777 374 2981 444 accipit
3018 371 3307 443 ampullas,
3336 387 3493 426 unam
3526 374 3636 439 vini,

412 471 1310 545 stramipsiusabbatisincipitur,
1338 477 1394 525 et
1409 488 1584 542 usque
1599 472 1666 525 ad
1688 474 1854 526 ﬁnem
1876 471 2012 525 utri—
2093 473 2329 527 alteram
2359 485 2536 540 aquae,
2568 468 2720 538 ipsas
2778 464 3004 537 quidem
3054 479 3180 517 cum
3222 461 3442 516 sinistra
3483 462 3641 519 levans

404 580 585 634 usque
599 561 827 634 parietis
839 561 1426 628 distribuuntur,sicut
1440 566 1699 631 ctpostea
1715 561 1785 615 ad
1810 561 2010 615 lineam
2094 560 2310 626 ambas,
2341 565 2398 614 et
2422 558 2651 612 calicem
2680 556 2927 619 dextera,
2953 557 3215 624 patenam
3256 567 3380 606 cum
3408 555 3643 624 corporali

404 652 614 723 agitur,
634 650 1067 705 ettribuentium
1082 666 1283 705 manus
1305 650 1629 704 osculantur
1646 649 1903 719 singulis.
2095 648 2298 719 pollice
2325 646 2574 701 retinens
2595 644 2835 714 desuper
2860 640 3140 712 imposito,
3191 643 3250 692 et
3298 639 3377 693 ita
3415 647 3644 711 sequente

476 738 820 795 Benedicens
846 743 961 793 tres
992 755 1184 793 cruces
1203 738 1338 792 facit
1365 744 1559 793 contra
1591 755 1841 792 mensam
1864 738 2012 809 prin-
2095 752 2362 791 converso
2393 733 2579 806 pergit
2606 732 2674 786 ad
2705 723 2901 790 altare.
2932 727 3030 784 ubi
3055 732 3141 783 est
3166 731 3497 783 cantaturus.

404 827 663 900 cipalem,
722 833 917 883 contra
946 828 1204 883 sedentes
1234 828 1290 881 in
1330 828 1608 899 opposito,
1647 832 1842 883 contra
1870 827 2012 882 infe-
2167 825 2312 894 (un)
2335 824 2418 878 Ad
2439 822 2832 901 vestimentum
2855 824 3045 873 autem
3081 833 3195 872 non
3222 822 3309 871 est
3326 816 3647 888 improvisum

405 919 585 973 riores
612 934 673 973 se
698 936 710 985 ;
754 917 823 971 ad
854 922 1047 988 potum
1079 933 1209 972 vero
1248 933 1359 971 non
1390 916 1497 971 nisi
1522 933 1711 971 unam.
1745 917 1803 972 Si
1832 916 1901 971 ad
1921 916 2013 971 be-
2093 932 2197 969 nec
2225 914 2515 975 omissum.
2558 916 2619 966 ut
2644 911 2714 965 ad
2744 910 2968 980 singula
2990 908 3212 974 altaria,
3242 923 3356 962 una
3383 906 3453 961 sit
3470 905 3648 974 tabula,

407 1006 781 1063 nedictionem
812 1006 1050 1077 primam
1085 1005 1323 1061 defuerit
1343 1006 1400 1060 in
1422 1006 1713 1061 reiectorio
1742 1011 1800 1060 et
1821 1010 2015 1077 postea
2094 1005 2152 1059 in
2185 1021 2296 1076 qua
2323 1008 2567 1075 ponatur
2593 1017 2765 1055 unum
2786 1000 2998 1070 lignum
3026 997 3285 1070 patulum
3312 1001 3367 1051 et
3381 1011 3526 1050 muro
3552 996 3651 1050 inﬁ-

406 1095 814 1167 supervenerit,
842 1095 961 1167 ipse
989 1099 1210 1164 caetera,
1243 1111 1365 1165 qua:
1404 1099 1635 1158 restant,
1669 1094 1844 1151 dicat.
1876 1094 2012 1148 Post
2089 1111 2244 1158 xum,
2286 1109 2458 1163 super
2474 1089 2620 1163 quod
2642 1087 3224 1162 ponunturampullm.
3244 1085 3454 1141 Pendet
3467 1102 3651 1157 quoque

362 1197 366 1201 ’
408 1184 837 1257 completorium
904 1184 1232 1255 priusquam
1296 1184 1526 1237 finiatur
1581 1183 1751 1237 tertia
1792 1184 2004 1249 oratio,
2090 1185 2147 1238 in
2176 1186 2438 1254 promptu
2472 1177 2944 1247 manutergiolum
2967 1176 3037 1229 ad
3054 1175 3201 1245 quod
3234 1174 3498 1237 sacerdos,
3526 1179 3651 1244 post-

408 1273 524 1328 exit
555 1272 625 1326 de
655 1272 824 1326 choro
856 1271 927 1326 ad
954 1288 1157 1343 aquam
1179 1270 1549 1338 benedictam,
1580 1276 1644 1325 ut
1657 1287 1783 1326 cum
1806 1287 1872 1325 ea
1890 1271 2009 1326 sin-
2093 1288 2262 1342 quam
2294 1287 2354 1324 se
2380 1268 2648 1333 induerit,
2664 1268 2877 1321 lavatas
2897 1264 3069 1336 tergit
3097 1263 3450 1319 summitates
3479 1262 3651 1333 digito-

411 1362 576 1432 gulos
604 1365 887 1433 aspergat.
2093 1358 2451 1430 rum,quibus
2471 1356 2786 1412 necessario
2808 1371 2900 1409 res
2918 1354 3105 1425 tangit
3145 1356 3410 1408 sacratas.
3430 1350 3525 1406 Ubi
3547 1367 3654 1421 ergo

943 1448 1178 1505 CAPUT
1214 1450 1477 1507 LXXXV.
2096 1465 2399 1503 conversus
2434 1447 2829 1502 vestimentum
2861 1450 2919 1498 et
2946 1444 3162 1503 lumen.
3188 1441 3444 1495 sacerdos
3472 1455 3655 1511 quoque

413 1540 483 1594 De
516 1539 882 1595 benedictiom
908 1541 1143 1607 frugum
1175 1555 1468 1601 novarum,
1509 1540 1577 1592 ab
1606 1540 1789 1593 eodem
1817 1539 2012 1592 hcbdo-
2097 1538 2375 1609 ampullas
2406 1536 2464 1590 in
2484 1536 2604 1590 loco
2625 1551 2727 1589 suo
2748 1532 3087 1605 deposuerit,
3111 1537 3313 1586 tenens
3334 1530 3544 1584 calicem
3562 1530 3657 1599 ipse

936 1629 1192 1682 madario
1219 1629 1493 1696 facienda.
2030 1696 2055 1698 ξ
2098 1643 2133 1680 a
2161 1633 2321 1698 parte
2349 1625 2565 1691 dextra,
2599 1629 2656 1678 et
2685 1638 2985 1677 conversus
3015 1638 3047 1675 a
3077 1621 3330 1684 sinistra,
3375 1618 3657 1672 accedentes

485 1716 505 1738 ‘
525 1716 670 1771 Sunt
690 1717 874 1771 adhuc
894 1716 1149 1788 quaedam
1160 1715 1613 1771 benedictionum
1636 1715 2008 1785 diversitates,
2029 1696 2074 1755 Β
2093 1696 2179 1770 ad—
2195 1716 2395 1779 altare,
2429 1714 2576 1768 facta
2605 1730 2639 1767 a
2669 1727 2935 1766 converso
2960 1710 3373 1782 genuﬂexione,
3412 1708 3660 1778 complica-

413 1821 556 1877 quze,
585 1805 850 1876 quoniam
889 1822 920 1859 a
971 1805 1261 1859 sacerdote
1306 1811 1439 1860 sunt
1485 1805 1751 1869 dicendae,
1782 1821 1896 1859 non
1922 1804 2011 1859 hic
2092 1810 2215 1860 tum
2244 1804 2440 1858 altaris
2471 1802 2768 1874 explicant,
2803 1806 2857 1855 et
2888 1799 3059 1854 calice
3089 1800 3145 1853 in
3170 1798 3356 1853 medio
3394 1797 3587 1863 altaris,
3609 1812 3659 1849 ac

413 1899 549 1949 sunt
592 1893 909 1959 reticenda,
968 1898 1032 1948 ut
1078 1899 1165 1948 est
1214 1892 1530 1948 benedictio
1565 1911 1824 1960 uvarum,
1887 1911 2009 1965 quae
2093 1894 2236 1948 libro
2252 1892 2543 1957 missaliin
2565 1892 2758 1945 dextra
2777 1896 2937 1962 parte
2958 1887 3473 1961 positis,'sacerdos
3489 1902 3659 1940 exuens

412 1984 585 2039 etiam
617 1983 678 2038 in
698 1982 891 2037 multis
917 1981 1074 2036 libris
1097 1983 1416 2037 missalibus
1459 1983 1721 2048 habetur,
1747 1989 1805 2038 et
1831 1983 2009 2038 maxi-
2092 1983 2342 2037 tunicam
2358 1986 2491 2035 ante
2508 1981 2707 2045 altare,
2731 1975 3567 2049 facitgenuﬂexionem.1nterim
3585 1973 3661 2027 ad-

415 2088 507 2125 me
537 2071 608 2126 ad
640 2087 848 2126 nomen
899 2070 1078 2125 sancti
1108 2070 1266 2125 Sixti.
1318 2071 1453 2135 Quae
1504 2071 1553 2125 si
1601 2072 1851 2125 nondum
1882 2078 2016 2128 sunt
2090 2074 2247 2143 jutor
2296 2071 2389 2125 ille
2417 2070 2599 2125 soluto
2626 2069 2958 2123 vestimento
2989 2067 3284 2120 humerale
3304 2065 3356 2120 ei
3374 2079 3656 2137 expansum,

414 2163 670 2223 maturae,
724 2159 980 2213 Decanus
1037 2158 1179 2212 villae
1220 2158 1496 2223 observat,
1544 2164 1607 2213 ut
1650 2160 1874 2231 quando
1905 2159 2017 2231 pri-
2100 2161 2364 2232 applicat,
2396 2159 2598 2213 deinde
2629 2157 2812 2212 albam
2869 2156 3103 2211 inferius
3156 2170 3477 2226 expansam,
3505 2152 3661 2206 sede:

419 2264 576 2302 mum
606 2251 1006 2313 maturescant,
1039 2248 1254 2302 custodi
1285 2247 1633 2302 ecclesiaeeas
1647 2248 2022 2319 deferat,qua-
2102 2256 2262 2321 parte
2286 2248 2478 2320 capitii
2499 2247 2887 2318 complicatam
2937 2251 3131 2299 contra
3169 2245 3329 2299 illum
3375 2247 3535 2298 tenet.
3567 2241 3665 2305 Qua

415 2341 585 2391 tenus
612 2336 706 2389 ille
737 2337 1013 2391 sacerdoti
1039 2336 1187 2391 inter
1214 2353 1486 2390 canonem
1517 2336 1660 2403 (111)
1707 2337 1775 2391 ad
1822 2337 2018 2391 horam
2103 2339 2302 2393 induta
2330 2342 2455 2408 post
2481 2336 2769 2406 cingulum
2822 2336 2917 2389 dat
2964 2335 3225 2388 fanonem
3284 2331 3450 2403 (112),
3499 2330 3665 2384 deinde

415 2430 828 2496 competentem
859 2431 917 2480 et
955 2431 1319 2494 praenotatam
1359 2424 1764 2501 ben‘edicendas
1803 2427 2018 2480 offerat.
2105 2429 2337 2495 stolam;
2373 2443 2541 2498 quam
2590 2442 2717 2479 cum
2768 2425 3007 2479 necdum
3052 2423 3317 2479 sacerdos
3336 2421 3513 2493 posuit
3528 2434 3666 2490 super

416 2514 526 2569 Ubi
554 2514 724 2569 etiam
748 2515 992 2568 amarius
1017 2531 1127 2569 non
1146 2514 1309 2569 debet
1332 2514 1525 2568 deesse
1550 2528 1561 2561 :
1595 2532 1724 2568 nam
1746 2516 2021 2569 sacerdoti
2103 2518 2499 2585 collum,(rar.)
2515 2514 2645 2568 siad
2657 2514 2852 2568 horam
2868 2514 3184 2584 regularem
3199 2510 3664 2584 pulsatursignum,

420 2602 706 2657 orationes
736 2619 907 2674 super
934 2601 1022 2656 his
1067 2602 1331 2657 dicendas
1363 2604 1482 2673 ipse
1510 2604 1775 2658 ostendit.
1822 2604 2020 2657 Postea
2105 2606 2418 2677 adjutorem
2443 2620 2607 2659 suum
2626 2603 2879 2658 mittitad
2896 2603 3139 2675 priorem
3162 2608 3222 2657 et
3241 2605 3464 2673 accepta
3481 2596 3670 2654 licentia

418 2691 481 2747 in
509 2691 801 2747 refectorio
830 2691 1132 2746 benedictae
1157 2709 1275 2746 uvae
1305 2709 1405 2763 per
1430 2693 1775 2747 sacerdotem
1809 2698 1865 2747 et
1879 2693 2026 2764 prio-
2105 2695 2335 2749 missam
2358 2692 2625 2748 cantabit.
2664 2693 2747 2748 Ad
2790 2693 3011 2763 signum
3043 2697 3177 2745 ante
3198 2691 3444 2754 tertiam,
3474 2689 3518 2742 si
3535 2686 3669 2740 citius

419 2781 500 2836 ris
530 2781 860 2852 septimana:
875 2780 1374 2835 hebdomadarium
1397 2781 1814 2837 distribuuntur
1832 2782 1889 2836 in
1903 2783 2023 2836 loco
2106 2784 2269 2838 solito
2285 2784 2355 2837 ad
2375 2783 2674 2837 lavandum
2695 2783 2970 2855 pulsatur,
2991 2781 3076 2835 vel
3097 2780 3195 2834 ille
3210 2796 3279 2835 ex
3300 2779 3485 2848 aliqua
3508 2791 3669 2831 neces-

420 2872 757 2937 hostiarum,
791 2871 939 2942 quod
961 2888 1075 2925 non
1100 2872 1401 2937 omittitur,
1443 2872 1665 2927 etiamsi
1705 2878 1788 2926 est
1828 2872 2025 2928 Domi-
2108 2874 2274 2928 sitate
2319 2873 2622 2943 impeditus
2647 2872 2847 2926 saltem
2884 2876 3014 2925 ante
3042 2870 3195 2924 idem
3243 2869 3461 2940 signum
3503 2881 3671 2920 manus

422 2962 549 3018 nica
578 2962 718 3017 dies.
752 2962 897 3016 Sunt
924 2967 1192 3032 praeterea
1250 2966 1305 3015 et
1347 2960 1470 3015 aliae
1501 2966 1617 3015 tres
1639 2961 1871 3032 species,
1903 2978 2082 3033 quae“
2108 2962 2619 3033 abluit,abincepto
2636 2979 2737 3016 suo
2766 2977 2878 3015 non
2905 2959 3143 3019 desistit.
3181 2964 3241 3014 et
3253 2957 3673 3028 semetipsum.et

584 3012 717 3017 —-"~
1257 3012 1302 3015 --
1909 3012 2021 3032 γη
2110 3012 2729 3033 ν--τ-νντ-η-ν-τ--ηη
3112 3012 3143 3019 κ.
3194 3012 3203 3014 τ
3268 3012 3273 3013 κ
3455 3012 3470 3028 .
3608 3012 3613 3013 κ

422 3068 491 3106 ex
510 3068 667 3106 more
705 3050 761 3105 in
799 3050 1093 3105 refectorio
1120 3050 1546 3115 benedicuntur,
1575 3050 1629 3104 id
1662 3055 1747 3105 est
1797 3012 2085 3105 novella:C
2110 3053 2427 3123 adjutorem
2441 3068 2605 3106 suum
2619 3049 3071 3122 aquabenedicta
3085 3048 3358 3120 aspergit;
3382 3045 3670 3118 quodetiam

427 3139 589 3206 fabae,
621 3155 798 3194 novus
827 3140 1010 3209 panis,
1040 3144 1097 3192 et
1121 3144 1401 3203 mustum;
1432 3144 1488 3193 et
1508 3139 1611 3192 hoc
1634 3140 1817 3193 modo.
1840 3140 2028 3194 Lectio
2111 3142 2158 3197 si
2182 3140 2371 3195 statim
2397 3146 2522 3212 post
2547 3140 2806 3194 litaniam
2841 3144 3068 3192 cantare
3103 3138 3301 3203 voluit,
3355 3152 3461 3191 non
3494 3131 3669 3188 omisit.

425 3231 497 3284 ad
522 3245 774 3284 mensam
798 3229 958 3300 prius
982 3228 1297 3294 inchoatur,
1333 3233 1455 3297 post
1472 3230 1629 3298 cujus
1650 3229 1895 3300 primum
1908 3246 2031 3282 ver—
2183 3231 2339 3285 Inter
2353 3229 2657 3283 tenendum
2674 3228 2875 3282 stolam
2897 3227 3309 3282 confessionem
3334 3224 3679 3294 dicit,respon-

428 3336 554 3373 sum
581 3326 737 3373 stans
771 3318 1030 3372 sacerdos
1059 3317 1333 3371 in'medio
1362 3317 1642 3371 refectorii
1665 3323 1796 3372 ante
1830 3318 2032 3389 princi-
2113 3320 2281 3374 dente
2328 3318 2435 3373 sibi
2482 3334 2748 3372 converso
2781 3334 2999 3371 versum
3043 3318 3395 3381 Misereatur,
3430 3330 3492 3368 ac
3516 3311 3676 3367 statim

426 3410 610 3481 palem
640 3423 912 3471 mensam,
945 3405 1601 3477 praemissasalutatione,
1622 3406 1843 3478 singula
1871 3408 2034 3463 bene—
2114 3408 2459 3479 adjungente
2505 3407 2908 3461 confessionem
2934 3424 2947 3474 ;
2978 3406 3069 3461 cui
3107 3405 3244 3460 dum
3276 3405 3372 3460 ille
3396 3401 3675 3475 respondet,

427 3496 565 3550 dicit
592 3495 804 3566 absque
834 3494 995 3548 stola.
1039 3494 1218 3547 Fabae
1272 3494 1351 3548 ita
1382 3512 1393 3546 :
1429 3496 1657 3549 Benedic
1687 3498 1911 3551 Domine
1941 3482 2052 3551 hos~
2117 3496 2492 3552 deosculando
2512 3496 2713 3550 stolam
2739 3495 2844 3549 sibi
2864 3495 2983 3566 ipse
3008 3495 3276 3566 imponit,
3311 3494 3676 3561 Indulgenliam

428 3587 675 3653 fructus.
734 3583 942 3636 Panem
989 3582 1103 3636 ita:
1135 3584 1378 3650 Benedic,
1427 3585 1676 3645 Dom-ine,
1717 3590 2033 3640 creaturam
2116 3603 2242 3641 cum
2270 3586 2364 3640 illo
2395 3602 2558 3640 versu
2581 3586 2939 3655 Adjutorium
2954 3580 3680 3653 nostrum,etc.,moxadjun-

424 3676 613 3743 panis.
655 3672 903 3726 Mustum
925 3672 1005 3726 ita
1044 3695 1055 3730 :
1090 3673 1317 3726 Domine
1336 3676 1678 3741 omnipotens
1706 3676 1832 3728 Jesu
1873 3676 2034 3730 Chri-
2114 3675 2625 3745 gens;'Converso
2661 3690 2788 3727 eum
2825 3672 3218 3743 genuﬂexione
3249 3673 3397 3726 hanc
3421 3672 3585 3741 ipsam
3611 3668 3681 3721 in-

429 3767 525 3829 ste,
550 3763 651 3830 qui
678 3777 743 3815 ea:
771 3763 1016 3829 quinque
1033 3761 1304 3829 panibus;
1336 3766 1393 3816 et
1424 3762 1660 3834 reliqua.
2118 3763 2469 3834 dulgentiam
2498 3763 2804 3835 accipiente
2829 3780 2842 3829 ;
2875 3761 2970 3833 qui
2992 3761 3165 3816 etiam
3191 3762 3274 3816 illi
3304 3761 3492 3815 casula
3518 3756 3682 3813 induto

948 3850 1182 3904 CAPUT
1219 3850 1509 3905 LXXXVI.
2118 3858 2410 3924 apteteam
2440 3853 2496 3906 in
2518 3851 2759 3915 brachia,
2799 3856 2856 3905 et
2886 3851 2943 3905 in
2975 3851 3307 3905 summitate
3335 3849 3529 3904 casulae
3553 3848 3685 3917 juxta

510 3941 578 3995 De
602 3941 831 4008 privata
852 3941 1019 3993 missa
1049 3941 1315 4007 quomodo
1342 3942 1415 3993 sit
1444 3942 1745 4007 cantanda,
1776 3942 1837 3995 id
1864 3947 1961 4008 est,
2118 3959 2333 3997 morem
2372 3940 2659 4012 componit
2686 3940 2998 3995 humerale.
3021 3940 3180 4009 Tunc
3207 3938 3418 3993 ablutis
3462 3942 3516 3992 et
3548 3933 3685 3991 tersis

1118 4030 1360 4096 legenda.
2120 4031 2309 4103 digitis
2339 4031 2651 4085 orationem
2668 4030 2895 4084 brevem
2908 4030 3170 4083 sacerdos
3185 4029 3323 4083 facit
3342 4026 3571 4083 inclinis.
3587 4023 3687 4088 Qua

504 4118 648 4189 (ιω.)
684 4117 960 4174 Sacerdos
980 4118 1027 4172 si
1047 4118 1322 4189 privatam
1341 4118 1569 4173 missam
1604 4123 1833 4173 cantare
1848 4118 2041 4179 volue-
2120 4120 2443 4186 terminata,
2467 4125 2686 4173 erectus
2714 4118 2895 4173 crucis
2922 4119 3085 4188 signo
3114 4135 3175 4172 se
3212 4118 3417 4173 munit.
3446 4117 3585 4181 Post,
3612 4128 3685 4166 os-

436 4208 532 4275 rit,
563 4208 753 4263 innuit
780 4223 1046 4262 converso
1073 4223 1198 4262 cum
1226 4207 1386 4277 signo
1416 4208 1616 4273 crucis,
1650 4208 1798 4278 quod
1828 4214 1911 4263 est
1933 4208 2043 4279 sig-
2121 4210 2308 4264 culato
2328 4209 2525 4273 altare,
2557 4208 2791 4262 dicenda
2821 4207 3062 4279 requirit
3088 4207 3149 4263 in
3172 4207 3410 4262 missali.

436 4314 574 4352 num
598 4297 890 4352 cantanda:
912 4297 1115 4351 missze.
1159 4297 1265 4360 Qui
1313 4297 1578 4351 continuo
1608 4314 1850 4368 sequens
1882 4298 2041 4353 illum
2201 4297 2488 4368 (un.)lnde
2518 4298 2746 4351 missam
2770 4296 3047 4368 incipiens
3074 4300 3260 4350 totum
3280 4287 3688 4363 cantum,quiad

437 4385 509 4440 ad
532 4386 739 4451 locum,
773 4384 867 4440 ubi
886 4392 1020 4440 sunt
1037 4385 1304 4439 utensilia
1326 4385 1617 4440 recondita
1635 4385 1709 4439 ad
1737 4386 2036 4441 missarum
2055 4373 2103 4431 Π
2125 4404 2256 4442 eum
2281 4387 2543 4458 pertinet,
2568 4389 2589 4410 "
2612 4402 2711 4458 pro
2733 4386 2915 4440 edicto
2936 4386 3167 4440 Patrum
3190 4378 3691 4449 nostrorum,magis

439 4474 733 4541 solemnia,
782 4473 1036 4529 accendit
1088 4474 1401 4539 candelam,
1451 4473 1608 4546 ponit
1643 4474 1701 4528 in
1748 4475 2042 4529 sinistrum
2123 4477 2260 4548 legit
2288 4476 2645 4541 indirectum,
2691 4492 2861 4547 quam
2896 4475 3104 4530 audeat
3148 4480 3399 4529 cantare.
3430 4472 3513 4527 Ad
3530 4467 3691 4526 Gloria

438 4562 734 4617 brachium
780 4562 1125 4617 sacerdotale
1170 4563 1584 4628 vestimentum,
1642 4564 1723 4618 ita
1767 4569 1834 4618 ut
1869 4563 2041 4619 limbo
2128 4568 2302 4629 Patri,
2345 4581 2405 4619 se
2435 4565 2688 4630 inclinat,
2724 4565 2795 4619 ad
2828 4566 3096 4619 Dominus
3124 4566 3423 4629 vobiscum,
3454 4565 3618 4616 totum
3644 4571 3692 4609 se

442 4650 585 4706 albze
624 4650 822 4705 subtus
870 4667 1029 4705 verso
1085 4650 1291 4705 librum
1351 4651 1632 4707 missalem
1676 4658 2036 4725 superponat.
2124 4654 2292 4709 vertit
2311 4652 2569 4708 manibus
2586 4655 2788 4709 erectis
2807 4657 2862 4708 et
2883 4653 3375 4724 capiteinclinato.
3423 4649 3693 4705 Collectam

445 4740 717 4796 Sacerdos
741 4744 929 4794 autem
966 4739 1073 4793 etsi
1119 4739 1295 4811 prius,
1326 4740 1471 4795 sicut
1509 4747 1565 4795 et
1619 4758 1935 4808 conversus,
1969 4743 2041 4798 ad
2124 4743 2335 4815 absque
2375 4748 2510 4797 tono
2541 4743 2611 4797 ad
2634 4743 2922 4797 dexteram
2951 4742 3147 4796 altaris
3195 4741 3353 4802 dicit,
3385 4741 3443 4794 in
3470 4738 3634 4810 prima
3651 4738 3697 4787 et

436 4829 779 4884 lavatorium
807 4828 867 4882 in
891 4829 1135 4883 claustro
1158 4846 1358 4884 manus
1384 4830 1606 4896 laverit,
1634 4832 1942 4887 studiosius
1961 4836 2046 4887 ta-
2124 4833 2329 4888 ultima
2347 4837 2570 4886 tantum
2587 4832 2864 4902 replicans
2896 4834 2997 4886 Per
3014 4833 3336 4886 Dominum.
3362 4829 3467 4884 Sed
3482 4828 3697 4882 lecturus

444 4934 576 4973 men
606 4922 664 4972 et
720 4918 788 4973 de
836 4934 965 4971 vase
994 4918 1053 4972 in
1093 4919 1324 4974 ecclesia
1350 4920 1421 4973 ad
1449 4920 1555 4974 hoc
1594 4936 1735 4991 Opus
1765 4920 2045 4976 destinato
2127 4921 2438 4992 Epistolam
2466 4916 2672 4975 librum
2697 4921 2858 4992 ponit
2876 4923 2943 4974 ad
2968 4920 3277 4985 sinistram,
3301 4918 3488 4990 ibique
3509 4914 3697 4985 reliqua

441 5024 539 5063 eas
568 5008 756 5062 lavare
784 5024 897 5062 non
927 5008 1169 5076 omittit;
1202 5009 1432 5064 calicem
1473 5026 1695 5081 quoque
1744 5011 1864 5081 jam
1917 5028 2044 5065 cum
2128 5011 2265 5066 dicit
2290 5027 2469 5081 usque
2491 5016 2616 5081 post
2636 5011 3120 5065 Communionem.
3156 5009 3303 5063 Dum
3333 5008 3581 5062 collectas
3606 4999 3697 5072 pri-

439 5098 570 5154 vino
591 5104 647 5152 et
675 5114 819 5169 aqua
850 5097 1105 5152 immixta
1135 5105 1394 5169 paratum
1429 5098 1501 5153 ad
1533 5098 1867 5153 sacrificium
1888 5099 2048 5155 simi-
2130 5117 2270 5162 mas.
2309 5099 2523 5154 medias
2554 5104 2613 5153 et
2651 5098 2876 5153 ultimas
2907 5098 3062 5163 dicit,
3095 5098 3324 5168 adjutor
3363 5098 3481 5167 ejus
3501 5087 3699 5148 acclinis

440 5188 574 5243 liter
602 5193 659 5243 et
682 5193 947 5261 patenam
975 5204 1103 5243 cum
1134 5189 1318 5243 hostia
1344 5194 1401 5244 et
1419 5188 1695 5260 corporali
1722 5189 2045 5260 superposi-
2128 5189 2357 5244 assidet.
2381 5190 2466 5243 Ad
2506 5189 2793 5243 Canonem
2816 5204 2947 5242 vero
2967 5188 3025 5242 in
3050 5186 3245 5242 diebus
3267 5186 3425 5240 festis
3446 5190 3499 5239 et
3517 5178 3699 5237 octavis

517 5331 662 5398 (111)
691 5333 984 5386 Primitias
1005 5333 1299 5399 fructuum
1325 5333 1429 5386 Deo
1453 5348 1765 5387 consecrare
1791 5334 2045 5385 exinsti-
2132 5332 2293 5385 Meri.
2350 5333 2471 5387 Vide
2513 5332 2658 5399 Hug.
2707 5332 2957 5385 Menard.
3002 5332 3096 5385 lib.
3146 5331 3267 5387 Sac.
3300 5314 3691 5395 Gregorii‘pag.

444 5404 652 5457 latione
672 5404 1013 5469 Eutychiani
1031 5406 1129 5457 PP.
1151 5405 1535 5472 pro/lim't,uti
1551 5405 1720 5472 refert
1734 5406 2048 5471 pontiﬁcale
2135 5403 2254 5459 173.

444 5472 709 5544 Damasi:
747 5460 851 5527 Hic
875 5474 1120 5529 instituit
1145 5460 1354 5544 fruges,
1402 5460 1580 5541 fabas,
1612 5460 1679 5529 ἐι
1716 5460 1931 5528 uvasin
1962 5474 2045 5528 al-
2208 5472 2349 5543 (112)
2397 5473 2571 5540 Fano,
2621 5474 2857 5541 Sindon,
2913 5488 3132 5543 mappa.
3168 5470 3311 5526 Vide
3350 5482 3536 5541 supra,
3579 5460 3698 5518 etin

439 5541 586 5600 tario
614 5542 886 5613 benedici,
913 5548 1058 5600 velut
1078 5551 1128 5606 et
1148 5541 1553 5614 martyrologia
1582 5547 1815 5611 Rabani,
1851 5553 1902 5600 el
1934 5547 2046 5599 No-
2128 5547 2248 5601 ind.
2285 5541 2419 5600 nasi.
2465 5551 2733 5600 onomast.

3055 5654 3091 5694 ι
