3872 6164
205 283 340 344 4017

1248 286 1668 344 CONSTITUT.
1711 284 2054 342 HIRSAUG.
2094 313 2165 328 -
2202 286 2338 342 LIB.
2380 287 2426 342 Ι.

3328 281 3473 341 1018

203 419 309 469 stat
325 413 410 469 vel
440 415 633 484 sedet;
656 414 755 469 sed
781 431 952 487 super
965 430 1154 485 genua
1180 413 1413 483 privatis
1441 411 1639 466 diebus
1668 410 1858 482 pro-A
1879 415 2013 466 tunc
2046 411 2198 477 facit,
2230 428 2358 466 cum
2388 411 2545 477 dicit,
2576 409 2783 480 Corpus
2811 414 2874 477 >14
2919 415 2968 465 et
3018 412 3249 477 sanguis
3282 412 3367 477 >14.
3398 409 3475 465 At

205 504 436 558 cumbit.
469 505 741 559 Lecturus
770 505 1132 575 Evangelium
1162 520 1198 557 a
1251 504 1458 557 domno
1483 500 1707 568 abbate,
1744 499 1792 553 si

204 594 379 661 adest,
412 592 858 649 benedictionem
900 593 1119 665 accipit,
1151 592 1353 647 deinde
1412 592 1697 646 osculatur
1736 595 1794 644 et

202 684 460 748 altare,et
483 683 630 738 inter
649 684 947 738 dicendum
967 682 1265 752 Sequentia
1282 685 1464 737 sancti
1483 683 1787 748 Evangelii,

202 772 447 842 singulas
477 789 668 827 cruces
688 772 826 827 facit
837 789 964 827 cum
987 772 1186 844 pollice
1204 771 1262 826 in
1281 772 1589 833 fronte,ore
1618 775 1675 823 et
1695 785 1794 841 pe-

203 867 382 914 ctore:
408 866 566 926 tunc,
604 861 884 915 Converso
909 861 1283 933 respondente
1319 860 1508 916 Gloria
1539 860 1657 920 tibi,
1692 860 1795 913 Do-

201 953 366 1013 mine,
389 955 451 1004 et
467 968 529 1004 se
547 950 708 1021 signo
725 948 989 1005 Crucisin
1008 950 1148 1004 facie
1170 950 1450 1020 signante,
1482 948 1604 1019 ipse
1632 964 1794 1002 oscu-

201 1038 750 1110 latui-Evangelium.
777 1039 1050 1094 Similiter
1068 1039 1219 1105 facit,
1270 1055 1402 1120 cum.
1451 1038 1589 1092 illud
1618 1037 1795 1107 perle-

201 1126 359 1197 gerit,
381 1128 694 1199 statimque
718 1127 1001 1183 Converso
1028 1134 1087 1183 et
1113 1128 1240 1182 aliis
1267 1126 1686 1183 communicare
1710 1142 1795 1179 vo-

202 1216 439 1280 lentibus
471 1216 545 1270 ad
567 1217 934 1271 osculandum
970 1216 1226 1288 porrigit.

265 1304 339 1359 Ut
364 1309 561 1358 autem
590 1310 718 1375 post
738 1304 1101 1375 Evangelium
1139 1303 1378 1358 dixerit:
1412 1304 1683 1357 Dominus
1711 1319 1797 1357 ro-

204 1393 425 1460 biscum,
453 1392 647 1447 statim
667 1398 957 1464 acceptum
971 1392 1041 1446 de
1060 1392 1225 1447 altari
1243 1392 1499 1457 linteum,
1541 1390 1690 1462 quod
1715 1389 1794 1445 ibi

201 1496 361 1535 musa
374 1480 651 1536 afferendi
667 1480 880 1552 jugiter
892 1483 1062 1552 jacet,
1086 1480 1476 1552 complicatum
1501 1479 1679 1533 eidem
1701 1480 1797 1534 ad-

197 1571 363 1640 jutori
383 1586 494 1625 suo
521 1570 779 1641 porrigit,
811 1570 1015 1624 deinde
1044 1570 1272 1625 calicem
1298 1586 1426 1624 cum
1472 1576 1680 1640 patena
1716 1569 1785 1623 ad

1874 516 2003 553 cum
2025 498 2179 566 dicit,
2203 502 2415 568 Accepit
2428 516 2650 568 panem,
2676 501 2794 572 ipse
2834 499 3035 570 accipit
3082 499 3326 553 hostiam
3356 499 3473 569 pri-

1874 587 1982 641 mis
2003 593 2247 659 quatuor
2266 588 2474 658 digitis,
2494 595 2549 642 et
2578 588 2984 659 aliquantisper
3012 590 3176 653 levat,
3212 604 3315 641 nec
3343 590 3475 641 ante

1876 677 2036 747 ponit
2065 693 2233 747 quam
2264 677 2415 732 dicat
2435 680 2543 732 Iloc
2561 684 2638 731 est
2660 694 2855 745 corpus
2881 678 3202 732 meum.Sed
3229 693 3357 731 cum
3385 676 3474 731 di-

1876 764 1969 830 cit,
2010 768 2317 829 Benedirit,
2351 766 2569 821 duobus
2592 766 2834 821 sinistrae
2885 783 3086 821 manus
3115 765 3306 836 digitis
3329 767 3475 820 hanc

1876 855 2056 926 ipsam
2104 856 2344 911 hostiam
2403 862 2622 924 tenens,
2657 858 2853 912 dextra
2881 874 3102 912 crucem
3149 870 3320 928 super
3348 872 3474 911 eam

1875 944 2027 999 facit.
2058 946 2196 1000 Item
2224 962 2349 1000 cum
2379 946 2531 1012 dicit,
2563 948 2844 1015 Accipiens
2872 952 2923 1000 et
2951 948 3099 1000 hunc
3134 949 3473 1014 praeclarum

1878 1037 2124 1098 relic-nn,
2157 1034 2362 1106 accipit
2401 1041 2459 1091 et
2510 1036 2697 1107 ipsum
2721 1036 2997 1107 corporali
3035 1040 3385 1107 coopertum,
3415 1039 3474 1089 et

1877 1120 2022 1175 levat
2046 1138 2268 1192 parum.
2302 1122 2408 1177 Sed
2429 1122 2578 1177 dicto
2609 1124 2828 1178 Gratias
2847 1140 3011 1189 agens
3035 1123 3212 1194 ponit,
3245 1139 3370 1177 cum
3400 1121 3473 1176 si-

1876 1209 2057 1263 nistra
2081 1216 2271 1264 tamen
2301 1218 2519 1276 tenens,
2556 1216 2613 1266 et
2650 1212 2721 1265 ad
2746 1213 3029 1266 Bent-dixit
3060 1214 3142 1277 >14,
3172 1210 3464 1265 benedicit.

1874 1298 1958 1353 Ad
1982 1300 2237 1368 Accipite,
2258 1301 2463 1354 iterum
2494 1301 2640 1355 levat
2663 1305 2720 1355 et
2757 1307 2912 1355 tenet
2938 1316 3118 1370 usque
3138 1300 3271 1354 dum
3300 1299 3469 1364 dicat,

1878 1390 1923 1444 11
1930 1392 1979 1443 ic
1996 1395 2070 1442 est
2091 1393 2239 1444 calix
2257 1392 2731 1457 sanguim‘s.ltem
2752 1406 2878 1445 cum
2900 1390 3053 1453 dicit,
3095 1392 3343 1445 Hostiam
3367 1404 3471 1457 pu-

1878 1496 1999 1533 ram
2027 1484 2110 1547 >14,
2137 1482 2368 1535 limtiam
2402 1489 2648 1535 sanctam
2673 1484 2756 1547 μθ,
2783 1483 3017 1535 hostiam
3045 1482 3472 1535 immaculatum

1874 1571 1961 1637 >14,
1985 1568 2113 1623 facit
2152 1575 2269 1624 tres
2304 1587 2498 1625 cruces
2524 1587 2853 1624 communes
2869 1575 3383 1641 superutrumque,
3415 1571 3474 1623 et

201 1659 725 1714 oﬂ‘erendum.Alius
740 1675 910 1729 quam
930 1659 1157 1729 adjutor
1178 1660 1299 1729 ejus
1316 1664 1498 1729 potest
1531 1656 1605 1710 ibi
1621 1658 1788 1711 olier-
1809 1728 1826 1731 ᾼ
1871 1674 2040 1712 unam
2065 1676 2236 1729 super
2253 1659 2470 1731 Corpus
2496 1659 2739 1723 Domini,
2762 1675 2889 1713 cum
2921 1659 3076 1723 dicit,
3105 1660 3315 1713 Panem
3338 1674 3468 1713 san—

200 1764 274 1813 re,
305 1747 353 1801 si
382 1747 496 1801 iste
524 1763 639 1801 non
672 1748 794 1801 vult
820 1747 1254 1802 communicare.
1308 1746 1468 1801 Inter
1494 1728 1852 1800 dicendumB
1874 1752 2021 1800 ctum
2044 1750 2167 1802 vita
2185 1754 2416 1812 acterna“,
2449 1749 2684 1803 alteram
2701 1764 2872 1819 super
2884 1748 3132 1813 calicem,
3155 1763 3283 1801 cum
3311 1746 3470 1814 dicit,

204 1836 541 1891 oll‘erendam
595 1836 656 1891 in
706 1836 891 1891 medio
933 1837 1130 1892 altaris
1180 1836 1467 1907 corporale
1503 1835 1785 1905 expandit,

203 1926 479 1980 Converso
498 1926 724 1980 interim
766 1926 984 1992 acclini,
1019 1943 1145 1980 cum
1178 1926 1349 1980 calice
1377 1942 1444 1980 ex
1471 1931 1675 1996 patena
1698 1942 1789 1979 su-

201 2015 481 2086 perposita
496 2020 736 2080 astante,
751 2015 927 2069 donec
955 2016 1075 2087 ipse
1103 2015 1174 2069 ad
1195 2033 1261 2069 ea
1288 2015 1609 2086 accipienda
1621 2031 1789 2085 expe‘

200 2102 275 2157 dit
298 2120 378 2159 se.
412 2105 553 2167 Quae
580 2102 677 2158 ubi
704 2104 1034 2175 singillatim
1061 2105 1207 2159 idem
1240 2103 1484 2175 primum
1523 2109 1786 2173 patenum

200 2208 315 2246 cum
330 2193 536 2258 hostia,
562 2193 766 2247 deinde
793 2195 1024 2248 calicem
1053 2201 1295 2264 utraque
1321 2210 1522 2248 manus
1552 2194 1786 2247 deoscu-

196 2281 395 2336 latione
424 2281 619 2336 oblata
641 2282 970 2354 susceperit,
1001 2290 1059 2337 et
1089 2283 1320 2337 calicem
1364 2283 1788 2354 superpositum

199 2370 479 2440 corporale
493 2377 551 2423 et
562 2376 823 2440 patenum
835 2370 1036 2425 subtus
1048 2376 1255 2425 tectam
1276 2371 1440 2439 locet,
1459 2370 1787 2441 priusquam

198 2456 417 2511 calicem
438 2457 698 2528 accipiat,
742 2458 974 2513 linteum
1004 2459 1271 2530 plicatum
1302 2475 1338 2512 a
1367 2459 1646 2513 Converso
1674 2474 1786 2512 non

196 2543 307 2597 sine
320 2561 524 2598 manus
544 2545 964 2600 deosculatione
981 2546 1193 2618 recipit.
1214 2546 1346 2601 etin
1367 2546 1533 2600 altari
1548 2546 1790 2616 reponit.

194 2629 402 2686 Deinde
425 2632 588 2686 binos
618 2639 676 2687 et
705 2634 914 2705 primos
966 2635 1258 2705 utriusque
1310 2651 1514 2688 manus
1566 2634 1790 2703 digitos,

196 2720 394 2791 quibus
424 2738 628 2793 corpus
657 2723 1011 2777 Dominicum
1045 2729 1129 2778 est
1158 2724 1538 2789 tractandum,
1558 2724 1709 2777 lavat
1736 2727 1795 2777 et

199 2810 497 2877 combinat,
532 2827 648 2865 non
677 2817 981 2882 antequam
1013 2828 1109 2867 eos
1157 2821 1286 2884 post
1335 2813 1791 2867 communionem

197 2901 406 2966 laveiit,
444 2900 555 2954 nisi
584 2900 656 2954 ad
682 2918 874 2956 cruces
921 2902 1223 2968 faciendas,
1256 2901 1328 2956 ab
1357 2902 1592 2957 invicem
1624 2918 1789 2973 sepa-

198 2989 420 3055 randos,
439 2990 635 3061 sicque
647 2991 875 3045 tandem
889 2991 959 3045 ad
988 2992 1301 3046 orationem
1325 2992 1568 3061 Suscipe,
1600 2996 1791 3046 sancta

1878 1836 1943 1889 Et
1963 1839 2185 1889 calicem
2215 1840 2416 1903 salutis
2442 1843 2731 1906 perpetuae.
2765 1837 2908 1890 Nam
2937 1835 3016 1890 sic
3036 1835 3221 1906 ipsum
3253 1835 3469 1905 Corpus

1876 1925 2102 1979 Domini
2133 1926 2280 1980 inter
2300 1943 2360 1979 se
2388 1932 2445 1981 et
2493 1926 2722 1981 calicem
2769 1942 2940 1995 super
2992 1924 3280 1997 corporale
3305 1922 3473 1978 debet

1875 2014 2146 2084 posuisse,
2170 2020 2234 2069 ut
2262 2014 2321 2069 in
2347 2015 2617 2086 singulas,
2668 2031 2794 2069 cum
2838 2015 2975 2069 ordo
3007 2014 3197 2085 exigit,
3231 2018 3287 2067 et
3314 2028 3469 2067 com-

1871 2119 2072 2157 munes
2093 2121 2265 2175 super
2292 2105 2409 2158 haec
2431 2104 2608 2176 possit
2636 2105 2820 2159 facere
2840 2120 3051 2158 cruces.
3075 2102 3163 2157 Ad
3188 2102 3469 2169 Supplices

1872 2196 1919 2245 te
1952 2209 2233 2261 rogamus,
2266 2210 2326 2247 se
2383 2193 2637 2248 inclinat.
2663 2194 2732 2247 Et
2777 2210 2905 2248 cum
2960 2192 3116 2257 dicit,
3146 2193 3228 2246 Ea:
3267 2192 3471 2245 altaris

1865 2285 2317 2350 participatione,
2350 2284 2600 2337 osculato
2626 2282 2791 2337 altari
2817 2300 2876 2336 se
2905 2282 3089 2352 erigit,
3119 2285 3177 2335 et
3203 2281 3353 2335 inter
3380 2278 3466 2333 di-

1871 2370 2135 2426 cendum.
2170 2369 2597 2425 Sacrosanctmn
2630 2388 2825 2438 corpus
2865 2377 2912 2424 et
2966 2372 3319 2437 sanguinem,
3348 2366 3472 2422 nul-

1870 2457 1981 2510 lam
2014 2458 2250 2513 omnino
2276 2476 2497 2513 crucem
2523 2460 2675 2513 facit.
2718 2459 2825 2513 Sed
2856 2458 2988 2512 dum
3018 2458 3172 2523 dicit,
3202 2458 3367 2511 Omni
3388 2457 3474 2510 be-

1876 2548 2181 2600 nedictione
2211 2551 2406 2601 calesli
2432 2553 2479 2600 et
2526 2551 2715 2613 gratia
2766 2550 3100 2613 repleantur,
3131 2545 3191 2599 in
3230 2544 3372 2598 facie
3410 2560 3472 2598 se

1874 2634 2060 2705 ipsum
2091 2652 2255 2689 cruce
2285 2635 2486 2705 signat.
2533 2634 2671 2689 Item
2704 2635 2773 2688 ad
2805 2633 3127 2702 Sanctiﬁcas
3169 2638 3254 2701 >14,
3290 2636 3472 2701 viviﬁ-

1876 2740 1965 2777 cas
1995 2728 2058 2791 >14
2090 2725 2355 2777 bene-dicis
2372 2728 2458 2791 >14,
2482 2730 2599 2778 tres
2627 2739 2954 2778 communes
2983 2738 3175 2776 cruces
3226 2722 3358 2775 facit
3381 2736 3471 2774 su-

1874 2828 1976 2883 per
2001 2818 2307 2884 utrumque
2331 2813 2519 2867 simul.
2549 2812 2635 2867 Ad
2663 2816 2893 2867 Pra'stas
2923 2812 3098 2875 nobis,
3122 2810 3351 2864 calicem
3382 2809 3471 2863 di-

1874 2917 1967 2954 sco
1992 2902 2320 2972 eooperiens
2352 2908 2579 2974 accepto
2594 2907 2716 2956 tum
2733 2917 2966 2972 corpore
2986 2899 3462 2955 Dominico.Inter

1873 2990 2170 3045 dicendum
2201 2994 2303 3045 Per
2328 2995 2511 3060 ipsum
2537 2995 2599 3059 >14
2630 2997 2679 3044 et
2709 3008 2834 3045 cum
2862 2994 2975 3059 ipso
2997 2992 3059 3055 >14
3082 2993 3130 3041 et
3162 2990 3223 3041 in
3244 2990 3357 3056 ipso
3381 2989 3467 3054 ᾖ,

202 3080 605 3145 Trinitas,etc.,
626 3080 1357 3146 seseinclinat,eteamdem
1387 3080 1697 3135 orationem
1719 3080 1790 3134 ad
1807 3054 1850 3115 Ο
1874 3082 2104 3136 calicem
2135 3088 2333 3135 tenens
2363 3081 2608 3146 sinistra,
2645 3087 2702 3135 et
2729 3097 2931 3151 corpus
2959 3080 3156 3133 dextra
3192 3094 3318 3132 cum
3348 3077 3471 3148 ipso

196 3168 421 3222 missam
451 3168 703 3221 vivorum
736 3175 794 3221 et
821 3168 1211 3223 defunctorum
1234 3185 1458 3240 semper
1484 3186 1597 3223 uno
1624 3169 1791 3223 modo

195 3256 479 3320 dicit.Qua
498 3256 669 3322 dicta,
691 3272 793 3327 per
815 3256 1069 3310 dextram
1112 3257 1323 3311 Versus
1356 3258 1643 3312 adstantes
1663 3274 1791 3325 cum

194 3345 390 3400 humili
420 3345 623 3416 capitis
652 3345 1014 3400 inclinatione
1052 3345 1213 3401 dicit:
1244 3347 1406 3402 Orate
1430 3363 1537 3416 pro
1568 3364 1652 3400 me
1674 3363 1793 3415 pec-

195 3438 388 3488 catore.
407 3433 627 3487 Dehinc
655 3433 792 3487 item
820 3450 1079 3488 reversus
1106 3451 1209 3505 per
1228 3434 1481 3489 dextram
1532 3435 1604 3489 ad
1644 3422 1793 3489 sini-

196 3530 371 3576 strum
403 3539 582 3577 cornu
611 3522 807 3577 altaris
840 3523 1100 3577 collectas
1128 3530 1469 3578 secretarum
1500 3541 1567 3578 eo
1596 3525 1793 3579 ordine

196 3610 450 3683 dicitquo
471 3618 528 3665 et
548 3612 780 3682 primas;
804 3612 902 3665 sed
932 3611 1004 3665 ad
1031 3612 1274 3683 primam
1301 3618 1522 3667 tantum
1553 3614 1796 3684 praemit-

73 3726 97 3742 -
194 3700 277 3763 tit,
306 3704 626 3767 Oremus,et
639 3702 874 3755 cumPer
886 3701 1171 3756 Christum
1192 3703 1493 3756 Dominum
1515 3708 1791 3768 nostrum,

196 3790 446 3860 singulas
475 3789 600 3843 ﬁnit
622 3794 829 3861 praeter
856 3790 1116 3844 ultimam
1147 3809 1160 3843 :
1208 3791 1279 3845 ad
1336 3791 1483 3845 hanc
1511 3791 1660 3845 enim
1689 3793 1796 3846 Per

195 3875 494 3929 Dominum
528 3879 788 3928 nostrum
816 3874 955 3929 dicit
978 3881 1214 3942 secreto,
1238 3892 1437 3947 usque,
1470 3879 1575 3931 Per
1601 3880 1793 3930 omnia

193 3965 391 4018 szcula
418 3966 773 4031 saeculorum,
805 3963 956 4034 quod
985 3964 1156 4018 altius
1177 3970 1265 4019 est
1290 3966 1792 4037 pronuntiandum.

1871 3175 1989 3223 tres
2009 3186 2201 3223 cruces
2220 3186 2321 3240 per
2348 3170 2593 3224 medium
2623 3169 2811 3224 calicis
2841 3168 3084 3238 desuper
3104 3171 3255 3231 ante,
3279 3170 3337 3220 et
3354 3171 3471 3219 tres

1873 3264 2005 3312 ante
2039 3274 2099 3312 se
2129 3265 2286 3312 extra
2316 3258 2373 3312 in
2392 3259 2579 3312 calicis
2608 3259 2803 3324 latere,
2835 3263 2971 3312 tunc
3016 3273 3142 3310 cum
3189 3255 3344 3322 dicit,
3375 3255 3471 3309 Est

1877 3350 1979 3402 tibi
2006 3350 2109 3402 Deo
2147 3350 2309 3403 Patri
2326 3353 2389 3416 >14
2416 3352 2797 3416 omnipotenti,
2831 3350 2892 3399 in
2924 3348 3138 3399 unitate
3184 3348 3247 3412 >14
3292 3345 3473 3397 sancti

1875 3438 2142 3506 Spiritus,
2174 3440 2357 3490 omnis
2401 3439 2578 3490 honor
2623 3442 2673 3490 et
2718 3439 2925 3504 gloria.
2958 3434 3113 3489 Inter
3144 3432 3465 3496 dicendum,

1876 3529 1979 3580 Per
2042 3529 2233 3580 omnia
2299 3531 2496 3580 sa’cuta
2560 3530 2908 3589 saculormn,
2981 3540 3183 3594 corpus
3247 3521 3473 3576 Domini

1876 3614 2027 3668 inter
2054 3631 2113 3668 se
2144 3620 2200 3668 et
2222 3615 2452 3668 calicem
2482 3615 2679 3686 primis
2696 3620 2939 3686 quatuor
2956 3612 3149 3683 digitis
3176 3617 3377 3666 tenens
3391 3611 3475 3682 ip-

1876 3721 2001 3777 sum
2029 3704 2243 3774 pariter
2269 3720 2397 3758 cum
2424 3705 2596 3758 calice
2625 3704 2695 3758 de
2716 3702 2995 3775 corporali
3039 3700 3311 3756 ambabus
3356 3716 3473 3754 ma-
3514 3774 3521 3781 ν

1879 3792 2044 3847 nibus
2071 3809 2378 3864 parumper
2402 3794 2588 3847 levato
2613 3798 2912 3848 sustentat.
3492 3792 3503 3801 ’

1949 3882 2032 3936 Ad
2060 3884 2344 3950 Pra'ceptis
2390 3884 2758 3944 salutaribus,
2806 3882 2989 3953 posito
3029 3880 3220 3946 calice,
3269 3894 3473 3949 corpus

1876 3971 2099 4025 Domini
2127 3971 2284 4042 ponit
2310 3971 2540 4041 propius
2582 3987 2750 4041 quam
2793 3970 2967 4041 prius,
2987 3976 3051 4023 ut
3075 3969 3265 4023 statim
3280 3966 3473 4037 digitis

146 4042 167 4077 ί
193 4053 349 4108 Inter
376 4052 678 4107 dicendum
710 4070 724 4108 :
775 4053 1015 4108 Sursum
1060 4056 1244 4121 corda,
1272 4061 1541 4126 utrasque
1592 4071 1793 4110 manus
1875 4060 2028 4114 inter
2055 4059 2305 4124 calicem,
2330 4075 2401 4113 ne
2432 4058 2565 4129 quid
2590 4059 2661 4112 de
2686 4075 2917 4129 corpore
2947 4056 3172 4111 Domini
3216 4056 3471 4109 adhaese-

195 4147 439 4213 quatuor
454 4140 648 4212 digitis
664 4146 746 4205 (ut
762 4141 975 4195 dictum
995 4143 1795 4211 est)combinatis,reverenter
1877 4150 1971 4214 rit,
2009 4148 2275 4213 excussis,
2309 4164 2435 4202 cum
2476 4147 2645 4201 calice
2675 4148 2845 4200 etiam
2872 4162 3075 4216 corpus
3113 4143 3337 4198 Domini
3376 4159 3473 4197 co-

193 4247 372 4303 usque
403 4232 476 4285 ad
504 4232 776 4285 humeros
804 4231 970 4285 levat.
1005 4231 1108 4286 Cui
1133 4232 1305 4286 etiam
1350 4233 1456 4287 hoc
1503 4233 1793 4287 sciendum
1878 4236 2282 4308 operiatDicta
2296 4242 2484 4289 autem
2502 4235 2758 4289 oratione
2774 4232 3474 4304 Dominica,respondetur

193 4326 296 4387 est,
325 4319 476 4391 quod
503 4320 639 4389 hinc
657 4336 745 4385 80.
769 4337 881 4391 quo
927 4326 1064 4375 tunc
1112 4339 1171 4375 88
1223 4321 1394 4376 habet
1436 4322 1651 4388 habitu,
1682 4339 1861 4397 non“
1879 4328 1983 4384 Sed
2009 4329 2182 4380 libera
2212 4343 2308 4379 nos
2335 4343 2371 4380 α
2402 4328 2547 4379 malo
2578 4343 2595 4388 ;
2619 4325 2736 4397 ipse
2761 4330 2952 4379 autem
2972 4324 3142 4378 tacite
3174 4320 3475 4393 respondet

191 4416 324 4465 ante
354 4415 577 4465 mutare
602 4409 789 4476 debet,
816 4427 986 4482 quam
1015 4412 1274 4466 sacriﬁcii
1303 4412 1779 4481 consecrationem
1812 4409 1861 4430 "
1878 4416 2074 4475 Amen.
2103 4417 2194 4471 Sic
2214 4432 2436 4487 quoque
2466 4416 2657 4469 Libera
2687 4430 2802 4477 nos,
2858 4428 3189 4481 quasumus,
3223 4413 3471 4477 Domine,

192 4498 466 4568 perﬁciat,
491 4497 600 4551 nisi
618 4514 746 4552 cum
789 4505 889 4554 aut
912 4500 1235 4565 inclinatus,
1283 4508 1384 4556 aut
1418 4502 1476 4557 in
1506 4503 1684 4558 Cruce
1711 4503 1797 4557 fa-
1878 4506 2071 4561 statim
2094 4505 2340 4570 inchoat,
2374 4510 2434 4559 et
2456 4503 2603 4557 dicto
2633 4504 2701 4556 ab
2721 4506 2878 4557 omni
2889 4504 3309 4572 perturbatione
3328 4517 3475 4557 δασυτ-

192 4586 396 4642 cienda
422 4588 509 4641 vel
537 4587 815 4642 sacriﬁcio
837 4589 1132 4644 tractando
1159 4598 1482 4662 occupatur.
1877 4600 1954 4657 ri,
1979 4601 2114 4649 tunc
2139 4594 2368 4648 calicem
2394 4592 2836 4663 disco‘operiens
2865 4608 3066 4664 corpus
3078 4590 3301 4646 Domini
3335 4590 3478 4644 acci-

264 4677 727 4743 Czeterum,dicta
748 4678 1097 4748 praefatione,
1119 4680 1190 4734 ad
1213 4680 1447 4736 Sanctus
1466 4697 1526 4735 se
1542 4680 1793 4747 inclinat,
1878 4685 2057 4756 pit.Et
2077 4684 2227 4737 inter
2241 4682 2561 4745 dicendum,
2579 4698 2681 4750 per
2710 4683 3010 4735 Dominum
3032 4685 3306 4745 nostrum,
3339 4680 3476 4734 dex-

194 4765 393 4837 sicque
427 4765 651 4819 inclinis
679 4766 753 4819 ad
799 4768 1119 4822 Benedictus
1157 4772 1259 4838 qui
1286 4773 1458 4834 venit,
1487 4770 1545 4824 in
1576 4771 1718 4825 facie
1738 4788 1799 4825 se
1878 4780 2027 4828 tram
2054 4778 2271 4845 partem
2318 4770 2593 4826 Dominici
2633 4770 2884 4841 corporis
2913 4770 3095 4840 digito
3124 4786 3340 4834 secans,
3362 4786 3476 4825 non

191 4856 406 4926 signat,
432 4855 582 4925 quod
614 4860 921 4926 utrumque
951 4862 1008 4910 et
1047 4858 1360 4913 Conversus
1388 4859 1556 4914 debet
1582 4860 1790 4917 facere.
1879 4864 2107 4935 penitus
2129 4878 2253 4915 eam
2267 4865 2512 4932 separat,
2530 4860 2627 4914 sed
2645 4876 2771 4914 cum
2812 4859 2970 4928 dicit,
2992 4861 3099 4928 Qui
3127 4865 3302 4913 tecum
3339 4861 3477 4912 vivit

195 4944 309 4998 Sed
334 4944 628 5003 Sacerdos.
653 4944 919 4999 inchoato
954 4947 1017 5001 Te
1040 4949 1237 5015 igitur,
1272 4965 1332 5002 se
1369 4948 1554 5020 erigit,
1586 4949 1684 5003 sed
1713 4966 1801 5004 ac-
1882 4958 1932 5006 et
1964 4956 2178 5019 regnat,
2201 4950 2490 5004 sinistram
2514 4950 2846 5020 particulam
2868 4967 2936 5003 ex
2959 4955 3078 5003 toto
3105 4947 3321 5012 dividit,
3355 4963 3477 5003 me-

191 5034 365 5088 clinis
396 5049 409 5084 :
442 5040 501 5088 et
526 5034 674 5088 dicto
704 5034 986 5103 Supplices
1019 5040 1065 5089 te
1098 5052 1380 5104 rogamus,
1425 5054 1494 5092 ac
1538 5042 1795 5108 petimus,
1882 5041 2087 5112 dieque
2116 5040 2426 5109 conjungit.
2461 5039 2527 5093 Et
2552 5055 2678 5092 cum
2708 5038 2845 5093 dicit
2876 5056 2887 5091 :
2921 5040 3025 5093 Per
3063 5040 3253 5092 omnia
3280 5038 3477 5089 sarcula

190 5131 335 5176 tunc
369 5122 613 5193 primum
642 5138 770 5175 cum
802 5124 1148 5180 osculatione
1164 5127 1362 5181 altaris
1389 5144 1448 5181 se
1468 5144 1532 5182 ex
1555 5133 1674 5182 toto
1695 5128 1801 5183 eri-
1882 5133 2226 5192 multorum,
2261 5129 2511 5182 dextram
2552 5124 2887 5199 particulam
2939 5126 3161 5197 accipit,
3197 5141 3323 5178 cum
3364 5138 3475 5194 qua

185 5211 295 5280 git.
332 5211 488 5265 Inter
515 5210 836 5276 dicendum,
876 5215 995 5267 Ilaec
1022 5218 1087 5281 >14
1113 5216 1279 5280 dona,
1312 5216 1422 5269 hac
1450 5220 1514 5284 >14
1537 5233 1793 5271 munera.
1883 5219 1952 5275 ad
1982 5221 2099 5273 Pas:
2129 5220 2371 5279 Domini,
2404 5233 2506 5288 per
2556 5217 2802 5271 medium
2852 5216 3038 5271 calicis
3079 5214 3322 5283 desuper
3358 5218 3473 5266 tres

190 5300 307 5353 hac
356 5305 548 5353 sancta
580 5302 643 5365 >14
695 5302 973 5368 sacriﬁcia
1022 5305 1262 5369 illibata,
1308 5310 1424 5359 tres
1470 5322 1797 5360 communes
1879 5323 2075 5361 cruces
2103 5310 2262 5359 tanta
2314 5304 2442 5359 fecit
2495 5304 2843 5364 festinantia,
2876 5309 2940 5357 ut
2990 5302 3139 5373 ipsas
3188 5300 3339 5354 inter
3374 5299 3479 5354 has

188 5403 580 5459 crucessuper
606 5393 907 5459 utramque
922 5389 1262 5446 oblationem
1292 5393 1443 5462 facit;
1468 5395 1726 5449 similiter
1740 5401 1799 5450 et
1883 5395 2132 5465 quinque
2163 5392 2537 5447 dictiunculas
2566 5392 2837 5463 perﬁciat,
2866 5396 2925 5444 et
2951 5390 3021 5443 ad
3056 5390 3226 5442 tinem
3248 5388 3472 5450 harum,

191 5484 362 5542 tunc,
390 5494 516 5532 cum
546 5477 701 5544 dicit,
739 5480 1083 5534 Benedictum
1117 5484 1180 5548 >14
1210 5483 1570 5551 adscriptam,
1605 5488 1669 5551 >14
1700 5500 1801 5538 ra-
1882 5485 2061 5554 ipsam
2082 5483 2414 5553 particulam
2433 5480 2487 5533 in
2508 5481 2838 5551 sanguinem
2854 5479 3057 5542 mittat,
3082 5482 3313 5533 caeteras
3334 5478 3477 5533 duas

190 5572 311 5622 tam
334 5568 521 5633 >3;sed
538 5568 682 5622 duas
698 5566 1026 5638 singillatim
1067 5586 1238 5641 super
1266 5571 1475 5627 hostias
1495 5577 1552 5628 et
1569 5573 1797 5628 calicem
1882 5589 2053 5645 super
2070 5573 2323 5638 calicem,
2339 5570 2432 5624 ubi
2463 5571 2607 5624 hanc
2626 5572 2807 5640 ipsam
2823 5567 3069 5641 corporis
3095 5567 3324 5623 Domini
3343 5567 3475 5623 fecit
