3872 6164
474 272 613 337 1019

1495 275 1553 330 S.
1594 274 1987 332 GUILLELMI
2025 277 2330 334 ABBATIS
2369 266 2709 335 HIRSAUG.

3562 285 3674 346 1020

469 400 794 459 fractionem
827 399 1043 454 duobus
1102 399 1344 453 sinistrae
1389 416 1591 454 manus
1626 401 1815 472 digitis
1865 408 2065 457 tenens
2084 404 2135 463 Α
2155 408 2211 455 et
2239 404 2546 473 corporale,
2568 420 2691 474 qua:
2726 420 2851 457 cum
2875 405 3155 476 ampullis,
3177 406 3315 461 libro
3342 424 3402 462 ac
3426 410 3679 465 vestimen-

471 491 647 545 donec
666 493 854 557 Agnus
884 492 982 543 Ι)σί
1036 506 1136 559 per
1186 490 1550 561 semetipsum
1585 496 1719 544 tunc
1754 498 2062 562 percantet,

469 597 535 639 ac
564 567 814 646 inclinis,
833 594 1003 649 super
1024 579 1254 632 calicem
1284 580 1749 634 communicando
1799 598 1893 635 eas
1927 581 2067 635 acci-

464 668 604 743 piat.

543 755 605 811 Si
657 756 885 811 Missam
937 756 1328 812 defunctorum
1360 763 1568 825 cantat,
1600 775 1765 814 nemo
1794 760 1903 814 nisi
1946 761 2066 832 ipse

470 846 622 900 solus
652 844 1048 900 communicat.
1084 847 1191 901 Sed
1258 848 1304 901 si
1364 848 1613 902 vivorum
1648 850 1815 902 missa
1842 856 1941 911 est,
1987 850 2065 903 sic

470 951 692 1007 quoque
719 935 960 989 tenendo
978 936 1075 989 dat
1090 936 1289 990 Pacem
1305 937 1602 1006 Converso,
1627 942 1684 991 et
1712 938 1804 991 ille
1835 940 2066 992 astanti-

471 1022 592 1089 bus,
618 1024 662 1077 si
696 1024 788 1095 qui
821 1017 1075 1095 suntqui
1105 1025 1518 1080 communicare
1548 1026 2063 1080 voluerint.Deinde

471 1117 660 1167 tamen
678 1113 747 1167 ad
773 1112 1044 1183 privatam
1068 1113 1295 1169 missam
1320 1132 1430 1169 non
1452 1115 1706 1186 pluribus
1741 1115 1867 1168 licet
1895 1132 2063 1186 quam

472 1201 710 1269 duobus,
735 1218 993 1273 quorum,
1016 1204 1111 1273 qui
1133 1204 1359 1274 adjutor
1379 1210 1481 1268 est,
1500 1203 1697 1258 Pacem
1715 1222 1749 1258 a
1778 1206 2064 1258 sacerdote

471 1291 749 1361 accipiens
775 1310 787 1358 ;
822 1296 956 1344 tunc
983 1291 1113 1344 facit
1134 1292 1182 1345 ei
1215 1292 1435 1363 signum
1468 1293 1951 1357 communicandi,
1971 1294 2066 1347 ad-

472 1378 590 1431 dito
617 1379 775 1449 signo
795 1380 1057 1444 duorum,
1079 1388 1143 1435 ut
1168 1382 1260 1436 ille
1282 1381 1560 1452 intelligat
1584 1382 1723 1436 duos
1755 1383 1892 1435 velle
1910 1399 2058 1436 com-

472 1468 761 1521 municare
782 1486 907 1523 cum
932 1486 1101 1523 unam
1122 1477 1337 1540 partem
1362 1471 1453 1524 ille
1486 1473 1811 1541 susceperit,
1827 1472 2060 1526 alteram

471 1554 528 1609 in
543 1556 681 1611 duas
698 1557 927 1611 divisam
951 1559 1161 1613 tribuat
1181 1559 1470 1625 ambobus,
1486 1561 1703 1613 veniam
1726 1561 1883 1632 prius
1895 1578 2066 1632 super

468 1661 654 1721 genua
682 1645 1020 1716 petentibus,
1051 1653 1107 1701 et
1134 1647 1238 1702 sibi
1270 1665 1500 1703 manum
1535 1649 1935 1703 osculantibus.
1977 1651 2062 1704 Ad

2146 492 2223 544 tis
2250 508 2314 545 eo
2338 492 2557 561 ordine,
2589 510 2700 564 quo
2753 493 2887 548 illuc
2937 511 3037 564 per
3082 511 3142 549 se
3198 501 3252 550 et
3279 514 3373 568 per
3405 515 3681 556 conversum

2150 586 2281 634 sunt
2301 580 2491 648 allata,
2520 583 2881 652 reportanda,
2912 584 3062 647 etin
3092 585 3213 638 loco
3244 592 3371 638 sunt
3392 589 3721 665 reponenda./

2156 671 2289 739 (UD.)
2321 671 2431 725 Sed
2464 675 2521 725 et
2572 672 2677 725 hoc
2734 672 3020 726 sciendum
3061 678 3148 727 est
3173 674 3434 729 sacerdoti
3456 677 3683 745 privatam

2149 758 2385 814 missam
2415 761 2698 828 cantanti;
2727 761 2773 814 si
2803 762 3053 829 interim,
3081 762 3217 816 dum
3263 763 3408 817 Hora
3446 764 3681 835 incipitur,

2148 848 2380 902 missam
2403 849 2632 909 ﬁnierit,
2671 849 2754 903 ita
2771 855 2835 904 ut
2849 856 2980 905 ante
3002 853 3244 906 Gloriam
3268 852 3426 923 primi
3453 853 3624 923 psalmi
3641 854 3684 908 in

2148 937 2396 991 Chorum
2417 938 2605 993 venire
2653 939 2846 1010 possit,
2877 957 3208 994 conversum
3254 957 3378 994 cum
3406 942 3683 995 vestimento

2151 1041 2263 1079 non
2293 1026 2500 1096 plicato
2527 1027 2796 1091 dimittat,
2830 1034 2889 1082 et
2932 1027 3051 1100 ipse
3100 1028 3175 1081 ad
3210 1030 3409 1082 Horam
3432 1029 3607 1099 pergit.
3629 1031 3685 1083 At

2148 1113 2195 1167 si
2216 1115 2405 1169 venire
2422 1132 2534 1169 non
2551 1120 2733 1186 potest
2746 1122 2876 1170 ante
2908 1118 3153 1171 Gloriam
3185 1118 3350 1189 primi
3378 1118 3574 1188 psalmi,
3598 1134 3685 1171 non

2147 1218 2206 1254 se
2238 1208 2422 1256 movet
2460 1220 2493 1257 a
2516 1204 2655 1272 loco,
2687 1221 2790 1259 nec
2812 1221 3129 1272 conversus,
3180 1222 3460 1277 quousque
3482 1206 3611 1260 Hora
3632 1207 3683 1260 ti-

2145 1291 2353 1358 niatur;
2390 1293 2484 1345 sed
2510 1292 2583 1345 ibi
2608 1300 2796 1347 cantat
2825 1310 2970 1348 eam.

2218 1380 2318 1433 Hie
2339 1386 2472 1434 sunt
2492 1387 2678 1435 autem
2698 1384 2841 1436 vices
2856 1384 2913 1436 in
2935 1382 3136 1454 quibus
3167 1385 3473 1438 sacerdotes
3496 1390 3684 1454 possunt

2146 1467 2471 1538 hujusmodi
2504 1471 2702 1525 missas
2731 1472 2943 1544 absque
2965 1473 3195 1527 licentia
3222 1478 3459 1527 cantare.
3489 1473 3684 1527 Cottidie

2146 1566 2277 1613 ante
2304 1561 2564 1631 primam,
2601 1563 2647 1615 si
2680 1568 2873 1616 tamen
2894 1564 3075 1634 prima
3098 1580 3213 1617 non
3240 1563 3683 1633 conjungitur,ma-

2146 1648 2351 1705 tutino.
2388 1656 2452 1703 ut
2482 1651 2685 1721 saepius
2710 1652 2768 1705 in
2814 1652 3047 1722 hyeme;
3085 1657 3146 1706 et
3174 1656 3302 1723 post
3325 1652 3600 1722 capitulum
3616 1667 3684 1704 us—

469 1720 708 1805 quorum
739 1752 799 1788 os
815 1737 1349 1791 communicantium
1371 1744 1487 1791 tam
1511 1740 1931 1811 cauteapplicat
1947 1757 2063 1793 cor-
2083 1720 2129 1780 Β
2148 1753 2259 1808 que
2288 1738 2359 1790 ad
2386 1720 2633 1793 tertiam.
2670 1741 2775 1794 Sed
2820 1720 2966 1794 infra
3007 1720 3492 1811 Quadragesimam
3520 1741 3569 1793 in
3592 1739 3683 1792 die-

467 1838 572 1901 pus
603 1823 847 1888 Domini,
882 1826 1029 1895 quod
1054 1832 1211 1881 tenet
1258 1828 1453 1881 dextra
1498 1845 1624 1881 cum
1669 1829 1857 1893 calice,
1897 1846 2061 1900 quem

468 1917 748 1966 sustentat
772 1913 1020 1977 sinistra,
1036 1921 1099 1968 ut
1130 1916 1264 1968 dum
1288 1933 1488 1988 corpus
1509 1917 2061 1971 Dominicommuni-

467 2003 619 2054 canti
645 2001 833 2067 datur,
886 2019 1085 2057 manus
1130 2004 1317 2057 dantis
1369 2022 1727 2076 nequaquam
1778 2006 1998 2077 longius
2028 2023 2061 2059 a

468 2090 638 2143 calice
654 2101 948 2163 separetur
972 2110 982 2144 :
1009 2092 1209 2147 deinde
1225 2098 1448 2164 sumpto
1463 2095 1736 2164 sanguine
1773 2095 1890 2165 ipsc
1906 2111 2062 2148 com-

467 2178 885 2234 municantibus
905 2181 1001 2234 dat
1025 2181 1093 2234 de
1111 2183 1433 2245 eodemillo,
1460 2184 1554 2254 qui
1571 2184 1723 2254 prior
1746 2183 2059 2237 communi-

468 2266 612 2321 cavit
640 2284 765 2321 cum
824 2270 1018 2336 linteo,
1077 2288 1186 2341 quo
1242 2272 1617 2338 offerebatur;
1663 2273 1831 2326 calice
1884 2272 1952 2325 ab
1995 2289 2059 2327 eo

466 2356 821 2427 suscipiente.
861 2358 928 2412 Et
956 2376 1080 2412 cum
1104 2365 1342 2433 utraque
1371 2359 1427 2413 in
1458 2361 1649 2415 eadem
1674 2370 1832 2432 parte
1849 2362 2056 2427 calicis,

470 2461 577 2517 qua
594 2451 650 2499 et
666 2447 923 2501 sacerdos
946 2449 1276 2519 sanguinem
1307 2450 1631 2521 sumpserit,
1652 2452 1909 2505 sacerdos
1931 2452 2059 2504 cali-

467 2551 586 2588 cem
618 2535 1245 2607 recipit.’l‘uncadjutor
1274 2540 1395 2609 ejus
1444 2539 1556 2592 sive
1587 2540 1703 2610 ipse
1743 2540 2058 2593 communi-

465 2623 632 2692 cavit,
662 2624 782 2678 sine
812 2642 921 2678 non
950 2627 1141 2680 vinum
1169 2629 1217 2681 ei
1271 2629 1339 2681 ad
1396 2629 1737 2682 abluendum
1767 2627 1906 2687 (H3)
1930 2629 2059 2682 cali-

463 2730 585 2771 cem
615 2714 745 2767 dat:
772 2719 905 2768 tunc
925 2715 1171 2769 infundit
1186 2717 1283 2783 ita,
1303 2723 1367 2771 ut
1386 2717 1631 2771 secunda
1661 2717 1774 2771 vice
1814 2724 2058 2789 quatuor

462 2801 687 2871 digitos,
705 2803 907 2875 quibus
922 2821 1123 2875 corpus
1139 2806 1362 2860 Domini
1404 2807 1686 2870 tractavit,
1726 2824 1896 2877 super
1918 2807 2053 2860 cali-

460 2907 578 2946 cem
611 2892 775 2957 lavet,
812 2910 950 2964 quos
974 2896 1140 2948 etiam
1167 2897 1223 2949 in
1282 2912 1347 2949 ea
1392 2902 1571 2966 parte.
1600 2895 1695 2949 ubi
1722 2896 2052 2966 sanguinem

460 2982 802 3052 sumpsit,ad
826 3000 1108 3037 summum
1133 2984 1319 3038 calicis
1340 2985 1595 3055 ingerere
1625 2984 1810 3049 debet,
1844 2990 1900 3039 et
1920 3002 2053 3056 qua-

458 3067 597 3123 libet
616 3070 732 3124 vice
753 3071 940 3126 vinum
983 3072 1229 3127 infusum
1260 3074 1377 3145 ipse
1408 3092 1629 3128 sumere
1655 3094 1666 3140 ;
1711 3092 2052 3146 quamquam

456 3156 526 3213 de
556 3160 752 3213 eodem
771 3162 941 3214 calice
963 3162 1131 3215 etiam
1156 3163 1636 3218 communicantes
1658 3181 1784 3217 mox
1813 3164 2053 3219 debeant

454 3247 643 3301 vinum
657 3248 866 3303 bibere.
902 3251 1019 3303 Hoc
1039 3251 1300 3320 scientes,
1332 3254 1479 3322 quod
1500 3260 1635 3307 tunc
1649 3254 1895 3326 primum
1923 3271 2051 3308 cum

454 3336 872 3397 deosculatione
902 3355 1103 3393 manus
1132 3341 1404 3395 sacerdoti
1435 3342 1574 3395 calix
1600 3348 1684 3396 est
1712 3343 2046 3399 reddendus.

453 3425 661 3483 Verum
704 3444 828 3481 mox
854 3434 981 3498 post
1000 3428 1343 3482 ablutionem
1394 3430 1579 3485 calicis
1610 3431 1702 3484 ille
1732 3449 1842 3485 non
1872 3450 2050 3486 mora-

455 3518 551 3569 tur
579 3518 867 3586 corporale
889 3518 1116 3589 plicare,
1160 3524 1215 3571 et
1244 3520 1393 3573 dicta
1412 3522 1805 3574 communione
1836 3522 2048 3576 missali

455 3618 677 3674 quoque
707 3604 778 3658 ad
833 3604 1085 3659 dextram
1150 3608 1352 3678 posito,
1420 3609 1649 3663 missam
1700 3627 2051 3664 consumma-

452 3688 554 3745 bit.
588 3740 594 3751 ,
1836 3732 1839 3737 .
1909 3718 1936 3742 ο

525 3781 824 3836 Sciendum
855 3789 1062 3851 autem,
1096 3787 1243 3855 quod
1297 3785 1354 3841 in
1395 3787 1628 3841 summis
1669 3788 1823 3842 festis
1853 3807 2047 3843 omnes

452 3868 661 3927 debent
680 3872 1110 3940 communicare,
1132 3881 1187 3929 et
1199 3877 1269 3930 ad
1288 3878 1553 3947 majorem
1586 3878 1815 3932 missam
1846 3880 2045 3934 Pacem

451 3975 563 4013 non
591 3959 862 4031 accipere,
888 3978 997 4033 quo
1014 3965 1198 4017 caeteri
1233 3966 1398 4019 citius
1432 3967 1644 4037 possint
1672 3968 2046 4022 communica-

448 4064 529 4103 re.
562 4047 702 4106 Cum
734 4067 866 4121 ergo
921 4051 980 4105 iu
1036 4052 1247 4107 ultimis
1290 4054 1423 4108 dicit
1454 4059 1722 4110 Dominus
1772 4060 2044 4110 vobiscum

448 4153 641 4194 versus
665 4140 732 4193 ad
758 4141 1065 4208 adstantes,
1091 4144 1285 4197 eodem
1317 4144 1511 4198 ordine
1541 4162 1649 4215 quo
1699 4152 1755 4199 et
1793 4147 1946 4218 prius
1973 4147 2039 4200 ad

448 4227 625 4282 altare
642 4245 701 4282 se
715 4230 901 4295 vertit,
935 4236 992 4285 et
1019 4248 1145 4285 cum
1171 4232 1583 4287 deosculatione
1617 4235 1811 4288 altaris
1834 4236 2044 4290 oratio-

449 4331 576 4370 nem
632 4318 785 4373 illam
840 4320 1054 4385 altaris,
1107 4323 1319 4375 Placeat
1374 4326 1491 4385 tibi,
1523 4329 1712 4377 sancta.
1774 4326 2038 4387 Trinitas,

2144 1823 2552 1880 busduodecim
2580 1829 2903 1895 lectionum,
2927 1831 3154 1901 quando
3174 1830 3470 1884 secundum
3496 1844 3682 1883 consue-

2145 1914 2398 1968 tudinem
2430 1916 2664 1985 triginta
2722 1919 2926 1989 psalmi
2984 1924 3308 1981 cantantur,
3337 1917 3682 1971 debenteidem

2144 2002 2466 2071 psalmodiae
2492 2020 2671 2074 usque
2695 2006 2761 2058 ad
2796 2008 2966 2060 finem
2989 2007 3181 2061 decem
3208 2006 3531 2077 psalmorum
3545 2005 3681 2058 inter-

2144 2106 2266 2143 esse
2292 2109 2304 2157 ;
2330 2097 2429 2145 aut
2458 2092 2504 2145 si
2534 2093 2843 2163 capitulum
2893 2099 2979 2149 est
3024 2101 3153 2166 post
3198 2095 3437 2158 tertiam,
3465 2093 3680 2164 usquead

2143 2185 2354 2233 sextam
2382 2199 2392 2245 ;
2429 2197 2531 2235 nec
2563 2182 2749 2236 minus
2796 2189 2921 2254 post
2949 2190 3166 2238 sextam
3195 2204 3208 2251 ;
3241 2185 3288 2238 si
3314 2191 3493 2238 tamen
3522 2182 3681 2236 fratres

2142 2271 2275 2321 tunc
2305 2285 2417 2322 non
2483 2271 2654 2324 ierint
2714 2272 3039 2326 dormitum.
3106 2273 3420 2344 Aliquando
3458 2275 3682 2341 veropost

2143 2356 2505 2426 Evangelium
2539 2360 2768 2429 majoris
2798 2361 2980 2415 missa:
3039 2362 3247 2433 aliquis
3298 2357 3684 2415 sacerdotum“-

2141 2445 2383 2498 centiam
2400 2446 2650 2516 accipere
2668 2454 2851 2518 potest
2878 2472 2888 2503 :
2910 2450 3057 2521 quod
3072 2456 3265 2505 tamen
3289 2448 3677 2520 reprehenditur.

2141 2532 2187 2585 si
2212 2534 2557 2603 aliquamdiu
2576 2536 2988 2607 frequentatur.
3005 2542 3025 2561 ⁹
3048 2539 3348 2593 Sciendum
3379 2545 3547 2591 autem
3567 2533 3681 2604 quod

2140 2623 2331 2675 nullus
2352 2624 2614 2677 sacerdos
2635 2626 2689 2678 in
2727 2642 2841 2679 una
2889 2627 2980 2681 die
3013 2628 3158 2682 duas
3193 2629 3390 2681 missas
3418 2625 3683 2679 debetcan-

2138 2714 2278 2773 tare,
2306 2712 2413 2765 nisi
2436 2729 2642 2782 magna
2697 2720 2861 2785 cogat
2905 2717 3230 2782 necessitas,
3262 2721 3318 2769 et
3351 2715 3454 2769 nisi
3487 2714 3683 2765 domnus

2137 2798 2298 2865 abba,
2316 2802 2399 2854 vel
2423 2802 2636 2871 priorei
2649 2804 2918 2858 concedat
2945 2823 2957 2856 :
2987 2806 3091 2859 has
3118 2811 3308 2860 autem
3341 2804 3525 2858 missas
3547 2799 3682 2854 simul

2134 2888 2302 2943 debet
2334 2895 2584 2957 cantare,
2610 2895 2667 2943 et
2694 2892 2763 2945 ad
2808 2893 3051 2962 priorem
3079 2898 3200 2947 tam
3229 2894 3428 2964 digitos
3446 2906 3591 2962 quam
3613 2903 3682 2941 ca-

2134 2977 2296 3031 licem
2325 2979 2736 3034 ditl‘ertlavare.
2788 2981 2897 3036 Sed
2926 2982 3196 3037 diaconus
3257 2983 3339 3037 vel
3362 2980 3679 3036 subdiaconus

2136 3083 2246 3120 non
2267 3066 2473 3121 debent
2502 3069 2570 3121 ad
2602 3068 2742 3123 duas
2766 3070 3190 3142 missaslegere,
3217 3072 3323 3126 nisi
3344 3087 3440 3143 pro
3460 3085 3560 3124 non
3583 3081 3680 3138 par-

2132 3172 2202 3208 va
2231 3157 2581 3211 necessitate.

2630 3248 2863 3304 CAPUT
2884 3250 3208 3305 LXXXVII.

2655 3340 2727 3391 lle
2750 3340 3199 3393 subdiacom’bus.

2205 3423 2339 3490 (ιω.)
2360 3423 2763 3485 Subdiaconus.
2793 3426 2887 3497 qui
2909 3428 3160 3481 lecturus
3176 3433 3262 3482 est
3281 3426 3676 3498 epistolam,cum

2130 3512 2418 3565 sacerdote
2478 3530 2839 3583 processurus
2900 3516 2970 3569 ad
3035 3518 3236 3579 altare,
3284 3524 3463 3588 portat
3506 3518 3676 3568 textum

2132 3599 2435 3669 Evangelii,
2492 3610 2548 3656 et
2578 3604 2736 3673 ponit
2783 3606 2841 3658 in
2903 3606 3090 3659 medio
3156 3607 3373 3660 altaris.
3426 3603 3678 3659 Pluvillum

2129 3703 2243 3742 non
2289 3697 2496 3760 portat,
2553 3692 2661 3745 nisi
2718 3693 2775 3747 in
2825 3694 3118 3749 duodecim
3164 3694 3509 3750 lectionibus.
3545 3690 3675 3752 “QUO

2129 3776 2402 3847 deposito,
2466 3785 2521 3834 et
2586 3782 2932 3837 confessione
2985 3784 3153 3849 dicta,
3218 3786 3263 3838 si
3329 3785 3385 3838 in
3429 3778 3673 3836 duodecim

2129 3865 2462 3922 lectionibus
2482 3876 2568 3923 est
2595 3869 2652 3923 in
2680 3871 3031 3942 presbyterio
3062 3878 3179 3927 stat
3210 3890 3399 3927 versus
3417 3872 3479 3925 ad
3504 3866 3675 3939 aquilo-

2126 3971 2275 4021 nem,
2301 3957 2476 4011 donec
2506 3960 2764 4014 sacerdos
2821 3962 3110 4015 collectam
3152 3963 3401 4034 incipiat.
3454 3958 3675 4015 lnchoata

2126 4050 2315 4097 autem
2376 4063 2459 4112 ea,
2504 4049 2673 4101 vertit
2713 4066 2773 4102 se
2823 4050 2890 4103 ad
2924 4050 3239 4116 Orientem,
3279 4057 3334 4106 et
3360 4048 3561 4105 inclinis
3586 4048 3673 4097 stat

2125 4148 2302 4203 usque
2328 4151 2437 4204 quo
2454 4136 2521 4188 ad
2541 4136 2838 4207 legendum
2858 4140 3143 4212 procedat.
3162 4139 3232 4195 In
3258 4140 3477 4212 privatis
3492 4135 3669 4192 diebus.

2125 4222 2239 4274 sive
2271 4223 2343 4276 sit
2371 4223 2428 4276 in
2450 4226 2721 4285 custodia.
2762 4228 2876 4281 sive
2902 4245 3033 4292 non,
3064 4230 3122 4283 in
3181 4231 3376 4285 dextro
3401 4230 3554 4282 choro
3580 4226 3672 4277 stat

2124 4310 2193 4363 ad
2214 4311 2506 4380 parietem.
2533 4314 2615 4367 Ibi
2644 4317 2813 4369 etiam
2832 4317 3092 4372 inchoata
3108 4319 3297 4390 prima
3315 4318 3547 4373 oratione
3571 4326 3671 4367 cum

448 4423 754 4479 parumper
818 4409 887 4462 ad
955 4411 1132 4464 altare
1175 4411 1396 4465 inclinis
1448 4412 1616 4465 tacite
1661 4413 1816 4475 dicit,
1850 4400 2335 4485 sicqueDcmteris
2360 4398 2626 4457 fratribus
2656 4421 2825 4475 super
2856 4408 3300 4462 misericordiam
3336 4406 3465 4477 (“4i
3504 4421 3556 4457 se
3573 4399 3675 4455 διώ·

449 4496 638 4551 clauso
663 4497 804 4551 libro
835 4500 1045 4553 recedit
1064 4499 1134 4553 ab
1152 4500 1508 4570 altarijl‘unc
1534 4503 1844 4556 Conversus
1875 4521 2040 4558 casu-

446 4582 581 4649 lam,
613 4584 733 4657 ipso
752 4586 855 4639 sub
885 4604 950 4640 ea
980 4606 1181 4642 manus
1222 4596 1466 4658 tenente,
1518 4608 1617 4661 per
1660 4594 2041 4648 summitatem

449 4673 640 4744 capitii
669 4676 947 4746 accipiens
976 4684 1199 4731 exutam
1239 4679 1424 4751 plicat,
1455 4686 1511 4733 et
1564 4681 1789 4734 interim
1837 4685 2039 4737 stolam

446 4777 574 4817 cum
594 4764 1133 4821 fanonesacerdos...
1154 4768 1387 4823 inferius
1413 4786 1710 4824 conversus
1741 4777 1797 4825 et
1836 4772 2036 4826 hume-

447 4852 567 4907 rale
588 4853 755 4909 simul
776 4855 1003 4925 plicant,
1030 4864 1288 4911 caventes
1336 4875 1406 4911 ne
1433 4859 1565 4929 quid
1600 4860 1797 4914 horum
1830 4861 1897 4914 ad
1921 4869 2039 4916 ter-

448 4958 569 4997 ram
617 4942 858 4998 decidat.
905 4946 1061 4999 Tunc
1102 4963 1401 5001 conversus
1450 4949 1695 5003 casulam
1741 4956 1797 5004 et
1842 4957 2041 5005 caetera

444 5031 653 5109 plicata
672 5033 728 5086 in
751 5033 933 5088 albam
953 5036 1261 5107 composita
1273 5037 1514 5106 colligat.
1553 5040 1764 5093 Deinde
1787 5047 1911 5112 post
1940 5058 2037 5112 pe-

443 5121 607 5175 titam
638 5129 769 5176 ante
795 5123 971 5178 altare
1003 5123 1242 5188 veniam,
1295 5126 1485 5178 tunica
1522 5126 1752 5181 indutus
1782 5130 2040 5183 sacerdos

444 5210 750 5281 digitorum
763 5212 1117 5266 summitates
1139 5213 1303 5278 lavat,
1314 5215 1554 5270 maxime
1567 5234 1666 5287 pro
1672 5224 1796 5288 pter
1809 5219 2039 5272 calicem

508 5352 769 5432 (113_)_Sic
794 5358 978 5432 autem
1010 5358 1100 5408 cit.
1135 5358 1297 5432 eodem
1327 5376 1342 5410 :
1404 5358 1652 5432 Servitor
1706 5360 1800 5429 qui
1847 5378 2039 5432 super-

443 5430 551 5485 est.
580 5425 765 5483 adhuc
793 5425 1007 5479 accedit
1034 5442 1162 5480 cum
1201 5428 1380 5485 altero
1422 5430 1592 5485 calice
1620 5425 1776 5486 extra
1806 5425 2037 5489 reclina-

443 5494 674 5562 torium,
724 5502 788 5549 ut
835 5497 1093 5553 sacerdos
1144 5515 1312 5562 super
1369 5516 1497 5555 eum
1547 5519 1671 5557 cum
1731 5502 1859 5558 vino
1890 5505 2039 5558 lavet

442 5564 645 5633 digitos
695 5566 894 5637 quibus
950 5584 1151 5638 corpus
1192 5564 1545 5625 Dominicum
1600 5574 1879 5643 tractavit,
1937 5576 2039 5629 sic-

2122 4489 2298 4542 mittit
2317 4505 2493 4560 usque
2523 4492 2655 4546 dum
2688 4495 2754 4546 ad
2811 4496 3123 4551 orationem
3177 4498 3431 4551 ultimam
3469 4494 3672 4548 dicatur.

2122 4578 2226 4629 Per
2254 4579 2555 4633 Dominum
2616 4589 2890 4638 nostrum.
2949 4585 3006 4639 Si
3040 4587 3263 4656 quando
3309 4583 3589 4657 prophetia:
3616 4579 3677 4631 le

2121 4666 2232 4719 ctio
2264 4667 2554 4722 recitanda
2582 4676 2689 4741 est,
2720 4672 2966 4727 lecturus
3025 4691 3171 4739 eam,
3215 4675 3381 4729 etiam
3410 4673 3452 4727 si
3479 4671 3541 4725 de
3562 4667 3673 4721 dex-

2120 4758 2209 4808 tro
2240 4755 2331 4821 sit,
2363 4758 2682 4827 oppositum
2708 4760 2765 4814 in
2788 4763 3018 4817 sinistro
3044 4765 3214 4818 choro
3259 4765 3435 4818 locum
3456 4761 3672 4828 occupat.

2124 4843 2272 4913 quod
2303 4845 2441 4898 nulli
2467 4846 2563 4900 alii
2593 4849 2838 4903 otﬂcium
2894 4851 3181 4925 quodlibet
3230 4858 3418 4907 acturo
3453 4850 3562 4903 sine
3576 4847 3677 4917 jus-

2122 4931 2276 4986 sione
2295 4934 2498 5004 prioris
2520 4936 2666 4992 licet.
2693 4940 2828 5003 tuo.)
2859 4941 3177 5011 Antequam
3228 4940 3452 5011 incipiat
3479 4942 3529 4991 et
3551 4939 3676 5007 post-

2122 5039 2288 5091 quam
2323 5023 2620 5080 lectionem
2670 5028 2812 5093 tlnit,
2849 5030 2919 5082 ad
2965 5036 3267 5102 utramque
3302 5029 3470 5083 vicem
3496 5024 3672 5079 ibidem

2124 5110 2219 5165 ubi
2242 5111 2490 5167 lecturus
2511 5121 2613 5180 est,
2642 5123 2772 5171 ante
2791 5123 2847 5171 et
2878 5124 3029 5172 retro
3048 5119 3198 5173 facit.
3231 5122 3252 5143 '
3270 5118 3447 5173 Finita
3469 5112 3673 5169 lectione

2122 5200 2346 5271 reponit
2364 5200 2571 5257 librum
2596 5205 2655 5258 in
2674 5207 2994 5274 armariola,
3030 5209 3179 5279 quod
3206 5206 3371 5261 habet
3397 5207 3453 5261 in
3479 5199 3672 5275 presby-

2119 5370 2183 5417 ut
2209 5370 2266 5418 et
2293 5364 2582 5443 diaconus.
2620 5381 2743 5443 mox
2773 5372 2837 5419 ut
2868 5367 3315 5443 communicavit,
3329 5371 3385 5443 et
3405 5370 3671 5443 antequalf}

2117 5437 2433 5510 corporalia
2457 5436 2832 5510 complicaret,
2866 5444 2929 5492 ut
2955 5439 3159 5494 iterum
3183 5438 3437 5510 sacerdos
3469 5433 3673 5510 ebiberit

2119 5500 2455 5569 hoc-vinum.
2488 5500 2636 5578 quod
2675 5500 2919 5564 secundo
2963 5511 3199 5565 servitor
3231 5507 3467 5564 infundit
3492 5510 3551 5560 ut
3590 5500 3669 5556 ille

2119 5578 2261 5632 calix
2280 5577 2545 5649 utrinque
2572 5577 2852 5634 abluatur.
