3872 6164
157 332 287 399 10Ξὶ

1198 336 1619 394 CONSTITUT.
1662 320 2003 394 niaswo.
2052 373 2112 382 -
2153 340 2290 396 LIB.
2332 340 2376 394 ι.

3296 329 3438 390 1022

152 465 312 520 terio.
330 466 407 519 Et
431 465 479 519 si
504 463 802 520 duodecim
829 464 1136 519 lectionum
1165 463 1285 518 dies
1314 466 1416 528 est,
1439 479 1613 536 prOpe
1627 461 1744 515 dia-
1764 461 1813 521 Α
1832 462 2093 527 induunt,
2124 464 2368 520 eundem
2399 467 2627 517 cantum
2657 461 2920 516 audiente
2957 458 3205 515 armario
3239 459 3436 530 praevi-

155 571 353 608 conum
400 555 524 608 sine
555 554 784 609 licentia
829 554 1006 608 sedet.
1058 553 1321 624 Jurisque
1372 558 1458 606 est
1508 552 1753 606 sacristaa

157 643 595 708 hebdomadarii,
631 650 695 697 ut
723 643 772 697 ei
803 644 999 697 sellam
1041 642 1350 713 provideat,
1382 658 1549 713 quam
1581 640 1751 694 etiam

157 734 235 789 vel
257 733 356 787 illo
376 740 664 804 surgente,
696 734 783 787 vel
822 739 1038 805 postea,
1072 750 1200 786 cum
1239 732 1415 786 visum
1447 730 1635 795 fuerit,
1660 745 1751 782 re-

159 828 358 893 portat.
406 823 509 876 Hic
544 827 757 877 textum
792 822 1217 892 Evangeliorum
1256 821 1314 875 in
1363 819 1516 874 omni
1560 819 1749 884 missa,

159 929 275 983 qua:
310 912 638 966 solemniter
675 912 882 982 agitur,
918 911 1145 985 pulvillo
1181 910 1470 983 supposito
1509 909 1750 963 circum-

161 1000 298 1054 ferre
328 1000 499 1055 debet
525 1017 624 1072 per
662 1002 896 1055 chorum
937 1006 995 1054 et
1027 1006 1203 1065 extra,
1242 998 1465 1053 etiamsi
1514 998 1614 1052 fiat
1652 1014 1751 1068 pro

163 1090 430 1144 defunctis
464 1107 477 1142 :
511 1090 556 1143 si
586 1094 719 1144 tunc
750 1090 871 1144 sine
917 1090 1165 1161 pulvillo.
1218 1091 1401 1163 primo
1429 1088 1653 1160 quidem
1683 1088 1750 1140 ad

166 1193 284 1231 eum
312 1179 484 1241 vadit,
532 1179 627 1249 qui
680 1180 915 1233 chorum
947 1183 1120 1239 tenet,
1172 1179 1376 1233 deinde
1407 1177 1476 1231 ad
1523 1193 1617 1231 eos
1658 1172 1754 1246 qui

166 1271 310 1320 stant
328 1267 397 1321 ad
419 1268 631 1321 formas
652 1268 709 1321 in
726 1268 922 1322 dextro
949 1268 1118 1321 choro
1150 1273 1209 1321 et
1235 1268 1494 1331 sinistro;
1535 1282 1753 1332 omnes,

167 1356 257 1425 qui
293 1355 367 1409 ibi
394 1358 619 1415 volunt,
670 1358 962 1422 accedunt,
1001 1357 1201 1427 hisque
1232 1356 1534 1410 exteriores
1563 1371 1755 1408 succe-

167 1445 324 1512 dunt;
356 1445 560 1499 deinde
586 1447 887 1499 revertitur
916 1447 984 1500 ad
1016 1462 1129 1511 eos,
1153 1444 1248 1515 qui
1277 1446 1345 1498 ad
1376 1445 1581 1498 lineam
1605 1448 1758 1497 stant

170 1535 222 1589 in
265 1550 330 1588 ea
358 1541 537 1605 parte,
583 1535 843 1605 idemque
883 1535 1016 1588 facit
1052 1535 1122 1587 ad
1166 1535 1457 1588 sinistrum
1497 1534 1753 1586 chorum.

172 1625 456 1694 Nunquam
485 1630 673 1678 autem
712 1624 1114 1678 inclinaturum
1144 1641 1204 1677 se
1240 1623 1474 1687 noverit,
1505 1639 1758 1692 quocun-

174 1727 271 1781 que
291 1716 504 1765 textum
536 1712 824 1782 Evangelii
853 1713 1038 1766 ferens
1087 1711 1235 1765 ierit.
1284 1711 1525 1765 Cottidie
1563 1717 1753 1764 autem

1835 554 2068 609 debunt.

2439 642 2671 697 CAPUT
2713 639 2825 695 XC.

2473 732 2546 785 De
2565 731 2813 784 diacono.

1902 824 2046 895 (ιω.)
2082 823 2363 878 Diaconus
2385 820 2730 875 sacerdotem
2747 818 3061 889 praecedere
3082 820 3225 872 solet
3248 817 3319 872 ad
3348 817 3432 871 al-

1832 918 1972 966 tare.
2029 912 2334 967 Saccrdote
2383 927 2442 964 se
2501 907 2807 962 inclinante
2842 907 2913 961 ad
2966 907 3277 961 orationem
3315 907 3434 977 ipse

1834 1002 2096 1056 similiter
2122 1000 2364 1055 inclinis.
2416 998 2719 1054 Sacerdote
2750 1014 2809 1051 se
2859 997 3128 1067 erigente,
3160 996 3348 1067 signat
3375 1013 3434 1051 se

1836 1099 1893 1147 et
1922 1092 2054 1145 facit
2090 1096 2222 1145 ante
2272 1094 2328 1144 et
2371 1094 2539 1143 retro.
2593 1087 2876 1140 Accedens
2922 1086 3212 1140 sinistrum
3263 1098 3437 1139 cornu

1836 1181 2002 1234 altari
2024 1180 2328 1233 osculatur.
2347 1177 2539 1247 Pergit
2565 1181 2715 1230 stare
2745 1181 2941 1229 contra
2966 1174 3332 1239 sacerdotem,
3373 1177 3439 1227 ut

1839 1272 2090 1325 confesso
2110 1270 2472 1334 conﬁteatur;
2516 1272 2573 1320 et
2601 1266 2649 1320 si
2682 1266 2800 1319 dies
2847 1272 2932 1318 est
2968 1265 3182 1328 festiva,
3218 1263 3286 1316 ab
3315 1262 3436 1333 ipso

1840 1360 1889 1414 ei
1919 1377 2045 1413 cum
2095 1375 2296 1412 manus
2327 1356 2744 1410 deosculatione
2773 1355 3062 1408 incensum
3105 1352 3430 1426 porrigitur.

1842 1453 2010 1515 (ταν.)
2041 1448 2200 1512 Quod
2230 1453 2421 1517 postea
2448 1446 2723 1515 recipiens
2754 1445 3008 1497 incensat
3034 1443 3215 1495 latera
3244 1439 3438 1494 altaris

1841 1545 1897 1592 et
1917 1555 2125 1592 cornua
2153 1536 2483 1608 posteriora,
2516 1534 2717 1588 deinde
2746 1539 2893 1587 retro
2925 1532 3021 1585 illa
3053 1529 3274 1596 altaria,
3315 1545 3438 1601 quae

1840 1633 1974 1681 sunt
1992 1628 2161 1680 choro
2183 1626 2435 1697 proxima
2462 1645 2474 1691 ;
2508 1625 2691 1696 primo
2720 1622 2989 1683 medium,
3018 1620 3225 1674 deinde
3268 1618 3337 1672 ab
3370 1634 3436 1671 eo

1843 1717 1987 1787 quod
2022 1717 2078 1769 in
2109 1716 2339 1769 sinistra
2377 1718 2536 1785 parte
2566 1717 2651 1765 est
2690 1717 3002 1765 extremum
3040 1706 3329 1777 incipiens,
3381 1709 3440 1759 et

175 1799 237 1851 ad
263 1801 501 1870 Priorem
534 1800 760 1855 missam
800 1801 1096 1862 sacerdoti.
1131 1806 1187 1854 et
1215 1801 1336 1865 δοιίν
1371 1800 1467 1869 (illi
1507 1800 1752 1869 Primum
1777 1816 1821 1873 Β
1841 1807 1922 1861 ita
1950 1812 2150 1859 caetera
2178 1803 2556 1875 pertransiens
2586 1801 2720 1855 facit
2738 1800 2979 1869 desuper
3006 1796 3233 1851 incenso
3264 1794 3437 1848 semel

175 1888 339 1949 offert,
371 1889 705 1944 ceroferario
734 1890 941 1943 librum
981 1889 1218 1960 porrigit
1244 1891 1314 1942 ad
1364 1889 1752 1954 osculandum,

177 1985 389 2049 excepto
410 1979 456 2032 si
479 1980 675 2033 festive
696 1979 1030 2045 celebratur,
1050 1979 1197 2050 quod
1222 1980 1289 2032 ad
1322 1980 1593 2048 majorem
1622 1978 1759 2030 mis-

179 2082 286 2119 sam
317 2066 373 2120 in
405 2068 636 2137 privatis
667 2069 868 2123 diebus
899 2070 1153 2122 minister
1200 2068 1350 2121 facit.
1406 2068 1657 2122 Eundem
1689 2066 1757 2119 li-

180 2153 346 2219 brum,
381 2156 427 2210 si
457 2164 541 2210 est
570 2156 930 2221 fabrefactus,
972 2164 1090 2211 tam
1146 2157 1411 2211 diaconus
1463 2173 1630 2227 quam
1674 2173 1759 2209 sa-

181 2244 361 2299 cerdos
391 2247 640 2300 clausum
676 2248 1022 2301 osculantur.
1064 2247 1394 2301 Osculantes
1432 2252 1618 2300 autem
1651 2261 1760 2299 non

183 2338 318 2398 ante,
368 2336 460 2388 sed
519 2341 647 2405 post
692 2337 947 2390 osculum
977 2336 1268 2389 inclinant.
1302 2336 1540 2389 Privatis
1569 2334 1764 2389 diebus

182 2423 536 2478 subdiaconus
556 2425 703 2478 infra
722 2430 1280 2496 canonem-patenam
1320 2431 1505 2492 tenet;
1538 2426 1593 2479 in
1624 2425 1765 2478 duo-

184 2510 349 2565 decim
378 2514 709 2568 lectionibus
738 2532 870 2568 vero
902 2515 1177 2569 minister.

668 2604 904 2658 CAPUT
934 2605 1281 2659 LXXXVIII.

187 2690 249 2743 De
271 2695 580 2746 cantoribus
607 2696 1761 2764 gradualium,rcsponsoriormn,Alleluia,

887 2784 1073 2851 Κυνὼ.

253 2872 359 2934 (uo.
392 2874 540 2939 car.)
573 2870 685 2925 Sed
735 2875 791 2925 et
830 2872 926 2942 qui
974 2876 1208 2925 cantant
1230 2872 1606 2943 responsoria,
1636 2888 1766 2942 gra-

190 2956 377 3024 dualia,
400 2960 811 3029 responsiones,
828 2964 1074 3015 Alleluia
1105 2967 1163 3015 et
1191 2963 1234 3015 Κ
1240 2964 1377 3029 yrz’e,
1401 2965 1621 3025 elcz‘son,
1641 2966 1770 3015 ante
1801 2992 1809 3000 -

1840 1895 2018 1949 crucis
2048 1894 2289 1963 signum,
2321 1898 2379 1946 et
2400 1891 2547 1945 redit
2573 1890 2629 1943 in
2657 1887 3087 1959 presbyterium.
3126 1884 3285 1948 Quod
3311 1883 3358 1937 si
3379 1882 3438 1936 in

1842 1983 2181 2037 monasterio
2212 1982 2295 2036 vel
2326 1982 2382 2035 in
2412 1981 2623 2050 capella
2655 1979 2710 2032 S.
2762 1976 2957 2030 Mariae
3001 1973 3270 2028 instantis
3308 1972 3439 2026 festi

1840 2072 2109 2143 Reliquise
2131 2071 2511 2133 continentur,
2546 2069 2604 2121 in
2650 2080 2982 2137 quocunque
3020 2063 3186 2117 altari
3222 2077 3317 2116 eas
3347 2076 3433 2114 re-

1846 2158 2098 2216 conditas
2128 2160 2365 2219 noverit,
2400 2158 2457 2211 id
2489 2157 2656 2211 etiam
2687 2146 2979 2209 incensare
3022 2153 3205 2207 solum
3247 2165 3443 2224 procu-

1847 2251 2013 2305 rabit.
2063 2249 2121 2304 Si
2150 2265 2279 2303 vero
2305 2253 2464 2302 tanta
2510 2244 2836 2299 solemnitas
2878 2242 3164 2304 recolitur,
3197 2245 3261 2295 ut
3310 2255 3445 2311 qua-

1845 2345 1976 2393 tuor
2020 2356 2087 2391 ea
2116 2343 2279 2392 nocte
2319 2335 2700 2390 invitatorium
2738 2331 3106 2394 cantaverint,
3141 2328 3334 2383 omnia
3372 2328 3443 2381 ad

1849 2430 1905 2483 S.
1940 2428 2174 2482 Mariam
2206 2425 2409 2480 altaria
2430 2425 2681 2478 incensat
2723 2422 2984 2489 adjuncto
3016 2420 3112 2473 illo
3142 2418 3286 2489 apud
3315 2433 3444 2471 cru-

1848 2522 2269 2587 cem,praeterea
2298 2515 2356 2568 in
2395 2513 2721 2569 Inventionc
2743 2517 2799 2565 et
2819 2509 3166 2565 Exaltatione
3189 2504 3446 2562 S.Crucis

1849 2623 2025 2660 unum
2072 2605 2207 2657 illud
2239 2603 2509 2657 incensat.
2549 2603 2823 2655 Reversus
2854 2599 2908 2652 in
2939 2599 3191 2662 chorum,
3224 2596 3270 2648 si
3291 2596 3448 2647 dom-

1850 2713 1985 2749 num
2045 2695 2306 2747 abbatem
2351 2694 2437 2745 vel
2482 2691 2651 2744 aliam
2694 2705 2991 2760 personam
3021 2685 3192 2739 talem
3236 2683 3445 2737 ibidem

1850 2784 2142 2855 repererit,
2184 2769 2539 2859 ipsi'quoque
2566 2779 2857 2833 incensum
2891 2774 3175 2848 praebebit.
3213 2774 3447 2843 Regres-

1851 2891 1947 2927 sus
1979 2873 2244 2926 continuo
2297 2871 2368 2924 ad
2414 2871 2598 2923 locum
2648 2884 2813 2922 suum
2837 2883 2964 2920 cum
3004 2863 3293 2919 thuribulo
3333 2866 3449 2916 stat

1850 2969 1982 3034 post
2027 2961 2371 3016 sacerdotem
2420 2958 2707 3030 paulisper
2756 2957 2827 3011 ad
2868 2956 3122 3009 dextram
3165 2969 3224 3007 se
3277 2950 3452 3023 appll-

190 3050 241 3098 et
264 3051 407 3101 ι’θῐτο
453 3048 667 3102 Ῡεὶείωὶῐ
721 3049 791 3102 ad
818 3050 1079 3119 gradum,
1127 3054 1184 3103 et
1221 3049 1545 3120 priusquam
1588 3049 2007 3150 impo-Ccans.
2040 3052 2275 3117 Quando
2306 3049 2564 3104 sacerdos
2598 3066 2656 3102 se
2683 3045 3041 3102 convertitad
3063 3040 3447 3104 salutandum,

192 3141 332 3199 nant,
350 3142 672 3191 reverenter
692 3137 979 3199 inclinant,
1007 3142 1062 3191 et
1079 3139 1199 3191 inec
1228 3137 1287 3191 in
1316 3139 1546 3209 privatis
1571 3138 1767 3192 diebus

194 3224 397 3278 nonnisi
446 3226 822 3280 communiter
873 3232 1173 3280 cantentur
1222 3243 1256 3279 a
1301 3231 1594 3280 conventu.
1658 3238 1672 3254 ·
1707 3227 1765 3281 Si

196 3313 324 3381 quod
350 3314 550 3369 festum
567 3316 809 3387 amplius
828 3316 885 3369 in
901 3316 1197 3386 septimam
1215 3316 1769 3381 evenerit,cantanda

198 3403 533 3457 suntiterum
557 3404 627 3457 ab
666 3405 736 3457 iis
765 3421 799 3458 a
825 3405 1033 3475 quibus
1070 3412 1130 3459 et
1173 3406 1329 3474 prius
1378 3406 1435 3459 in
1478 3404 1771 3459 Dominica

198 3498 313 3544 sunt
327 3492 967 3564 cantata.Subsequenti
995 3512 1120 3548 vero
1150 3494 1500 3548 hebdomada
1534 3495 1591 3547 in
1626 3494 1770 3564 prio-

201 3580 336 3633 ribus
374 3582 559 3636 missis
609 3583 806 3637 eadem
850 3584 955 3653 ipsi
985 3592 1118 3637 sunt
1156 3584 1454 3637 cantaturi.
1492 3584 1547 3637 Si
1580 3590 1769 3637 tamen

200 3674 386 3729 eadem
436 3675 619 3729 missae
653 3677 961 3730 solonniter
997 3683 1131 3731 sunt
1170 3677 1419 3746 agendae,
1455 3683 1683 3749 excepto
1724 3678 1772 3730 si

208 3764 361 3817 missa
389 3780 491 3837 pro
517 3764 796 3818 defunctis
818 3781 941 3818 cum
968 3765 1211 3818 maximo
1239 3766 1351 3818 ritu
1381 3770 1466 3819 est
1483 3765 1772 3819 celebran-

201 3850 291 3917 da;
318 3858 450 3907 tunc
469 3841 705 3907 cantant
729 3854 1104 3925 responsoria,
1135 3854 1337 3924 quibus
1367 3854 1645 3908 armarius
1685 3855 1773 3908 in-

198 3941 383 4011 jungit.
408 3943 635 3997 Scillam
665 3943 1040 4015 provectiores
1068 3944 1289 4003 fratres,
1319 3944 1401 3997 vel
1434 3943 1539 4014 ipsi
1563 3942 1775 3997 hebdo-

202 4030 442 4087 madarii.
470 4031 519 4084 si
549 4031 692 4085 tales
721 4037 869 4095 sunt,
902 4037 1115 4085 tenent.
1150 4030 1222 4085 Hi
1254 4031 1424 4085 etiam
1447 4047 1638 4085 versus
1660 4032 1777 4085 ani-

202 4130 407 4173 marum
446 4124 728 4185 canentes,
783 4137 911 4174 cum
960 4120 1245 4187 inchoant,
1292 4126 1427 4173 tunc
1468 4126 1687 4173 tantum
1719 4119 1776 4172 in

204 4216 317 4263 ante
343 4209 615 4263 inclinant
648 4229 659 4264 :
692 4210 788 4264 sed
821 4210 879 4263 in
912 4211 1021 4263 fine
1052 4211 1195 4280 ejus,
1243 4214 1373 4263 ante
1418 4214 1475 4263 et
1511 4215 1661 4261 retro
1703 4207 1779 4261 fa-

204 4297 363 4352 ciunt.
403 4299 603 4353 Nullus
639 4305 831 4353 tamen
860 4316 1054 4353 eorum
1092 4299 1179 4351 vel
1219 4299 1455 4353 aliorum
1487 4297 1599 4350 illic
1619 4296 1780 4351 obse-

205 4389 479 4456 quentium
525 4395 656 4442 ante
719 4389 934 4441 finitam
979 4388 1329 4441 oii‘erentiam
1368 4404 1427 4441 se
1468 4387 1635 4441 exuit.
1690 4400 1779 4440 ω).

1854 3146 2125 3199 diaconus
2182 3158 2240 3195 se
2286 3157 2414 3195 cum
2462 3155 2527 3193 eo
2566 3154 2676 3192 non
2718 3136 2903 3201 vertit,
2958 3133 3064 3188 nisi
3110 3138 3333 3187 tantum
3379 3130 3451 3184 ad

1854 3235 1925 3289 Ile
1954 3236 2120 3286 missa
2148 3236 2243 3285 est.

1920 3323 2154 3393 Expleta
2183 3319 2355 3390 igitur
2383 3317 2656 3376 oratione,
2689 3315 2975 3379 diaconus,
3007 3312 3210 3365 tollens
3239 3310 3449 3363 librum

1853 3412 2156 3475 missalem,
2189 3408 2348 3479 ponit
2376 3424 2505 3461 eum
2529 3406 2586 3459 in
2615 3404 2843 3458 sinistro
2873 3419 3047 3456 cornu
3076 3399 3452 3459 altaris.Cum

1852 3499 2110 3554 sacerdos
2164 3496 2389 3551 sederit.
2432 3495 2699 3548 diaconus
2729 3492 2779 3546 ei
2818 3491 3068 3545 casulam
3101 3494 3251 3543 retro
3280 3489 3448 3553 levat,

1855 3591 2055 3642 stolam
2106 3586 2155 3640 ei
2203 3584 2505 3655 componit.
2540 3584 2682 3637 Nam
2728 3587 2785 3635 et
2827 3581 2945 3651 ipse
2990 3579 3348 3632 dalmaticam
3398 3582 3455 3630 et

1855 3678 2246 3737 subdiaconus,
2280 3674 2503 3738 subtile,
2526 3672 2571 3726 si
2598 3670 2864 3735 sederint,
2898 3670 3103 3723 levant.
3140 3669 3208 3722 Et
3242 3667 3286 3720 si
3323 3665 3454 3720 talis

1857 3774 1942 3820 est
1965 3766 2103 3822 dies.
2141 3770 2201 3817 ut
2224 3770 2280 3817 et
2306 3763 2425 3834 ipse
2456 3762 2725 3815 diaconus
2754 3759 2947 3813 casula
2986 3758 3219 3810 indutus
3260 3760 3342 3822 (ut
3370 3760 3457 3809 est

1856 3856 1912 3909 in
1945 3851 2413 3922 Quadragesima)
2439 3851 2581 3903 hanc
2602 3849 2815 3909 statim,
2852 3847 2997 3900 sicut
3026 3852 3111 3899 est
3147 3862 3267 3898 mos
3290 3860 3458 3914 gene-

1856 3944 2009 4007 ralis,
2044 3943 2306 4014 plicatam
2339 3940 2442 3994 sibi
2477 3938 2807 4006 circumdat,
2834 3941 2891 3989 et
2930 3941 3066 3989 tunc
3094 3934 3270 3996 sedet,
3302 3933 3458 4003 prius

1858 4039 2049 4087 tamen
2096 4029 2383 4084 sacerdote
2423 4028 2708 4080 innuente.
2743 4027 2877 4090 (01).)
2903 4023 2960 4076 Si
3003 4021 3306 4092 praevidere
3337 4019 3459 4073 dili-

1858 4122 2084 4193 gentius
2105 4117 2342 4172 voluerit
2360 4112 2922 4184 Evangelium,sumit
2946 4111 3151 4164 librum
3178 4109 3246 4162 de
3268 4106 3456 4173 altari,

1860 4212 2287 4281 inspectumque
2310 4204 2669 4268 sufficienter,
2694 4201 2948 4271 reponit;
2982 4214 3002 4232 ·
3030 4197 3232 4252 deinde
3263 4197 3457 4249 incen-

1863 4316 2008 4361 sum,
2036 4304 2097 4352 ut
2128 4295 2505 4368 praediximus,
2551 4290 2826 4345 sacerdoti
2870 4287 3125 4359 porrigit,
3157 4291 3222 4340 ut
3242 4289 3459 4339 textum

1866 4387 2150 4458 Evangelii
2179 4387 2445 4439 incenset.
2480 4383 2601 4447 Quo
2645 4380 2931 4434 incensato
2963 4375 3361 4445 thuribuloque
3390 4372 3461 4427 ab

203 4473 345 4535 Quod
374 4477 420 4531 si
449 4495 645 4531 omnes
693 4483 827 4531 sunt
869 4477 927 4530 in
973 4478 1161 4548 cappis
1188 4477 1275 4530 vel
1307 4476 1467 4537 albis.
1499 4469 1845 4530 armariusD
1867 4495 1931 4534 eo
1960 4482 2203 4547 recepto,
2231 4472 2676 4527 benedictionem
2708 4467 2927 4539 accipit.
2961 4467 3020 4521 Si
3050 4466 3291 4519 domnus
3319 4461 3463 4517 abba

203 4564 374 4620 innuit
403 4567 828 4638 quibuscumque
861 4567 1098 4621 voluerit
1123 4583 1223 4637 pro
1250 4566 1327 4620 eis
1357 4566 1671 4620 cantandis.

711 4656 945 4711 CAPUT
973 4655 1263 4710 LXXXIX.

316 4745 540 4817 Quando
569 4748 633 4799 in
664 4749 905 4799 claustro
932 4761 1043 4798 non
1069 4748 1138 4797 sit
1170 4748 1277 4798 alte
1302 4746 1663 4798 cantandum.

266 4833 285 4859 '
307 4833 374 4887 Et
397 4833 501 4888 hoc
530 4832 948 4887 subnotandum
990 4838 1094 4898 est,
1131 4833 1264 4903 quia
1308 4849 1475 4886 nemo
1506 4836 1697 4886 cantat
1723 4833 1781 4886 in

204 4920 433 4976 claustro
463 4923 522 4976 in
554 4922 712 4976 festis
768 4922 1060 4975 duodecim
1108 4921 1433 4985 lectionum,
1476 4939 1598 4992 quae
1646 4939 1781 4992 apo-

203 5011 345 5065 stolis
373 5012 669 5077 feriantur,
703 5011 813 5064 nisi
842 5010 1042 5064 fratres
1072 5011 1176 5073 illi,
1210 5011 1305 5081 qui
1336 5007 1512 5064 notati
1543 5012 1613 5064 ad
1643 5011 1782 5067 Gra-

201 5099 370 5161 dualc,
402 5101 489 5155 vel
518 5101 587 5153 ad
624 5101 896 5156 Alleluia.
947 5100 1047 5154 Isti
1087 5098 1312 5169 quidem
1372 5106 1503 5153 ante
1544 5100 1784 5170 primam

200 5192 519 5258 prazdictum
549 5198 777 5245 cantum
829 5190 900 5243 ad
947 5189 1182 5243 invicem
1215 5189 1498 5243 afﬁrmare
1528 5194 1781 5261 possunt,

204 5293 493 5350 suppressa
520 5285 710 5334 tamen
745 5296 892 5333 voce.
929 5280 1091 5343 Quod
1137 5279 1185 5332 si
1235 5279 1419 5348 prima
1460 5278 1518 5331 in
1565 5284 1785 5332 tantum

1864 4568 1951 4621 vel
1990 4567 2101 4621 alia
2147 4565 2277 4618 talis
2324 4577 2563 4633 persona
2618 4575 2861 4631 praesens
2913 4555 3103 4615 fuerit,
3163 4558 3449 4625 acceptam

1867 4672 2054 4711 coram
2086 4653 2303 4709 altaria
2342 4666 2606 4706 converso
2636 4664 2887 4702 acerram
2913 4646 3020 4717 ipsi
3049 4644 3247 4709 defert,
3278 4643 3465 4697 incen-

1866 4763 2012 4810 sum,
2052 4751 2117 4799 ut
2149 4741 2438 4798 thuribulo
2478 4740 2752 4810 imponat,
2793 4736 3249 4807 postulatamque
3286 4730 3356 4787 ab
3398 4749 3464 4787 eo

1865 4834 2309 4889 benedictionem
2340 4834 2608 4900 reportat,
2643 4834 2701 4881 et
2735 4831 2871 4879 tunc
2891 4824 3150 4879 sacerdos
3180 4822 3466 4877 nihilomi—

1866 4942 1970 4978 nus
1997 4922 2311 4995 plenarium
2339 4920 2578 4989 desuper
2623 4916 2847 4986 signum
2900 4913 3079 4968 crucis
3130 4912 3338 4967 faciens
3385 4912 3467 4966 in-

1865 5020 2071 5068 censat.
2108 5010 2388 5065 Diaconus
2418 5012 2607 5061 autem
2637 5004 2914 5074 accipiens
2943 5002 3082 5056 illud
3124 5001 3319 5055 dextra
3345 5000 3466 5068 ejus

1865 5107 2025 5173 parte
2053 5098 2339 5152 osculatur
2367 5094 2565 5156 altare,
2597 5090 2935 5145 subdiacono
2989 5087 3278 5159 pulvillum
3334 5089 3466 5137 ante

1864 5170 2050 5260 ipsum
2098 5191 2375 5258 portante.
2412 5182 2595 5237 Finito
2625 5178 2925 5248 Evangelio
2955 5177 3055 5230 dat
3077 5175 3283 5229 librum
3341 5170 3467 5225 sub-

1869 5279 2121 5335 diacono,
2156 5280 2214 5329 et
2236 5280 2371 5328 tunc
2410 5272 2615 5325 iterum
2655 5269 2827 5321 missa
2868 5266 3026 5319 ﬁnita
3068 5264 3203 5316 facit
3233 5265 3365 5315 ante
3411 5264 3469 5313 et

202 5370 551 5433 acceleratur,
604 5374 670 5424 ut
730 5368 971 5422 brevitas
1024 5368 1191 5438 spatii
1240 5368 1378 5421 illud
1436 5384 1547 5421 non
1604 5368 1788 5440 patia-
1871 5373 2040 5420 retro.
2093 5366 2152 5419 Si
2195 5364 2365 5419 Credo
2396 5365 2456 5415 in
2502 5375 2680 5413 unum
2712 5355 2951 5419 canitur,
2979 5367 3108 5406 cum
3140 5349 3469 5423 pervenitur

201 5460 303 5526 tur,
351 5466 484 5514 tunc
542 5457 768 5529 quidem
820 5457 879 5511 in
934 5457 1218 5522 vestiario,
1260 5457 1482 5527 quando
1539 5438 1785 5511 selalbis
1869 5459 1969 5525 qui
1991 5457 2201 5510 loculus
2222 5457 2315 5517 est,
2342 5457 2474 5517 etc.,
2516 5448 2666 5502 lavat
2694 5460 2910 5500 manus.
2953 5441 3012 5497 Si
3038 5457 3168 5495 vero
3189 5455 3303 5495 non
3322 5438 3471 5493 cani-

268 5636 407 5709 (114)
438 5639 763 5705 Scamnum,
807 5636 1154 5693 subsellium.
1186 5634 1328 5691 Vide
1356 5634 1634 5707 superius.
