3872 6164
466 306 604 367 1023
1491 320 1548 375 S.
1591 317 1985 376 GUILLELMI
2022 316 2326 377 ABBATIS
2363 319 2702 377 HIRSAUG.
3549 329 3664 388 102‘

466 446 580 511 tur,
631 446 822 500 statim
867 444 1025 500 ﬁnito
1056 444 1379 517 Evangelio.
1428 449 1730 507 Sciendum
1776 468 1909 507 vero
1948 442 2300 519 est,Amum
2344 445 2495 500 inter
2541 443 2987 500 benedicendum
3016 445 3101 500 sal
3143 448 3203 501 et
3243 463 3455 519 aquam,
3481 455 3533 507 et
3554 452 3672 510 inter

466 532 617 603 quod
657 533 713 588 in
742 539 995 605 tempore
1026 535 1295 590 otferendi
1320 554 1433 592 non
1454 540 1619 595 aliter
1649 541 2055 596 incensandum
2140 534 2554 602 Procedendum
2584 536 2653 588 ad
2684 535 2974 589 sinistram
3024 534 3326 590 sacerdotis
3365 543 3471 592 stat
3498 546 3547 593 et
3581 559 3673 597 am-
3726 610 3731 617 ι
3818 608 3819 615 γ

466 626 569 687 est,
600 639 768 693 quam
818 629 883 678 ut
911 624 1288 695 praediximus,
1337 634 1565 700 excepto
1608 630 1655 684 si
1702 631 1851 701 apud
1902 629 2055 684 aliud

464 710 642 765 altare
670 712 947 767 invenerit
977 714 1325 769 sacerdotem
1371 717 1600 772 missam
1652 718 2051 773 celebrantem.

464 798 623 863 Quod
666 801 716 855 si
751 801 899 856 infra
928 804 1291 874 Evangelium
1322 804 1408 860 vel
1435 823 1710 863 canonem
1739 808 1930 876 fuerit,
1952 825 2057 863 ne-

464 905 746 961 quaquam
779 892 830 946 ei
859 892 1291 964 appr0pinquat,
1319 895 1427 950 nisi
1466 896 1608 952 forte
1642 915 1769 952 eum
1792 898 1905 952 fere
1934 897 2058 952 ﬁni-

461 985 584 1034 tum
615 982 988 1052 praesenserit.
1029 982 1087 1036 Si
1120 1000 1252 1037 vero
1296 984 1409 1038 alia
1456 984 1597 1041 hora
1647 987 2052 1059 supervenerit.

461 1067 817 1124 thuribulum
872 1071 1148 1126 sacerdoti
1198 1071 1412 1129 tribuit.
1460 1075 1567 1140 Qui
1617 1092 1702 1144 eo,
1736 1093 1846 1148 quo
1885 1094 2056 1148 supra

461 1156 672 1212 dictum
704 1164 809 1228 est,
843 1161 1010 1215 modo
1038 1161 1313 1221 incensat.

1068 1251 1300 1306 CAPUT
1336 1252 1480 1306 XCI.

462 1334 737 1399 Quomodo
753 1338 1153 1393 incensandum
1172 1343 1227 1393 in
1244 1342 1535 1408 festivitate
1548 1343 1729 1395 sancti
1747 1342 2046 1395 Michaelis.

535 1422 557 1444 *⁵
577 1422 674 1476 Est
703 1424 886 1479 adhuc
905 1426 1209 1498 singularis
1237 1430 1437 1483 modus
1470 1429 1526 1482 in
1553 1430 1903 1484 dedicatione
1920 1430 2055 1484 San-

462 1508 536 1562 cti
576 1510 862 1568 Michaelis
893 1517 1213 1588 archangeli
1249 1536 1260 1571 :
1316 1524 1450 1572 tunc
1494 1519 1643 1572 enim
1695 1519 1854 1573 ﬁnito
1894 1535 2056 1573 versu

464 1598 733 1655 offertorii
765 1603 1022 1677 factaque
1054 1607 1405 1678 repetitione.
1454 1608 1521 1661 Et
1567 1608 1811 1662 ascendit
1839 1609 2050 1674 fumus,

2139 621 2321 679 bulat.
2353 623 2455 678 Hic
2483 625 2653 679 etiam
2687 626 2746 678 in
2775 625 2894 679 loco
2939 641 3186 695 congruo
3211 633 3520 696 reservatos,
3556 631 3675 687 tolli-

2139 713 2264 767 culo
2293 713 2364 767 ad
2410 714 2516 768 hoc
2543 714 2833 785 deputato,
2867 714 3154 768 succendit
3179 714 3463 784 carbones;
3508 720 3674 792 reliqui

2137 800 2249 856 duo
2309 803 2381 857 ad
2432 803 2769 858 candelabra
2813 803 3043 858 ferenda
3090 804 3434 860 ordinantur.
3463 806 3676 880 Cumque

2138 891 2409 962 procedit,
2439 893 2534 963 qui
2563 892 2634 947 de
2664 892 2890 947 sinistro
2935 892 3106 947 choro
3146 892 3338 963 fuerit,
3366 894 3420 950 in
3446 913 3507 950 ea
3547 904 3676 968 parte

2139 996 2363 1052 quoque
2392 981 2583 1039 stabit.
2608 981 2667 1037 Si
2705 998 2836 1036 vero
2857 981 3023 1036 ambo
3053 982 3124 1036 de
3153 999 3268 1037 uno
3296 983 3456 1038 choro
3482 984 3672 1050 fuerint,

2138 1071 2334 1125 ordine
2362 1071 2592 1126 inferior
2612 1071 2671 1125 in
2700 1071 2992 1126 sinistrum
3021 1072 3256 1126 chorum
3312 1073 3523 1139 secedit,
3547 1075 3674 1129 simi-

2138 1160 2292 1231 lique
2313 1159 2478 1214 modo
2494 1160 2563 1214 ad
2586 1159 2817 1214 missam
2832 1160 3067 1214 faciunt.
3099 1160 3336 1225 Quando
3356 1177 3532 1215 versus
3559 1164 3613 1216 In
3638 1170 3674 1217 te

2133 1251 2364 1304 Domine
2393 1253 2611 1318 speravi
2638 1249 2958 1317 inchoatur,
2990 1254 3192 1304 tenens
3222 1249 3551 1305 thuribulum
3574 1251 3677 1305 facit

2136 1339 2359 1409 signum
2406 1338 2589 1392 crucis
2635 1355 2806 1409 super
2836 1339 3162 1409 analogiam
3201 1344 3260 1393 et
3310 1340 3555 1393 recedens
3588 1355 3677 1393 non

2136 1427 2370 1482 inclinat
2383 1473 2394 1484 .
2407 1427 2711 1497 Postquam
2735 1443 2931 1480 omnes
2953 1426 3013 1480 in
3026 1426 3341 1480 sacristiam
3353 1429 3676 1492 revertuntur,

2137 1518 2183 1571 si
2214 1517 2346 1571 talis
2373 1521 2461 1570 est
2491 1516 2628 1579 dies,
2657 1520 2723 1570 ut
2759 1515 2829 1569 ab
2854 1532 2967 1570 uno
2992 1516 3398 1570 incensandum
3427 1515 3494 1569 sit
3518 1515 3675 1581 altare,

2137 1607 2186 1661 is
2208 1606 2304 1677 qui
2334 1604 2687 1660 thuribulum
2716 1609 3043 1676 portaturus
3072 1610 3183 1673 est,
3213 1604 3347 1659 foris
3377 1605 3584 1659 chorum
3609 1621 3676 1658 re-

463 1684 574 1741 duo
603 1688 824 1745 diaconi
839 1694 1167 1748 accedentes
1193 1696 1263 1749 ad
1283 1698 1467 1766 majus
1485 1696 1683 1760 altare,
1702 1696 1851 1750 latus
1879 1694 2056 1766 ipsius
2140 1700 2331 1749 manet
2353 1694 2604 1759 indutus,
2633 1693 2850 1747 caeteris
2879 1708 2939 1746 se
2980 1693 3332 1747 exuentibus.
3367 1693 3513 1757 Quod
3539 1693 3577 1746 si
3591 1694 3677 1746 tale

461 1780 767 1850 utrumque
796 1781 1105 1848 incensant,
1148 1785 1371 1855 copiose
1413 1784 1675 1856 imposito
1713 1785 1897 1848 thure,
1942 1799 2118 1861 quoB
2138 1784 2347 1838 festum
2376 1787 2482 1848 est,
2506 1788 2572 1837 ut
2596 1798 2630 1835 a
2658 1781 2878 1836 duobus
2898 1781 3181 1836 incensari
3208 1781 3425 1847 debeat,
3454 1781 3677 1835 cerofera-

460 1864 608 1919 facto
638 1869 970 1925 accedentes
1014 1873 1085 1925 ad
1140 1873 1449 1943 posteriora
1497 1889 1725 1938 cornua,
1774 1889 1934 1927 verso
1982 1871 2052 1925 ad
2139 1874 2355 1928 riorum
2418 1889 2564 1927 unus
2621 1887 2747 1925 cum
2779 1887 2845 1925 eo
2887 1871 3226 1939 remanebit,
3275 1871 3463 1925 ordine
3510 1871 3677 1924 scilicet

460 1952 698 2009 invicem
728 1958 906 2023 vultu,
956 1960 1301 2031 superiorem
1356 1962 1552 2015 altaris
1588 1968 1807 2032 partem
1841 1961 2055 2032 jugitcr

466 2040 775 2110 incensant,
811 2063 924 2101 non
953 2057 1257 2116 cessantes,
1290 2050 1467 2105 donec
1499 2050 1757 2121 repetitio
1782 2049 2053 2104 oﬁertorii

464 2131 1261 2210 ﬁniatur.Procurandumque
1289 2140 1446 2211 prius
1476 2146 1579 2203 est,
1617 2145 1677 2193 ut
1706 2140 1966 2194 sacerdos
1994 2139 2053 2193 in

464 2216 587 2289 ipso
608 2220 719 2275 fine
740 2240 937 2279 versus
950 2227 1217 2281 ofl‘ertorii
1238 2244 1398 2282 suam
1421 2245 1589 2299 super
1615 2227 1843 2282 calicem
1863 2227 2051 2281 incen-

464 2308 740 2364 sationem
767 2322 1135 2369 consummet.
1154 2316 1529 2371 Diaconorum
1552 2316 1696 2370 alter
1714 2316 1785 2370 ad
1805 2315 1862 2369 id
1885 2314 2053 2370 ofﬁcii

463 2400 566 2461 est,
603 2398 698 2468 qui
737 2416 803 2454 eo
824 2401 915 2456 die
945 2403 1247 2469 ministrat,
1259 2405 1403 2458 alter
1431 2420 1560 2458 vero
1575 2403 1645 2457 ab
1662 2403 1907 2457 armario
1922 2419 2054 2474 pro-

462 2485 683 2541 videtur
712 2505 890 2560 cappa
911 2491 1158 2547 indutus.
1186 2493 1323 2548 Inde
1347 2494 1419 2547 ad
1450 2493 1626 2546 altare
1660 2493 1839 2546 sancti
1874 2493 2055 2546 Bene-

464 2573 594 2628 dicti
625 2579 1050 2649 progredientes
1081 2582 1318 2636 eundem
1348 2582 1576 2636 modum
1611 2580 1689 2635 ibi
1736 2581 2051 2647 observant,

464 2680 630 2733 quem
650 2666 721 2719 ad
748 2670 1057 2741 principale
1078 2672 1275 2737 altare,
1310 2672 1757 2742 quandocunque
1786 2687 1818 2724 a
1839 2670 2056 2725 duobus

462 2751 787 2810 incensatur
810 2758 1172 2830 presbyteris.
1199 2760 1412 2815 Deinde
1440 2760 1683 2831 separati
1712 2758 1782 2812 ab
1817 2759 2054 2813 invicem

463 2843 653 2897 omnia
682 2844 887 2901 altaria
910 2849 1239 2904 monasterii
1268 2850 1383 2904 sive
1427 2849 1482 2903 S.
1518 2848 1709 2902 Mariae
1737 2848 2049 2915 incensant,

461 2929 521 2985 in
542 2933 792 3002 quolibet
827 2935 1082 2992 faciendo
1110 2938 1353 3010 desuper
1381 2954 1622 2992 crucem.
1670 2937 1823 3007 (01).)
1861 2938 2054 2992 Scien-

464 3020 712 3092 dumque
738 3030 842 3091 est,
893 3026 1019 3080 aliis
1057 3027 1427 3098 temporibus,
1462 3026 1686 3097 quando
1715 3026 1827 3080 duo
1858 3027 2055 3082 incen-

465 3115 611 3177 sant,
659 3111 917 3168 similiter
965 3116 1088 3170 fieri
1130 3116 1353 3171 debere.
1410 3116 1519 3171 Sed
1549 3115 1816 3169 diaconus
1860 3132 1927 3169 ea
1960 3117 2051 3171 die

463 3198 792 3256 ministrans
812 3203 880 3257 ad
906 3221 1126 3259 crucem
1158 3206 1426 3260 incensat.
1472 3206 1494 3228 ‘
1546 3204 1631 3258 Ad
1663 3204 1844 3258 missae
1882 3204 2052 3257 ﬁnem

463 3304 753 3359 nunquam
800 3294 876 3346 Ite
933 3297 1103 3347 missa
1143 3301 1217 3348 est
1257 3294 1327 3348 ab
1367 3311 1432 3349 eo
1480 3294 1899 3365 pronuntiatur,
1945 3294 2055 3347 nisi

464 3377 636 3431 etiam
660 3380 848 3434 Gloria
883 3384 945 3435 in
983 3385 1205 3436 excelsis
1234 3390 1493 3438 canatur.
1521 3384 1631 3437 Per
1654 3388 1832 3437 totam
1863 3389 2053 3437 autem

464 3465 875 3522 hebdomadam
906 3476 1023 3523 tam
1054 3472 1125 3524 ad
1154 3472 1473 3526 Nocturnos
1520 3488 1689 3543 quam
1724 3472 1795 3525 ad
1828 3472 2056 3525 missam

465 3569 532 3607 ex
559 3558 963 3612 consuetudine
991 3559 1111 3629 ipse
1138 3560 1292 3629 legit,
1335 3567 1392 3615 et
1418 3566 1651 3633 propter
1692 3558 2056 3630 fragilitatem

465 3657 579 3697 non
605 3643 713 3697 nisi
735 3645 806 3699 ad
830 3646 1060 3701 missam
1090 3648 1307 3702 vitabit.

1048 3737 1281 3793 CAPUT
1301 3739 1470 3793 XCII.

893 3827 966 3880 De
996 3830 1356 3883 servz'toribus
1381 3831 1625 3883 ecclesiae.

538 3912 847 3967 Servitores
870 3920 1102 3985 propter
1129 3916 1233 3969 hoc
1262 3932 1487 3982 munus,
1520 3916 1670 3987 quod
1699 3916 2054 3971 thuribulum

465 4006 522 4056 et
539 4002 875 4057 candelabra
898 4011 1127 4075 portant
1155 4006 1457 4076 diligenter
1486 4005 1802 4073 observant,
1826 4012 1890 4060 ut
1909 4022 2057 4059 nun-

463 4108 633 4162 quam
663 4093 733 4146 ad
762 4092 1093 4164 obsequium
1120 4095 1448 4163 sacerdotis,
1487 4095 1665 4150 levitae
1698 4096 1783 4149 vel
1829 4095 2056 4149 subdia-

423 4194 427 4198 ’
462 4181 587 4236 coni
606 4181 810 4236 desint.
839 4183 1329 4255 Quotienscunque
1353 4185 1424 4239 ad
1445 4185 1621 4239 ullum
1643 4184 1893 4239 divinum
1913 4202 2053 4256 opus

462 4270 587 4342 ipsa
638 4271 971 4326 indumenta
1017 4273 1327 4344 deponunt,
1361 4274 1444 4328 vel
1473 4274 1521 4327 si
1567 4290 1707 4345 opus
1752 4274 2056 4329 habuerint

2140 1962 2312 2034 prior,
2346 1961 2394 2015 si
2422 1961 2544 2015 ﬁeri
2575 1964 2780 2032 potest.
2809 1961 2966 2014 Tunc
2994 1960 3146 2015 enim
3175 1961 3483 2015 sacerdotes
3504 1959 3679 2029 singula

2136 2050 2436 2107 thuribula
2452 2050 2522 2121 (si
2554 2055 2746 2104 tamen
2775 2049 3018 2103 domnus
3048 2048 3196 2104 abba
3224 2066 3336 2104 non
3362 2048 3544 2117 aderit)
3558 2049 3604 2102 in
3617 2064 3679 2101 re-

2133 2140 2399 2196 vestiario
2422 2143 2731 2203 sumentes,
2765 2136 2956 2208 ibique
2981 2138 3117 2193 thus
3162 2138 3505 2209 imponentes
3527 2136 3586 2190 ad
3617 2136 3678 2189 in.

2135 2230 2475 2287 censendum
2511 2228 2689 2282 altare
2713 2228 3042 2299 procedunt,
3061 2244 3206 2298 quos
3222 2226 3315 2282 isti
3333 2225 3557 2281 accensis
3573 2241 3677 2279 can-

2136 2321 2279 2375 delis
2332 2320 2773 2390 subsequuntur.
2831 2318 2941 2372 Sed
2969 2318 3017 2371 si
3048 2317 3295 2372 domnus
3324 2315 3461 2370 abba
3495 2316 3556 2370 de
3599 2315 3678 2368 hoc

2136 2410 2337 2474 aderit,
2373 2413 2429 2463 et
2460 2408 2543 2462 vel
2573 2408 2693 2479 ipse
2721 2404 2849 2461 cuin
2880 2406 3172 2461 sacerdote
3217 2405 3488 2459 voluerint
3530 2403 3679 2457 incen-

2138 2515 2281 2563 sare,
2320 2499 2401 2551 vel
2433 2498 2557 2551 aliis
2585 2495 2803 2551 duobus
2829 2512 2931 2567 per
2956 2496 3231 2566 majorem
3263 2497 3482 2551 chorum
3509 2492 3679 2546 intran-

2137 2586 2287 2641 tibus
2308 2585 2806 2657 thusimposuerit,
2828 2601 2940 2639 non
2958 2601 3086 2638 mox
3119 2584 3382 2639 candelas
3399 2580 3676 2639 accendunt,

2139 2677 2364 2748 quando
2411 2676 2483 2729 ad
2534 2691 2664 2729 eum
2704 2673 3023 2740 accedunt;
3086 2673 3219 2744 quia
3277 2670 3544 2726 thuribula
3573 2673 3681 2721 tunc

2136 2767 2412 2838 temporis
2438 2768 2666 2835 gestant
2714 2782 2726 2818 :
2785 2762 2883 2817 sed
2913 2767 3221 2834 postquam
3265 2757 3681 2832 impositothure

2135 2873 2337 2911 manus
2372 2853 2674 2909 thuribulis
2727 2852 3051 2924 expediunt.
3104 2851 3244 2906 Post
3295 2848 3583 2905 sacerdotes
3625 2844 3681 2898 ad

2136 2946 2315 3000 altare
2343 2943 2655 3016 procedunt
2684 2946 2742 2996 et
2778 2947 2913 2996 tunc
2954 2940 3385 2995 easaccendunt
3413 2958 3424 2990 :
3450 2937 3547 2991 illis
3576 2948 3680 2988 vero

2135 3040 2263 3106 post
2282 3035 2634 3087 inccnsatum
2656 3032 2833 3085 altare
2855 3029 3242 3096 Dominicum,
3276 3029 3344 3083 ad
3371 3033 3510 3082 retro
3534 3024 3682 3096 posita

2136 3124 2384 3195 quinque
2413 3121 2615 3176 altaria
2642 3118 2927 3185 euntibus,
2978 3123 3036 3172 et
3068 3118 3320 3173 medium
3353 3131 3530 3171 eorum
3558 3127 3682 3166 more

2137 3212 2462 3284 principalis
2500 3207 2940 3274 incensantibus,
2974 3213 3031 3262 et
3059 3208 3196 3262 inde
3233 3204 3587 3267 redeuntibus,
3611 3200 3684 3255 isti

2135 3310 2272 3358 tunc
2316 3302 2543 3355 demum
2599 3297 2928 3370 procedunt.
2983 3296 3382 3351 Sacerdotibus
3428 3297 3596 3348 autem
3640 3288 3684 3342 in

2139 3393 2373 3447 chorum
2404 3386 2789 3453 redeuntibus,
2842 3402 2993 3440 unus
3038 3386 3348 3440 eorundem
3400 3380 3683 3437 servitorum

2140 3482 2397 3535 incensat
2427 3468 2685 3532 dextrum
2731 3475 2985 3538 chorum,
3018 3474 3164 3527 alter
3203 3474 3500 3536 sinistrum,
3538 3466 3682 3539 primo

2140 3570 2366 3642 quidem
2399 3567 2468 3621 ad
2492 3565 2784 3636 parietem,
2818 3562 3022 3617 deinde
3055 3563 3115 3616 in
3153 3561 3357 3618 minori
3385 3562 3539 3615 choro
3560 3561 3681 3611 uter-

2141 3674 2251 3730 que
2278 3672 2439 3711 suam
2470 3658 2716 3724 partem;
2748 3651 3110 3722 postmodum
3138 3668 3237 3705 eos
3266 3650 3361 3722 qui
3388 3653 3527 3703 stant
3550 3645 3610 3699 ad
3633 3642 3683 3696 li-

2139 3763 2345 3812 neam;
2380 3748 2664 3815 postremo
2693 3757 2807 3806 eos,
2839 3740 2934 3810 qui
2965 3739 3037 3793 ad
3065 3739 3329 3794 formam.
3379 3737 3433 3792 Si
3472 3749 3584 3789 vero
3618 3730 3673 3785 ab

2139 3853 2256 3892 uno
2284 3835 2627 3897 incensatur,
2660 3829 2842 3900 primo
2873 3828 3100 3900 quidem
3130 3828 3352 3900 eos,qui
3373 3827 3439 3881 ad
3465 3824 3678 3878 dextrum

2137 3930 2291 3982 stant
2309 3922 2601 3995 parietem,
2636 3918 2836 3973 deinde
2868 3935 2964 3972 eos
2986 3917 3082 3988 qui
3112 3916 3185 3971 ad
3212 3918 3491 3972 sinistrum
3514 3913 3675 3966 incen-

2137 4021 2270 4081 sat;
2338 4010 2539 4067 dehinc
2584 4008 2643 4062 in
2698 4007 2903 4061 minori
2949 4007 3118 4061 choro
3173 4007 3426 4061 dextram
3483 4005 3679 4074 partem,

2138 4103 2340 4160 deinde
2360 4100 2665 4162 sinistram,
2692 4102 2887 4168 postea
2912 4096 3150 4150 formam
3177 4095 3238 4149 in
3270 4101 3495 4164 utroque
3524 4089 3678 4149 choro,

2138 4191 2340 4247 deinde
2360 4206 2473 4255 eos,
2498 4187 2594 4258 qui
2614 4190 2748 4240 sunt
2772 4190 2928 4238 extra
2959 4185 3192 4238 chorum
3228 4183 3455 4254 singulis
3480 4175 3681 4233 breviter

2138 4281 2435 4336 inclinans.
2480 4277 2682 4330 Postea
2708 4274 2803 4327 illa
2831 4273 3052 4338 altaria,
3070 4289 3193 4343 quae
3224 4271 3471 4327 sacerdos
3496 4281 3593 4322 non
3613 4263 3681 4315 in-

459 4377 611 4431 aqua
634 4365 692 4415 εί
718 4361 1073 4432 ηιθηυίθνέζίο
1096 4363 1307 4417 “ilicet
1334 4379 1535 4417 manus
1564 4363 1825 4429 lavatm‘i,
1871 4363 1969 4417 sed
1999 4368 2057 4418 et
2075 4397 2123 4455 D
2145 4368 2394 4427 censavit
2419 4366 2670 4419 incensat
2695 4382 2711 4433 ;
2741 4362 2789 4416 si
2809 4367 2999 4416 tamen
3030 4361 3164 4431 quid
3197 4361 3268 4415 de
3293 4361 3507 4414 incenso
3532 4355 3585 4409 in
3612 4366 3680 4405 eo-

462 4457 597 4506 tunc
626 4451 903 4505 sacerdoti
933 4456 988 4505 et
1013 4451 1195 4506 levita;
1243 4452 1473 4506 brachia
1513 4453 1869 4521 osculantur;
1904 4469 2052 4507 unus
2078 4445 2264 4517 "dem
2293 4458 2587 4526 supererat
2621 4451 2930 4519 thuribulo,
2965 4455 3163 4504 contra
3210 4449 3408 4504 faciem
3447 4445 3676 4515 cujusque

464 4539 534 4595 de
558 4539 769 4594 eisdem
802 4540 1172 4595 servitoribus
1188 4541 1403 4612 jugiter
1426 4541 1508 4594 illi
1539 4540 1911 4612 obsequitur.‘
1936 4543 2054 4597 Hoc

465 4634 658 4683 autem
687 4628 885 4683 ordine
923 4646 1088 4684 suum
1139 4636 1420 4701 peragunt
1456 4631 1724 4697 ofﬁcium,
1769 4636 1834 4684 ut
1871 4632 2052 4702 primo

464 4717 793 4773 invitatoria
820 4717 1113 4784 canituris,
1146 4719 1193 4772 si
1224 4725 1357 4773 tunc
1406 4719 1578 4790 exigit
1624 4719 1695 4772 ad
1742 4718 2058 4775 induendas

463 4808 619 4863 albas
649 4807 736 4861 vel
763 4824 986 4879 cappas,
1020 4808 1349 4880 obsequium
1388 4815 1674 4881 praestent,
1715 4809 2058 4864 abstractas-

466 4914 574 4971 que
617 4913 814 4952 rursus
859 4897 968 4968 ipsi
1020 4898 1142 4953 sine
1186 4915 1379 4953 eorum
1427 4899 1634 4954 auxilio
1689 4900 2045 4971 complicent.

461 4987 676 5044 Deinde
706 4987 854 5041 infra
890 4991 1116 5041 cantum
1156 4987 1225 5041 de
1254 4988 1424 5042 choro
1462 4994 1667 5043 exeunt
1698 4989 1844 5042 sicut
1871 4994 1929 5042 et
1959 5005 2051 5043 sa-

460 5078 658 5134 cerdos
677 5092 988 5147 manusque
1004 5077 1072 5129 ad
1089 5077 1421 5132 lavatorium
1438 5076 1843 5133 abluunt.Cum
1860 5088 2051 5133 autem

460 5167 758 5223 undecima
788 5165 996 5236 legitur
1022 5165 1208 5230 lectio,
1249 5166 1364 5221 sive
1394 5167 1453 5221 in
1506 5168 1697 5229 choro,
1735 5167 1850 5221 sive
1897 5173 2055 5221 extra

460 5258 695 5314 chorum
749 5256 888 5321 sint,
952 5254 1163 5325 absque
1192 5273 1351 5310 mora
1379 5257 1437 5310 in
1485 5256 1812 5311 revestiaria
1864 5273 2059 5311 conve-

460 5347 645 5410 niunt,
676 5345 865 5416 ibique
885 5343 1026 5398 albis
1059 5361 1124 5398 ex
1155 5361 1311 5400 more
1331 5363 1391 5400 se
1422 5346 1686 5400 induunt.

531 5433 956 5492 Observandum
985 5433 1155 5488 etiam
1182 5439 1285 5500 est,
1333 5439 1397 5489 ut
1443 5434 1539 5505 qui
1584 5434 1740 5505 prior
1768 5433 1917 5488 inter
1959 5450 2054 5488 eos

460 5530 565 5587 est.
597 5522 961 5596 provectioris
999 5540 1223 5594 quoque
1252 5523 1327 5578 sit
1350 5523 1552 5589 atatis,
1582 5523 1671 5577 cui
1699 5523 2056 5577 thuribulum

461 5619 518 5667 et
539 5629 760 5667 crucem
780 5611 1042 5685 portandi
1071 5612 1393 5684 injungitur
1424 5612 1696 5668 ofﬁcium.
1732 5610 1837 5666 Hic
1865 5611 1921 5665 in
1952 5612 2056 5667 do-

2137 4563 2336 4606 eorum
2355 4551 2446 4598 ter
2471 4547 2750 4614 porrecto.

2212 4637 2271 4692 Si
2299 4633 2524 4706 quando
2570 4632 2813 4685 domnus
2862 4627 3005 4683 abba
3051 4630 3205 4684 solus
3251 4629 3368 4684 vult
3415 4626 3680 4683 incensare,

2143 4725 2377 4780 sacrista
2415 4724 2680 4793 apportat
2707 4720 2759 4773 ei
2805 4735 3077 4785 acerram,
3111 4726 3168 4774 et
3205 4736 3351 4775 unus
3393 4713 3682 4769 servitorum

2142 4812 2516 4875 thuribulum,
2552 4809 2667 4863 sive
2708 4808 2783 4862 sit
2827 4808 2885 4861 in
2926 4808 3115 4874 choro,
3159 4809 3275 4863 sive
3321 4808 3377 4861 in
3430 4795 3678 4856 vestiario.

2141 4903 2349 4958 Eodem
2380 4898 2542 4952 modo
2573 4902 2630 4951 et
2657 4896 2727 4950 ad
2756 4911 3015 4966 vesperos
3058 4896 3394 4950 incensatur.
3428 4889 3525 4946 Sed
3571 4892 3683 4939 tunc

2136 4998 2267 5046 ante
2324 4990 2598 5060 hymnum
2646 4985 3073 5038 administrator
3126 4984 3337 5039 incensi
3391 4981 3456 5034 ad
3503 4986 3684 5049 praepa-

2137 5080 2343 5135 randas
2388 5092 2598 5149 prunas
2631 5074 2744 5128 exit
2796 5078 2854 5127 et
2893 5073 2941 5127 si
2986 5074 3305 5128 vestiendus
3333 5075 3415 5126 est
3454 5072 3511 5121 ut
3546 5066 3680 5117 ante-

2145 5186 2314 5240 quam
2335 5165 2595 5221 sacerdos
2624 5180 2753 5217 eum
2802 5162 3197 5234 subsequatur,
3239 5163 3342 5217 hoc
3383 5158 3568 5221 faciat;
3596 5163 3680 5204 nec

2140 5261 2332 5311 tamen
2362 5270 2563 5308 manus
2583 5258 2719 5306 tunc
2748 5252 3094 5323 lavant,quia
3114 5257 3171 5306 et
3186 5257 3316 5306 ante
3336 5259 3572 5318 vesperos
3590 5240 3676 5293 hoc

2138 5344 2435 5400 faciebant.

2209 5434 2294 5488 Ad
2325 5431 2738 5504 processionem
2760 5430 2819 5483 in
2846 5429 2935 5483 die
2963 5421 3677 5483 Dominicaceroferariorum

2139 5523 2282 5577 alter
2308 5538 2435 5576 cum
2467 5519 2684 5575 duabus
2711 5518 2960 5574 scutellis
2983 5519 3066 5573 sal
3088 5521 3458 5573 consecratum
3483 5512 3677 5582 portans

2140 5611 2407 5684 praecedit
2432 5610 2655 5675 fratres,
2688 5608 2832 5663 alter
2860 5624 2987 5663 cum
3026 5623 3175 5679 aqua
3202 5603 3502 5662 benedicta.
3540 5597 3586 5652 Is
3611 5593 3678 5647 in-
