3872 6164
157 254 274 313 1025

1186 258 1610 316 CONSTITUT.
1652 256 1991 314 HIRSAUG.
2037 286 2101 298 --
2141 257 2278 312 LIB.
2319 255 2366 312 Ι.

3262 255 3401 319 1026

155 384 291 432 trans
334 376 395 432 in
434 378 828 443 inﬁrmariam,
852 377 1104 448 singulos
1130 377 1338 433 ibidem
1368 379 1425 435 in
1453 382 1610 436 lectis
1638 380 1798 440 se-A
1814 378 1979 433 modo
2000 378 2117 433 haec
2138 378 2311 433 missa
2329 382 2549 450 agatur,
2569 379 2857 435 ministros
2877 381 3143 438 altarisin
3163 380 3405 441 vestien-

158 466 353 533 dentes,
396 467 610 537 (omnes
656 467 808 522 enim
845 473 980 521 tunc
1024 466 1102 520 ibi
1146 467 1344 524 sedere
1387 469 1610 539 debent)
1642 487 1733 525 as-

155 555 339 627 pergit,
376 572 543 627 quem
578 561 767 611 tamen
808 556 1088 618 sacerdos,
1123 557 1283 612 ﬁnita
1314 559 1585 625 oratione,
1620 575 1735 614 non

158 650 441 715 exspectat.
472 646 537 700 In
567 645 692 699 aliis
741 650 930 700 autem
962 644 1223 700 omnibus
1265 646 1500 702 ofﬁcinis
1537 664 1734 719 asper—

157 733 354 788 onem
381 735 530 788 ultra
556 735 725 789 ﬁnem
747 734 1016 789 orationis
1031 751 1385 807 nequaquam
1400 737 1732 807 proteletur.

158 823 237 877 Sal
280 830 516 893 portans
564 823 623 877 in
670 822 909 877 introitu
955 823 1237 879 refectorii
1274 841 1444 895 super
1482 841 1735 879 mensam

164 911 287 966 ostio
326 911 641 984 proximam
672 928 799 966 cum
828 912 1063 967 scutella
1090 913 1267 983 ponit,
1301 918 1365 966 ut
1394 914 1465 967 ad
1495 913 1735 968 fratrum

158 1000 525 1055 necessitatem
565 1000 703 1054 inibi
732 1000 1048 1055 refectionis
1076 1002 1216 1055 hora
1244 1001 1581 1069 inveniatur,
1616 1002 1737 1073 ipse

159 1090 373 1144 alterum
403 1090 463 1144 in
493 1089 785 1144 ecclesiam
815 1090 1088 1145 deferens.
1129 1091 1399 1145 Inclioata
1426 1091 1598 1145 missa
1628 1092 1735 1146 rite

161 1179 474 1233 ordinantur
503 1179 564 1233 in
592 1179 868 1243 sacristia,
902 1185 967 1234 ut
992 1180 1125 1234 dum
1157 1180 1345 1235 Gloria
1366 1183 1526 1234 Patri
1552 1197 1735 1234 acan-

160 1275 261 1322 tore
282 1268 563 1334 initiatur,
593 1267 714 1322 sine
744 1285 902 1322 mora
926 1269 997 1322 ad
1026 1268 1205 1323 altare
1234 1268 1584 1339 procedatur,
1609 1285 1737 1323 con-

159 1358 379 1412 fessione
407 1358 719 1412 terminata
754 1358 993 1412 servitor
1019 1357 1311 1412 incensum
1346 1358 1586 1429 porrigit
1610 1358 1735 1413 dia-

159 1464 295 1513 cono,
327 1463 564 1501 manum
599 1447 720 1516 ejus
752 1447 1074 1502 osculando.
1111 1448 1178 1501 Et
1207 1452 1506 1518 postquam
1547 1447 1617 1501 ab
1645 1464 1730 1513 eo,

158 1537 438 1591 incensatis
490 1522 785 1602 altaribus,
831 1525 1054 1590 reverso
1101 1536 1240 1589 illud
1285 1536 1501 1607 recipit,
1553 1536 1736 1607 primo

161 1626 554 1696 ipsum,deinde
573 1626 859 1680 ministros
874 1625 1090 1690 altaris,
1111 1630 1167 1679 et
1188 1631 1381 1695 postea
1401 1632 1736 1679 conventum

1816 468 1886 522 do
1911 484 1992 535 se,
2020 467 2106 522 vel
2134 468 2385 522 exuendo
2414 484 2492 535 se,
2528 474 2801 539 quantum
2832 476 3085 541 possunt,
3116 473 3402 543 adjuvant.

2384 558 2618 611 CAPUT
2637 557 2833 612 XCIII.

2302 648 2371 700 De
2402 649 2682 701 ministris
2702 651 2922 702 altaris.

1887 736 1907 758 "
1934 735 2015 790 De
2047 735 2134 789 liis
2163 750 2302 807 quos
2323 735 2610 789 ministros
2624 735 2819 791 altaris
2843 738 3208 808 appellamus,
3233 757 3409 812 quan-

1816 830 1939 879 tum
1970 824 2264 879 videbatur
2292 824 2610 890 dicendum,
2640 824 2899 895 superius
2920 832 3003 880 est
3033 829 3404 898 praemissum.

1818 914 2069 978 Quorum
2100 930 2246 968 unus
2279 919 2533 984 tempore
2560 912 2771 980 aestivo,
2813 915 2996 969 calore
3043 918 3235 988 augeri
3278 919 3411 975 inci-

1818 1002 2028 1074 piente,
2061 1003 2130 1057 de.
2155 1004 2260 1056 hoc
2291 1002 2493 1056 cotidie
2527 1003 2598 1056 ad
2628 1004 2898 1073 majorem
2947 1005 3195 1072 missam,
3238 1007 3410 1064 inter-

1817 1092 1952 1146 dum
1981 1108 2156 1163 prope
2185 1093 2442 1147 dextrum
2475 1109 2649 1148 cornu
2686 1093 2900 1159 altaris,
2945 1095 3230 1150 interdum
3279 1116 3408 1153 vero

1817 1186 1945 1253 post
1972 1187 2196 1252 tergum
2214 1182 2521 1236 sacerdotis
2550 1182 2750 1236 stando
2782 1183 3069 1250 ventilare,
3102 1201 3173 1239 ne
3202 1202 3409 1243 muscae

1816 1271 2122 1336 venientes,
2171 1271 2222 1325 ei
2271 1272 2387 1325 sint
2427 1271 2849 1341 impedimento,
2894 1272 3076 1327 debet.
3108 1273 3228 1345 (un.
3260 1276 3410 1347 var.)

1818 1361 2035 1414 Horum
2064 1364 2251 1413 autem
2276 1360 2465 1425 statio,
2481 1360 2918 1431 sacerdotisque,
2935 1362 3173 1428 diaconi,
3189 1364 3412 1419 subdia-

1817 1449 1941 1504 coni
1956 1454 2012 1503 et
2030 1449 2370 1513 ceroferarii,
2401 1449 2458 1503 in
2489 1449 2720 1520 privatis
2750 1450 2945 1504 diebus
2975 1451 3297 1522 hujusmodi
3327 1459 3415 1509 est

1818 1538 1964 1593 sicut
2006 1537 2077 1591 ad
2126 1538 2323 1591 horam
2378 1542 2510 1592 ante
2552 1539 2802 1603 missam,
2851 1540 2940 1594 cui
2989 1539 3097 1611 ipsi
3131 1541 3414 1598 intersunt

1818 1626 2007 1681 albati.
2039 1626 2287 1696 Quisque
2317 1626 2373 1679 in
2401 1627 2568 1680 choro
2597 1644 2698 1681 suo
2718 1627 2905 1682 stabit.
2939 1629 3139 1683 Nullus
3169 1630 3274 1685 nisi
3293 1631 3413 1703 jus-

160 1731 215 1769 eo
239 1715 450 1781 ordine,
474 1732 587 1786 quo
607 1731 781 1786 supra
800 1715 871 1769 ad
900 1714 1243 1768 matutinum
1266 1714 1626 1769 meminimus
1654 1714 1739 1768 in-
1758 1700 1912 1772 Bsus
1943 1716 2012 1770 de
2039 1731 2151 1769 uno
2181 1716 2350 1769 choro
2369 1716 2576 1770 transit
2600 1716 2657 1769 in
2685 1717 2953 1773 alterum.

161 1811 359 1871 censet;
391 1805 498 1858 hoc
527 1808 752 1859 tantum
777 1804 1013 1869 variato,
1038 1803 1187 1875 quod
1215 1803 1428 1874 pariter
1454 1809 1512 1858 et
1531 1803 1616 1857 his
1640 1803 1736 1874 qui

160 1899 291 1948 stant
314 1893 384 1947 ad
416 1894 631 1947 formas
661 1898 718 1946 et
751 1893 840 1946 his
870 1892 967 1963 qui
993 1896 1122 1962 post
1160 1891 1287 1945 illos
1323 1891 1395 1945 ad
1438 1892 1734 1962 parietem,

160 1982 429 2037 incensum
455 1981 716 2053 porrigit,
752 1986 808 2035 et
833 1980 981 2052 quod
1008 1986 1135 2052 post
1164 1980 1515 2035 incensatum
1560 1981 1739 2034 mino-

161 2088 262 2126 rem
292 2072 549 2137 chorum,
599 2070 755 2141 prius
802 2070 923 2136 hos,
959 2070 1054 2140 qui
1097 2075 1250 2124 stant
1277 2070 1348 2124 ad
1378 2070 1738 2125 secretariam

163 2166 358 2227 servat;
388 2160 489 2214 sed
504 2165 641 2214 tunc
668 2159 739 2213 ad
758 2159 1159 2230 imponendum
1189 2159 1321 2212 thus
1347 2176 1594 2213 acerram
1610 2175 1738 2213 cum

164 2250 429 2304 thuribulo
478 2248 549 2317 ei,
593 2249 691 2319 qui
734 2249 968 2302 chorum
1014 2246 1178 2318 regit,
1208 2253 1489 2319 apportet.
1522 2247 1578 2302 Si
1609 2263 1738 2301 vero

161 2338 383 2393 domnus
419 2338 585 2404 abba,
630 2338 717 2392 vel
755 2337 868 2391 alia
910 2337 1041 2391 talis
1087 2353 1330 2408 persona
1364 2337 1544 2402 adest,
1588 2337 1738 2390 idem

161 2435 337 2483 cantor
358 2444 635 2494 acerram,
670 2432 727 2481 et
752 2428 1068 2481 Conversus
1097 2426 1449 2480 thuribulum
1479 2426 1530 2479 ei
1554 2426 1735 2480 aﬁert.

159 2518 214 2573 In
240 2518 466 2588 privatis
493 2515 693 2570 diebus
720 2516 895 2570 semel
924 2518 1167 2580 tantum,
1210 2515 1267 2568 id
1292 2519 1397 2580 est,
1426 2520 1553 2586 post
1582 2515 1742 2569 offer-

159 2608 348 2661 torium
382 2605 647 2677 praedicto
680 2605 844 2659 modo
872 2605 1144 2659 incensat.

216 2697 321 2750 Sed
360 2694 671 2749 notandum
703 2693 851 2763 quod
888 2693 948 2746 in
990 2692 1283 2748 duodecim
1310 2691 1641 2746 lectionibus
1670 2692 1742 2745 ad

160 2786 374 2839 missam
421 2784 696 2853 majorem
724 2782 812 2836 his
840 2781 1108 2836 fratribus
1136 2782 1427 2836 incensum
1458 2786 1544 2835 est
1567 2780 1743 2834 admi-

159 2874 397 2928 nistrand
405 2889 519 2939 um,
534 2872 682 2927 sicut
693 2871 861 2925 etiam
873 2888 1001 2925 cum
1030 2870 1223 2925 festive
1243 2870 1430 2941 agitur
1450 2871 1521 2924 ad
1544 2870 1741 2924 missas

159 2963 554 3018 defunctorum.
588 2962 755 3030 Kyrie
783 2960 1239 3031 cleisonincepto,
1270 2959 1589 3014 ceroferarii
1617 2974 1745 3013 can-

2385 1803 2618 1859 CAPUT
2646 1805 2837 1860 XCIV.

2030 1896 2103 1948 De
2134 1894 2218 1947 his
2246 1897 2345 1961 qui
2373 1895 2649 1961 jubenlur
2678 1895 2909 1948 chorum
2943 1900 3189 1954 mutare.

1892 1983 1917 2005 θ’
1956 1981 2015 2036 Si
2045 1982 2171 2052 quis
2199 1985 2389 2035 autem
2419 1980 2544 2035 alba
2588 1981 2817 2036 indutus
2852 1982 2959 2037 hoc
2985 1983 3152 2037 modo
3176 1984 3411 2041 chorum

1820 2075 2041 2125 mutare
2064 2069 2314 2140 jubetur,
2346 2086 2475 2124 mox
2499 2071 2577 2140 ‘_in
2621 2071 2877 2142 sequenti
2909 2071 3045 2126 hora
3074 2074 3412 2143 regreditur.

1822 2160 1920 2215 Sin
1949 2164 2158 2226 autem,
2191 2159 2401 2231 absque
2440 2160 2602 2229 jussu
2643 2176 2754 2213 non
2804 2160 2972 2217 redit.
3020 2161 3130 2214 nisi
3175 2163 3302 2232 quis
3343 2162 3415 2216 de

1820 2248 2125 2303 illitteratis
2155 2248 2246 2303 sit.
2277 2248 2551 2303 Sacerdos
2579 2264 2748 2319 supra
2770 2248 3018 2319 seniores
3048 2255 3162 2303 stat
3189 2250 3260 2304 ad
3288 2267 3416 2306 can-

1823 2339 2011 2405 cellos,
2044 2338 2131 2392 vel
2176 2338 2224 2391 si
2273 2336 2445 2391 abbas
2476 2337 2680 2409 aliquis
2719 2337 2777 2391 in
2817 2354 2883 2392 eo
2917 2339 3085 2393 choro
3130 2344 3234 2405 est,
3267 2340 3416 2394 infra

1823 2444 1969 2481 eum.
2001 2427 2280 2481 Diaconus
2305 2432 2362 2481 et
2380 2426 2771 2493 subdiaconus,
2793 2427 2841 2481 si
2860 2427 2982 2481 sine
3014 2433 3251 2500 uterque
3284 2434 3418 2484 sunt

1825 2516 2080 2571 custodia
2110 2515 2470 2586 provectioris
2490 2516 2689 2580 aetatis,
2716 2515 2956 2570 ministri
2978 2534 3200 2589 quoque
3220 2518 3417 2574 altaris

1823 2607 1870 2660 si
1902 2610 2036 2659 sunt
2064 2605 2317 2669 litterati,
2341 2609 2397 2659 et
2421 2611 2579 2659 extra
2600 2605 2910 2659 custodiam
2940 2605 3011 2659 ad
3041 2607 3344 2673 cancellos;
3368 2608 3418 2663 si

1823 2712 1953 2749 vero
1975 2694 2241 2748 custodiae
2262 2694 2442 2747 manci
2450 2694 2587 2764 pati.
2610 2695 2695 2747 vel
2717 2694 3185 2750 adolescentiores
3203 2696 3334 2761 sint,
3358 2697 3417 2751 in

1823 2784 2148 2853 summitate
2176 2783 2337 2837 lineae
2374 2782 2621 2836 stabunt.
2656 2782 2833 2836 Iidem
2880 2782 3140 2850 ministri,
3191 2784 3239 2837 si
3284 2789 3419 2838 sunt

1824 2871 2094 2935 conversi,
2130 2871 2384 2941 quamvis
2421 2877 2555 2925 sunt
2594 2871 2839 2942 acolythi
2878 2871 2964 2925 vel
3004 2871 3331 2927 subdiaconi
3361 2878 3419 2928 et

1825 2961 2147 3016 ceroferarii
2171 2961 2229 3014 in
2254 2960 2578 3015 summitate
2616 2959 2845 3030 parietis
2870 2965 3065 3015 contra
3092 2962 3270 3016 altare
3304 2962 3419 3017 sint

159 3051 378 3106 delabra
403 3018 821 3123 ponuntvinter
847 3049 958 3103 alia
988 3018 1208 3119 majora
1226 3018 1247 3103 γε
1281 3054 1337 3103 et
1363 3048 1494 3120 quia
1522 3048 1581 3102 in
1610 3047 1745 3103 Sab—
1764 3018 2012 3103 Clocati.
2059 3047 2471 3103 Providendum
2503 3053 2589 3101 est
2616 3018 2815 3101 autem
2845 3064 2917 3103 ne
2944 3065 3009 3103 ex
3039 3048 3128 3104 his
3157 3050 3418 3106 omnibus

160 3138 277 3196 bato
295 3143 353 3199 S.
367 3141 732 3195 Pentecostes
769 3140 942 3193 missa
959 3155 993 3192 a
1012 3139 1179 3207 Kyrie
1194 3141 1394 3193 cleison
1424 3137 1737 3203 inchoatur,

158 3245 271 3285 mox
314 3236 380 3286 ut
423 3228 845 3301 ingrediuntur,
893 3244 960 3282 ea
1004 3231 1242 3299 ponunt,
1290 3243 1394 3281 nec
1438 3231 1743 3297 antequam

159 3320 512 3390 Evangelium
538 3317 652 3388 legi
680 3316 867 3385 debet,
902 3333 970 3370 ea
987 3317 1192 3371 levant.
1226 3316 1347 3380 Quo
1376 3316 1621 3387 perlecto
1644 3315 1744 3370 ite-

161 3424 271 3463 rum
300 3426 368 3462 ea
387 3412 648 3480 ponunt;
674 3406 767 3460 sed
793 3406 949 3477 prius
987 3422 1055 3460 ea
1079 3422 1193 3460 non
1223 3405 1429 3471 levant,
1465 3421 1634 3476 quam
1658 3420 1745 3459 sa-

160 3498 338 3553 cerdos
368 3515 401 3552 a
432 3514 573 3570 pace
602 3495 852 3560 redierit,
871 3500 927 3549 et
952 3500 1088 3549 tunc
1118 3510 1186 3549 ea
1212 3510 1438 3549 sursum
1463 3498 1741 3556 tenentes,

157 3586 415 3642 thuribuli
445 3591 742 3658 portatore
765 3584 823 3637 in
852 3584 1037 3638 medio
1068 3600 1262 3637 eorum
1297 3599 1423 3637 cum
1455 3582 1744 3636 thuribulo

158 3681 205 3729 et
217 3676 466 3739 incenso,
488 3675 639 3746 quod
659 3673 919 3745 imponit,
943 3672 1075 3744 quia
1092 3676 1300 3743 portat,
1334 3676 1538 3737 stante,
1570 3671 1747 3724 donec

157 3770 270 3834 post
295 3764 756 3820 communionem
801 3762 985 3833 prima
1031 3761 1264 3815 collecta
1309 3776 1487 3830 usque
1525 3759 1595 3813 ad
1644 3762 1749 3814 Per

154 3854 448 3909 Dominum
476 3858 733 3907 nostrum
762 3851 924 3905 ﬁnita
944 3850 1038 3917 sit,
1053 3850 1184 3904 inde
1207 3866 1321 3903 non
1347 3846 1747 3903 recedit.Infra

155 3941 561 3997 hebdomadam
593 3956 719 3995 cum
748 3955 862 3993 non
894 3944 981 3993 est
1003 3938 1210 3993 festum
1236 3937 1530 3992 duodecim
1560 3936 1750 3991 lectio-

154 4048 300 4098 num,
330 4034 574 4088 invicem
600 4031 917 4096 observant,
945 4035 1011 4084 ut
1039 4029 1275 4101 quisque
1300 4028 1360 4081 in
1384 4028 1475 4082 die
1507 4027 1612 4082 sibi
1631 4032 1748 4083 ter-

153 4123 361 4177 minato
399 4121 807 4177 candelabrum
859 4125 916 4174 et
962 4117 1312 4174 thuribulum
1342 4122 1546 4188 portet.
1593 4117 1750 4171 Idem

154 4210 207 4265 in
241 4212 507 4284 sequenti
526 4209 878 4265 hebdomade
897 4208 968 4263 ad
989 4208 1235 4280 priorem
1258 4206 1505 4267 missam,
1536 4198 1583 4260 si
1602 4205 1753 4260 festi-

156 4316 212 4354 ve
230 4302 445 4371 agitur,
478 4298 859 4353 ministerium
885 4296 1147 4368 portendi
1172 4295 1421 4362 luminis,
1455 4298 1513 4348 et
1534 4292 1749 4348 incensi

1826 3139 2015 3210 plures
2038 3137 2153 3192 sint
2176 3137 2235 3192 in
2265 3137 2520 3191 custodia
2544 3153 2712 3207 quam
2744 3136 2877 3191 duo.

2396 3225 2630 3279 CAPUT
2666 3225 2826 3280 XCV.

2324 3315 2397 3368 Dc
2452 3330 2648 3368 mensa:
2710 3317 2920 3372 lectore.

1895 3405 2102 3460 Mensae
2131 3404 2322 3471 lector,
2359 3403 2407 3457 si
2437 3418 2550 3457 non
2599 3407 2685 3457 est
2727 3402 2785 3457 in
2824 3403 3095 3471 custodia,
3129 3404 3186 3460 in
3217 3405 3419 3461 minori

1826 3494 1995 3549 choro
2021 3493 2167 3547 infra
2188 3498 2486 3563 utramque
2522 3492 2753 3547 missam
2783 3509 2851 3547 ex
2882 3497 2999 3547 toto
3028 3494 3271 3550 intendit
3311 3496 3419 3563 his,

1829 3601 1951 3655 quae
1991 3584 2239 3637 lecturus
2282 3587 2401 3635 est:
2438 3581 2523 3635 sin
2573 3588 2763 3636 autem
2801 3582 2859 3635 in
2904 3584 3105 3652 majori
3150 3585 3320 3639 choro
3352 3585 3423 3640 ad

1828 3673 1997 3727 ﬁnem
2017 3672 2212 3725 forma:
2232 3670 2633 3725 occidentalem
2649 3671 2857 3726 residet
2879 3690 2891 3724 :
2913 3673 3060 3744 quod
3075 3672 3119 3726 si
3144 3673 3198 3727 in
3224 3674 3423 3746 aliqui—
3456 3669 3467 3683 ’

1829 3761 1933 3815 bus
1950 3760 2171 3814 dubitat
2199 3759 2268 3813 ab
2299 3759 2562 3823 armario,
2596 3760 2680 3812 vel
2723 3759 2793 3813 ab
2822 3760 2933 3815 alio
2964 3761 3216 3832 quolibet
3243 3763 3423 3834 perito

1829 3850 1999 3904 fratre
2031 3848 2349 3920 percuntari
2369 3847 2658 3902 ealicitum
2682 3848 2868 3903 habet.
2905 3850 3043 3904 Cum
3073 3851 3227 3921 prior
3251 3852 3425 3906 missa

1827 3938 1979 4011 apud
2000 3937 2291 3992 ecclesiam
2322 3937 2378 3991 S.
2412 3937 2602 3991 Mariae
2632 3936 2967 4005 celebratur,
2990 3939 3037 3992 si
3065 3940 3222 3994 estin
3243 3947 3425 3995 custo-

1831 4027 1942 4093 dia,
1965 4027 2198 4093 ibidem;
2221 4025 2306 4079 sin
2324 4030 2514 4079 autem
2544 4025 2602 4078 in
2630 4026 2957 4080 revestiario
2987 4028 3162 4084 sedet.
3189 4029 3424 4092 Quando

1831 4116 2034 4170 fratres
2064 4114 2437 4169 communiter
2457 4113 2598 4167 albis
2622 4114 2707 4168 vel
2736 4115 2926 4185 cappis
2954 4116 3286 4182 vestiuntur,
3305 4116 3426 4187 ipse

1834 4221 2056 4277 quoque
2075 4204 2145 4257 ad
2168 4202 2500 4257 ﬁrmandam
2523 4203 2816 4257 lectionem
2842 4203 2899 4257 in
2921 4203 3046 4258 alba
3068 4205 3225 4259 sedet
3242 4206 3387 4260 noni

1831 4310 2026 4365 cappa.
2069 4295 2178 4361 (on)
2212 4291 2373 4355 Quod
2404 4291 2453 4345 si
2481 4291 2601 4362 ipso
2632 4291 2722 4345 die
2752 4292 3045 4363 sequentia
3084 4294 3324 4361 canitur,
3358 4310 3426 4350 ea

151 4387 359 4444 faciunt
387 4409 401 4457 ;
432 4388 482 4443 si
512 4395 701 4443 autem
732 4386 929 4441 festive
974 4402 1085 4440 non
1134 4385 1340 4456 agitur,
1364 4400 1510 4438 unus
1554 4375 2356 4450 eorumDinchoata,chorum
2376 4379 2853 4451 intrat.ﬁnitoque
2875 4382 3177 4453 Evangelio
3199 4383 3429 4439 reverti-

150 4478 337 4534 lumen
379 4481 594 4550 portat.
626 4476 733 4541 Qui
767 4475 938 4529 etiam
985 4491 1046 4529 se
1092 4490 1205 4528 non
1243 4473 1432 4540 exuit;
1473 4472 1570 4526 sed
1602 4471 1752 4525 inter

150 4566 685 4623 communicandum
730 4570 929 4619 tenens
974 4561 1376 4617 candelabrum
1419 4578 1535 4616 non
1566 4561 1746 4634 prius,

149 4673 315 4727 quam
343 4662 479 4728 post
498 4653 961 4728 Communionem
992 4651 1174 4723 prima
1201 4651 1432 4705 collecta
1457 4650 1618 4705 ﬁnita
1635 4651 1754 4705 fue-

147 4723 221 4800 rit
248 4765 262 4799 :
298 4723 412 4800 nisi
441 4746 589 4799 forte
617 4743 690 4797 ad
719 4723 1009 4797 ecclesiam
1034 4743 1094 4796 S.
1122 4740 1334 4805 Maria,
1358 4740 1445 4794 vel
1471 4741 1543 4795 ad
1571 4741 1752 4796 altare

147 4836 201 4889 S.
229 4835 436 4891 Crucis
465 4832 639 4888 missa
667 4840 939 4898 canatur;
967 4837 1102 4885 tunc
1130 4830 1280 4884 enim
1314 4829 1661 4903 sacerdotem
1693 4835 1753 4884 et

146 4926 399 4997 reliquos
428 4922 725 4977 ministros
745 4921 1123 4993 praestolatur.
1143 4920 1268 4975 Sive
1290 4924 1480 4973 autem
1502 4918 1576 4973 sit
1604 4935 1752 4974 unus

146 5016 228 5069 vel
256 5022 404 5078 tres,
427 5011 829 5067 administrata
847 5009 1081 5064 diacono
1101 5025 1251 5079 aqua
1270 5008 1469 5062 oﬁ'erre
1499 5024 1613 5062 non
1640 5013 1754 5062 tar-

148 5103 281 5158 dant
313 5122 327 5156 :
357 5101 564 5157 deinde
592 5116 723 5154 vero
752 5099 863 5153 duo
894 5115 961 5153 ex
988 5098 1100 5153 illis
1129 5098 1285 5152 albas
1305 5101 1535 5163 exuunt,
1551 5097 1755 5151 iterum

146 5192 432 5248 reversuri
453 5191 527 5245 ad
544 5188 980 5244 ministrantium
998 5204 1205 5260 aquam
1230 5186 1534 5253 sacerdoti;
1555 5187 1757 5241 tertius

146 5299 273 5337 vero
303 5283 409 5354 qui
439 5281 575 5334 thus
604 5278 771 5333 debet
816 5277 1196 5342 circumferre,
1226 5275 1453 5331 interim
1482 5291 1542 5329 se
1571 5275 1760 5330 ditl‘ert

148 5388 378 5426 eruere.
403 5365 758 5424 Candelabra
787 5371 979 5420 autem
1010 5365 1246 5420 sacrista
1275 5363 1758 5419 Hebdomadarius

148 5462 309 5514 ﬁnita
338 5464 473 5531 post
501 5456 970 5512 Communionem
995 5455 1180 5527 prima
1196 5454 1431 5509 collecta
1444 5470 1571 5508 cum
1596 5453 1761 5508 lumi-

147 5548 315 5605 m'bus
348 5546 579 5621 reponit
617 5546 680 5600 in
724 5545 910 5600 locum
953 5560 1136 5600 suum.
1170 5543 1538 5615 Quocumque
1567 5546 1759 5598 autem

1830 4478 1944 4527 tur.
1961 4471 2159 4525 Finitis
2182 4469 2410 4539 majoris
2424 4469 2606 4524 missae
2625 4470 2932 4538 solemniis;
2949 4472 3036 4526 vel
3057 4472 3105 4526 si
3120 4471 3427 4545 aliquando

1832 4562 1932 4616 illa
1958 4566 2117 4615 extra
2153 4559 2560 4613 monasterium
2603 4559 2845 4625 canitur,
2885 4560 2955 4614 ad
3006 4561 3177 4616 ﬁnem
3224 4563 3430 4634 prioris

1834 4650 2037 4716 missae,
2070 4648 2297 4703 veniens
2342 4648 2414 4702 ad
2456 4648 2694 4718 gradum
2746 4648 2877 4703 fecit
2916 4656 3048 4705 ante
3077 4656 3135 4706 et
3162 4660 3335 4716 retro,
3374 4656 3433 4709 et

1832 4745 1967 4794 tunc
1995 4755 2216 4792 versum
2246 4737 2395 4791 hunc
2424 4753 2553 4791 cum
2599 4744 2874 4793 conventu
2902 4740 3278 4811 respondente
3307 4760 3435 4815 pro-

1832 4827 2082 4883 nuntiat:
2103 4828 2349 4888 Domine,
2376 4827 2525 4880 labia
2546 4842 2667 4880 mea
2682 4831 2909 4896 aperias,
2932 4832 3434 4903 etc.,prosequitur

1834 4916 2093 4970 sacerdos
2119 4930 2184 4968 ea
2205 4912 2589 4968 benedictione
2612 4932 2623 4966 :
2651 4914 2747 4970 Sal
2754 4930 2879 4969 eum
2893 4918 2989 4984 fac
3008 4933 3227 4973 servum
3245 4924 3428 4974 tuum.

1839 5004 2073 5064 Illitteei.
2092 5001 2249 5056 Domi
2254 5016 2337 5054 nc.
2362 5003 2628 5055 Dominus
2648 5004 2885 5058 custodit
2905 5006 3241 5060 te.Dominus
3262 5012 3434 5061 custo-

1838 5094 1957 5146 diat
1982 5093 2282 5146 introitum
2307 5096 2468 5144 tuum
2496 5095 2544 5143 ct
2565 5093 2777 5147 exitum
2795 5097 2973 5157 tuum,
3002 5100 3051 5148 et
3078 5096 3303 5161 auferat
3321 5110 3355 5147 a
3385 5098 3434 5147 te

1838 5182 2104 5249 spiritum
2148 5181 2421 5234 elationis.
2468 5179 2569 5232 Vel
2608 5178 2795 5234 istam.
2841 5183 3048 5245 Avcrlc,
3098 5197 3428 5249 qmcsumus,

1840 5273 2089 5335 Domine,
2114 5270 2183 5323 ab
2208 5269 2304 5322 hoc
2314 5268 2530 5336 famulo
2544 5273 2635 5322 tuo
2650 5273 2917 5337 spiritum
2938 5271 3196 5323 elationis
3210 5275 3258 5323 ct
3278 5273 3432 5338 igno-

1839 5363 2058 5420 rantiae,
2096 5363 2155 5411 ut
2184 5358 2479 5411 humiliter
2522 5359 2697 5425 legens
2742 5374 2962 5412 sensum
3002 5363 3052 5410 et
3090 5360 3432 5415 intellectum

1841 5451 2023 5517 capiat
2063 5448 2325 5501 lectionis.
2349 5448 2453 5500 Per
2479 5447 2800 5501 Dominum.
2832 5444 3017 5499 Finita
3043 5443 3433 5504 benedictione

1839 5540 2015 5595 lector
2034 5535 2271 5592 inclinat
2290 5538 2422 5591 ante
2452 5538 2510 5591 et
2536 5538 2707 5590 retro.
2722 5535 2821 5594 Sin
2832 5538 3023 5589 autem
3044 5534 3232 5608 aliquo
3261 5536 3434 5595 inter-
