3872 6164
412 244 415 251 “
463 234 602 297 1027

1508 237 1565 292 S.
1609 236 2007 293 GUILLELMI
2044 234 2351 317 ABBATIS
2390 234 2727 292 HlRSAUG.

3550 238 3660 300 1028

461 365 720 420 veniente
746 378 883 417 casu
926 361 1056 416 huic
1102 361 1288 415 versui
1334 361 1595 427 defuerit,
1649 362 1794 417 alius
1840 378 1943 433 pro
1991 361 2203 422 eoASi
2230 361 2419 415 altiori
2444 361 2727 416 interdum
2744 377 2877 415 voce
2895 375 3063 431 quam
3082 361 3468 432 expedit,legit,
3486 370 3663 422 mutare

462 453 613 507 hunc
654 444 807 515 dicit,
859 455 916 503 et
967 465 1069 519 pro
1103 448 1359 517 neglecta
1407 449 1793 507 benedictione
1842 450 2063 504 veniam

461 540 623 613 petit.

537 634 557 653 "
597 631 742 683 Ante
784 627 1104 698 generalem
1136 628 1497 682 refectionem
1528 629 1595 682 de
1640 645 1783 699 pane
1811 625 2067 698 praelibat

462 721 626 790 juxta
647 723 984 789 praeceptum
1009 717 1066 771 S.
1092 717 1396 771 Benedicti.
1422 724 1563 789 (cap.
1598 715 1705 775 389.
1741 717 1909 770 Cavet
1931 731 2068 785 prae-

466 814 625 861 terea
654 824 725 861 ne
751 813 882 860 ante
912 808 1081 859 ﬁnem
1124 805 1306 859 missa}
1346 806 1431 859 vel
1478 805 1750 859 orationis
1781 804 2065 857 interdum

467 894 700 950 missam
729 896 1016 966 sequentis
1046 895 1141 949 illo
1172 911 1408 965 pergere
1452 899 1773 965 praesumat,
1803 910 1927 947 cum
1965 908 2068 945 nec

464 984 595 1039 inde
618 985 879 1039 recedere
925 985 1089 1038 debet
1137 985 1257 1038 sine
1293 985 1543 1053 coquinae
1588 982 2063 1037 hebdomadariis.

466 1074 712 1130 Prandio
758 1074 1037 1135 inchoato,
1069 1073 1115 1127 si
1159 1073 1229 1127 ad
1260 1073 1503 1127 ofﬁcium
1539 1072 1788 1126 defuncti
1816 1071 2069 1126 tabulam

472 1162 712 1218 audierit
771 1162 1005 1234 percuti,
1058 1179 1293 1232 surgens
1345 1162 1612 1215 continuo
1661 1161 1732 1214 ad
1778 1160 2069 1214 ecclesiam

466 1248 639 1315 vadit,
671 1250 769 1305 sed
799 1248 974 1305 ﬁnitis
1000 1250 1178 1304 tribus
1210 1250 1542 1304 lectionibus
1570 1250 1733 1313 redit,
1761 1250 2070 1319 eodemque

468 1341 635 1395 modo
664 1338 870 1393 caeteri.
903 1339 961 1393 Si
994 1356 1120 1392 vero
1147 1357 1247 1410 pro
1288 1339 1509 1393 obituro
1538 1339 1712 1393 fratre
1738 1338 2067 1409 percutitur,

466 1434 863 1484 concurrentes
893 1434 948 1482 et
994 1428 1100 1499 ipsi
1149 1445 1506 1499 nequaquam
1549 1427 1965 1497 regrediuntur.
2000 1428 2068 1481 In

465 1514 827 1572 refectorium
853 1517 1083 1571 veniens
1113 1524 1170 1569 et
1194 1522 1349 1569 stans
1382 1516 1436 1569 in
1466 1517 1586 1569 loco
1627 1533 1751 1577 suo,
1795 1533 1906 1569 non
1936 1516 2069 1570 facit

466 1612 598 1662 ante
628 1612 685 1660 et
708 1614 860 1660 retro
889 1605 1127 1677 aliisque
1156 1606 1451 1660 adversum
1482 1605 1905 1671 inclinantibus,
1950 1605 2069 1676 ipse

2146 466 2271 504 eam
2302 456 2687 521 competenter
2713 449 2876 513 valet,
2905 448 2949 501 si
2981 447 3088 501 sibi
3120 448 3312 519 placet.
3342 451 3400 504 In
3426 468 3559 506 coena
3580 455 3662 509 Do-

2147 539 2286 592 mini
2319 544 2374 592 et
2406 540 2463 592 in
2494 540 2799 592 Parasceve
2819 538 3222 597 ﬁnitalectione
3236 538 3453 593 solerter
3475 540 3668 597 intendit

2146 629 2274 681 dom
2284 644 2416 681 num
2433 626 2717 691 abbatem,
2732 633 2789 679 et
2802 627 2918 679 viso
2943 627 3065 696 ejus
3086 626 3265 696 signo,
3285 627 3453 697 legere
3474 629 3664 684 desistit.

2149 717 2218 771 Et
2245 716 2291 771 si
2317 717 2375 770 in
2406 717 2516 769 ﬁne
2544 733 2738 770 versus
2767 716 3004 782 alicujus
3044 714 3150 769 sibi
3186 715 3441 783 innuitur,
3469 719 3670 786 ejusdem

2150 822 2342 860 versus
2364 804 2735 877 aliquaverba
2754 804 2979 875 repetit,
3005 810 3069 857 ut
3081 820 3146 857 eo
3163 806 3670 873 competentiuslectio

2150 895 2406 952 ﬁniatur.
2446 893 2713 947 Lectione
2745 892 2926 955 ﬁnita,
2965 893 3195 947 veniens
3231 893 3298 946 ad
3339 895 3548 964 gradum
3572 896 3672 951 facit

2150 988 2280 1037 ante
2308 988 2364 1036 et
2387 988 2560 1047 retro,
2592 988 2649 1036 et
2677 982 2724 1036 si
2752 999 2863 1036 non
2911 988 2999 1037 est
3040 983 3096 1036 in
3137 983 3399 1047 custodia,
3428 985 3603 1038 secedit
3630 986 3671 1040 in

2151 1072 2543 1125 dormitorium
2570 1072 2658 1125 vel
2686 1071 2746 1124 in
2773 1071 3093 1140 regularem
3122 1071 3434 1142 coquinam;
3468 1072 3510 1126 si
3528 1081 3672 1128 autem

2152 1167 2238 1214 est
2257 1160 2315 1214 in
2343 1160 2617 1225 custodia,
2651 1160 2721 1213 ad
2745 1160 3024 1229 justitiam
3058 1177 3217 1213 suam
3240 1160 3398 1225 vadit,
3418 1161 3569 1215 etillic
3583 1179 3674 1216 ere-

2152 1255 2274 1303 ctus
2297 1255 2582 1320 exspectat
2609 1265 2902 1320 quousque
2939 1266 3133 1303 versus
3162 1248 3402 1304 ﬁniatur.
3427 1250 3533 1313 Quo
3558 1251 3675 1305 ﬁnito

2153 1344 2284 1391 ante
2313 1344 2370 1392 et
2398 1343 2549 1392 retro
2576 1354 2689 1391 non
2718 1337 2949 1402 faciens,
2985 1338 3205 1391 custodi
3235 1354 3334 1392 suo
3360 1355 3415 1391 se
3434 1340 3606 1409 jungit,
3634 1345 3675 1393 et

2152 1432 2288 1481 tunc
2317 1427 2578 1481 similiter
2606 1426 2751 1479 sicut
2785 1426 2845 1479 in
2876 1426 3168 1480 refectorio
3199 1432 3329 1480 ante
3368 1433 3421 1480 et
3445 1432 3572 1480 retro
3593 1443 3678 1482 non

2151 1516 2381 1581 faciens,
2406 1516 2582 1570 ascito
2614 1516 2843 1569 custode
2878 1516 3151 1569 refectum
3188 1516 3359 1581 vadit,
3385 1521 3438 1569 et
3460 1523 3574 1570 tunc
3592 1516 3678 1587 pri-

2152 1622 2306 1660 mum
2337 1604 2406 1660 ad
2431 1606 2616 1658 locum
2638 1621 2803 1659 suum
2832 1609 2965 1658 ante
2990 1610 3048 1658 et
3072 1611 3223 1658 retro
3242 1605 3387 1658 facit.
3405 1603 3483 1657 Ibi
3507 1621 3676 1675 quoque

466 1700 581 1750 stat
606 1700 842 1757 erectus,
861 1704 917 1748 et
930 1695 975 1748 si
992 1696 1060 1748 ad
1080 1695 1527 1749 benedictionem
1547 1695 1628 1748 sic
1645 1694 1834 1747 venire
1862 1700 2131 1780 potest,B
2154 1712 2187 1748 a
2232 1695 2461 1748 custode
2509 1710 2610 1748 suo
2654 1694 3081 1748 commendatur
3123 1694 3361 1747 fratrum
3411 1694 3571 1757 alicui,
3611 1693 3677 1763 qui

467 1790 533 1840 ut
556 1791 707 1839 veste
731 1800 835 1838 sua
860 1785 1102 1837 fratrum
1132 1783 1318 1855 capita
1347 1801 1457 1837 non
1487 1790 1704 1853 tangat,
1740 1784 1925 1836 locum
1956 1799 2068 1836 non

468 1879 693 1941 mutat;
721 1874 806 1927 sin
839 1879 1051 1941 autem,
1084 1889 1210 1926 cum
1243 1873 1540 1926 inchoatur
1580 1889 1791 1934 versus,
1824 1872 1923 1925 tali
1952 1872 2072 1925 loco

472 1982 532 2018 se
562 1962 825 2034 applicat,
855 1962 1002 2016 unde
1033 1962 1100 2015 ad
1126 1962 1363 2032 gradum
1396 1960 1605 2031 absque
1634 1960 1871 2015 fratrum
1902 1961 2074 2030 impe-

475 2050 727 2106 dimento
752 2048 941 2103 venire
972 2050 1173 2104 valeat.
1207 2051 1337 2113 (111).)
1367 2050 1435 2103 Et
1457 2050 1589 2119 quia
1610 2049 1798 2102 nullus
1836 2048 2076 2103 fratrum

472 2139 781 2214 quidquam
811 2137 1080 2210 gustabit,
1107 2136 1434 2208 priusquam
1455 2138 1622 2191 lectio
1642 2138 1863 2208 incepta
1886 2138 2074 2203 fuerit,

472 2247 599 2285 cum
631 2228 877 2300 primum
900 2228 1140 2282 domnus
1171 2227 1332 2292 abba,
1353 2228 1439 2280 vel
1462 2227 1617 2297 prior
1645 2226 1980 2289 consederit,
1998 2227 2075 2280 le-

477 2324 600 2373 ctor
629 2316 1076 2372 benedictionem
1127 2316 1287 2387 petit,
1313 2316 1408 2369 sed
1437 2316 1494 2368 in
1526 2318 1693 2369 Coena
1727 2322 1783 2369 et
1812 2317 1870 2369 in
1897 2316 2072 2369 Para-

475 2424 633 2462 sceve
655 2404 758 2462 sub
782 2405 1007 2461 silentio
1027 2412 1083 2459 et
1103 2406 1379 2459 accelerat
1403 2404 1696 2458 lectionem
1729 2404 1976 2458 adordiri
1992 2449 2006 2464 .
2046 2407 2071 2431 *

471 2494 583 2554 Sed
612 2496 660 2551 si
688 2494 831 2550 liber
873 2494 1172 2566 aliquando
1217 2511 1283 2547 ex
1329 2494 1672 2563 negligentia
1712 2500 1914 2565 praesto
1959 2511 2072 2548 non

470 2580 793 2657 fuerit,ipse
823 2582 869 2639 si
896 2582 1029 2654 quid
1052 2590 1186 2637 tunc
1205 2583 1390 2653 legere
1416 2583 1743 2636 memoriter
1762 2600 2073 2654 congruum

472 2675 699 2746 poterit,
734 2673 889 2745 legit.
933 2674 1033 2727 llle
1079 2690 1227 2736 vero,
1278 2689 1343 2725 ex
1390 2673 1549 2742 cujus
1595 2672 1941 2741 negligentia
1970 2673 2075 2727 hoc

471 2763 660 2819 evenit
686 2761 745 2816 in
776 2763 1020 2817 crastino
1051 2762 1300 2833 capitulo
1343 2778 1444 2833 pro
1489 2762 1596 2815 hoc
1640 2762 1856 2815 veniam
1904 2762 2064 2832 petit.

473 2850 530 2907 Si
559 2851 851 2906 homiliam
880 2851 1130 2904 lecturus
1155 2856 1258 2915 est,
1293 2867 1415 2920 quae
1447 2841 1784 2918 praecedenti
1810 2854 1971 2903 nocte
1999 2850 2070 2903 ad

469 2941 813 2996 matutinum
826 2940 972 2995 lecta
991 2946 1095 3004 est,
1120 2938 1287 2992 verba
1309 2944 1527 2993 tantum
1554 2939 1919 3009 Evangelistae
1932 2956 2070 3009 prae-

473 3029 668 3097 mittit,
695 3047 750 3086 ν.
775 3047 830 3100 g.
853 3030 989 3084 Cum
1007 3030 1299 3082 audieritis
1317 3031 1511 3096 praelia
1532 3044 1642 3081 non
1664 3028 1729 3080 ad
1733 3029 1996 3097 jungens,
2022 3032 2071 3080 et

471 3123 713 3189 reliqua,
740 3135 843 3172 nec
859 3118 1189 3189 expositoris
1211 3118 1457 3187 aliquam
1475 3116 1819 3171 mentionem
1837 3117 2066 3170 faciens.
2094 3129 2098 3133 ‘

474 3210 533 3264 Si
565 3215 755 3263 autem
788 3208 901 3269 illa,
945 3223 1068 3277 quae
1104 3207 1174 3260 ad
1219 3206 1557 3260 matutinum
1606 3222 1720 3259 non
1766 3208 2066 3276 praecessit,

2156 1790 2349 1838 tamen
2382 1791 2579 1854 postea
2606 1799 2732 1837 cum
2761 1783 2978 1853 psalmo
3024 1800 3134 1836 non
3173 1783 3338 1852 juxta
3364 1798 3483 1836 eum
3507 1782 3680 1848 incedit,

2156 1873 2252 1944 qui
2278 1873 2348 1927 ad
2368 1873 2581 1927 scillam
2613 1872 2862 1926 sedebat.
2885 1872 3188 1926 Sinecesse
3219 1871 3682 1926 habetantectrnam

2155 1978 2280 2026 cum
2313 1961 2540 2015 licentia
2560 1960 2718 2025 bibit,
2745 1961 2968 2032 quando
2988 1967 3298 2015 conventus
3314 1962 3541 2015 nondum
3557 1960 3685 2013 intra-

2161 2049 2259 2104 vit.
2293 2052 2357 2104 In
2384 2050 2755 2116 hebdomada,
2775 2052 2820 2104 si
2850 2048 3068 2104 duobus
3088 2051 3288 2105 diebus
3306 2067 3403 2121 pro
3421 2049 3683 2104 necessitate

2159 2140 2350 2209 aliqua
2375 2139 2550 2192 alium
2582 2140 2837 2201 fratrem.
2856 2145 2920 2194 ut
2938 2157 3039 2210 pro
3057 2157 3117 2194 se
3138 2139 3590 2210 legat,rogaverit,
3604 2156 3684 2192 non

2160 2229 2593 2299 reprehenditur
2626 2250 2637 2283 :
2675 2229 2823 2299 quod
2863 2229 2910 2283 si
2956 2228 3271 2300 amplius...
3312 2236 3416 2295 (un.
3459 2228 3588 2297 var.)
3612 2228 3687 2282 nisi

2155 2334 2259 2389 pro
2278 2317 2626 2384 inﬁrmitate,
2656 2323 2714 2373 et
2733 2317 2802 2372 ob
2822 2318 2927 2372 hoc
2946 2324 3143 2389 petens
3160 2319 3400 2386 veniam,
3425 2318 3478 2372 in
3501 2317 3687 2388 capitulo

2154 2408 2572 2463 monstraverit.

2267 2491 2274 2497 ’
2725 2498 2959 2552 CAPUT
2987 2497 3184 2553 XCVI.

2583 2586 2656 2639 De
2674 2588 2877 2639 *lectorc
2909 2588 3332 2639 ministrorum.

2231 2678 2345 2737 (vn.
2378 2672 2530 2742 var.)
2557 2672 2789 2727 Librum
2824 2672 2881 2725 in
2923 2689 3032 2743 quo
3065 2673 3369 2743 legendum
3399 2678 3494 2739 est,
3520 2672 3571 2726 in
3590 2671 3693 2725 refe-

2158 2763 2398 2816 ctorium
2428 2768 2622 2834 portat
2649 2768 2706 2815 et
2730 2767 2983 2833 reportat
3009 2761 3057 2815 is
3082 2762 3175 2833 qui
3198 2763 3335 2832 legit
3351 2763 3418 2817 ad
3432 2761 3691 2825 servitores,

2155 2852 2457 2921 adjuvante
2481 2868 2607 2905 eum
2640 2852 2782 2921 ipso,
2819 2852 2867 2905 si
2905 2868 3044 2922 opus
3093 2856 3199 2913 est,
3248 2868 3448 2906 mensa:
3488 2852 3690 2904 lectore:

2154 2941 2251 3010 qui
2279 2946 2336 2995 et
2361 2957 2487 2994 mox
2509 2957 2636 2994 cum
2659 2957 2788 2993 eum
2817 2940 3160 3011 deposuerit.
3179 2941 3330 3011 quod
3351 2940 3615 3010 legendum
3631 2941 3696 2990 est

2152 3029 2384 3085 invenit.
2416 3034 2439 3055 *
2472 3029 2615 3084 Huic
2643 3029 2812 3083 etiam
2853 3047 2920 3083 ea
2950 3046 3073 3100 quae
3114 3030 3367 3084 lecturus
3392 3036 3490 3096 est,
3518 3029 3695 3082 ﬁrmare

2151 3119 2302 3183 licet,
2337 3114 2784 3191 quandocunque
2839 3119 3085 3191 exceptis
3130 3121 3433 3176 missarum
3459 3118 3627 3190 spatiis
3647 3117 3696 3170 li-
3798 3130 3799 3133 ‘

2157 3206 2317 3263 brum
2346 3218 2403 3263 et
2424 3210 2603 3263 otium
2632 3208 2824 3263 habet.
2841 3210 2925 3263 Ad
2960 3210 3266 3279 legendum
3290 3227 3433 3276 vero,
3450 3209 3566 3263 inde
3582 3207 3698 3262 exire

470 3304 608 3353 tunc
638 3296 809 3351 verba
850 3294 1141 3366 Evangelii
1174 3294 1307 3347 item
1339 3295 1652 3365 prtemittit,
1687 3299 1744 3348 et
1772 3294 2069 3365 subjuncto
2153 3314 2264 3352 non
2291 3297 2556 3362 tardabit,
2590 3314 2717 3351 mox
2749 3302 2814 3350 ut
2842 3302 2969 3368 post
3014 3298 3379 3353 refectionem
3419 3303 3696 3352 conventum

472 3386 805 3460 expositoris
832 3388 1059 3439 nomine
1088 3384 1380 3438 homiliam
1410 3383 1624 3454 incipit.
1659 3384 2072 3447 Quotienscun-
2155 3405 2221 3441 ex
2250 3392 2370 3441 toto
2399 3387 2632 3440 chorum
2662 3402 2788 3440 cum
2820 3386 3036 3455 psalmo
3066 3387 3316 3441 intrasse
3331 3386 3637 3456 cognoverit,
3656 3388 3698 3435 et

474 3494 583 3547 que
608 3492 738 3528 vero
767 3472 1059 3545 epistolam
1091 3473 1173 3525 vel
1204 3473 1543 3543 passionem,
1578 3472 1661 3526 vel
1700 3472 1869 3526 vitam
1897 3474 2070 3527 alicu-
2154 3478 2200 3531 si
2232 3483 2317 3532 est
2340 3477 2398 3532 in
2427 3476 2686 3530 custodia
2715 3475 2910 3529 eodem
2941 3474 3159 3540 ordine,
3184 3492 3299 3546 quo
3327 3472 3697 3544 praedictum,de

467 3565 564 3635 jus
593 3562 771 3617 sancti
794 3562 902 3632 legi
932 3561 1199 3625 evenerit,
1233 3561 1606 3632 praecedentia
1636 3578 1827 3615 eorum
1852 3567 1911 3615 et
1937 3562 2074 3614 sub-
2156 3565 2388 3620 ecclesia
2416 3565 2562 3632 exit;
2606 3564 2684 3618 sic
2710 3580 2932 3636 quoque
2967 3569 3025 3617 et
3053 3564 3145 3617 ille
3174 3565 3347 3619 alicui
3378 3565 3433 3619 in
3460 3562 3697 3617 refectorio

477 3649 771 3722 sequentia
822 3666 1113 3720 nunquam
1171 3648 1273 3703 SUb
1324 3649 1547 3703 Silentio
1594 3649 1864 3720 ΡῐἨὲΐθΓίῐ-
1912 3649 2073 3713 Quod
2155 3653 2581 3709 committatur:
2613 3658 2674 3707 at
2718 3653 2762 3706 si
2804 3653 2859 3706 in
2900 3653 3156 3706 custodia
3195 3670 3313 3709 non
3358 3660 3441 3708 est
3481 3654 3542 3706 de
3568 3652 3696 3705 choro

476 3738 644 3795 etiam
682 3739 736 3793 in
770 3738 1011 3792 exordiis
1040 3745 1096 3792 et
1122 3739 1232 3791 ﬁne
1260 3739 1689 3809 Prophetarum,
1722 3746 2074 3793 caeterorum-
2155 3744 2363 3806 exiens,
2383 3743 2548 3796 faciet
2565 3750 2698 3796 ante
2722 3748 2778 3795 et
2808 3748 2979 3808 retro,
3005 3748 3063 3795 et
3081 3742 3244 3797 ﬁnita
3265 3744 3551 3797 refectione
3569 3740 3695 3794 mini-

472 3846 581 3902 que
634 3829 904 3882 librorum
956 3827 1269 3882 faciendum
1319 3844 1440 3880 esse
1495 3836 1710 3882 certum
1756 3833 1979 3895 teneat;
2011 3829 2069 3905 in
2154 3840 2400 3887 strorum
2428 3834 2688 3903 factaque
2718 3836 2987 3886 consueta
3022 3832 3390 3887 inclinatione
3417 3834 3483 3887 ad
3506 3830 3697 3902 gradum

470 3915 823 3973 sermonibus
852 3923 1041 3971 autem
1072 3917 1446 3987 praecedentia
1484 3934 1677 3971 eorum
1722 3923 1973 3975 tantum.
2013 3918 2070 3975 Si
2153 3927 2340 3993 potest
2361 3922 2419 3975 in
2443 3921 2640 3975 eodem
2662 3921 2781 3974 loco
2800 3920 3084 3973 licentiam
3104 3919 3333 3975 bibendi
3356 3914 3697 3990 acciperegsed

467 4006 639 4061 vitam
671 4005 756 4059 vel
783 4006 1100 4077 passionem
1133 4005 1369 4075 alicujus
1390 4006 1568 4059 sancti
1598 4006 1893 4077 inceperit,
1926 4012 1980 4060 et
2020 4007 2069 4060 si
2152 4011 2356 4065 iterum
2385 4010 2590 4064 ibidem
2621 4010 2949 4081 priusquam
2977 4008 3135 4063 bibat
3157 4015 3293 4065 ante
3325 4017 3382 4065 et
3409 4019 3545 4063 retro
3569 4006 3700 4061 debet

467 4101 600 4150 ante
629 4095 748 4165 ejus
777 4096 947 4148 ﬁnem
978 4094 1272 4149 Dominica
1302 4095 1384 4147 vel
1413 4095 1565 4149 aliud
1579 4095 1782 4149 festum
1813 4111 2073 4149 occurre-
2152 4102 2351 4156 facere.
2385 4100 2432 4154 si
2463 4115 2611 4153 nona
2667 4098 2943 4169 sequitur,
2996 4098 3128 4169 quia
3176 4104 3317 4153 tunc
3367 4115 3489 4153 cum
3529 4095 3697 4150 eisdem

467 4185 563 4251 rit,
596 4202 720 4256 quae
750 4190 884 4238 sunt
912 4182 1308 4254 competentia,
1361 4183 1515 4252 legit.
1565 4182 1779 4247 Quibus
1805 4184 2064 4254 peractis,

471 4274 621 4347 quod
652 4273 722 4328 de
751 4272 866 4326 vita
896 4270 983 4326 vel
1004 4273 1261 4345 passione
1284 4272 1571 4326 residuum
1593 4272 1797 4335 fuerat,
1832 4279 2067 4342 repetet.

2151 4188 2424 4242 ministris
2452 4204 2577 4242 eam
2603 4192 2690 4241 est
2708 4191 3055 4249 cantaturus,
3079 4186 3149 4240 ad
3171 4188 3464 4241 ecclesiam
3496 4182 3698 4256 regredi-

2152 4284 2267 4331 tur.
2300 4277 2757 4347 Quandocunque
2787 4282 2974 4329 autem
3006 4275 3060 4328 id
3090 4292 3262 4345 agere
3291 4293 3403 4330 non
3432 4275 3598 4335 habet,
3623 4288 3699 4325 ne-

477 4361 637 4428 Quod
667 4362 717 4416 si
745 4367 968 4433 tempus
1007 4360 1257 4432 legendae
1285 4360 1521 4431 alicujus
1547 4360 1797 4414 historia
1826 4363 1913 4414 vel
1940 4354 2137 4432 pro-D
2155 4381 2438 4437 quaquam
2474 4364 2600 4417 illos
2613 4370 2935 4433 exspectare
2952 4358 3259 4417 solet.Sive
3280 4368 3468 4418 autem
3483 4362 3534 4415 in
3549 4364 3701 4414 custo-

467 4449 692 4522 phetize,
727 4468 849 4522 quae
885 4449 1250 4520 subsequenti
1278 4455 1532 4519 tempore
1566 4465 1811 4519 congrue
1838 4450 1949 4519 legi
1984 4468 2070 4504 va-

466 4540 600 4605 leat,
634 4538 860 4593 interim
909 4538 1312 4610 supervenerit,
1354 4542 1589 4610 propter
1611 4539 1756 4593 hanc
1782 4538 2067 4611 inceptum

468 4645 584 4684 non
610 4628 837 4682 omittit.

540 4717 820 4772 Inchoans
849 4715 1170 4781 lectionem,
1207 4716 1254 4770 si
1284 4715 1562 4770 submissa
1586 4733 1717 4771 voce
1746 4716 1964 4788 legerit,
1995 4718 2066 4773 ab

470 4802 715 4861 armario
746 4802 1077 4859 adveniente
1107 4802 1329 4875 signum
1351 4806 1520 4860 altius
1540 4806 1761 4876 legendi
1783 4807 2066 4878 accipit;si

470 4901 751 4967 corrupte,
789 4892 946 4966 prior
974 4894 1044 4960 ei,
1075 4901 1140 4949 ut
1169 4895 1435 4965 corrigat.
1464 4896 1549 4949 vel
1576 4895 1735 4965 signo
1760 4896 2066 4967 aliquo,vel

468 4986 653 5067 ipsum
722 4983 952 5039 verbum
1015 4984 1366 5038 emendando
1423 4984 1739 5039 innotescit.
1793 4984 2066 5041 Observat

469 5092 692 5148 quoque
721 5068 869 5128 idem
900 5073 1075 5128 lector
1098 5079 1181 5137 ut,
1216 5073 1440 5144 quando
1470 5073 1628 5127 scilla
1656 5080 1743 5127 est
1768 5074 2063 5145 pulsanda,

468 5160 935 5239 impedimentum
950 5164 1287 5236 protrahend
1296 5180 1327 5218 ο
1339 5163 1632 5218 lectionem
1648 5164 1939 5234 pulsaturo
1951 5180 2064 5218 non

2151 4454 2247 4511 dia
2264 4454 2357 4519 sit,
2373 4453 2488 4507 sive
2509 4454 2640 4519 non,
2664 4452 2734 4506 de
2761 4452 3022 4521 analogio
3043 4452 3312 4506 recedens
3334 4452 3531 4505 librum
3548 4460 3703 4503 secum

2148 4548 2533 4615 portat,quem
2562 4546 2620 4596 et
2674 4557 2843 4613 super
2898 4556 3149 4595 mensam
3191 4541 3265 4595 ad
3317 4541 3519 4595 lineam
3556 4535 3702 4609 ponit,

2149 4633 2326 4687 donec
2352 4638 2484 4686 ante
2513 4637 2570 4686 et
2597 4636 2748 4685 retro
2778 4629 2973 4686 faciat.

2694 4716 2927 4774 CAPUT
2963 4716 3188 4772 XCVII.

2510 4813 2582 4865 De
2635 4809 3076 4864 hebdomadariis
3120 4810 3384 4876 coquinz.

2221 4898 2242 4918 δ
2259 4895 2696 4953 Hebdomadarii
2720 4895 2970 4968 coquinae
2998 4895 3181 4948 solent
3208 4911 3331 4949 esse
3361 4891 3546 4966 quanti
3570 4892 3700 4947 sufﬁ-

2147 4983 2304 5037 ciunt
2335 5004 2345 5039 :
2382 5001 2625 5058 quorum
2656 4984 2752 5056 qui
2784 4983 2941 5055 prior
2981 4987 3068 5036 est
3108 4982 3223 5038 sive
3269 4976 3698 5040 obedientiarius,

2147 5074 2262 5128 sive
2291 5075 2457 5136 alius,
2491 5074 2720 5133 omnino
2759 5089 2873 5127 non
2914 5071 3241 5144 prohibetur
3278 5070 3519 5125 breviter
3547 5067 3700 5122 verbis

2146 5168 2277 5218 ante
2305 5164 2596 5219 cellarium
2623 5162 2732 5233 ipsi
2751 5161 3040 5216 cellerario
3060 5147 3328 5227 indicare,
3357 5160 3403 5215 si
3421 5158 3616 5231 aliquid
3633 5161 3704 5208 est

465 5251 673 5324 faciat;
705 5254 802 5308 sed
833 5259 1131 5325 postquam
1157 5254 1314 5307 illum
1349 5269 1555 5307 mensae
1583 5269 1713 5307 cum
1741 5252 1949 5308 ferculo
1968 5270 2065 5325 ap—
2142 5253 2303 5307 valde
2331 5253 2733 5317 necessarium,
2753 5251 2898 5323 quod
2923 5268 3020 5320 per
3038 5251 3201 5322 signa
3225 5266 3337 5304 non
3358 5253 3535 5321 potest
3552 5244 3700 5316 expli-

466 5344 938 5417 propinquantem
988 5343 1333 5407 viderit,-aut
1363 5342 1619 5408 tacendo,
1651 5342 1699 5395 si
1728 5348 1857 5413 apte
1897 5344 2061 5411 valet,

469 5433 557 5489 vel
580 5431 818 5489 celerius
854 5432 1017 5488 solito
1043 5432 1213 5502 legat.
1246 5431 1546 5503 Respirare
1588 5432 1761 5486 etiam
1795 5432 2061 5503 frequen-

2145 5360 2292 5398 care.
2327 5345 2445 5399 Hoc
2473 5343 2733 5397 similiter
2768 5340 3077 5395 inﬁrmario
3109 5344 3166 5393 et
3193 5338 3546 5394 refectorario
3571 5334 3697 5389 licet.

2148 5436 2261 5503 (un.
2292 5432 2445 5503 var.)
2474 5431 2634 5497 Quod
2649 5431 2834 5502 primo
2854 5428 3070 5484 faciunt
3086 5428 3324 5484 cantatis
3354 5428 3414 5483 in
3436 5422 3698 5481 duodecim

467 5518 602 5587 tius,
633 5520 682 5577 si
711 5536 940 5581 necesse
966 5519 1159 5591 habet,
1197 5524 1423 5594 potest;
1452 5520 1814 5581 mediocriter
1844 5526 2058 5578 tamen.
2140 5520 2472 5578 lectionibus
2502 5518 2751 5592 vesperis
2788 5519 2861 5574 de
2899 5517 3161 5574 omnibus
3187 5516 3393 5573 sanctis
3436 5528 3605 5587 usque
3635 5508 3698 5565 ad
