3872 6164
480 273 609 333 1031

1517 282 1577 337 S.
1616 281 2017 338 GUlLLELMI
2058 276 2371 339 ABBATIS
2406 283 2747 341 HIRSAUG.

3544 298 3647 359 103‘!

474 403 556 458 tia
575 402 742 457 datur
770 401 981 475 absque
1012 405 1245 459 scutella
1273 422 1447 461 unum
1480 408 1638 463 crudi
1659 409 1806 463 casei
1829 409 2065 464 fratrum
2087 410 2201 470 Asi
2236 415 2322 465 est
2354 415 2577 483 tempus
2605 411 2815 467 aestatis
2841 427 2943 483 per
2968 416 3143 466 totam
3171 412 3308 469 illam
3324 416 3647 480 hebdomadam

474 493 560 546 vel
591 498 833 564 quatuor
855 495 1135 550 ova.Tunc
1162 512 1355 550 caseus
1368 496 1590 566 quidem
1605 498 1685 551 ita
1700 497 2072 562 ministratur,

472 589 537 638 ut
566 583 637 638 ad
671 583 886 638 scillam
916 584 1131 637 sedenti
1156 584 1214 638 in
1238 586 1469 639 scutella
1494 592 1831 657 apponatur,
1858 586 2074 642 caeteris

470 689 603 727 vero
628 689 729 744 per
756 672 1007 744 singulas
1034 690 1255 727 mensas
1285 674 1516 745 singulae
1550 677 1911 746 porrigantur
1939 694 2068 731 scu-

469 762 615 816 tella:
638 761 785 816 casei
808 761 1002 816 frustis
1034 762 1228 832 plenae,
1260 770 1324 817 ut
1355 764 1502 834 quod
1533 764 1637 818 sibi
1685 766 1887 836 placet,
1919 765 2073 836 quis-

468 868 577 922 que
610 850 882 922 accipiat;
916 851 962 903 si
981 867 1081 904 ova
1116 857 1240 905 octo
1294 852 1514 906 duobus
1566 853 1733 907 simul
1786 854 1842 907 in
1891 853 2073 925 prima

465 940 699 995 scutella
719 944 1113 1010 apponuntur:
1151 944 1414 994 caeterum
1448 941 1739 1012 pietantia,
1775 959 1897 1013 qua}
1936 942 2072 996 duo-

470 1029 571 1084 bus
591 1029 760 1083 simul
789 1029 957 1082 datur
987 1029 1058 1082 ad
1075 1029 1286 1083 scillam
1315 1030 1533 1084 sedenti
1560 1031 1641 1085 vel
1674 1031 1848 1103 priori
1872 1031 2069 1085 inloco

464 1135 566 1173 suo
592 1134 706 1172 non
718 1116 1184 1171 dimidiatur.Pro
1205 1118 1459 1187 generali
1480 1135 1581 1172 ova
1604 1120 1851 1191 quinque
1863 1120 2071 1173 dantur

467 1207 792 1278 unicuique,
838 1212 894 1260 et
946 1222 1141 1260 caseus
1191 1223 1481 1278 nunquam
1537 1208 1643 1261 nisi
1699 1214 1906 1262 coctus.
1959 1208 2068 1262 Sed

461 1297 729 1369 quidquid
759 1302 844 1350 est
865 1296 1127 1367 generale
1160 1312 1194 1349 a
1221 1296 1525 1350 novissimo
1567 1298 1836 1368 incipitur
1891 1296 2069 1351 admi-

466 1389 791 1456 nistrari,et
817 1388 886 1441 ad
917 1389 1022 1440 hoc
1051 1386 1206 1440 scilla
1238 1386 1381 1441 sicut
1413 1392 1467 1440 et
1496 1388 1565 1440 ad
1597 1388 1768 1453 olera,
1798 1391 2062 1442 sonatur:

458 1478 736 1550 pietantia
764 1493 892 1531 vero
914 1493 946 1530 a
970 1475 1154 1546 priore
1176 1482 1233 1529 et
1260 1476 1328 1530 de
1354 1477 1458 1530 hac
1511 1477 1933 1532 hebdomadarii
1980 1492 2068 1531 co-

461 1567 644 1638 quinae
670 1565 807 1620 nihil
841 1565 1069 1620 omnino
1114 1581 1179 1618 ex
1207 1564 1395 1619 debito
1427 1582 1485 1619 se
1513 1566 1919 1632 intromittunt,
1955 1565 2065 1619 nisi

2159 505 2285 569 post
2312 515 2519 553 nonam
2551 500 2606 554 in
2648 500 2939 555 refcctorio
2979 500 3267 572 propinant
3299 512 3528 576 aquam.‘
3566 512 3649 566 Sed

2158 587 2275 642 haec
2325 589 2643 660 propinatio
2672 590 2816 644 sicut
2861 595 2916 644 et
2959 591 3259 646 meridiana
3309 598 3572 665 repausatio
3606 600 3649 654 in

2156 675 2367 731 Palmis
2391 677 2650 732 initiatur
2680 683 2737 732 et
2760 694 2938 748 usque
2960 679 3029 732 ad
3057 679 3317 734 Kalendas
3336 682 3545 737 Octobris
3561 703 3653 756 pro-

2155 765 2423 819 tenditur.
2456 766 2756 821 Sciendum
2784 784 2912 821 vero
2961 773 3066 834 est,
3109 769 3250 838 quod
3299 770 3350 823 in
3395 788 3656 844 quacunque

2154 852 2245 907 die
2277 855 2729 927 Quadragesimaa
2758 856 2959 910 fratres
2988 874 3103 911 una
3131 857 3239 911 vice
3256 860 3523 927 comedunt,
3557 869 3651 932 post

2151 944 2450 1012 prandium
2492 945 2615 999 fieri
2644 946 2810 1000 debet
2838 946 3123 1017 praemissa
3150 946 3382 1002 lavatorii
3404 950 3659 1005 emundatio

2153 1048 2276 1103 quae
2296 1038 2509 1099 tamen,
2541 1051 2668 1088 cum
2702 1034 2785 1089 bis
2815 1036 3149 1102 comeditur,
3178 1052 3343 1107 usque
3368 1044 3475 1108 post
3498 1054 3655 1093 nonam

2151 1120 2444 1190 differtur;
2477 1124 2575 1177 sed
2606 1123 2662 1177 in
2693 1124 3137 1194 Quadragesima
3162 1126 3339 1179 statim
3365 1133 3475 1197 post
3496 1138 3661 1182 sextam

2151 1211 2459 1280 peragitur,
2486 1230 2711 1284 semper
2732 1213 2955 1284 quidem
2986 1214 3207 1269 mundis
3225 1216 3389 1286 scopis
3399 1214 3458 1270 ab
3472 1217 3659 1270 eleemo-

2149 1300 2374 1369 synario
2394 1301 2539 1355 datis
2568 1301 2638 1355 ad
2661 1302 2765 1356 hoc
2782 1303 2963 1356 solum
2990 1320 3129 1374 opus
3165 1304 3389 1358 utendis.
3425 1304 3663 1359 Sciendum

2149 1393 2236 1441 est
2265 1389 2453 1454 etiam,
2484 1391 2633 1460 quod
2658 1390 2871 1460 praefati
2896 1391 3209 1446 ministriin
3233 1392 3611 1463 Quadragesima
3624 1399 3665 1447 et

2152 1476 2261 1530 alio
2292 1483 2547 1550 tempore
2575 1479 2833 1550 quotiens
2860 1485 2987 1551 post
3017 1497 3227 1535 coenam
3256 1481 3479 1535 ofﬁcium
3518 1481 3667 1535 defun-

2150 1570 2369 1621 ctorum
2397 1573 2483 1622 est
2520 1568 2822 1639 agendum,
2855 1585 2887 1622 a
2916 1575 3189 1625 conventu
3210 1573 3573 1641 exspectantur,
3586 1568 3667 1623 nisi

460 1658 610 1729 quod
631 1657 691 1710 in
717 1658 827 1710 fine
857 1654 1077 1727 prandii
1105 1654 1422 1724 fragmenta
1462 1656 1583 1723 ejus
1631 1656 1930 1725 colligunt;
1964 1654 2109 1729 sedg
2145 1669 2272 1708 cum
2297 1657 2541 1712 maxime
2562 1657 2676 1711 ritu
2696 1664 2917 1729 agatur,
2941 1659 3028 1712 vel
3050 1658 3230 1712 brevis
3248 1659 3462 1729 alicujus
3476 1658 3670 1712 defuncti

459 1745 802 1812 cellerarius,
832 1745 1034 1815 quibus
1065 1744 1134 1797 ad
1159 1744 1262 1798 hoc
1281 1744 1549 1811 innuerit,
1566 1762 1691 1799 cum
1714 1745 1800 1799 his
1812 1762 1936 1799 eam
1961 1726 2122 1796 ad-B
2152 1744 2434 1806 adveniat.
2467 1763 2568 1817 pro
2600 1763 2710 1818 quo
2734 1746 2902 1801 simul
2931 1747 3122 1801 omnia
3139 1749 3291 1818 signa
3307 1748 3580 1819 pulsentur,
3592 1746 3668 1809 vel,

454 1836 758 1894 ministrat.
793 1833 1076 1905 Quidquid
1129 1838 1216 1887 est
1262 1832 1546 1903 generale,
1600 1834 1704 1887 hoc
1750 1844 2059 1907 apponunt,

453 1926 565 1982 nisi
592 1925 772 1998 pisces
796 1924 928 1987 sint,
960 1939 1100 1994 quos
1130 1921 1466 1976 Cellerarius
1515 1922 1635 1993 ipse
1687 1923 1922 1994 singulis
1980 1927 2061 1982 eis

452 2013 885 2087 suggerentibus
918 2012 1170 2083 apponit,
1201 2011 1458 2081 adjutore
1478 2027 1578 2065 suo
1601 2028 1666 2064 ex
1695 2012 1875 2067 altera
1898 2021 2059 2086 parte

450 2105 712 2162 similiter
766 2102 1023 2157 faciente.
1104 2099 1317 2164 Quibus
1392 2099 1663 2171 appositis
1729 2103 2056 2160 cellerarius

450 2194 572 2267 ipse
599 2193 812 2248 scillam
844 2188 1118 2263 pulsabit.
1159 2189 1217 2243 Si
1249 2194 1437 2243 autem
1468 2194 1554 2242 est
1584 2189 1727 2244 alius
1751 2194 2052 2262 generalis,

449 2286 519 2340 ad
549 2286 657 2340 hoc
695 2283 846 2355 prior
882 2295 1075 2336 eorum
1104 2278 1321 2332 scillam
1350 2279 1554 2350 pulsat.
1589 2281 1610 2303 ⁶
1639 2280 1796 2343 Quod
1819 2282 1865 2336 si
1893 2283 2057 2339 solito

454 2375 673 2430 tardius
703 2369 1151 2432 administratur,
1184 2368 1561 2438 priorscillam
1594 2373 1727 2423 ante
1750 2387 1809 2424 se
1831 2371 2056 2441 pulsare

449 2481 562 2521 non
593 2466 867 2517 moratur.
900 2459 1076 2514 Poma
1098 2474 1229 2511 vero
1256 2457 1428 2511 cruda
1451 2458 1535 2511 vel
1567 2458 1752 2513 herbae
1789 2460 1859 2513 ad
1890 2477 2055 2531 pran-

448 2554 626 2618 dium,
655 2552 702 2606 si
733 2550 816 2604 bis
840 2548 1118 2612 reﬁciunt,
1153 2562 1439 2617 nunquam
1457 2546 1622 2601 alicui
1642 2546 1851 2603 dantur
1880 2549 1936 2603 in
1960 2566 2053 2605 re-

446 2641 699 2697 fectorio.
723 2642 853 2707 (01).)
880 2635 1154 2691 Scutellas
1179 2634 1451 2704 colligunt
1466 2651 1560 2689 eas
1580 2624 1747 2701 solas,
1768 2636 1823 2690 in
1850 2636 2052 2708 quibus

444 2731 586 2787 fabae
634 2730 898 2799 oleraque
963 2724 1359 2780 administrata
1417 2729 1567 2790 sunt,
1625 2731 1856 2796 propter
1909 2744 2048 2798 quas

446 2821 614 2876 etiam
650 2834 797 2873 unus
822 2814 1040 2887 jugiter
1068 2818 1322 2866 remanet
1349 2811 1406 2866 in
1436 2813 1695 2884 coquina,
1729 2815 1823 2885 qui
1848 2815 1927 2869 ita
1958 2833 2047 2871 re-

444 2927 576 2966 cens
606 2906 743 2978 (116»
775 2905 961 2963 ollitas
990 2902 1201 2966 abluat,
1233 2902 1542 2972 eademque
1570 2919 1734 2973 aqua,
1765 2921 1876 2974 qua
1904 2905 2047 2961 dilu-

442 3000 566 3055 culo
598 3001 731 3051 sunt
757 2994 981 3058 abluta},
1024 3008 1095 3046 ne
1123 2991 1171 3045 si
1199 2995 1574 3045 comestorum
1602 2992 1848 3063 reliquiae
1878 2994 2047 3049 indu-

441 3089 683 3151 ruerint,
713 3085 892 3155 major
941 3084 1041 3136 fiat
1069 3080 1332 3135 abluendi
1371 3080 1692 3136 difficultas.
1728 3083 1934 3138 Eadem
1963 3090 2050 3139 est

440 3176 735 3249 diligentia
762 3175 831 3229 de
855 3170 1134 3236 caldariis,
1159 3175 1224 3226 ut
1251 3174 1307 3223 et
1333 3169 1456 3241 ipsa
1485 3171 1668 3225 lavata
1697 3171 1828 3236 sint,
1862 3172 1909 3227 si
1934 3189 2048 3228 non

439 3273 592 3332 ante,
626 3265 784 3337 prius
810 3267 1000 3317 tamen
1025 3276 1193 3331 quam
1224 3258 1555 3313 servitorum
1605 3260 1832 3315 refectio
1888 3263 2047 3317 ﬁnia-

438 3362 552 3412 tur.
577 3356 754 3410 Focus
774 3351 945 3407 etiam
965 3356 1127 3404 caute
1154 3348 1491 3419 cooperitur,
1518 3354 1583 3402 ut
1632 3348 1688 3403 in
1736 3351 2046 3408 crastinum

440 3445 599 3513 vivus
627 3442 962 3513 reperiatur.
996 3437 1134 3492 Post
1173 3453 1431 3507 vesperos
1484 3436 1691 3492 iterum
1743 3438 1885 3494 fabis
1926 3442 2043 3511 jam

438 3532 639 3587 lavatis
668 3547 769 3601 pro
796 3528 1107 3599 gratiarum
1131 3524 1352 3579 actione
1373 3525 1566 3579 dicunt
1594 3528 1887 3597 praefatum
1918 3546 2043 3583 ver-

437 3632 585 3687 sum,
613 3621 927 3674 Benedictus
953 3632 1027 3674 es,
1055 3615 1303 3677 Domine,
1337 3616 1438 3681 qui
1463 3616 1734 3683 adjum'szi
1784 3633 1899 3684 me;
1956 3634 2045 3671 eo-

437 3711 567 3765 dem
599 3707 783 3774 modo,
815 3721 925 3777 quo
955 3704 1196 3757 alterum
1225 3701 1488 3756 dixerunt
1515 3704 1572 3756 in
1599 3704 1897 3759 matutino.
1933 3706 2042 3761 Sed

437 3799 485 3854 si
532 3796 828 3859 voluerint,
879 3794 1020 3847 duos
1074 3790 1195 3845 dies
1244 3790 1503 3862 expedire
1562 3798 1800 3863 possunt
1849 3794 1918 3849 de
1966 3795 2044 3849 la-

434 3887 657 3942 vatione
719 3882 1101 3947 scutellarum,
1158 3879 1215 3933 id
1273 3884 1359 3933 est
1402 3879 1461 3933 in
1508 3882 1755 3935 secunda
1798 3882 1934 3937 feria
1986 3889 2044 3938 et

436 3980 657 4050 quarta,
689 3974 746 4029 in
780 3971 982 4044 quibus
1010 3986 1110 4041 pro
1139 3967 1542 4023 consuetudine
1571 3968 1895 4026 cellerarius
1924 3981 2037 4027 non

435 4070 622 4139 potest
647 4061 1048 4125 contradicere,
1080 4063 1146 4113 ut
1177 4075 1272 4112 eas
1323 4057 1381 4111 in
1444 4058 1734 4112 cellarium
1793 4059 2037 4116 diluculo

434 4160 687 4228 portatas
710 4140 828 4208 non
858 4147 1214 4206 commendet
1246 4146 1471 4200 famulis
1501 4147 1617 4201 suis
1663 4150 2037 4220 propensione

431 4246 617 4302 studio
651 4241 936 4299 lavandas.
990 4239 1129 4307 (ιω.)
1179 4235 1452 4290 Veniente
1484 4235 1718 4291 sabbato
1764 4244 1888 4309 post
1934 4256 2037 4294 ηο-

2145 1833 2189 1886 si
2236 1835 2405 1890 nimis
2434 1852 2560 1890 sero
2589 1841 2693 1902 est,
2725 1836 2933 1890 eisdem
2964 1837 3236 1891 ministris
3269 1837 3392 1891 licet
3425 1836 3500 1890 bis
3518 1837 3588 1889 vel
3608 1840 3671 1889 ter

2145 1920 2202 1975 in
2233 1922 2585 1979 hebdomada
2613 1924 2753 1979 alios
2782 1925 2984 1980 fratres
3021 1942 3241 1997 rogare,
3290 1931 3352 1981 ut
3390 1942 3482 1996 pro
3507 1940 3558 1979 se
3581 1939 3670 1978 ser-

2143 2011 2313 2066 viant.

2675 2103 2910 2158 CAPUT
2939 2103 3190 2160 XCVIII.

2565 2192 2638 2245 De
2665 2198 2798 2246 utcn
2821 2195 3018 2247 silzbus
3046 2196 3308 2263 coquitur.

2213 2279 2345 2344 mn.)
2371 2279 2499 2334 Haec
2527 2284 2714 2334 autem
2738 2286 2871 2336 sunt
2891 2281 3178 2347 utensilia,
3197 2298 3318 2353 qua:
3338 2295 3593 2351 nunquam
3609 2278 3679 2333 de-

2138 2384 2260 2421 esse
2281 2368 2489 2423 debent
2508 2368 2565 2423 in
2586 2371 2846 2441 coquina.
2869 2369 3125 2426 Primum
3150 2372 3261 2425 tria
3274 2369 3517 2435 caldaria,
3539 2383 3675 2422 unum

2137 2455 2208 2509 ad
2238 2456 2415 2523 fabas,
2445 2458 2686 2512 alterum
2710 2459 2779 2512 ad
2809 2459 2982 2526 olera,
3006 2460 3241 2514 tertium
3273 2458 3433 2514 simul
3458 2473 3576 2528 cum
3600 2455 3680 2510 tri-

2136 2546 2279 2615 pode
2305 2545 2490 2600 ferrea
2510 2553 2574 2601 ut
2602 2547 2648 2601 si
2681 2547 2805 2618 quis
2833 2565 3049 2620 pannos
3077 2565 3212 2604 suos
3244 2548 3423 2602 lavare
3469 2545 3680 2608 voluerit,

2134 2634 2381 2689 lixivium
2407 2636 2588 2690 facere
2612 2637 2809 2709 possit.
2835 2638 3042 2709 Cuppze
3064 2644 3329 2710 quatuor,
3350 2653 3457 2692 una
3474 2634 3535 2689 ad
3561 2633 3685 2688 fabas

2134 2726 2517 2791 reservandus,
2551 2726 2775 2796 quando
2804 2726 3015 2781 fuerint
3062 2727 3143 2781 ita
3175 2726 3511 2791 semicoctze;
3538 2724 3682 2777 altera

2128 2813 2187 2868 in
2209 2832 2375 2886 quam
2407 2815 2557 2870 cadit
2583 2816 2965 2886 aquaeductus,
2999 2824 3054 2871 et
3082 2820 3141 2871 in
3175 2832 3288 2888 qua
3307 2816 3453 2870 olera
3476 2813 3610 2886 prius
3625 2811 3685 2864 la-

2131 2910 2353 2971 vantur,
2388 2920 2556 2975 quam
2587 2904 2645 2957 in
2674 2904 2985 2958 caldarium
3016 2904 3322 2959 mittantur
3349 2903 3508 2957 tertia
3531 2901 3579 2954 in
3597 2914 3684 2970 qua

2128 2993 2394 3059 scutellae,
2426 2998 2630 3063 quarta
2657 2992 2727 3047 ad
2757 2993 2862 3047 hoc
2913 2993 3117 3061 solum,
3171 2999 3237 3048 ut
3265 2994 3408 3064 aqua
3445 2989 3601 3045 calida
3637 2987 3683 3039 in

2130 3098 2254 3135 eam
2283 3082 2544 3136 mittatur
2564 3083 2634 3136 ad
2664 3082 2993 3137 mandatum
3015 3087 3072 3136 et
3097 3099 3381 3147 rasuram,
3403 3080 3586 3153 quibus
3601 3077 3688 3131 fm-

2131 3174 2247 3224 tres
2280 3171 2431 3224 inter
2477 3170 2789 3226 radendum
2821 3176 3094 3239 utuntur;
3129 3188 3304 3243 quam
3335 3176 3391 3224 et
3429 3167 3690 3223 calefacere

2131 3258 2354 3327 debent,
2388 3259 2483 3331 qui
2526 3259 2584 3313 in
2617 3259 2787 3330 priori
2829 3260 3149 3332 septimana
3201 3259 3531 3315 servierunt.
3578 3256 3693 3311 Item

2130 3353 2373 3420 quatuor
2425 3348 2755 3414 cochlearia,
2805 3365 2980 3404 unum
3035 3349 3106 3403 ad
3150 3350 3333 3416 fabas,
3382 3348 3601 3402 alterum
3636 3340 3690 3395 ad

2126 3436 2299 3503 olera,
2323 3436 2555 3491 tertium
2576 3453 2691 3491 non
2711 3437 2850 3491 adeo
2869 3439 3102 3509 grande,
3128 3439 3234 3494 sed
3258 3437 3529 3493 mediocre
3548 3432 3608 3487 ad
3627 3447 3697 3485 sae

2123 3525 2314 3595 ginam
2345 3526 2801 3597 exprimendam;
2853 3532 3118 3598 quartum
3149 3533 3240 3582 est
3269 3527 3524 3590 ferreum,
3552 3521 3610 3576 ad
3631 3520 3690 3575 fo-

2126 3631 2252 3667 cum
2286 3615 2569 3669 cineribus
2599 3616 3053 3687 coeperiendum,
3086 3617 3158 3671 ad
3194 3633 3365 3688 quem
3395 3625 3697 3684 componen-

2125 3702 2257 3756 dum
2300 3705 2385 3757 vel
2414 3704 2838 3759 distrahendum
2880 3710 2967 3759 est
2996 3705 3173 3759 etiam
3223 3706 3477 3776 ejusdem
3509 3697 3695 3772 generis

2125 3791 2359 3863 forceps.
2395 3793 2535 3847 Item
2559 3799 2800 3864 quatuor
2829 3793 2986 3864 paria
3009 3795 3392 3859 manicarum,
3413 3808 3483 3847 ne
3502 3788 3697 3845 manica:

2126 3882 2530 3936 stamineorum
2558 3881 2797 3936 fratrum
2830 3882 2900 3936 de
2931 3882 3233 3953 nigredine
3269 3882 3519 3954 coquinae
3563 3876 3698 3931 fami-

2127 3970 2257 4024 liari
2278 3972 2657 4026 sordidentur.

2194 4061 2338 4115 Sunt
2369 4066 2426 4115 et
2452 4061 2528 4115 ibi
2557 4062 2667 4116 duo
2698 4062 2855 4133 paria
2887 4062 3301 4134 palmariarum
3326 4059 3486 4134 (ll7),
3509 4073 3619 4130 quae
3633 4056 3698 4109 ita

2120 4150 2424 4205 Romanice
2446 4152 2819 4223 appellantur,
2855 4169 3056 4207 manus
3090 4168 3222 4223 quae
3246 4150 3600 4229 defendudta
3622 4159 3700 4199 ca-

2119 4238 2238 4294 lore
2257 4239 2507 4307 caldarii,
2552 4242 2774 4312 quando
2803 4258 2997 4296 recens
3027 4242 3289 4297 ablatum
3324 4241 3397 4295 ab
3425 4240 3551 4310 igne
3588 4250 3701 4306 quo-

431 4353 563 4391 nam
592 4335 679 4389 vel
707 4337 835 4405 post
854 4343 1113 4401 vesperos
1136 4330 1371 4396 scopant
1415 4324 1733 4396 coquinam,
1768 4332 2031 4399 totasque
2050 4371 2098 4430 Β
2116 4344 2286 4399 quam
2315 4333 2401 4383 est
2428 4329 2766 4384 movendum
2798 4331 2881 4385 vel
2905 4330 3321 4385 inclinandum.
3355 4329 3486 4384 Tria
3530 4338 3692 4379 manu-

431 4425 658 4492 sordes;
691 4439 812 4494 quae
842 4418 1051 4474 fiebant
1107 4430 1206 4487 per
1247 4414 1594 4469 occasionem
1637 4414 1910 4485 cinerum,
1948 4411 2374 4488 vel”tergiola,
2407 4435 2529 4489 quae
2560 4418 2616 4473 in
2649 4420 2803 4473 omni
2833 4420 3033 4490 quinta
3062 4420 3212 4474 feria
3231 4424 3545 4482 mutantur,
3565 4411 3704 4468 mini-

430 4514 713 4585 lignorum
742 4509 877 4564 foris
900 4506 1105 4563 ostium
1136 4503 1511 4566 accumulant,
1546 4508 1611 4556 ut
1637 4503 1764 4558 inde
1799 4522 1900 4576 per
1945 4508 2031 4561 fa-

427 4602 612 4657 mulos
638 4595 1264 4653 cellerariiefferantur.
1317 4591 1663 4646 Calefaciunt
1704 4609 1908 4663 aquam
1959 4595 2031 4649 ad

428 4690 757 4746 mandatum
772 4691 829 4740 et
845 4702 910 4740 eo
931 4684 1022 4739 die
1036 4681 1303 4735 differunt
1324 4696 1545 4734 versum
1572 4698 1582 4733 :
1610 4683 1928 4739 Benedictus
1951 4701 2024 4751 es,

423 4782 671 4845 Domino,
699 4791 877 4845 usque
897 4773 1032 4827 dum
1062 4768 1389 4824 mandatum
1419 4768 1494 4822 sit
1536 4774 1845 4839 peractum,
1884 4777 1941 4827 et
1965 4771 2025 4827 in

426 4866 720 4926 refectorio
749 4863 918 4918 etiam
939 4859 1101 4916 lectio
1131 4857 1441 4913 collationis
1464 4858 1585 4929 jam
1605 4858 2025 4917 finiaturJnse-

425 4957 620 5033 quenti
657 4959 848 5010 autem
874 4950 1126 5015 sabbato,
1159 4964 1284 5002 cum
1313 4952 1504 5001 noster
1554 4964 1712 5019 aquae
1733 4948 1933 5006 ductus
1954 4951 2025 5006 1i-

423 5064 641 5104 mosam
660 5043 865 5099 habeat
883 5055 1108 5112 aquam,
1135 5036 1521 5109 qualecunque
1552 5036 1626 5090 sit
1653 5036 1879 5104 festum,
1899 5057 2024 5095 sco-

422 5142 564 5212 pant
590 5141 894 5204 utrumque
921 5126 1276 5193 lavatorium,
1306 5130 1423 5179 tam
1452 5124 1600 5196 quod
1628 5131 1713 5180 est
1746 5126 1818 5181 ad
1844 5129 2020 5184 eccle-

420 5229 516 5285 siae
539 5243 676 5283 usus
705 5238 872 5295 quam
900 5217 1048 5292 quod
1079 5217 1150 5271 ad
1180 5230 1400 5269 manus.

490 5316 636 5372 Item
658 5316 893 5384 scopant
919 5305 1263 5364 necessarias
1324 5303 1549 5375 fenique
1598 5303 1864 5375 reliquias
1919 5324 2022 5379 per

418 5411 593 5463 totam
607 5399 1017 5459 hebdomadam
1036 5392 1262 5467 expensi
1281 5396 1594 5463 congerunt
1614 5393 1685 5447 ad
1712 5403 2020 5465 murum,et

497 5547 636 5624 (116)
665 5545 731 5602 Id
760 5550 862 5612 est,
896 5545 1008 5598 oleo
1035 5541 1232 5597 illitas.

2113 4521 2316 4578 meque
2340 4523 2541 4562 manus
2555 4508 2625 4562 ad
2656 4508 2822 4563 solita
2844 4515 3074 4579 tergunt
3085 4506 3705 4578 manutergiafratrum,

2113 4611 2237 4665 quae
2265 4596 2514 4666 pendent
2540 4597 2598 4651 in
2625 4599 2889 4654 claustro.
2921 4598 3077 4653 Unus
3106 4599 3302 4652 culter
3320 4594 3622 4651 adlardum
3640 4590 3711 4644 in-

2111 4684 2433 4754 cidendum,
2464 4690 2521 4740 et
2548 4686 2718 4740 simul
2750 4702 2844 4741 cos
2875 4686 2946 4741 ad
2976 4688 3326 4742 acuendum.
3362 4686 3487 4741 Una
3514 4680 3707 4754 patulla

2107 4772 2178 4827 ad
2217 4790 2445 4845 aquam,
2475 4775 2524 4829 si
2550 4791 2691 4846 opus
2715 4775 2903 4842 fuerit,
2937 4775 3390 4830 calefaciendam
3422 4779 3481 4829 et
3506 4771 3574 4826 ad
3603 4767 3710 4823 adi-

2106 4878 2234 4933 pem
2266 4862 2637 4918 fundendum.
2668 4865 2881 4931 Altera,
2917 4881 3039 4936 quae
3073 4864 3413 4936 permodica
3462 4863 3521 4916 in
3553 4857 3709 4913 fundo

2107 4951 2404 5006 minuatim
2429 4952 2729 5024 perforata,
2753 4958 2816 5008 ut
2844 4954 2963 5025 ipse
2994 4954 3169 5025 adeps
3204 4970 3314 5026 per
3335 4968 3463 5008 eam
3493 4949 3711 5005 coletur.

2105 5039 2230 5094 Una
2251 5040 2393 5111 pixis
2417 5041 2477 5095 in
2516 5058 2628 5113 qua
2654 5043 2737 5097 sal
2763 5042 3118 5109 recondatur,
3137 5046 3198 5096 et
3219 5058 3410 5097 unum
3434 5038 3709 5098 scrinium,

2107 5127 2167 5182 in
2191 5145 2300 5199 quo
2329 5130 2549 5184 minora
2575 5147 2810 5202 qumque
2833 5132 3237 5188 recondantur.
3262 5132 3397 5188 Una
3424 5144 3592 5191 urna,
3614 5139 3717 5197 qua

2106 5232 2257 5288 aqua
2281 5218 2597 5285 hauriatur,
2652 5237 2943 5292 scopzeque
2998 5221 3143 5289 dum,
3205 5220 3427 5291 quibus
3481 5215 3716 5272 caldaria

2104 5312 2232 5377 post
2257 5308 2568 5363 coctionem
2597 5316 2912 5381 scopentur.
2941 5311 3076 5364 Dua:
3121 5310 3267 5364 retis
3323 5304 3711 5369 abscissiones,

2104 5395 2310 5467 quibus
2345 5403 2581 5453 utantur
2607 5396 2677 5452 ab
2706 5398 3050 5453 ablutionem
3084 5399 3495 5460 scutellarum.
3527 5401 3584 5450 et
3610 5394 3717 5448 cal-

2175 5540 2320 5614 (117)
2346 5542 2539 5614 Genus
2553 5542 3037 5614 chirothecarum,
3058 5541 3209 5614 quod
3229 5557 3477 5614 manum
3508 5537 3719 5612 palmas

2102 5613 2263 5686 tegit,
2293 5618 2359 5669 ut
2382 5613 2443 5669 in
2469 5613 2589 5669 ord.
2626 5613 2979 5670 Cluniacensi
3000 5613 3122 5687 jam
3148 5613 3517 5669 notavimus.
