3908 6168
188 303 306 364 1033

1192 279 1200 285 ’
1234 310 1654 366 CONSTITUT.
1694 308 2034 367 HIRSAUG.
2078 345 2143 355 —
2183 317 2319 372 LIB.
2360 321 2405 375 Ι.

3308 337 3448 396 1034

182 430 487 492 dariorum.
535 433 668 488 Duae
710 433 939 489 tabulae-
963 436 1030 490 ad
1080 436 1361 503 scutellas,
1412 451 1527 490 una
1569 434 1627 488 in
1657 433 2110 508 quaAvesperos
2129 441 2321 496 statim
2344 446 2574 503 mutatis
2589 447 2939 509 diurnalibus
2951 456 3140 528 agitur
3160 460 3238 529 ;si
3250 466 3445 520 tamen

182 527 455 592 ponantur
497 528 628 594 post
655 523 1014 578 refectionem
1056 530 1344 595 utcunque.
1394 524 1615 578 lavata:
1686 524 1771 576 al-

180 615 289 665 tera
315 611 378 665 in
418 628 527 682 qua
574 612 839 675 diluculo,
897 631 1022 684 quae
1077 614 1148 668 ad
1205 614 1514 684 perfectum
1565 611 1773 667 debent

180 716 286 754 esse
316 702 533 755 lavataa.
574 701 696 756 Duo
721 703 938 767 sedilia,
975 721 1098 774 qua:
1126 705 1320 757 bancos
1359 703 1523 772 vulgo
1573 702 1768 773 appel-

180 789 325 857 lant;
358 806 475 845 una
536 791 677 845 sella
717 790 1066 862 quadripoda
1128 796 1186 845 et
1231 790 1549 859 summissa,
1600 808 1771 861 super

182 896 336 951 quam
368 886 614 952 ponatur
631 898 812 952 cuppa
843 898 969 935 cum
1000 883 1263 950 oleribus,
1303 885 1526 953 quando
1557 883 1769 937 suntin

180 969 475 1023 caldarium
508 970 803 1025 mittenda.
828 971 951 1025 Una
970 976 1152 1042 petra,
1186 971 1354 1026 etiam
1388 974 1569 1041 major
1597 989 1767 1043 quam

182 1058 416 1121 molaris,
446 1076 617 1130 super
631 1076 800 1130 quam
818 1059 1020 1113 iterum
1054 1061 1282 1131 ponitur
1301 1061 1630 1123 caldarium,
1654 1062 1769 1115 sive

180 1146 280 1200 sint
308 1146 470 1213 fabae,
517 1147 631 1201 sive
672 1148 845 1215 olera,
878 1166 1001 1220 quae
1042 1150 1538 1215 administrantur;
1590 1150 1769 1203 altera

180 1252 336 1306 super
360 1253 530 1307 quam
559 1241 615 1291 et
644 1237 823 1292 altera
846 1254 1028 1309 cuppa
1056 1239 1286 1309 ponitur
1300 1239 1368 1292 de
1391 1256 1501 1309 qua
1517 1239 1763 1293 scutellae

178 1325 425 1379 lavantur
450 1326 601 1379 inter
628 1326 1009 1380 reficiendum.
1045 1327 1200 1381 Unus
1223 1327 1367 1381 follis
1418 1327 1487 1381 ad
1536 1327 1764 1381 sufflan-

180 1415 299 1469 dum
320 1415 533 1486 ignem.
573 1414 759 1470 Unum
800 1405 1109 1470 flabellum.
1133 1416 1437 1470 vimineum
1487 1417 1558 1470 ad
1591 1416 1765 1470 venti-

179 1502 416 1557 landum.
456 1503 612 1558 Unus
640 1509 839 1557 contus
869 1504 938 1557 ad
970 1503 1449 1574 subportationem
1488 1503 1762 1558 caldario-

178 1608 322 1659 rum;
346 1593 493 1646 alter
516 1592 587 1645 ad
603 1592 746 1662 ignis
761 1592 1145 1647 dimotionem.
1166 1594 1325 1648 Unus
1345 1593 1556 1647 canalis
1575 1592 1632 1646 in
1653 1610 1763 1663 qua

181 1681 411 1735 lixivium
425 1698 648 1752 semper
667 1681 924 1746 habetur.
947 1687 1174 1753 propter
1194 1699 1391 1737 manus
1414 1683 1761 1754 frequentius

1853 542 1963 579 non
1986 533 2072 581 est
2096 531 2463 603 coenandum;
2499 536 2665 592 debet
2683 544 2968 612 praemitti,
2992 547 3236 606 ofﬁcium
3262 555 3443 625 sequi,

1852 615 2020 670 etiam
2052 618 2099 671 si
2117 618 2239 690 ipsa
2261 620 2399 677 hora
2420 624 2741 695 hujusmodi
2759 630 2939 688 brevis
2959 639 3317 707 superveniat
3341 658 3445 712 pro

1854 721 1964 774 qua
1992 707 2181 761 omnia
2217 709 2377 780 signa
2405 711 2573 768 simul
2616 717 2825 786 pulsari
2860 722 3118 778 debeant.
3145 707 3363 783 Verum
3390 735 3448 785 et

1851 792 2136 850 diurnales
2154 797 2301 853 facta
2332 802 2642 857 mutatione
2665 806 2724 859 in
2751 808 3057 866 claustrum
3093 821 3226 870 sunt
3278 834 3446 889 repo-

1852 881 2038 936 nendi.
2068 886 2211 949 Quia
2240 889 2428 943 nullus
2458 891 2563 944 nisi
2597 909 2779 965 nuper
2807 898 3058 956 minutus
3077 881 3445 961 debetdimit-

1848 975 1988 1034 tere,
2020 973 2135 1028 sive
2163 992 2303 1046 opus
2331 979 2424 1046 sit,
2457 980 2571 1035 sive
2601 999 2731 1049 non,
2753 986 2888 1055 quin
2917 989 3327 1061 aliquantulum
3347 1012 3445 1051 eos

1849 1058 2042 1115 abluat
2060 1080 2072 1129 ;
2093 1063 2351 1134 quiahaec
2363 1068 2492 1122 talis
2517 1075 2862 1130 consuetudo
2883 1093 2947 1130 ex
2962 1058 3196 1151 antiqua
3218 1090 3443 1154 patrum

1849 1147 2204 1207 institutione
2233 1157 2474 1211 tenenda
2502 1166 2588 1213 est
2605 1162 2782 1232 magis
2804 1181 2902 1234 pro
2918 1147 3239 1226 humilitate
3272 1190 3443 1244 quam

1849 1254 1948 1308 pro
1978 1242 2328 1297 necessitate.
2364 1246 2505 1300 Nam
2551 1256 2684 1303 sunt
2721 1254 2974 1308 nonnulli
3003 1260 3180 1313 nostri
3228 1242 3442 1318 ordinis

1845 1331 2015 1381 tantae
2036 1328 2389 1391 humilitatis.
2418 1341 2478 1389 ut
2520 1339 2799 1393 staminea
2862 1358 2964 1397 sua
3014 1351 3072 1400 et
3123 1349 3237 1402 alia
3269 1352 3441 1407 vesti-

1846 1423 2036 1469 menta
2064 1434 2351 1490 nunquam
2384 1423 2454 1476 ab
2479 1425 2588 1479 alio
2621 1445 2925 1500 quoquam,
2951 1433 3059 1488 nisi
3088 1452 3121 1489 a
3149 1438 3344 1509 seipsis
3364 1441 3444 1495 la-

1844 1503 1962 1557 vari
1986 1506 2290 1575 patiantur.
2323 1512 2589 1567 Attamen
2614 1516 2717 1569 soli
2743 1518 3151 1587 obedientiarii.
3207 1503 3303 1597 qui
3338 1546 3441 1600 pro

1844 1593 2033 1664 aliqua
2053 1604 2386 1653 necessntate
2407 1608 2604 1672 postea
2628 1612 2761 1659 sunt
2787 1608 2987 1664 exituri
3014 1612 3299 1671 diurnales
3326 1634 3440 1673 non

1843 1681 2091 1749 mittant,
2121 1686 2218 1739 sed
2249 1689 2505 1759 corrigiis
2534 1692 2677 1747 infra
2714 1699 3037 1767 compositis
3069 1718 3197 1757 cum
3226 1705 3439 1762 eisdem

176 1770 447 1824 levandas.
489 1770 611 1825 Duo
641 1785 862 1842 quoque
889 1769 1117 1840 tigroni,
1150 1775 1386 1842 uterque
1416 1771 1484 1824 de
1502 1770 1681 1825 tribus
1698 1771 1822 1844 li-B
1843 1771 2013 1824 etiam
2043 1774 2306 1830 mandato
2332 1777 2633 1837 intersunt.
2669 1783 2766 1838 Est
2793 1793 2983 1841 autem
3008 1794 3352 1849 consuetudo
3374 1802 3440 1851 ut

177 1859 289 1930 gnis
305 1859 439 1913 licet
463 1858 1002 1930 imparibusangulis
1028 1859 1142 1913 sint
1162 1859 1311 1925 facti,
1338 1859 1433 1931 qui
1451 1859 1507 1913 in
1531 1860 1759 1914 modum
1843 1875 1970 1913 cum
1999 1862 2167 1917 calcei
2188 1864 2268 1918 ita
2303 1865 2363 1920 in
2390 1869 2650 1924 manibus
2684 1879 3002 1941 portantur,
3050 1884 3277 1936 extenso
3308 1882 3437 1939 bra-

178 1949 437 2003 ostiorum
455 1949 565 2003 huc
588 1954 647 2002 et
665 1947 797 2002 illuc
812 1948 1018 2002 versari
1036 1955 1289 2020 possunt.
1312 1950 1377 2003 In
1395 1948 1482 2002 his
1494 1950 1758 2019 pendent,
1843 1947 1967 2002 chio
1986 1966 2087 2020 per
2104 1952 2352 2023 corrigas
2383 1959 2602 2011 tantum
2634 1964 2917 2031 tenantur,
2952 1964 3035 2020 ita
3061 1971 3127 2021 ut
3153 1967 3302 2024 inter
3322 1986 3441 2025 ma-

178 2044 391 2105 catenaz,
413 2038 617 2108 quibus
640 2038 887 2092 caldaria
907 2039 1348 2110 suspenduntur,
1370 2055 1641 2110 suspensa
1656 2040 1758 2093 im-
1840 2053 1978 2127 num
1998 2040 2275 2127 portantis
2301 2047 2358 2096 et
2380 2045 2594 2100 calceos
2631 2048 3012 2119 dependentes
3067 2058 3228 2127 quasi
3271 2059 3438 2114 unius

176 2127 387 2197 plentur
413 2146 562 2200 aqua
583 2146 757 2201 prOpe
785 2146 943 2201 aqua:
958 2129 1210 2192 ductum,
1233 2133 1291 2182 et
1307 2128 1387 2182 ita
1403 2128 1758 2183 deducuntur
1838 2124 2011 2179 cubili
2031 2127 2105 2181 sit
2131 2128 2512 2186 intervallum.
2541 2134 2695 2190 Lotis
2723 2153 2857 2207 ergo
2878 2124 3113 2210 pedibus
3134 2151 3191 2199 et
3210 2145 3438 2202 diurna-

178 2216 373 2286 absque
398 2218 588 2272 labore
617 2235 795 2289 usque
822 2236 992 2291 super
1010 2218 1219 2290 ignem.

240 2306 533 2361 Sciendum
548 2324 770 2378 quoque
796 2308 940 2379 quod
968 2325 1065 2380 pro
1077 2309 1232 2363 nulla
1250 2307 1582 2363 necessitate
1599 2306 1755 2361 aliud

177 2392 296 2464 quid
322 2395 585 2466 coquitur
610 2396 669 2450 in
696 2397 935 2468 coquina
973 2398 1239 2468 regulari,
1285 2403 1489 2469 praeter
1515 2397 1671 2452 fabas
1700 2404 1757 2452 et

176 2482 330 2547 olera,
360 2500 465 2539 nec
513 2485 684 2539 etiam
728 2485 880 2540 aliud
924 2503 1104 2556 genus
1142 2487 1460 2558 leguminis.
1498 2489 1519 2511 θ
1551 2488 1658 2542 Sed
1707 2487 1753 2543 si

174 2571 299 2627 fabae
317 2573 540 2640 desunt,
561 2574 854 2646 praefatum
872 2580 1062 2630 tamen
1076 2593 1302 2630 cursum
1317 2582 1372 2630 et
1386 2578 1756 2648 psalmodiam

173 2659 240 2715 ibi
266 2669 492 2717 cantare
522 2680 629 2717 non
652 2663 957 2732 omittunt;
988 2664 1122 2735 quia
1151 2666 1302 2720 aliud
1331 2667 1621 2738 multiplex
1642 2684 1758 2720 ser-

173 2750 357 2805 vitium
382 2768 496 2806 non
525 2752 662 2806 sinit
692 2770 786 2807 eos
817 2770 1035 2822 vacare,
1068 2759 1132 2808 ut
1159 2760 1244 2810 est
1300 2755 1453 2810 focus
1498 2756 1756 2809 nutrien-

175 2839 285 2905 dus,
305 2858 455 2911 aqua
472 2842 539 2896 ad
558 2841 902 2897 ablutionem
925 2843 1301 2898 caldariorum
1324 2850 1381 2898 et
1394 2846 1752 2900 scutellarum

173 2927 483 2995 calefienda,
516 2930 710 2985 lardus
740 2948 865 2985 cum
897 2932 1141 2986 oleribus
1172 2934 1512 3003 coquendus,
1537 2951 1601 2988 ac
1630 2939 1758 3006 post

178 3016 296 3071 inde
324 3018 521 3088 sagina
541 3020 924 3090 exprimenda,
958 3027 1015 3074 et
1033 3029 1234 3076 cmtera
1262 3022 1348 3076 his
1374 3023 1598 3089 similia,
1633 3040 1756 3095 quae

173 3104 283 3175 ipsa
308 3108 609 3162 necessitas
637 3108 843 3164 melius
875 3110 1039 3165 docet
1065 3127 1175 3166 non
1215 3113 1715 3182 praetermittenda.

237 3197 368 3265 ίυο.)
402 3198 678 3252 Caeterum
714 3198 852 3253 faba:
896 3199 1069 3253 etiam
1116 3201 1338 3271 quando
1383 3201 1461 3255 ita
1490 3208 1624 3257 sunt
1652 3219 1755 3257 no-

175 3283 333 3352 vella),
362 3292 420 3340 et
447 3304 548 3357 pro
574 3286 910 3358 quibusdam
956 3288 1170 3343 deliciis
1209 3306 1336 3344 cum
1378 3291 1571 3363 pipere
1621 3308 1754 3346 con-

174 3371 410 3440 diuntur,
438 3392 551 3430 non
571 3394 607 3431 a
629 3375 893 3432 fratribus
919 3379 1016 3432 sed
1039 3395 1072 3433 a
1092 3378 1316 3434 famulis
1335 3386 1672 3452 coquuntur.
1694 3382 1759 3436 In

174 3460 285 3531 ipsa
307 3465 548 3535 coquina
594 3466 840 3536 regulari
895 3466 1136 3538 scriptor
1184 3474 1428 3537 tantum,
1476 3470 1524 3524 si
1570 3470 1760 3525 incau-

177 3556 315 3604 stum
344 3552 486 3622 (118)
513 3560 829 3626 temperare
845 3557 1101 3621 voluerit,
1121 3575 1233 3612 non
1260 3559 1607 3629 prohibetur,
1636 3562 1758 3616 etsi

180 3640 292 3709 quis
320 3642 557 3697 voluerit
582 3644 796 3700 calceos
823 3663 955 3701 suos
984 3664 1216 3719 ungere,
1243 3649 1757 3730 providebithoram

177 3735 598 3802 competentem,
630 3733 683 3788 id
715 3743 801 3789 est
844 3736 904 3790 in
928 3744 1123 3792 testate
1146 3744 1276 3793 ante
1315 3739 1573 3810 primam,
1608 3746 1666 3795 et
1699 3741 1758 3796 in

176 3817 365 3889 hyeme
392 3831 525 3877 ante
557 3824 804 3891 tertiam,
838 3831 896 3879 et
923 3826 971 3880 si
1002 3827 1378 3883 meridianum
1410 3846 1520 3884 non
1546 3831 1755 3901 agitur,

172 3915 290 3978 post
316 3928 521 3966 nonam
547 3932 560 3979 ;
589 3913 638 3966 si
682 3919 873 3968 tamen
902 3916 1201 3972 servitores
1230 3935 1341 3971 non
1380 3919 1590 3974 habent
1637 3937 1759 3974 am-

170 3997 305 4067 plius
327 4000 746 4056 administrare.
777 4003 945 4076 Pueri
977 4023 1200 4077 quoque
1254 4006 1514 4062 candelas
1558 4009 1761 4080 quibus

169 4103 298 4157 opus
327 4089 652 4162 habuerint,
687 4092 898 4148 faciunt
931 4094 987 4148 in
1024 4096 1151 4166 ipsa
1176 4097 1416 4168 coquina
1459 4114 1585 4152 cum
1635 4116 1758 4153 ma-

169 4176 350 4244 gistris
376 4179 514 4235 suis.

731 4273 965 4329 CAPUT
992 4276 1185 4331 XCIX.

1836 2213 1983 2269 libus
2012 2216 2419 2291 aliquantisper
2441 2221 2647 2277 ablutis
2676 2225 2723 2279 si
2749 2227 2837 2281 cui
2887 2229 3024 2284 libet
3078 2248 3296 2304 ungues
3343 2253 3439 2309 pe-

1837 2301 1974 2357 dum
2026 2322 2298 2373 resecare,
2354 2309 2458 2364 hoc
2516 2312 2571 2366 in
2614 2315 2809 2369 eodem
2855 2317 2974 2372 loco
3020 2319 3184 2376 debet
3247 2323 3434 2379 facere

1838 2391 2044 2463 quippe
2073 2395 2162 2448 cui
2186 2403 2321 2450 tunc
2349 2401 2617 2470 temporis
2666 2404 2954 2460 cultellum
2987 2408 3059 2462 ad
3107 2409 3211 2465 hoc
3250 2413 3433 2468 solum

1837 2497 2025 2535 secum
2066 2490 2291 2554 portare
2330 2489 2705 2557 permittitur:
2734 2494 2831 2548 sed
2862 2501 2919 2549 et
2962 2514 3153 2554 soccos
3179 2499 3257 2555 ibi
3299 2507 3435 2557 tunc

1838 2575 2100 2625 excutere
2120 2576 2463 2635 conceditur.
2497 2579 2597 2633 His
2626 2586 2815 2637 autem
2848 2587 3106 2654 peractis,
3147 2605 3260 2644 non
3310 2609 3434 2647 mo-

1838 2665 2038 2713 rantur
2065 2662 2278 2717 calceos
2305 2680 2430 2719 cum
2487 2668 2680 2723 cultris
2730 2672 2801 2724 ad
2849 2673 3055 2728 lectum
3099 2682 3344 2748 portare,
3377 2687 3436 2736 et

1842 2763 1968 2800 mox
1993 2749 2290 2805 redeuntes
2329 2753 2385 2806 in
2414 2755 2721 2811 claustrum
2753 2776 2952 2815 manus
3004 2763 3211 2832 lavant,
3273 2773 3330 2821 et
3382 2770 3432 2823 si

1838 2835 2080 2891 officium
2113 2839 2502 2897 defunctorum
2538 2862 2649 2899 non
2676 2855 2763 2901 est
2789 2851 3092 2919 agendum,
3123 2856 3435 2924 percussio-

1838 2941 1965 2979 nem
1996 2926 2200 2982 tabulie
2231 2930 2302 2983 ad
2332 2933 2677 3001 mandatum,
2713 2936 2827 2991 sive
2850 2940 3091 3009 cymbali
3119 2943 3191 2996 ad
3234 2943 3433 2999 biben-

1839 3015 1994 3084 dum,
2020 3015 2069 3069 si
2095 3033 2208 3071 non
2237 3022 2593 3088 ccenaverint,
2629 3025 2698 3078 ad
2751 3026 2956 3082 lectum
3002 3031 3261 3086 sedentes
3303 3049 3433 3089 cum

1836 3119 2059 3158 summo
2086 3104 2310 3161 silentio
2339 3116 2678 3180 exspectant.
2716 3113 2775 3168 Si
2804 3122 3028 3189 autem,,
3044 3124 3105 3173 ut
3130 3120 3434 3192 aliquando

1836 3191 2081 3262 hyemali
2099 3199 2352 3266 tempore
2401 3199 2697 3270 contingit,
2759 3205 3108 3261 cmnantibus
3156 3209 3434 3266 ministris

1836 3286 2065 3352 prOpter
2079 3282 2407 3339 instantiam
2436 3289 2616 3342 noctis
2645 3306 2679 3342 a
2708 3300 2983 3348 conventu
3010 3295 3177 3351 lectio
3204 3297 3435 3354 interim

1839 3370 2034 3425 haberi
2062 3388 2173 3426 non
2199 3378 2402 3444 potest,
2434 3379 2681 3433 accensis
2725 3380 3030 3438 luminibus
3082 3385 3142 3439 in
3189 3388 3434 3459 capitulo

1838 3459 2042 3514 tabulae
2069 3463 2355 3532 percussio
2375 3472 2745 3537 exspectatur.
2776 3471 2911 3526 Post
2928 3489 3144 3529 ccenam
3171 3493 3301 3532 vero
3330 3478 3437 3532 mi-

1840 3548 2146 3604 nistrorum
2161 3552 2246 3605 vel
2275 3569 2631 3610 communem
2660 3557 2988 3616 bibitionem
3012 3562 3262 3635 inquiret
3281 3567 3438 3638 prior

1842 3654 1876 3692 a
1894 3639 2099 3694 domno
2119 3639 2337 3710 abbate,
2361 3643 2409 3697 si
2435 3645 2568 3700 velit
2586 3648 2854 3703 mandato
2890 3650 3181 3708 interesse.
3212 3655 3312 3710 Illo
3337 3673 3435 3712 au-

1841 3734 1953 3782 tem
1985 3729 2098 3784 sive
2142 3733 2363 3787 volente
2407 3733 2523 3788 sive
2580 3737 2823 3805 nolente,
2872 3740 3028 3811 prior
3079 3749 3270 3799 tamen
3322 3762 3437 3802 non

1841 3817 2055 3872 omittit
2085 3819 2331 3874 tabulam
2361 3828 2673 3893 percutere.

2476 3911 2710 3967 CAPUT
2748 3912 2810 3968 C.

2309 4001 2378 4052 De
2408 4002 2671 4054 mandato
2699 4004 2968 4069 fratrum.

1917 4088 1937 4108 '
1968 4084 2148 4154 Igitur
2175 4102 2439 4156 percussa
2469 4088 2660 4143 tabula
2699 4091 3122 4151 hebdomadarii
3159 4099 3430 4171 coquinae,

1842 4173 1936 4243 qui
1969 4175 2231 4244 praesenti
2260 4174 2608 4230 hebdomade
2637 4180 2950 4237 servierunt
2990 4185 3062 4239 ad
3112 4187 3431 4257 lavandum,

1840 4262 1937 4333 qui
1965 4264 2225 4317 servituri
2252 4269 2382 4317 sunt
2410 4264 2467 4319 in
2498 4269 2756 4337 sequenti
2782 4271 2853 4324 ad
2875 4274 3210 4342 tergendum
3242 4278 3433 4348 pedes,

169 4353 388 4421 Quando
399 4358 609 4428 fratres
622 4364 927 4436 anticipent
942 4367 1273 4420 mandatum
1292 4369 1352 4420 in
1373 4370 1572 4436 quinta
1588 4369 1752 4436 feria,
1771 4368 1822 4428 D
1842 4367 1901 4405 se
1920 4358 2142 4423 Parant
2177 4353 2496 4407 conventus
2516 4356 2822 4426 capitum")
2854 4361 3047 4427 intrat'
3080 4363 3271 4435 Sicque
3290 4369 3436 4424 laeto

514 4438 565 4485 et
593 4434 860 4500 quomodo
892 4436 1050 4502 pedes
1074 4434 1392 4504 pmlarent.

228 4519 249 4540 ’
276 4520 734 4593 Quotiescunque
763 4522 992 4594 aliquod
1021 4525 1245 4591 festum,
1279 4526 1335 4580 in
1365 4542 1477 4596 quo
1506 4529 1754 4599 psalmus

171 4605 341 4662 Venite
371 4624 408 4663 a
437 4616 685 4681 quatuor
721 4616 808 4666 est
834 4614 1148 4668 cantandus
1187 4614 1245 4669 in
1279 4615 1533 4683 sabbato,
1574 4618 1656 4672 vel
1697 4619 1756 4673 in

158 4692 451 4753 Dominica
482 4701 725 4756 occurrit
742 4702 1045 4772 agendum,
1074 4704 1132 4757 in
1156 4703 1355 4774 quintu
1389 4704 1527 4758 feria
1548 4722 1757 4777 praece-

157 4783 319 4840 dente
348 4788 681 4844 mandatum
701 4791 1238 4862 estanticipandum.
1260 4793 1416 4847 Tunc
1440 4793 1611 4847 etiam
1642 4794 1757 4849 fra-

156 4876 266 4928 tres
304 4878 617 4945 praelavant
645 4879 835 4950 pedes,
865 4886 923 4935 et
959 4880 1006 4935 si
1058 4880 1181 4952 quis
1217 4882 1467 4953 podagra
1515 4885 1600 4938 vel
1647 4884 1756 4939 alio

157 4962 350 5018 morbo
372 4965 456 5020 ita
476 4965 796 5022 infirmatur
816 4968 873 5023 in
899 4968 1157 5040 pedibus,
1177 4976 1242 5024 ut
1257 4988 1352 5026 eos
1374 4979 1757 5044 competenter

158 5049 213 5104 in
241 5053 492 5110 claustro
527 5072 655 5110 cum
696 5056 832 5128 ipsis
868 5058 1095 5114 abluere
1126 5076 1239 5116 non
1278 5061 1473 5132 possit,
1517 5079 1643 5117 cum
1689 5064 1759 5118 li-

159 5141 343 5196 centia
369 5142 581 5198 lavabit
607 5144 666 5199 in
695 5145 1027 5214 inﬁrmaria,
1062 5153 1120 5202 et
1170 5149 1415 5203 famulus
1464 5150 1762 5206 infirmarii

160 5243 363 5298 aquam
398 5231 820 5290 administrabit
848 5235 967 5290 illi:
1002 5237 1099 5291 sed
1130 5243 1325 5309 postea
1343 5239 1413 5292 ad
1432 5240 1761 5296 mandatum

159 5313 260 5385 ipsi
282 5319 461 5389 pedes
490 5337 603 5375 non
633 5322 909 5378 lavantur.

224 5405 338 5461 Sed
367 5408 477 5463 hoc
502 5409 811 5481 sciendum,
844 5414 995 5485 quod
1015 5413 1132 5471 haec
1162 5416 1366 5488 pedum
1397 5417 1599 5473 lavatio
1634 5426 1761 5491 post

1835 4446 1965 4494 ante
1999 4447 2056 4495 et
2083 4446 2233 4495 retro
2256 4442 2474 4509 sedens,
2491 4443 2795 4501 intrantem
2816 4447 3075 4505 abbatem
3090 4454 3173 4507 vel
3190 4455 3434 4525 priorem

1837 4537 2138 4601 exspectat.
2171 4531 2351 4585 Priori
2373 4534 2689 4604 assurgitur
2717 4538 2945 4592 erectim
2971 4557 3142 4611 super
3170 4544 3431 4614 scabella;

1838 4618 2029 4674 abbati
2053 4636 2180 4674 vero
2208 4620 2444 4675 intranti
2466 4623 2688 4681 stando,
2714 4625 2812 4682 sed
2839 4628 3303 4687 noninclinando.
3329 4635 3437 4689 Im-

1840 4715 2081 4777 ponente
2115 4708 2483 4779 antiphonam
2533 4711 2739 4765 domno
2788 4714 3010 4782 abbate,
3064 4720 3169 4786 vel,
3224 4722 3273 4776 si
3318 4723 3436 4793 ipse

1840 4794 2040 4849 absens
2067 4801 2171 4861 est,
2203 4797 2467 4863 armario,
2494 4798 2576 4851 illi
2606 4799 2701 4870 qui
2724 4803 2894 4872 pedes
2917 4806 3155 4862 fratrum
3195 4810 3437 4866 lavaturi

1839 4889 1991 4949 sunt,
2024 4883 2344 4954 praecedunt
2363 4886 2567 4940 tersuri
2594 4904 2721 4942 cum
2742 4891 2930 4946 linteis
2957 4914 2968 4956 ;
2994 4897 3279 4965 praecincti
3308 4917 3433 4955 cum

1839 4971 2028 5026 linteis
2046 4973 2484 5044 subsequuntur,
2514 4981 2571 5030 et
2588 4977 2668 5031 sic
2697 4979 3004 5050 capitulum
3062 4985 3300 5055 ingressi
3325 5008 3337 5057 ;
3388 4990 3435 5044 si

1844 5068 2088 5133 quatuor
2113 5067 2269 5129 sunt,
2298 5061 2511 5132 primus
2544 5071 2602 5118 et
2628 5068 2829 5122 tertius
2858 5069 2915 5122 in
2941 5071 3137 5127 ordine
3164 5074 3223 5128 in
3242 5075 3438 5130 dextra

1842 5151 2032 5204 lavant
2059 5156 2238 5221 parte,
2265 5152 2545 5207 secundus
2584 5160 2642 5209 et
2669 5162 2905 5226 quartus
2928 5158 2984 5213 in
3014 5161 3276 5227 sinistra,
3307 5164 3436 5234 pedi

1846 5257 2009 5311 quem
2042 5240 2298 5295 laverunt
2324 5241 2512 5295 statim
2531 5243 2780 5299 calceum
2797 5263 3111 5318 supponere
3131 5266 3241 5303 non
3262 5252 3435 5322 negli-

1838 5334 2055 5399 gentes.
2081 5328 2259 5392 Quem
2291 5328 2543 5384 ordinem
2561 5340 2789 5386 servant
2816 5339 2873 5386 et
2891 5334 2985 5403 qui
3011 5335 3182 5404 pedes
3208 5343 3440 5408 tergunt

1842 5418 2048 5472 domno
2071 5415 2259 5472 abbati
2291 5422 2348 5472 et
2376 5418 2463 5473 his
2489 5419 2759 5475 fratribus
2777 5426 2998 5476 tantum
3025 5423 3121 5493 qui
3132 5440 3302 5495 super
3319 5443 3437 5481 sca-

224 5583 373 5658 (118)
408 5589 755 5657 Incaustum,
806 5599 1152 5660 encaustum,
1203 5594 1375 5663 Italis,
1425 5597 1751 5664 Inchiostro,
1783 5599 1904 5656 Lat.
1935 5602 2333 5654 atramentum.

450 5688 715 5754 PATROL.
746 5690 864 5755 CL.

3119 5703 3197 5769 33
