3872 6164
475 207 615 273 1935
1501 208 1560 263 s.
1601 205 1994 267 GUILLELMI
2029 205 2335 267 ABBATIS
2372 208 2717 270 HIBSAUG.
3546 228 3646 291 1036

471 334 685 426 bellum
710 337 816 426 aut
832 349 1002 426 super
1023 334 1260 426 juncum
1290 332 1506 426 sedent,
1527 328 1684 388 flexis
1710 334 1771 388 in
1776 337 1944 426 terra
1964 349 2067 426 ge-
2082 331 2137 403 Α
2145 331 2269 401 jam
2282 334 2534 391 lectionis
2546 342 2849 410 exspectat,
2867 355 2932 397 ac
2952 344 3074 395 tum
3098 340 3283 397 tandiu
3301 345 3483 402 scillam
3493 352 3651 426 pulsat,

471 420 841 499 nibus,pedes
866 420 1105 481 fratrum
1133 424 1326 480 lavant
1353 425 1412 479 et
1466 426 1714 494 tergunt.
1766 419 1874 488 Qui
1910 421 2067 492 prius
2149 437 2440 495 quousque
2463 426 2687 496 juvenis
2720 429 2805 483 vel
2850 446 3155 501 puerorum
3194 432 3387 504 aliquis,
3432 436 3471 490 si
3494 419 3656 496 assunt

471 517 691 586 partem
720 530 881 569 suam
909 508 1267 587 perlaverint,
1291 513 1350 567 in
1387 512 1565 568 altera
1610 516 1771 584 parte
1815 511 2066 565 lavantes
2146 513 2446 567 Benedicz'te
2473 516 2724 587 incipiat.
2754 517 2927 586 Tunc,
2951 520 3084 575 data
3107 525 3515 592 persacerdotem
3531 527 3656 584 bene-

469 604 758 675 adjuvant,
787 620 896 675 quo
917 603 1082 659 citius
1102 621 1161 657 se
1182 601 1500 677 expediant.
2147 598 2408 668 dictione,
2441 621 2569 659 mox
2600 607 2695 677 qui
2726 607 2941 678 primus
2990 624 3184 663 eorum
3223 612 3288 664 ad
3327 614 3525 683 gradum
3563 634 3657 672 con-

540 694 777 747 Peracta
802 698 990 747 autem
1014 693 1219 767 pedum
1261 692 1539 747 lavatione
1570 688 1737 745 simul
1786 694 1843 744 et
1872 706 2065 743 manu-
2146 693 2235 742 tra
2266 690 2511 762 priorem
2562 696 2799 760 steterit,
2835 696 2942 767 ipsi
2967 699 3226 770 poculum
3254 700 3477 772 porrigit,
3503 710 3549 758 et
3570 706 3659 778 ipse

464 783 796 855 tergiorum,
830 788 987 837 extra
1044 780 1353 854 capitulum
1410 777 1505 833 ubi
1551 795 1699 850 aqua
1748 778 2063 831 lavantibus
2144 786 2351 849 paterae
2372 799 2486 837 suae
2517 782 2779 847 infundit,
2811 786 2995 840 caeteri
3028 802 3156 841 vero
3187 790 3382 844 caeteris
3403 777 3656 864 prapinant,

464 865 896 932 ministrabatur
920 887 1022 945 per
1050 885 1395 935 conversum,
1422 869 1510 923 cui
1539 867 1644 922 hoc
1672 867 1916 921 officium
1935 868 2059 922 fue-

464 960 557 1016 rat
591 961 925 1033 injunctum,
955 959 1014 1014 in
1041 960 1237 1014 eodem
1267 959 1407 1024 loco,
1438 957 1542 1012 sibi
1571 956 1806 1011 invicem
1853 973 2058 1028 aquam

462 1049 535 1104 ad
564 1065 764 1107 manus
794 1049 1210 1115 administrant,
1247 1065 1386 1119 quas
1413 1053 1604 1102 tamen
1645 1063 1756 1101 non
1793 1052 2047 1116 tergunt.

462 1137 619 1195 Tunc
632 1137 1076 1211 ingredientibus
1088 1137 1198 1191 illis
1219 1154 1343 1192 cum
1372 1136 1609 1190 baccinis
1622 1135 1690 1189 ad
1713 1134 2057 1190 ablutionem

462 1246 734 1284 manuum
751 1229 939 1283 nullus
965 1226 1193 1283 absente
1218 1225 1420 1280 abbate
1445 1225 1619 1297 priori
1658 1223 1902 1295 assurgit
1926 1243 1937 1291 ;
1959 1224 2057 1278 sed

2143 867 2472 941 incipientes
2501 889 2535 926 a
2564 873 2842 944 prioribus
2866 875 2932 929 ad
2964 881 3266 949 utrumque
3280 880 3656 949 refectoriilatus,

2140 962 2423 1025 postremo
2443 959 2502 1013 in
2532 961 2717 1015 medio
2745 963 3185 1020 considentibus.
3220 966 3348 1020 Cum
3367 973 3526 1022 autem
3549 970 3661 1042 quis-

2141 1062 2249 1116 que
2280 1052 2488 1116 paterae
2516 1066 2629 1104 suae
2644 1050 2915 1107 infuderit
2934 1058 3211 1125 quantum
3228 1055 3325 1108 sibi
3351 1056 3502 1111 visum
3517 1058 3658 1124 fuerit,

2134 1135 2298 1203 juxta
2325 1153 2385 1190 se
2410 1138 2625 1193 sedenti
2647 1140 2899 1211 porrigit.
2919 1143 3022 1196 Sed
3048 1144 3097 1197 si
3121 1145 3354 1198 domnus
3369 1146 3514 1200 abbas
3534 1148 3661 1201 affue-

2137 1223 2214 1276 rit
2236 1223 2343 1296 ipsi
2366 1225 2469 1280 soli
2501 1229 2783 1282 vasculum
2816 1229 2875 1283 in
2904 1248 3013 1302 quo
3033 1233 3139 1286 sibi
3165 1234 3493 1306 propinatum
3512 1235 3657 1302 fuerit,

457 1317 847 1390 unusquisque
890 1315 1092 1371 sedens
1147 1315 1469 1370 ministrum
1522 1332 1682 1386 aquae
1737 1319 2046 1384 exspectat.

458 1408 670 1462 Verum
708 1408 756 1461 si
785 1407 1077 1479 episcopus
1105 1405 1309 1476 aliquis
1348 1405 1433 1459 vel
1479 1404 1651 1458 abbas
1704 1402 1780 1457 ibi
1826 1402 1888 1457 in
1935 1402 2056 1456 loco
2137 1407 2268 1456 ante
2298 1420 2357 1457 se
2387 1404 2580 1475 ponit;
2617 1406 2764 1477 quod
2794 1408 2964 1462 etiam
2994 1409 3124 1464 licet
3152 1411 3371 1466 cuilibet
3411 1411 3568 1467 abbati
3603 1414 3665 1467 vel

457 1492 651 1550 domni
675 1494 890 1551 abbatis
920 1495 1097 1559 sedet,
1123 1492 1377 1565 surgenti
1416 1511 1610 1550 omnes
1641 1497 1965 1565 assurgunt,
2000 1495 2057 1546 et
2136 1491 2309 1561 priori
2329 1493 2492 1563 juxta
2523 1511 2582 1548 se
2618 1496 2853 1564 sedenti,
2886 1499 2972 1552 vel
2995 1516 3097 1570 per
3114 1501 3355 1571 seipsum
3374 1501 3588 1555 ordinem
3609 1506 3667 1554 te-

455 1581 504 1640 si
532 1602 702 1657 super
721 1583 1025 1641 subellum
1055 1584 1292 1649 steterit,
1311 1622 1319 1652 ι
1339 1590 1474 1638 tunc
1499 1601 1601 1638 nec
1630 1600 1927 1638 conversus
1982 1585 2110 1660 ad_
2137 1580 2310 1634 nenti.
2328 1581 2755 1654 Propinantium
2773 1587 3662 1660 paterasipsipincernaeinfundunt;

453 1651 665 1729 terrain
689 1672 994 1740 descendit,
1025 1673 1122 1732 sed
1142 1651 1343 1729 stando
1364 1689 1534 1744 super
1561 1672 1807 1727 scabella
1824 1651 2212 1746 praesto-Billi
2246 1651 2455 1737 autem,
2488 1678 2713 1743 peracto
2745 1651 2846 1729 suo
2878 1651 3079 1743 ofﬁcio,
3125 1651 3242 1731 non
3280 1684 3342 1732 ut
3391 1677 3526 1750 prius
3559 1651 3669 1731 ordi-

452 1763 605 1821 latur
631 1761 808 1818 donec
836 1761 1141 1817 consideat.
2127 1757 2267 1824 nati,
2301 1760 2399 1813 sed
2429 1766 2704 1832 quotquot
2732 1764 3129 1819 Convenienter
3153 1766 3213 1820 in
3242 1767 3401 1820 simul
3414 1766 3555 1838 jungi
3573 1783 3666 1836 pos-

519 1851 693 1907 Facta
711 1856 903 1907 autem
950 1856 1007 1905 et
1053 1867 1325 1906 manuum
1372 1849 1660 1906 ablutione
1717 1850 1911 1907 eodem
1961 1867 2048 1905 or-
2129 1852 2277 1909 sunt,
2293 1849 2671 1919 praecedentes
2698 1852 2883 1906 caeteri
2904 1853 3101 1908 eodem
3122 1854 3666 1926 ordinesubsequentes

424 1940 581 1996 ‘dine
612 1957 722 2014 quo
752 1946 810 1995 et
826 1940 1053 2013 pedum,
1072 1940 1121 1993 si
1152 1939 1275 2012 quis
1303 1940 1379 1995 ibi
1408 1956 1520 1995 non
1551 1939 2040 2006 hebdomadarius,
2128 1936 2197 1989 ad
2228 1938 2468 2009 gradum
2497 1938 2757 1994 similiter
2779 1958 2844 1995 ex
2864 1948 3105 2014 utraque
3120 1950 3280 2015 parte
3305 1944 3483 1998 medim
3501 1942 3664 1997 tabula

448 2029 549 2083 sed
598 2036 828 2100 rogatus
876 2026 947 2083 ab
997 2029 1185 2099 aliquo
1230 2028 1669 2083 hebdomadario
1720 2028 1835 2083 vice
1893 2029 2044 2083 illius
2126 2029 2257 2079 ante
2287 2032 2343 2079 et
2363 2030 2511 2081 retro
2544 2028 2876 2095 faciunt;et
2902 2031 2982 2085 sic
3000 2032 3062 2086 in
3082 2033 3268 2088 locum
3296 2050 3450 2088 suum
3474 2029 3661 2086 bibituri

445 2118 749 2183 ministrat,
783 2118 874 2172 hic
901 2134 1028 2173 cum
1054 2117 1190 2174 foris
1214 2118 1519 2191 capitulum
1551 2118 1844 2172 baccinum
1877 2119 2045 2188 depo-
2124 2115 2384 2169 redeunt.

447 2208 644 2274 suerit,
672 2223 960 2278 regressus
989 2207 1047 2261 in
1073 2207 1262 2263 locum
1307 2224 1473 2263 suum
1526 2206 1753 2273 secedit,
1803 2207 2041 2261 faciens-
2195 2204 2253 2258 Si
2283 2204 2407 2276 quis
2432 2206 2670 2260 fratrum
2684 2207 2911 2262 interim
2930 2212 3316 2281 supervenerit
3335 2211 3547 2266 lectione
3560 2226 3665 2265 non-

448 2315 558 2370 que
582 2298 660 2354 ibi
692 2304 822 2355 ante
851 2303 909 2353 et
944 2305 1113 2365 retro,
1140 2298 1319 2354 sedet.
1371 2297 1427 2353 Is
1447 2314 1580 2369 ergo
1609 2314 1643 2351 θ,
1671 2314 1781 2370 quo
1811 2303 2041 2369 rogatus
2132 2291 2267 2347 dum
2294 2295 2472 2361 ﬁnita,
2507 2295 2734 2350 bibendi
2758 2297 3042 2353 licentiam
3086 2301 3306 2372 accipit.
3336 2301 3390 2355 Si
3416 2299 3589 2372 quibus
3615 2299 3665 2351 de

445 2388 630 2445 fuerat
656 2389 846 2446 exiens
874 2393 1005 2443 ante
1046 2387 1353 2459 capitulum
1403 2404 1462 2441 se
1491 2387 1707 2442 caeteris
1736 2387 1796 2442 in
1845 2387 2040 2442 ordine
2122 2388 2260 2453 potu
2275 2384 2407 2455 quid
2424 2391 2681 2441 remanet
2699 2386 3149 2455 bibentibus,hoc
3165 2390 3461 2444 infundunt
3474 2386 3665 2463 justitiis

444 2477 762 2549 suojungit,
781 2477 973 2549 sicque
993 2476 1453 2549 praecedentibus,
1479 2476 1573 2547 qui
1591 2476 1762 2547 pedes
1786 2476 2041 2531 laverunt
2122 2472 2258 2537 suis,
2291 2480 2347 2526 et
2374 2479 2599 2545 pateras
2623 2483 3012 2548 superponunt
3039 2479 3308 2543 inversas,
3332 2479 3502 2533 Finita
3516 2483 3668 2532 autem

445 2581 641 2625 omnes
679 2566 848 2621 simul
891 2570 1022 2621 ante
1069 2566 1258 2620 sedem
1301 2564 1492 2619 domui
1535 2564 1752 2619 abbatis
1810 2569 1941 2619 ante
1988 2572 2045 2620 et
2125 2561 2363 2616 lectione
2394 2563 2569 2617 lector
2608 2565 2769 2634 ponit
2805 2564 3011 2619 librum
3043 2567 3101 2620 in
3130 2569 3482 2639 supremitate
3502 2580 3668 2619 mensa:

442 2658 596 2709 retro
626 2653 856 2709 faciunt.
872 2648 1029 2710 Tunc
1048 2655 1275 2708 tandem
1305 2654 1564 2725 sequitur
1592 2670 1686 2707 eos
1720 2670 2038 2719 conversus,
2124 2651 2274 2704 illius
2302 2652 2480 2718 lineae,
2506 2670 2629 2723 quae
2641 2658 2725 2706 est
2744 2653 2973 2725 propior
3000 2656 3118 2709 sedi
3147 2674 3285 2725 suae,
3310 2657 3545 2726 factoque
3569 2658 3673 2707 ante

443 2744 540 2814 qui
566 2760 770 2815 aquam
804 2743 1143 2798 ministravit
1171 2744 1251 2798 eis
1279 2743 1615 2809 lavantibus,
1648 2748 1705 2798 et
1727 2742 1956 2797 veniens
1986 2744 2042 2798 in
2126 2746 2183 2793 et
2211 2746 2380 2807 retro,
2408 2739 2614 2795 librum
2645 2743 2860 2814 recipit,
2884 2750 2942 2798 et
2987 2746 3216 2801 veniens
3243 2748 3300 2801 in
3346 2747 3514 2800 locum
3540 2758 3671 2797 suum

441 2831 627 2887 locum
653 2849 822 2887 suum
842 2832 922 2887 ibi
951 2838 1083 2888 ante
1112 2836 1168 2886 et
1199 2837 1351 2886 retro
1372 2831 1505 2886 facit
1525 2838 1582 2886 et
1607 2831 1746 2903 ipse.
1771 2833 2043 2887 Lecturus
2125 2834 2258 2883 ante
2286 2848 2346 2882 se
2375 2830 2552 2901 ponit,
2587 2836 2644 2884 et
2663 2831 2743 2885 sic
2757 2832 2959 2887 sedens
2973 2833 3130 2888 bibit.
3154 2835 3367 2890 Deinde
3393 2852 3507 2889 cum
3528 2830 3671 2904 priori

440 2934 630 2979 autem
649 2924 721 2978 ad
740 2922 1095 2978 collationem
1124 2938 1362 2992 surgens
1392 2921 1604 2988 statim,
1637 2938 1765 2975 cum
1808 2921 2045 2976 sacrista
2065 2963 2107 2997 ρ
2127 2918 2309 2972 visum
2344 2918 2515 2972 fuerit
2545 2920 2757 2974 scillam
2779 2921 2850 2975 ad
2872 2924 3219 2993 surgendum
3240 2931 3372 2978 tunc
3383 2922 3614 2997 percutit,
3625 2935 3675 2971 ac

441 3017 668 3093 accepta
700 3010 929 3066 licentia
957 3010 1029 3065 ad
1051 3009 1391 3081 pulsandum
1423 3009 1641 3072 exierit.
1667 3008 1846 3080 petita
1876 3009 2040 3064 bene-
2068 3008 2186 3061 “in
2208 3008 2404 3062 eodem
2423 3008 2544 3062 loco
2574 3014 2730 3063 stans
2745 3027 2937 3065 versus
2958 3013 3029 3068 ad
3047 3020 3380 3069 conventum
3395 3010 3678 3084 pronuntiat

441 3098 704 3167 dictione,
728 3099 1030 3157 lectionum
1046 3099 1264 3155 orditur
1281 3098 1471 3153 statim
1494 3103 1557 3152 ut
1575 3103 1804 3153 cantum
1817 3098 2039 3153 finitum
2122 3113 2347 3151 versum
2373 3098 2732 3165 Adjutorium
2752 3104 3006 3155 nostrum
3035 3105 3097 3155 in
3116 3107 3343 3157 nomine
3355 3103 3575 3160 Domini,
3590 3098 3677 3151 sic-

443 3189 705 3245 audierit.
733 3187 902 3245 Lecto
928 3205 1042 3245 uno
1074 3188 1160 3242 Vel
1181 3185 1399 3242 duobus
1453 3187 1724 3255 versibus,
1758 3187 1853 3259 qui
1905 3193 2040 3242 tunc
2125 3202 2235 3257 que
2263 3186 2410 3240 facto
2439 3193 2571 3241 ante
2602 3192 2658 3240 et
2685 3193 2839 3241 retro
2866 3188 2997 3243 inde
3029 3191 3271 3246 redeunt
3310 3192 3368 3245 in
3403 3188 3674 3245 ecclesiam.

441 3283 601 3335 tenet
629 3276 826 3333 ordine
855 3277 1057 3333 sedens
1102 3277 1163 3330 in
1217 3275 1511 3348 principali
1564 3276 1705 3344 loco,
1764 3276 1953 3333 innuit
1989 3276 2041 3330 ei
2124 3277 2390 3329 Attamen
2408 3274 2700 3331 sciendum
2732 3283 2817 3331 est
2846 3279 3068 3349 quodin
3089 3280 3198 3334 hac
3228 3281 3347 3335 sola
3369 3275 3680 3352 processionc

444 3369 544 3440 qui
569 3366 675 3423 sibi
699 3367 759 3422 in
783 3367 1028 3423 tenendo
1053 3366 1248 3421 ordine
1268 3365 1346 3421 ibi
1373 3365 1659 3438 proximus
1710 3371 1816 3430 est,
1850 3370 1905 3419 et
1944 3365 2041 3419 ille
2121 3364 2324 3419 fratres
2351 3364 2593 3418 vicissim
2622 3373 2858 3436 possunt
2871 3374 3107 3433 mutare,
3132 3367 3683 3441 propterdiscedentes

441 3456 589 3512 facto
606 3461 741 3512 ante
773 3462 831 3510 et
858 3461 1010 3510 retro
1047 3454 1204 3510 suavi
1232 3452 1521 3526 egreditur
1558 3453 1779 3508 incessu
1810 3453 1882 3507 ad
1920 3470 2043 3524 per—
2127 3452 2580 3521 obedientiarios,
2607 3471 2700 3525 qui
2732 3461 2865 3509 tunc
2894 3455 3023 3510 inde
3043 3473 3171 3511 cum
3198 3454 3683 3513 licentiadiscedere

443 3544 772 3602 cutiendum
797 3544 1133 3616 cymbalum,
1153 3543 1202 3599 si
1228 3550 1419 3598 tamen
1438 3541 1643 3597 lectum
1662 3542 1904 3596 audierit
1932 3559 2048 3597 ver-
2127 3549 2382 3615 possunt.
2416 3543 2595 3607 Quam
2624 3545 3121 3601 mutationemnon
3134 3547 3271 3603 licet
3287 3547 3349 3601 in
3371 3546 3480 3602 alia
3505 3559 3687 3618 proces-

445 3651 591 3700 sum;
621 3648 787 3707 quem
802 3634 975 3691 etiam
987 3632 1377 3688 refectorarius
1389 3630 1512 3704 pari
1531 3631 2040 3703 sequiturincessu.
2128 3633 2302 3700 sione,
2336 3632 2446 3686 nisi
2475 3631 2535 3686 in
2563 3634 2674 3685 fine
2694 3633 2836 3687 ﬁeri.

447 3724 658 3780 Audito
687 3723 877 3795 itaque
906 3720 1182 3795 cymbala,
1205 3723 1410 3777 fratres
1440 3720 1695 3775 ordinate
1714 3721 1774 3775 in
1800 3720 2043 3776 refecto-
2743 3722 2976 3779 CAPUT
3014 3724 3105 3779 CI.

447 3814 598 3871 rium
625 3812 953 3885 procedunt,
977 3818 1035 3866 et
1057 3812 1153 3886 qui
1176 3812 1236 3866 in
1260 3811 1446 3865 eundo
1466 3810 1674 3866 dexteri
1706 3816 1855 3876 sunt,
1885 3810 2047 3865 incli-
2295 3812 2523 3880 Quando
2551 3810 2757 3878 fratres
2780 3814 2937 3879 infra
2966 3815 3318 3870 collationem
3349 3817 3547 3870 bibant.

446 3910 590 3959 nant
616 3919 676 3958 se
707 3902 1028 3975 cymbalum
1056 3900 1407 3973 percutienti,
1422 3900 1542 3972 ipse
1570 3917 1792 3971 quoque
1816 3900 2048 3955 inclina—
2200 3900 2222 3923 "
2262 3901 2406 3955 Item
2437 3899 2879 3971 quotiescunque
2925 3900 3127 3957 fratres
3175 3904 3329 3959 inter
3376 3902 3687 3960 collationem

446 4000 542 4050 tus
568 4010 684 4050 non
710 4008 772 4048 se
804 3992 877 4048 ad
928 3992 1157 4066 plenum
1213 3989 1396 4062 erigit,
1466 3989 1794 4062 priusquam
1850 4006 2046 4044 omnes
2125 3985 2346 4055 bibunt,
2379 3989 2530 4043 hunc
2553 3989 2944 4060 praescriptum
2973 3991 3229 4047 ordinem
3260 3994 3546 4049 tenebunt.
3574 3988 3693 4054 Quia

447 4082 899 4159 pertransierint.
931 4082 1088 4136 Tunc
1123 4079 1293 4133 etiam
1320 4079 1495 4134 lector
1525 4080 1709 4134 eundo
1728 4079 1787 4132 in
1806 4078 2043 4134 refecto-
2123 4095 2254 4133 vero
2284 4078 2341 4133 id
2370 4078 2584 4133 occasio
2613 4077 2831 4145 obtulit,
2856 4078 3059 4149 quibus
3088 4081 3190 4136 ﬁat
3216 4083 3573 4155 temporibus,
3601 4093 3689 4132 non

450 4173 599 4229 rium
627 4188 812 4244 neque
825 4169 1042 4243 primus
1066 4174 1366 4241 est,neque
1392 4168 1440 4222 si
1459 4168 1677 4223 altioris
1703 4174 1789 4222 est
1807 4168 2041 4235 ordinis,
2124 4169 2292 4224 debet
2317 4168 2559 4222 reticeri.
2591 4168 2656 4222 In
2685 4168 2945 4223 omnibus
2974 4169 3149 4239 festis,
3182 4190 3311 4244 quae
3345 4173 3578 4228 maximo
3604 4168 3695 4223 ritu

449 4260 638 4319 locum
667 4278 834 4317 suum
854 4264 1057 4325 servat,
1081 4257 1179 4313 sed
1207 4257 1461 4312 ordinem
1480 4258 1578 4328 qui
1598 4257 1649 4312 ei
1667 4258 1815 4311 inter
1832 4257 2044 4328 primos
2060 4307 2113 4368 υ
2130 4257 2505 4327 celebrantur,
2525 4257 2647 4328 ipso
2667 4256 2758 4310 die
2772 4263 2964 4312 sancto
2975 4258 3121 4315 infra
3131 4263 3491 4317 collationem
3506 4260 3693 4319 bibunt,

576 4356 612 4368 ,n
714 4367 721 4368 κ
746 4366 861 4368 κκηκ-
887 4348 937 4368 ,2;
1008 4348 1057 4368 Ξ..
1107 4346 1458 4368 μ-[--Λ-..Ξ--..-
1522 4363 1693 4368 ___.___-
1732 4351 1885 4368 4-..-1.
1965 4346 2043 4368 1L:
2137 4349 2238 4368 ,!___
2284 4347 2521 4368 __:A.2|2-_._
2555 4346 2758 4368 L-L_-L
2792 4346 2889 4368 2..-:
2924 4347 3153 4368 1‘-‘42,,!A,
3285 4352 3298 4363 ο
3563 4343 3692 4368 ﬁ---)

452 4356 661 4408 eventu
700 4348 958 4415 occurrit,
1005 4348 1065 4402 in
1106 4346 1465 4402 refectorium
1522 4363 1697 4418 usque
1732 4351 1906 4401 tenet.
1964 4343 2245 4403 Ibi'sive
2283 4347 2530 4418 vigiliam
2555 4346 2762 4400 habeat
2788 4346 2894 4417 ipsi
2923 4347 3215 4418 festivitas,
3253 4352 3371 4407 sive
3401 4368 3529 4406 non.
3562 4343 3698 4413 Quod

452 4456 678 4513 quoque
704 4455 925 4494 versum
962 4438 1149 4511 legere
1203 4436 1371 4490 debet
1421 4441 1577 4490 stans
1613 4454 1623 4489 :
1681 4434 1943 4489 similiter
1992 4440 2051 4489 et
2128 4438 2176 4492 si
2204 4436 2453 4508 vigiliam
2481 4434 2669 4500 habet,
2701 4434 2759 4489 in
2773 4451 2837 4489 ea
2868 4435 2977 4503 die,
3011 4454 3134 4509 quae
3165 4440 3416 4510 vigiliam
3442 4435 3697 4511 praecedit,

453 4532 610 4583 totus
632 4532 938 4582 conventus
986 4528 1271 4596 exspectat
1320 4522 1497 4578 donec
1541 4524 1795 4578 ordinem
1851 4529 2048 4577 tenens
2130 4529 2331 4582 fratres
2359 4528 2509 4581 inter
2527 4524 2882 4580 collationem
2903 4524 3120 4581 bibunt.
3153 4529 3369 4586 Bibunt
3396 4530 3563 4584 etiam
3586 4540 3702 4597 quo-

453 4631 933 4689 unumquemque,
962 4630 1128 4685 quem
1146 4612 1434 4684 praeteriit,
1469 4613 1828 4667 inclinantem
1870 4613 2049 4667 consi-
2129 4616 2457 4686 tiesclnque
2486 4616 2544 4668 in
2571 4618 2764 4668 aestate
2793 4613 2853 4666 in
2882 4616 3127 4671 crastina
3156 4618 3249 4673 die
3279 4617 3702 4687 debentjejuna-

448 4706 635 4771 derat,
664 4722 698 4759 a
727 4720 837 4778 quo
861 4703 1034 4757 etiam
1052 4702 1312 4758 innuitur
1328 4702 1381 4756 ei
1411 4702 1622 4761 statim.
1651 4707 1714 4756 ut
1737 4702 1907 4772 legat.
1944 4702 2047 4755 Re-
2129 4722 2212 4775 re,
2242 4710 2299 4758 et
2326 4705 2542 4774 quoties
2578 4702 2810 4773 insuper
2851 4703 3027 4773 priori
3068 4706 3311 4773 videtur,
3362 4708 3449 4764 vel
3500 4707 3705 4779 propter

450 4794 785 4849 fectorarius
827 4798 1020 4847 autem
1062 4806 1212 4858 mox,
1243 4796 1308 4845 ut
1356 4807 1545 4845 vocem
1585 4791 1824 4861 legentis
1868 4790 2044 4857 audit,
2128 4793 2368 4849 nimium
2415 4793 2678 4860 calorem,
2724 4789 2811 4846 vel
2857 4800 3086 4865 propter
3138 4796 3468 4868 hujusmodi
3502 4807 3705 4851 causam

446 4883 671 4939 scillam
700 4881 874 4937 semel
902 4896 1073 4935 manu
1092 4896 1356 4936 resonare
1394 4880 1549 4951 facit,
1579 4886 1645 4952 ut
1658 4879 1850 4935 audito
1880 4880 2046 4950 hujus
2128 4883 2543 4947 rationabilem,
2566 4890 2623 4940 et
2652 4902 2831 4958 usque
2861 4887 2930 4941 ad
2953 4887 3083 4941 Idus
3106 4885 3478 4958 Septembris.

450 4973 643 5029 sonitu
658 4971 912 5028 conversi
932 4987 997 5025 ac
1014 4972 1267 5041 juvenes,
1292 4968 1494 5041 quibus
1507 4969 1612 5023 hoc
1623 4975 1709 5024 est
1726 4969 2038 5041 proprium,
2715 4977 2951 5032 CAPUT
2989 4978 3087 5032 CII
3100 5021 3114 5034 ,

442 5068 695 5133 surgant
721 5062 791 5117 ad
817 5060 1254 5135 propinandum,
1283 5058 1485 5129 quibus
1506 5076 1632 5113 cum
1660 5059 1779 5132 ipse
1809 5059 1931 5114 sine
1958 5076 2046 5114 or-
2464 5065 2537 5119 De
2556 5066 2820 5119 mandato
2834 5068 3030 5133 prium
3046 5080 3381 5135 pauperum.

451 5152 811 5209 diniseorum
832 5147 1301 5213 consideratione,
1327 5155 1492 5219 prout
1511 5149 1870 5217 accesserint,
1891 5155 2045 5220 pate-
2199 5152 2343 5225 (ιω.)
2372 5154 2564 5209 Brevis
2592 5154 2651 5208 in
2680 5154 2925 5225 capitulo
2952 5154 3234 5209 clauditur
3256 5171 3392 5210 cum
3420 5153 3510 5209 his
3529 5149 3705 5212 tribus,

451 5259 545 5299 ras
573 5248 708 5313 potu
747 5238 1082 5310 impleverit,
1104 5242 1163 5291 et
1179 5237 1283 5308 ipsi
1313 5237 1592 5305 similiter,
1628 5244 1795 5310 prout
1826 5238 1896 5292 ab
1948 5238 2045 5293 illo
2128 5243 2225 5313 qui
2246 5244 2317 5297 ad
2346 5244 2736 5313 quotidianum
2767 5244 3095 5299 mandatum
3116 5250 3433 5299 notantur:
3466 5241 3607 5315 quod
3634 5239 3711 5291 in-

446 5331 722 5386 recedunt
741 5334 874 5383 ante
911 5327 1172 5399 gradum,
1213 5333 1453 5399 utraque
1496 5334 1654 5397 parte
1686 5326 1891 5382 tabulae
1921 5345 2045 5400 qua:
2128 5331 2366 5386 choatur
2398 5332 2456 5386 in
2490 5332 2672 5402 capite
2693 5332 2922 5403 jejunii,
2955 5339 3007 5387 et
3029 5334 3303 5404 perdurat
3335 5350 3517 5405 usque
3531 5331 3595 5386 ad
3619 5329 3713 5383 Ka-

450 5419 809 5475 refectorium
831 5417 1028 5471 dividit
1047 5416 1105 5470 in
1139 5416 1391 5487 longum,
1425 5416 1510 5469 vel
1554 5417 1702 5470 alter
1747 5422 1875 5487 post
1909 5418 2046 5472 alte-
2128 5421 2322 5475 lendas
2350 5420 2700 5475 Novembris.
2736 5421 2902 5475 Omni
2950 5422 3060 5490 die,
3107 5423 3218 5476 sive
3260 5439 3383 5476 una
3425 5422 3559 5485 vice,
3608 5416 3710 5469 sive

448 5523 574 5562 rum
596 5507 858 5562 steterint
882 5510 1131 5561 extremo
1156 5506 1279 5576 jam
1307 5504 1702 5577 progrediente
1724 5507 2046 5580 proximum
2127 5508 2345 5567 duabus
2371 5509 2716 5579 comedatur,
2738 5515 2872 5581 post
2897 5527 3113 5569 coenam
3140 5514 3355 5582 agitur.
3408 5511 3556 5568 Sane
3592 5521 3713 5564 ocn-

2138 1312 2254 1379 dat,
2283 1313 2395 1368 sive
2432 1315 2506 1369 sit
2546 1316 2756 1389 phiala,
2801 1319 2916 1373 sive
2944 1327 3141 1393 patera
3184 1340 3314 1391 sua;
3352 1340 3463 1377 cum
3488 1322 3663 1389 biberit,
