3908 6168
191 220 322 286 10-37

1215 227 1634 288 CONSTITUT.
1677 231 2014 290 HIRSAUG.
2060 259 2123 281 vae
2162 231 2299 292 LIB.
2341 231 2414 292 ΙΙ.

3319 227 3456 298 1038

184 351 351 404 ventu
371 347 430 404 in
448 348 736 406 ecclesiam
749 355 872 424 post
889 367 1100 410 coenam
1117 369 1242 408 cum
1267 356 1482 424 psalmo
1504 355 1771 422 intrante,
1793 359 1921 417 Aet
1941 355 2018 410 sic
2037 355 2374 427 pauperibus
2395 354 2941 416 ministratur.l’anis
2958 354 3042 410 eis
3064 354 3120 408 in
3137 355 3452 426 dexteram,

187 435 278 504 qui
309 433 364 492 id
384 435 587 490 facturi
608 444 758 504 sunt,
784 456 882 510 per
897 441 1169 496 minorem
1188 443 1420 498 chorum
1450 449 1768 507 transeunt,

1868 453 2030 515 potus
2061 446 2116 498 in
2147 444 2434 500 sinistram
2467 443 2801 508 mittitur,et
2823 461 3020 502 manus
3043 449 3459 515 utraqueoscu-

186 529 236 575 et
262 524 345 576 sic
382 542 438 580 se
487 542 661 596 prape
706 529 911 582 ostium
943 529 1000 582 in
1045 548 1216 586 unum
1274 533 1561 603 colligunt.
1606 537 1626 555 ’
1660 536 1780 590 Mox
1864 535 2031 588 lator.
2063 533 2274 592 Deinde
2303 538 2585 592 mutantes
2615 549 2694 598 se,
2733 539 2888 592 stant
2913 541 2973 594 et
3001 533 3275 596 inclinant
3303 537 3459 600 send

191 617 316 680 post
332 629 552 672 versum
585 616 806 669 ﬁnitum
838 617 1030 672 tabula
1055 621 1386 690 percutitur,
1414 623 1588 694 etipsi
1612 623 1781 694 primi

193 699 277 752 vel
303 700 451 756 inter
495 703 704 774 primos
756 713 977 774 exeunt,
1009 716 1066 762 et
1097 710 1374 780 psalmum
1409 713 1643 764 Laudate
1685 713 1787 764 im-

195 793 430 856 ponunt.
461 791 763 864 Presbyter
791 795 846 850 in
888 797 1093 861 medio,
1126 798 1221 854 alii
1252 816 1378 852 vero
1414 800 1543 854 hinc
1574 807 1629 854 et
1657 801 1788 858 inde

198 877 550 941 collaterales
580 881 662 935 illi
693 884 933 937 eundem
981 887 1262 958 psalmum
1306 895 1597 944 cantantes
1644 891 1790 944 ince-

199 966 358 1027 dunt.
377 968 519 1021 Cum
543 976 731 1028 autem
762 973 831 1027 ad
847 975 1082 1042 januam
1119 983 1343 1030 ventum
1374 978 1560 1044 fuerit,
1585 978 1681 1048 qui
1711 979 1793 1033 in-

200 1062 284 1108 ter
315 1061 430 1110 tres
453 1059 647 1126 junior
677 1065 758 1114 est
777 1064 1067 1132 paululum
1100 1068 1380 1135 praecedit,
1407 1069 1642 1136 januam
1668 1085 1795 1139 ape-

201 1145 290 1212 rit,
319 1154 372 1200 et
395 1148 610 1218 primus
641 1150 770 1217 exit,
807 1169 871 1205 ac
898 1158 1026 1224 post
1049 1171 1178 1208 eum
1200 1157 1345 1210 altor
1372 1157 1488 1230 ille,
1524 1165 1792 1229 sequente

204 1234 306 1288 hoc
334 1239 643 1308 sacerdote,
677 1241 864 1318 sicque
895 1244 966 1298 ad
991 1244 1175 1298 locum
1205 1246 1336 1300 huic
1364 1248 1520 1318 operi
1558 1248 1794 1317 deputa-

201 1330 321 1379 tum
361 1334 621 1398 pergunt,
659 1344 753 1383 UD.
795 1332 1052 1386 videlicet
1079 1334 1155 1388 ibi
1184 1341 1300 1389 tres
1343 1354 1619 1407 pauperes
1648 1338 1796 1392 inve-

203 1414 362 1468 niunt
407 1417 526 1485 jam
577 1418 813 1488 pedibus
843 1421 1085 1482 nudatis,
1110 1429 1167 1477 et
1193 1441 1226 1477 a
1254 1426 1463 1480 famulo
1491 1427 1798 1497 eleemosy~

204 1505 342 1558 uarii
374 1506 713 1576 przelavatis.
751 1512 770 1532 ⁴”
802 1517 948 1564 Ante
971 1529 1109 1582 quos
1132 1513 1302 1566 etiam
1336 1531 1402 1568 eo
1432 1515 1653 1582 ordine,
1688 1533 1797 1586 quo

207 1595 334 1648 illuc
349 1604 645 1660 venerunt,
659 1599 1066 1673 qualiscunque
1083 1603 1155 1655 sit
1179 1603 1316 1668 dies,
1335 1604 1554 1657 veniam
1577 1610 1792 1675 petunt.

1867 623 2118 677 ordinem
2143 622 2666 691 liujusmodiivar.)
2695 622 2917 678 Ostende
2956 625 3128 690 nobis,
3160 625 3322 688 Deus,
3354 631 3456 688 etc.

1868 713 2054 780 Kyrie,
2093 714 2330 777 Christe,
2363 713 2547 779 Ii'yrie,
2582 713 2748 764 Pater
2769 719 2966 765 noster.
3001 715 3064 766 Et
3098 731 3162 768 ne
3194 731 3306 768 nos.
3329 715 3462 778 Sus-

1871 805 2126 870 cepimus,
2169 803 2415 862 Domine,
2451 806 2556 854 etc.
2610 802 2687 854 Tu
2717 804 3003 863 mandasti
3031 806 3297 864 mandata
3339 811 3456 869 tua,

1873 897 1976 944 etc.
2013 890 2208 944 Oratio
2238 893 2506 950 Dominus
2526 890 2819 950 vobiscum,
2856 893 3334 958 0remus..4.desto,
3355 896 3464 956 Di»

1874 983 2044 1046 mine,
2093 985 2200 1034 etc.
2252 980 2420 1034 Facto
2470 983 2661 1038 autem
2703 984 2838 1036 ante
2868 986 2924 1036 et
2959 985 3110 1038 retro
3141 987 3197 1040 et
3234 983 3465 1055 praefato

1875 1069 2090 1139 psalmo
2111 1068 2375 1138 imposito
2404 1068 2691 1128 recedunt.
2718 1068 2860 1126 Cum
2882 1075 3070 1131 autem
3101 1072 3359 1134 venerint
3392 1072 3466 1134 ad

1875 1158 2078 1212 fratres
2120 1157 2180 1210 in
2225 1158 2470 1212 claustro
2513 1157 3041 1222 sedentes,inclines
3084 1159 3368 1230 incedunt,
3409 1166 3470 1220 et

1875 1247 2076 1300 fratres
2111 1247 2190 1300 eis
2215 1246 2637 1302 transeuntibus
2666 1246 2924 1304 similiter
2951 1247 3188 1309 inclines
3219 1249 3470 1323 aliquam

1876 1337 2061 1392 tulum
2089 1342 2411 1406 assurgunt.
2450 1337 2847 1393 Pervenientes
2870 1354 2998 1392 cum
3019 1337 3140 1408 ipso
3169 1339 3386 1409 psalmo
3409 1340 3471 1402 in

1881 1427 2108 1483 chorum
2131 1426 2203 1480 ad
2231 1426 2492 1495 gradum,
2526 1425 2734 1486 iterum
2752 1426 2950 1486 dicunt
2980 1427 3329 1488 Dominicam
3342 1445 3473 1484 ora»

1879 1515 2109 1581 tionem,
2151 1532 2373 1570 versum
2421 1516 2485 1569 Et
2517 1518 2699 1568 ven-int
2728 1531 2892 1584 super
2921 1532 3017 1572 nos
3065 1519 3466 1578 misericordia,

1883 1605 2205 1660 Collectam.
2257 1605 2506 1658 Actiones
2557 1610 2790 1658 nostras.
2854 1606 3125 1664 Dominus
3171 1608 3472 1672 vobiscum,

209 1697 299 1737 ω).
314 1685 535 1779 Deinde
566 1689 723 1779 finito
745 1690 961 1761 psalmo
981 1693 1239 1761 superior
1257 1693 1441 1748 locum
1455 1693 1552 1750 dat
1569 1694 1798 1765 presby-
1817 1721 1860 1779 Β
1885 1696 2296 1755 Beiwdicamus,
2337 1695 2357 1716 *
2385 1694 2454 1747 Et
2473 1693 2678 1746 iterum
2699 1693 2911 1750 faciunt
2935 1700 3064 1752 ante
3086 1698 3145 1755 et
3179 1699 3352 1758 retro.

207 1781 342 1841 tero,
363 1777 630 1831 secedens
646 1777 765 1848 ipse
788 1779 842 1832 in
871 1781 1119 1834 medium
1159 1789 1215 1835 et
1239 1783 1546 1853 antiphona
1565 1786 1800 1838 manda-

213 1870 321 1918 tum
347 1882 554 1919 norum
572 1867 854 1945 imposita,
878 1870 1049 1940 pedes
1069 1887 1382 1941 pauperum
1401 1873 1636 1938 lavant,‘
1661 1874 1804 1927 lotos

210 1960 329 2024 post
359 1972 490 2009 cum
519 1957 694 2017 linteo
721 1958 922 2013 deinde
952 1960 1168 2031 capillis
1199 1978 1399 2031 parum
1430 1965 1678 2031 tergunt,
1713 1980 1805 2016 os-

213 2045 487 2111 culantur,
521 2046 802 2118 simulque
834 2049 1007 2102 oculis
1036 2055 1297 2120 tangunt.
1335 2051 1442 2114 Qui
1483 2057 1802 2122 postremus

215 2140 290 2186 est
317 2134 377 2196 in
411 2136 607 2194 ordine
651 2137 800 2192 idem
830 2138 1068 2194 linteum
1098 2156 1132 2192 a
1161 2139 1372 2193 famulo
1397 2146 1689 2211 acceptum
1745 2141 1803 2196 in

216 2239 444 2284 manum
493 2225 590 2285 dat
635 2227 929 2291 sacerdoti,
967 2228 1170 2283 deinde
1211 2230 1472 2286 sacerdos
1509 2231 1717 2298 medio,
1747 2236 1807 2284 et

215 2313 432 2368 medius
455 2314 670 2372 ultimo.

285 2404 424 2471 (δυ.)
451 2404 655 2458 Postea
671 2405 870 2460 lavatis
894 2406 1140 2477 primum
1168 2409 1428 2464 manibus
1448 2409 1708 2480 propriis,
1737 2411 1807 2464 ad

214 2507 414 2547 manus
448 2510 668 2566 quoque
699 2511 1011 2566 pauperum
1041 2513 1246 2567 aquam
1271 2498 1520 2568 praebent
1537 2503 1594 2552 et
1615 2515 1812 2560 manu.

215 2582 478 2654 tergium.
503 2583 734 2640 Scillula
753 2601 785 2638 a
809 2586 1097 2640 sacerdote
1118 2588 1290 2640 semel
1329 2604 1594 2658 percussa
1623 2604 1810 2646 cessa-

215 2676 306 2725 tur
341 2690 376 2726 a
407 2680 594 2728 cantu.
639 2674 904 2729 Pulsa-tur
931 2675 1160 2734 tandem
1189 2677 1347 2731 scilla
1383 2696 1393 2730 :
1435 2693 1548 2747 qua
1575 2676 1810 2732 dimissa

215 2763 516 2823 Benedicitc
540 2763 709 2818 datur
731 2780 904 2835 super
922 2765 1110 2826 cibum
1135 2770 1191 2819 et
1210 2770 1428 2836 potum,
1456 2765 1504 2819 si
1547 2764 1806 2832 habetur,

2468 1782 2702 1839 CAPUT
2723 1781 2868 1844 CIII.

1889 1873 1995 1938 Qui
2022 1875 2134 1926 sint
2155 1874 2227 1925 ad
2247 1873 2347 1926 hoc
2362 1874 2693 1930 mandatum
2713 1873 3106 1940 quotidianum
3119 1874 3470 1936 (Id-mittendi.

1960 1962 2068 2016 Sed
2097 1961 2384 2022 sciendum
2416 1961 2564 2031 quod
2594 1961 2852 2021 sacerdos
2889 1961 3358 2026 hebdomadarius
3403 1962 3479 2025 ad

1885 2048 1990 2102 hoc
2018 2052 2346 2106 mandatum
2385 2066 2674 2120 nunquam
2716 2055 2802 2104 est
2842 2051 3143 2110 notandus.
3180 2051 3483 2123 Presbyter

1885 2154 2017 2194 vero
2037 2139 2208 2194 etiam
2229 2138 2301 2196 ab
2322 2138 2504 2192 ofﬁcio
2520 2155 2620 2192 suo
2638 2154 2946 2208 suspensus
2968 2139 3112 2196 sicut
3133 2145 3190 2193 et
3208 2139 3482 2200 diaconus

1890 2232 2128 2298 possunt
2157 2228 2262 2282 hoc
2293 2227 2623 2286 mandatum
2663 2229 2842 2286 tacere
2887 2227 2948 2286 in
2986 2226 3292 2287 sacerdotis
3334 2227 3480 2289 loco,

1891 2317 2034 2380 Quia
2066 2317 2213 2374 idem
2257 2317 2520 2374 sacerdos
2550 2315 2655 2372 etsi
2687 2333 2800 2374 non
2841 2315 3112 2386 fungatur
3146 2315 3485 2379 sacerdotali

1891 2407 2088 2472 ofﬁcio,
2122 2406 2329 2478 ubique
2365 2406 2502 2463 dicit
2528 2407 2798 2464 Dominus
2827 2407 3120 2466 vobiscum.
3166 2406 3486 2468 Constemus

1893 2496 1988 2568 qui
2016 2513 2140 2551 cum
2165 2496 2491 2567 presbytero
2518 2499 2620 2554 aut
2638 2495 2871 2556 diacono
2887 2495 3075 2555 etalio
3099 2494 3351 2556 litterato
3377 2495 3486 2557 hoc

1891 2588 2142 2646 facturus
2169 2592 2259 2644 est
2287 2585 2637 2650 mandatum,
2661 2584 2721 2642 in
2760 2583 3003 2646 secundo
3032 2584 3174 2650 loco,
3213 2583 3264 2644 si
3290 2589 3487 2646 tamen

1893 2693 2028 2734 suus
2055 2676 2191 2730 ordo
2226 2674 2416 2745 exigit,
2457 2673 2646 2735 notari
2671 2672 2861 2736 debet.
2901 2673 3001 2736 Hic
3020 2673 3142 2743 jam
3170 2673 3484 2736 dmdenda

1893 2769 1978 2819 est
2006 2769 2200 2822 nostra
2227 2763 2470 2834 loquela.
2502 2763 2703 2823 Amen.

221 2946 3247 2972 mm

1294 3083 1684 3186 LIBER
1761 3079 2429 3184 SECUNDUS.

570 3374 948 3437 PRzEFATIO
981 3375 1034 3429 S.
1063 3371 1466 3427 \VILHELMI.

284 3462 431 3526 Quia
459 3464 763 3535 superioris
783 3463 912 3518 libri
937 3463 1316 3533 descriptione
1350 3461 1592 3532 primum
1611 3461 1680 3516 de
1710 3476 1814 3516 no-

213 3552 480 3606 vitiorum
513 3553 824 3624 disciplina,
867 3570 932 3606 ac
972 3552 1172 3606 deinde
1201 3552 1269 3606 de
1301 3551 1531 3621 reliquis
1575 3566 1815 3606 consue-

214 3643 432 3696 tudinis
447 3649 651 3696 nostrze
680 3642 954 3696 institutis
980 3641 1226 3694 maxime
1249 3640 1396 3694 infra
1417 3640 1646 3694 claustri
1672 3638 1817 3698 limi-

213 3735 328 3785 tem
363 3732 613 3803 quotidie
634 3731 866 3800 agendis
891 3733 1146 3801 regulam
1178 3729 1452 3794 dedimus,
1495 3745 1642 3783 nunc
1667 3728 1816 3800 quod

213 3827 399 3874 restat
437 3821 505 3875 de
536 3821 774 3890 singulis
805 3821 1155 3890 singulorum
1197 3817 1529 3871 obedientiis
1559 3818 1696 3872 foris
1735 3816 1819 3869 vel

210 3910 370 3964 intus
395 3910 724 3964 necessariis
752 3910 810 3964 in
831 3909 1138 3963 secundum
1159 3908 1363 3961 librum
1396 3907 1815 3976 distinguimus.

212 4001 282 4054 Et
303 4001 444 4072 quia
471 4000 654 4056 omnis
683 3999 1017 4054 obedientiae
1059 4004 1262 4052 nostra:
1297 4002 1466 4068 caput
1505 4001 1562 4049 et
1604 3995 1816 4064 magis-

213 4096 395 4154 trum,
430 4095 625 4160 utpote
655 4088 864 4141 Christi
905 4088 1020 4144 vice
1050 4087 1297 4158 positum
1345 4085 1604 4139 abbatem
1638 4083 1819 4137 credi-

215 4197 366 4246 mus,
400 4179 583 4249 ipsum
604 4178 663 4232 in
696 4178 862 4246 hujus
889 4175 1185 4234 voluminis
1205 4174 1430 4230 exordio
1447 4175 1514 4227 de
1535 4171 1822 4227 electionis

213 4271 340 4338 ejus
374 4267 688 4337 diligentia,
722 4283 786 4320 ac
814 4267 883 4320 de
910 4265 1288 4338 impendenda
1307 4263 1480 4318 electo
1511 4260 1827 4317 reverentia

213 4357 486 4424 locuturi,
523 4355 920 4430 praeponimus.

737 4443 975 4500 CAPUT
1027 4442 1328 4500 PRIMUM.

212 4539 287 4592 De
319 4539 586 4591 electione
615 4536 859 4602 speciali,
903 4538 951 4587 et
980 4534 1329 4588 ordinatione
1368 4534 1559 4586 domni
1594 4531 1822 4583 abbatis.

287 4625 664 4694 car.)Electio
688 4622 879 4678 domui
895 4621 1117 4676 abbatis
1133 4623 1237 4676 hoc
1257 4619 1613 4692 habet,quasi
1637 4618 1826 4688 legiti-

1831 3372 1876 3437 C
1899 3370 2084 3432 fuerit,
2126 3370 2308 3440 primo
2351 3372 2504 3426 totus
2548 3373 2853 3428 conventus
2892 3384 2952 3424 se
2986 3368 3046 3423 in
3089 3367 3216 3440 ipso
3245 3365 3489 3440 capitulo

1897 3460 2224 3531 prosternit,
2255 3463 2311 3512 et
2338 3459 2407 3512 de
2428 3458 2658 3516 canticis
2680 3457 3000 3530 quindecim
3022 3443 3301 3527 graduum
3339 3455 3493 3526 (119)

1899 3553 2114 3618 septem
2141 3547 2326 3617 prima
2344 3545 2608 3600 decantat
2623 3550 2891 3616 sequente
2909 3545 3162 3607 oratione
3181 3543 3492 3610 Dominica,

1901 3642 1954 3690 et
1987 3636 2106 3708 ipse
2136 3637 2290 3708 prior
2327 3636 2452 3690 aliis
2488 3636 2669 3690 adhuc
2716 3634 3011 3708 prostratis
3043 3651 3105 3688 se
3134 3634 3324 3692 levans
3351 3649 3499 3703 pra:-

1900 3725 2070 3780 misso
2101 3743 2263 3785 versu
2293 3744 2304 3778 :
2342 3726 2563 3780 Ostende
2585 3727 2756 3786 nobis,
2781 3726 3030 3788 Domine,
3055 3723 3498 3782 misericordiam

1905 3821 2079 3877 tuam,
2105 3817 2251 3870 hanc
2274 3814 2410 3869 dicit
2433 3810 3227 3884 orationem.(120).Assmnus,
3261 3813 3493 3872 Domine

1901 3905 1956 3959 S.
1982 3905 2248 3972 Spiritus,
2275 3919 2532 3957 assumus
2558 3905 2778 3970 quidem
2801 3904 3012 3970 peccati
3043 3903 3393 3959 immanitate
3414 3901 3501 3953 de.

1904 3996 2039 4047 tcnti
2061 4012 2074 4056 ;
2100 3994 2188 4050 sed
2202 3995 2260 4050 in
2275 3995 2496 4048 nomine
2519 3996 2609 4044 tuo
2629 3993 2937 4058 specialiter
2964 3991 3399 4062 aggregat-i_,veni
3426 3989 3500 4046 ad

1904 4099 2020 4144 nos,
2065 4086 2112 4136 et
2143 4085 2250 4134 esto
2282 4082 2584 4140 nobiscum,
2621 4085 2668 4134 et
2698 4081 2932 4146 digna-re
2957 4079 3124 4131 illabi
3157 4081 3218 4130 in
3248 4077 3502 4130 cordibus

1905 4173 2128 4226 nostris.
2161 4172 2293 4224 Doce
2323 4186 2418 4224 nos
2457 4170 2592 4236 quid
2631 4183 2886 4238 agamus,
2919 4182 3024 4234 quo
3055 4168 3406 4234 gradiamus,
3449 4169 3502 4218 et

1908 4261 2120 4313 ostende
2141 4260 2276 4326 quid
2296 4259 2502 4327 efﬁcere
2517 4258 2823 4316 debeamus,
2843 4261 2903 4308 ut
2926 4260 2971 4307 te
2993 4258 3132 4308 auri
3137 4257 3252 4308 lian
3263 4258 3306 4305 te
3327 4255 3428 4306 tibi
3440 4256 3502 4308 in

1909 4350 2165 4404 omnibus
2191 4351 2401 4415 placere
2422 4349 2702 4403 valeamus
2735 4349 2879 4398 :esto
2910 4346 3060 4397 salus
3089 4347 3137 4396 et
3159 4346 3437 4413 suggestor
3457 4345 3506 4395 et

1907 4442 2120 4504 .e/leclor
2155 4437 2506 4505 judiciorum
2538 4439 2885 4496 nostrorum;
2919 4434 3018 4500 qui
3044 4433 3191 4484 solus
3229 4446 3356 4483 cum
3400 4429 3505 4483 Deo

1914 4526 2074 4577 Pal-rc
2095 4526 2141 4574 ct
2163 4525 2209 4590 ej
2219 4537 2278 4572 us
2294 4521 2433 4574 Filio
2447 4535 2648 4572 nomen
2665 4519 2900 4586 possides
2915 4519 3218 4584 gloriosum
3243 4533 3257 4567 :
3274 4529 3385 4567 non
3409 4529 3505 4567 nos
3605 4521 3617 4532 ‘

1908 4613 2152 4680 patiaris
2185 4610 2599 4678 perturbato-res
2647 4624 2752 4659 esse
2787 4609 3043 4673 justitiw,
3077 4607 3176 4672 qui
3220 4618 3504 4656 summam

209 4732 382 4769 mum
405 4714 837 4784 sempiternum,
873 4712 1020 4782 quod
1043 4712 1113 4766 ad
1141 4727 1267 4765 eam
1296 4710 1486 4764 nullus
1507 4708 1831 4762 mortalium
1850 4739 1898 4798 Β
1915 4703 2104 4768 diligis
2125 4703 2522 4769 equitatemmt
2545 4699 2607 4749 in
2627 4699 2926 4749 sinistrum
2940 4711 3035 4749 nos
3059 4710 3168 4747 non
3183 4694 3509 4798 ignorantiq

207 4805 505 4859 interesse
531 4803 692 4870 solet,
734 4805 937 4874 praeter
975 4817 1070 4854 eos
1099 4800 1267 4864 solos,
1302 4798 1398 4870 qui
1424 4803 1557 4851 sunt
1586 4795 1831 4850 ecclesia:
1853 4779 1897 4798 υ
1918 4791 2121 4855 trahat,
2156 4805 2268 4841 non
2297 4789 2456 4854 favor
2476 4789 2736 4853 inﬂectat,
2764 4801 2875 4846 non
2896 4785 3101 4851 accepti
3120 4783 3390 4844 mune-ris,
3424 4779 3508 4833 vel

206 4900 441 4949 nostrze
469 4871 750 4963 professi;
781 4891 925 4961 Ergo
973 4888 1250 4962 imprimis
1301 4904 1390 4940 res
1445 4887 1571 4957 ipsa
1620 4885 1830 4942 sedulis
1908 4894 2151 4948 personae
2171 4893 2330 4930 amor
2349 4875 2798 4944 corrumpat,sed
2807 4877 2985 4942 jungc
3006 4889 3103 4926 nos
3122 4873 3223 4928 tibi
3243 4871 3510 4924 veraciter

207 4960 490 5038 omnium
519 4981 761 5034 fratrum
803 4960 1066 5050 precibus
1101 4976 1510 5033 studiosissime
1538 4976 1653 5029 Deo
1685 4991 1832 5028 com-
1912 4970 2082 5021 solius
2115 4973 2217 5020 tua:
2243 4967 2456 5034 gratiae,
2490 4969 2539 5017 et
2585 4965 2775 5031 gloriae
2821 4963 2999 5026 dono;
3043 4966 3106 5014 ut
3153 4963 3329 5015 simus
3367 4960 3431 5011 in
3462 4961 3508 5009 te

206 5073 554 5135 mendatur,
590 5087 653 5123 ac
684 5047 884 5124 deinde
915 5069 1228 5123 coadunato
1268 5067 1555 5122 seniorum
1599 5063 1830 5118 consilio
1915 5058 2244 5121 unum,ctin
2258 5055 2412 5108 nullo
2431 5055 2754 5108 deviemusa
2776 5051 3270 5120 vero,quatcnusin
3285 5047 3509 5105 nomine

207 5164 281 5217 de
315 5164 456 5234 ipsa
485 5159 758 5216 electione
786 5162 1081 5226 tractatur,
1115 5164 1171 5210 et
1191 5155 1488 5228 .quomodo
1525 5153 1832 5208 secundum
1917 5154 2008 5202 tuo
2029 5147 2252 5206 collecti,
2277 5147 2353 5198 sic
2377 5146 2435 5196 in
2457 5145 2669 5196 cunctis
2692 5147 2970 5196 teneamus
2991 5156 3117 5194 cum
3132 5134 3508 5190 moderamine

204 5222 539 5308 Douiinum
569 5249 689 5302 fieri
719 5247 895 5320 possit
941 5222 1074 5300 tota.
1102 5222 1414 5300 intentione
1466 5242 1828 5315 perquiritur.
1913 5239 2131 5306 pietatis
2150 5237 2457 5306 justitiam,
2486 5236 2548 5288 ut
2589 5237 2638 5284 et
2669 5232 2759 5284 hic
2797 5247 2830 5282 α
2864 5233 2909 5282 te
2939 5233 3000 5284 in
3036 5229 3189 5280 nullo
3218 5222 3510 5278 dissentiat

206 5344 365 5400 Cum
399 5344 600 5394 autem
628 5337 701 5392 ad
719 5315 1047 5391 brationem
1079 5335 1256 5407 ipsius
1291 5332 1581 5390 electionis
1605 5337 1834 5388 ventum
1915 5325 2183 5380 sententia
2201 5326 2463 5384 nostra,et
2479 5324 2540 5374 in
2557 5321 2754 5388 futuro
2769 5334 2873 5390 pro
2888 5319 3014 5370 bene
3032 5315 3194 5389 gestis
3207 5323 3509 5379 consequa-

283 5479 1442 5554 (119)Idest.dorsalmiieradualélzus:
1625 5546 1635 5554 _
1925 5547 1933 5554 _
2004 5542 2017 5554 ,
2094 5545 2103 5554 ,
2246 5543 2255 5554 ,
2360 5545 2370 5554 ,
2471 5538 2529 5554 ,ν
2727 5530 2996 5554 Μυκη
3021 5526 3268 5554 "MA,

276 5527 454 5629 εί
485 5527 686 5608 δῆίῶ
715 5527 1741 5620 ⁷ίῖιίίῆἰεῖιοειιιε.ἱιιιτι
1773 5541 1975 5599 abbate
1997 5542 2149 5597 facta
2177 5543 2283 5607 est,
2312 5545 2381 5594 ut
2407 5535 2693 5608 adﬁgitur
2711 5551 2785 5590 ex
2809 5530 2999 5591 odia
3021 5527 3292 5591 1W
