3872 6164
449 215 612 289 1039Δ

1489 226 1545 280 S.
1588 224 1983 281 GUILLELMI
2020 228 2324 284 ABBATIS
2362 229 2702 284 HIRSAUG.

3540 233 3649 292 1010

443 373 581 413 mur
618 357 854 426 praemia
903 358 1127 408 aeterna.
1159 350 1552 422 Respondetur
1571 355 1763 404 tamen
1782 352 1953 405 Amen.
1971 350 2041 404 ab
2058 356 2104 412 A
2124 353 2367 409 debeant
2385 355 2544 409 ﬁnita
2569 357 2806 410 lectione
2834 371 3060 409 rursum
3091 356 3207 426 ipse
3234 360 3489 422 notatur,‘
3504 375 3651 429 usque

443 445 723 502 omnibus.
747 444 899 507 Quos
930 442 1136 495 iterum
1172 441 1515 494 confidentes
1544 439 1700 510 prior
1719 440 2035 509 compellat,

441 537 703 599 suadens,
737 539 797 587 ut
827 532 897 586 de
922 531 1220 603 praesentia
1241 529 1441 584 divinae
1455 528 1650 599 gratia:
1682 545 2036 599 nequaquam

437 625 714 681 dubitent.
736 621 1011 693 Loquitur
1038 619 1211 674 etiam
1235 619 1506 673 nonnulla
1532 634 1712 672 causa:
1725 623 1779 670 et
1796 618 2036 688 tempori

438 719 832 770 consentanea.

506 806 529 828 ⁹
560 805 715 858 Inter
735 802 852 855 hac
868 800 984 854 sive
1000 799 1118 869 ipse
1139 798 1313 869 prior,
1341 796 1453 850 sive
1475 796 1620 850 alius
1645 795 1852 859 senior,
1873 795 2033 865 cujus

434 893 680 948 animam
699 891 869 944 timor
891 887 1114 942 Domini
1129 886 1427 957 possideat,
1447 891 1710 938 monetur
1735 889 1791 937 et
1802 890 2034 953 rogatur

434 999 470 1036 a
501 980 717 1036 caeteris
746 976 1072 1047 majoribus,
1103 981 1168 1029 ut
1208 974 1423 1045 primus
1453 973 1634 1027 edicat
1670 973 1805 1042 quid
1842 972 1911 1025 de
1937 990 2031 1042 ge-

430 1073 607 1127 renda
638 1069 910 1125 electione
940 1066 1164 1120 sentiat.
1202 1065 1259 1119 Si
1281 1065 1348 1118 de
1376 1079 1440 1116 eo
1469 1080 1634 1133 quem
1657 1063 1902 1133 primum
1933 1078 2029 1115 no-

431 1161 751 1223 minaverit,
791 1173 922 1228 pars
951 1155 1141 1225 aliqua
1190 1153 1428 1207 fratrum
1474 1151 1818 1215 dissenserit,
1852 1151 1909 1203 in
1937 1167 2026 1204 se-

432 1255 700 1322 quentem
730 1247 818 1300 vel
847 1245 895 1298 si
927 1259 1280 1316 opus,usque
1315 1243 1372 1295 in
1407 1242 1638 1295 tertium
1663 1240 1811 1293 diem
1841 1240 2026 1293 differ-

428 1346 541 1404 tur,
575 1343 632 1392 et
650 1336 877 1390 interim
900 1333 1151 1404 jejuniis,
1181 1330 1545 1395 orationibus,
1568 1336 1624 1383 et
1653 1330 2024 1400 eleemosynis

431 1426 735 1481 instantius
773 1441 942 1495 super
971 1424 1074 1476 hoc
1130 1421 1233 1475 Dei
1281 1419 1666 1474 misericordia
1707 1419 2015 1474 invocatur.

2119 443 2251 496 dum
2266 445 2608 499 surrexerint
2623 446 2693 499 ad
2707 446 2892 500 Gloria
2910 447 3068 498 Patri
3086 446 3404 515 responsorii
3418 449 3649 503 cantanti.

2118 532 2274 586 Tunc
2309 533 2530 587 rediens
2561 539 2692 587 ante
2731 534 2920 588 sedem
2961 551 3120 588 suam
3150 535 3281 587 facit
3307 540 3428 588 ante
3447 541 3498 588 et
3522 543 3650 590 retro

2119 622 2265 675 sicut
2277 628 2332 676 et
2353 623 2526 692 prius.
2551 625 2615 678 In
2641 622 2820 676 tribus
2850 627 3038 677 autem
3069 627 3199 677 ante
3219 624 3422 677 Pascha
3439 624 3656 679 noctibus

2118 709 2187 763 ad
2235 718 2452 765 sextum
2506 711 2924 782 responsorium
2953 716 3009 765 et
3040 712 3110 765 ad
3160 729 3359 766 nonam
3400 713 3655 767 lectionem

2115 804 2362 854 notatur.
2399 801 2538 869 (UD.)
2561 801 2618 855 Si
2648 801 2871 872 quando
2903 801 2988 854 vel
3016 803 3201 855 omnia
3221 803 3305 856 vel
3334 803 3560 872 quadam
3589 820 3657 857 re-

2114 891 2408 957 sponsoria
2436 895 2738 943 cantantur
2785 890 2856 943 ad
2885 891 3113 960 gradus,
3151 890 3298 961 quod
3339 891 3448 960 ipse
3477 897 3652 945 cantat.

2113 982 2303 1032 cantat
2348 979 2406 1032 in
2461 997 2564 1033 sua
2610 980 2741 1033 sede
2770 996 2897 1033 cum
2927 979 3348 1033 concentoribus
3375 981 3499 1044 suis,
3522 982 3655 1049 juxta

2111 1081 2264 1133 eum,
2299 1067 2344 1120 si
2383 1068 2504 1121 fieri
2532 1069 2832 1138 potest,sin
2853 1072 3063 1132 autem,
3085 1074 3235 1122 retro
3260 1069 3653 1132 stantibusQuo

2109 1171 2236 1209 cum
2259 1155 2368 1209 illis
2379 1157 2538 1210 finito
2559 1158 2627 1211 de
2648 1158 2777 1211 sede
2794 1159 3082 1229 paululum
3099 1158 3399 1228 procedens
3412 1157 3528 1210 facit
3547 1163 3652 1210 ante

2109 1253 2166 1297 et
2193 1250 2362 1298 retro.
2399 1247 2505 1300 Sed
2529 1251 2584 1299 et
2613 1251 2808 1300 cantor
2836 1247 2992 1316 prius
3022 1246 3091 1299 ad
3123 1263 3251 1300 eum
3271 1247 3654 1317 venit,pronun~

2106 1333 2272 1400 tians,
2297 1335 2342 1387 si
2369 1351 2490 1404 quae
2514 1336 2824 1405 antiphona
2845 1340 2932 1388 est
2958 1334 3027 1388 ab
3069 1335 3191 1404 ipso
3223 1335 3560 1405 imponenda,
3580 1337 3650 1389 vel

2105 1423 2522 1491 responsorium
2543 1425 2932 1478 cantandum.’
2955 1424 3116 1487 Quod
3145 1425 3191 1476 si
3224 1424 3340 1494 ipse
3360 1429 3566 1477 cantare
3585 1425 3651 1477 vel

424 1516 676 1570 Tandem
731 1530 861 1568 vero
927 1511 1232 1566 secundum
1293 1509 1547 1579 regulam
1613 1509 1670 1562 S.
1733 1507 2019 1561 Benedicti
2102 1511 2465 1580 antiphonam
2498 1513 2785 1583 imponere
2815 1511 3077 1577 noluerit,
3120 1513 3205 1566 vel
3247 1513 3412 1566 etiam
3446 1529 3654 1583 praesens

429 1605 568 1675 (cap.
619 1602 705 1665 64)
739 1602 914 1656 electo
947 1600 1166 1662 abbate,
1221 1599 1278 1651 in
1316 1598 1440 1668 ipso
1489 1597 1736 1668 capitulo
1779 1597 2018 1666 imponit
2100 1615 2212 1652 non
2241 1600 2426 1667 fuerit,
2444 1601 2594 1653 idem
2623 1607 2820 1655 cantor
2842 1601 3010 1655 vicem
3033 1603 3156 1671 ejus
3185 1601 3243 1654 in
3275 1601 3374 1655 hoc
3402 1602 3525 1672 agit.
3549 1601 3652 1671 Ipse

422 1695 578 1766 prior
607 1693 995 1763 antiphonam.
1036 1692 1316 1755 Con/irim;
1367 1689 1480 1748 hoc,
1533 1689 1692 1740 Deus.
1739 1687 2078 1768 CantaturB
2097 1688 2268 1742 etiam
2307 1706 2477 1743 causa
2506 1691 2768 1743 monendi
2799 1692 2870 1744 ad
2900 1707 3028 1744 eum
3059 1691 3290 1756 accedit,
3325 1691 3370 1744 si
3398 1691 3464 1744 ad
3497 1692 3653 1744 lectio-

419 1783 671 1854 psalmus
705 1799 716 1834 :
749 1782 1026 1847 Exsurgat
1058 1780 1212 1843 Deus,
1249 1776 1515 1830 tonaliter
1541 1781 1596 1829 et
1615 1775 1694 1828 sic
1717 1775 2014 1828 deducitur
2099 1793 2229 1830 nem
2259 1794 2387 1831 eum
2417 1795 2529 1832 non
2561 1779 2748 1833 venire
2775 1781 3139 1850 perspexerit.

417 1871 478 1925 in
506 1870 818 1926 ecclesiam.
836 1868 919 1922 lbi
937 1869 1088 1938 jacet
1109 1871 1424 1938 prostratus
1454 1865 1524 1918 ad
1545 1865 1806 1934 gradum,
1836 1865 2013 1919 donec

416 1960 648 2014 ﬁniatur
672 1958 924 2029 psalmus
953 1961 1008 2010 et
1036 1955 1363 2025 antiphona,
1394 1971 1521 2007 cum
1552 1953 1806 2006 oratione
1828 1953 2014 2007 Domi-

414 2047 828 2116 nica,dictoque
848 2061 1011 2098 versu
1025 2046 1089 2097 Et
1118 2047 1301 2097 veniat
1322 2058 1486 2110 super
1507 2058 1621 2103 nos,
1657 2058 1786 2094 cum
1807 2042 2010 2095 oratio-

414 2153 486 2192 ne
502 2140 739 2191 actiones
755 2138 1105 2197 nostras,etc.
1117 2131 1682 2201 ,surgit,statuiturin
1705 2131 1888 2183 locum
1904 2131 2011 2183 Do-

411 2225 554 2280 mini
565 2223 882 2289 abbatis,im
889 2222 1118 2293 ponitur
1129 2222 1372 2292 hymnus
1392 2222 1456 2273 Te
1471 2221 1641 2274 Deum
1664 2219 2001 2284 Laudamus,

409 2321 468 2371 et
483 2317 894 2384 consequenter
913 2311 1110 2382 incipit
1127 2314 1313 2364 custos
1335 2309 1560 2378 pulsare
1583 2308 1654 2361 ad
1683 2306 2000 2362 classicum.

480 2403 690 2458 Eadem
714 2406 904 2456 autem
929 2401 1066 2453 hora
1086 2399 1156 2453 ad
1187 2398 1496 2452 secundum
1531 2395 1780 2467 praedicti
1803 2396 2002 2466 hymni

408 2509 632 2548 versum
657 2491 864 2562 singuli
895 2491 1096 2544 fratres
1143 2489 1366 2542 veniam
1415 2492 1669 2558 petentes
1720 2485 2000 2556 incipiunt

407 2599 537 2638 eum
567 2581 832 2637 osculari.
846 2581 966 2644 Quo
985 2579 1131 2633 facto
1153 2577 1338 2632 cuncti
1355 2593 1480 2632 cum
1501 2576 1621 2647 ipso
1639 2580 2000 2630 revertuntur

404 2672 475 2726 ad
504 2671 833 2742 capitulum,
875 2684 1181 2738 omnesque
1229 2664 1620 2720 obedientiarii
1667 2664 1995 2718 monasterii

401 2763 622 2830 ponunt
641 2759 823 2812 claves
843 2774 974 2812 suas
1013 2757 1083 2810 ad
1113 2755 1284 2827 pedes
1313 2756 1455 2825 ejus,
1487 2760 1545 2808 et
1573 2755 1694 2824 ipse
1736 2754 1990 2824 praecipit

401 2846 711 2913 eisdem,ut
730 2845 1001 2916 recipiant
1033 2860 1146 2897 eas.
1163 2845 1365 2897 Postea
1384 2859 1513 2896 cum
1532 2843 1784 2913 proxime
1798 2858 1998 2912 oppor-

397 2939 604 2990 tunum
631 2933 825 2999 fuerit,
847 2932 1119 2986 invitatur
1139 2931 1432 3003 episcopus
1454 2931 1525 2984 ad
1547 2930 1994 2984 benedicendum

2165 1865 2249 1919 Ad
2271 1867 2317 1936 ej
2329 1885 2390 1920 us
2406 1884 2598 1921 curam
2620 1869 2845 1939 proprie
2871 1869 3098 1939 respicit
3117 1869 3483 1940 hymnum,Te
3503 1872 3646 1924 Deum

2097 1955 2413 2020 lauda-mus,
2433 1963 2532 2010 aut
2551 1974 2652 2028 per
2672 1975 2730 2011 se
2752 1957 2995 2028 incipere
3013 1964 3113 2012 aut
3133 1958 3231 2012 alii
3250 1961 3409 2028 juxta
3432 1976 3487 2012 se
3505 1958 3648 2011 stanti

2095 2041 2152 2096 id
2182 2044 2496 2114 injungere.
2538 2045 2695 2115 (01).)
2721 2046 2882 2110 Quod
2913 2047 2960 2100 si
3006 2047 3336 2116 neglexerit,
3367 2053 3493 2101 tunc
3520 2048 3646 2117 prior

2089 2131 2307 2202 incipit.
2342 2133 2424 2187 Ad
2465 2151 2594 2188 eum
2625 2152 2849 2205 quoque
2879 2136 3141 2206 pertinet,
3173 2143 3240 2190 ut
3268 2137 3414 2207 legat
3442 2153 3649 2205 evange-

2087 2218 2246 2286 lium,
2282 2221 2500 2291 quoties
2521 2228 2647 2292 post
2683 2229 2986 2277 nocturnos
3007 2230 3092 2278 est
3123 2225 3485 2295 legendum,’
3516 2231 3564 2278 et
3599 2231 3647 2276 ut

2088 2312 2221 2362 tunc
2239 2310 2298 2363 in
2327 2310 2454 2364 alba
2483 2312 2538 2365 in
2565 2311 2733 2365 choro
2764 2311 2977 2376 sedeat,
3009 2312 3056 2365 si
3083 2313 3218 2366 talis
3251 2313 3513 2367 festivitas
3558 2324 3643 2374 est,

2085 2409 2148 2452 ut
2177 2400 2378 2454 altaria
2407 2401 2695 2454 incensare
2725 2401 2945 2456 debeat.
2964 2403 3138 2470 Tunc,
3168 2403 3417 2474 inquam,
3449 2404 3584 2457 solus
3601 2410 3645 2456 et

2082 2489 2210 2544 alba
2223 2493 2445 2543 tantum
2467 2490 2697 2544 indutus
2717 2490 2990 2558 incensat,
3014 2492 3061 2545 si
3083 2492 3140 2545 in
3158 2493 3262 2545 tali
3287 2498 3371 2546 est
3390 2492 3643 2562 festo,quo

2083 2584 2140 2632 et
2158 2577 2227 2630 ab
2253 2577 2363 2630 alio
2394 2579 2683 2631 sacerdote
2716 2579 2795 2632 ita
2820 2579 3096 2633 incensari
3119 2579 3486 2648 debeat.(UD.)
3506 2581 3638 2634 Tunc

2082 2665 2252 2718 etiam
2274 2665 2344 2718 ad
2360 2667 2550 2719 sedem
2568 2683 2730 2720 suam
2748 2667 2946 2737 incipit
2966 2669 3338 2739 antiphonam
3352 2686 3510 2738 super
3532 2685 3644 2721 can-

2075 2753 2247 2807 ticum
2281 2754 2584 2824 Evangelii,
2615 2773 2679 2809 ac
2702 2762 2898 2826 postea
2918 2757 3049 2811 thus
3070 2757 3281 2811 ibidem
3314 2756 3554 2828 imponit.
3586 2758 3646 2810 At

2077 2843 2124 2897 si
2155 2844 2268 2897 tale
2320 2849 2405 2897 est
2452 2844 2675 2909 festum,
2713 2861 2822 2914 quo
2862 2861 3039 2916 cappa
3080 2845 3244 2900 indui
3300 2847 3478 2909 debet,
3517 2845 3642 2898 infra

2076 2933 2354 3003 hymnum
2377 2932 2448 2986 ad
2474 2949 2596 2986 eam
2624 2932 2967 2987 induendam
2997 2934 3054 2987 in
3076 2935 3403 2989 vestiarium
3425 2934 3576 2997 venit,
3597 2940 3643 2986 et

399 3040 551 3089 eum,
584 3028 643 3078 et
669 3023 810 3094 ipse,
841 3038 956 3076 non
985 3021 1150 3088 alius,
1174 3021 1347 3074 donat
1377 3021 1429 3074 ei
1461 3020 1802 3091 pastoralem
1824 3017 1992 3071 bacu-
2011 3025 2054 3086 C
2076 3022 2120 3072 si
2149 3021 2519 3092 antiphonam
2548 3039 2661 3076 non
2686 3022 3077 3093 vultincipere,
3103 3023 3319 3079 ibidem
3348 3025 3471 3077 thus
3493 3024 3643 3093 impo-

395 3111 538 3167 lum.
569 3113 670 3167 His
696 3111 942 3166 breviter
961 3109 1265 3180 praelibatis
1285 3110 1354 3163 de
1377 3109 1646 3163 electione
1675 3106 1867 3161 domni
1899 3105 1992 3158 ab-

393 3200 543 3256 batis
573 3202 814 3266 dicatur,
846 3199 1014 3270 quod,
1048 3198 1170 3252 sine
1191 3198 1470 3269 personali
1517 3197 1862 3267 acceptione,
1893 3213 1989 3265 ge-

392 3290 665 3345 neraliter
689 3288 936 3360 pertinet
956 3287 1026 3340 ad
1046 3287 1301 3341 ordinem
1318 3292 1595 3356 nostrum,
1619 3292 1675 3339 et
1699 3285 1770 3339 ad
1799 3285 1960 3338 illum
1975 3325 1989 3351 ,

396 3380 717 3451 quicunque
746 3376 930 3432 officio
955 3376 1179 3430 functus
1207 3375 1378 3429 fuerit
1405 3373 1643 3429 abbatis.

1026 3465 1259 3520 CAPUT
1291 3465 1364 3519 lI.

671 3559 744 3613 De
771 3557 1020 3626 generali
1042 3557 1220 3622 ofﬁcio
1249 3555 1442 3608 damni
1467 3553 1699 3612 abbatis,

461 3647 838 3718 (UD.)Domno
860 3645 1048 3702 abbati
1077 3645 1134 3698 in
1162 3643 1314 3697 omni
1343 3643 1466 3696 loco
1494 3645 1581 3710 (ut
1618 3640 1852 3710 dignum
1883 3643 1985 3707 est)

389 3736 692 3809 singularis
719 3735 1033 3790 reverentia
1057 3733 1323 3788 defertur.
1348 3744 1364 3759 '
1395 3732 1648 3786 Primum
1675 3729 1733 3782 in
1755 3729 1989 3782 ecclesia

389 3826 641 3900 quandiu
669 3825 825 3880 scilla
853 3825 1112 3895 pulsatur
1141 3827 1272 3876 ante
1292 3826 1616 3885 nocturnos,
1635 3835 1806 3888 super
1837 3817 1984 3888 (121)

391 3915 835 3972 misericordiam
865 3913 1054 3968 sedilis
1084 3912 1189 3978 sui,
1223 3911 1271 3965 si
1309 3927 1448 3981 opus
1477 3908 1666 3973 habet,
1706 3906 1942 3978 quiescit
1971 3924 1984 3972 ;

389 4005 655 4061 fratribus
691 4010 884 4062 tamen
928 4001 1154 4057 interim
1186 4001 1348 4055 solito
1390 4015 1546 4054 more
1592 3997 1892 4052 inclinatis.
1927 3995 1986 4050 Si

390 4101 582 4151 autem
613 4093 1031 4166 procumbendo
1060 4097 1275 4156 oratur,
1309 4095 1443 4144 tunc
1463 4089 1586 4158 ipse
1612 4087 1759 4140 infra
1790 4085 1987 4156 praadi-

389 4190 542 4239 ctum
570 4183 814 4254 spatium
845 4198 1016 4252 super
1035 4181 1273 4234 formam
1298 4180 1468 4249 jacet,
1495 4182 1552 4230 et
1565 4181 1680 4230 tres
1701 4173 1983 4228 orationes

389 4273 597 4328 ibidem
630 4272 785 4326 facit.
816 4269 1018 4325 Nullus
1066 4271 1122 4324 in
1167 4270 1338 4323 choro
1363 4269 1526 4337 juxta
1560 4281 1689 4319 eum
1725 4263 1783 4316 in
1822 4262 1984 4316 sedili

2075 3110 2178 3163 nit.
2204 3110 2262 3163 Si
2285 3127 2413 3164 vero
2437 3111 2808 3182 antiphonam
2834 3118 2918 3165 est
2938 3111 3269 3182 incepturus
3295 3113 3470 3167 denuo
3497 3111 3559 3164 ad
3574 3126 3642 3162 se-

2073 3199 2201 3252 dem
2231 3216 2392 3252 suam
2419 3200 2586 3265 redit,
2606 3200 2793 3271 ibique
2815 3207 2941 3270 post
2970 3201 3278 3271 incoeptam
3308 3201 3642 3271 antiphonam

2071 3287 2186 3340 illic
2216 3287 2474 3358 imponit.
2505 3288 2610 3341 Ubi
2654 3289 2984 3354 notandum,
3021 3289 3169 3359 quod
3231 3291 3640 3361 quotiescunque

2072 3376 2222 3429 solus
2252 3377 2526 3443 incensat,
2550 3377 2664 3430 sive
2691 3378 2765 3430 sit
2807 3377 2865 3431 in
2903 3378 3092 3442 choro,
3139 3378 3259 3432 sive
3291 3379 3347 3432 in
3379 3376 3628 3439 vestiario,

2073 3465 2308 3518 sacrista
2327 3467 2376 3519 ei
2398 3482 2650 3520 acerram
2668 3471 2725 3520 et
2739 3467 2979 3520 servitor
2997 3466 3354 3522 thuribulum
3381 3470 3634 3538 apportat.

2075 3555 2254 3625 Super
2279 3555 2557 3609 canticum
2584 3555 2873 3624 Evangelii
2899 3572 3011 3609 non
3042 3556 3289 3626 amplius
3319 3557 3426 3611 nisi
3455 3557 3506 3610 in
3527 3555 3641 3608 duo-

2073 3643 2251 3696 decim
2283 3643 2619 3698 lectionibus
2650 3644 3017 3714 antiphonam
3046 3645 3308 3715 imponit.
3332 3646 3642 3715 (UD.)Sacer-

2072 3731 2171 3785 dos
2193 3731 2483 3788 oblaturus
2512 3734 2821 3799 incensum,
2842 3734 2999 3804 prius
3023 3734 3092 3787 ad
3131 3752 3264 3788 eum
3296 3739 3494 3806 portat,
3511 3732 3552 3786 si
3570 3735 3643 3785 est

2070 3819 2128 3874 in
2160 3821 2347 3888 choro,
2382 3828 2446 3876 ut
2476 3839 2576 3893 per
2605 3823 2726 3893 ejus
2749 3839 2981 3875 manum
3007 3822 3065 3876 in
3094 3823 3448 3877 thuribulum
3482 3822 3641 3875 mitta-

2071 3914 2200 3976 tur;
2233 3910 2369 3964 item
2401 3911 2670 3965 diaconus
2691 3916 2821 3965 ante
2854 3912 3222 3981 Evangelium
3249 3935 3261 3970 :
3310 3913 3540 3983 idipsum
3577 3909 3641 3961 fa-

2069 3998 2162 4064 cit,
2193 3999 2288 4069 qui
2309 4005 2466 4055 tenet
2494 4001 2727 4054 chorum
2751 4000 2823 4054 ad
2852 4001 3200 4055 offerendam
3238 4003 3409 4056 etiam
3433 4001 3478 4054 si
3509 4000 3640 4053 dom-

2067 4104 2174 4142 nus
2195 4087 2365 4143 abbas
2391 4095 2526 4144 tunc
2557 4095 2746 4144 cantet
2782 4090 3042 4147 missam.

2139 4177 2203 4231 In
2234 4178 2416 4248 capite
2441 4179 2666 4249 jejunii,
2700 4178 2746 4232 si
2774 4196 3020 4249 praesens
3044 4185 3148 4247 est,
3173 4198 3240 4235 ex
3262 4178 3639 4236 consuetudine

2067 4266 2334 4322 fratribus
2383 4267 2597 4322 cineres
2627 4268 2883 4338 imponit,
2935 4286 3074 4340 quos
3126 4275 3184 4324 et
3228 4271 3350 4341 ipse
3394 4275 3574 4340 postea
3610 4282 3639 4318 a

386 4363 640 4435 proximo
669 4366 802 4427 stat,
825 4360 933 4414 nisi
962 4358 1134 4414 abbas
1157 4357 1360 4429 aliquis
1385 4375 1397 4423 ;
1432 4353 1772 4426 quibuslibet
1791 4358 1980 4406 tamen
1999 4420 2044 4435 ῃ
2068 4357 2252 4428 priore
2301 4357 2521 4428 accipit,
2555 4357 2701 4411 sicut
2739 4363 2796 4412 et
2845 4359 3122 4425 sacerdos,
3155 4360 3204 4413 si
3252 4360 3486 4414 domnus
3513 4355 3639 4410 abba

384 4467 559 4523 prope
604 4450 764 4504 illum
797 4448 1074 4504 stantibus
1110 4449 1298 4501 locum
1329 4444 1572 4499 vicissim
1608 4439 1836 4496 sedendi
1859 4440 1975 4494 dat.
1998 4420 2176 4500 Dnon
2201 4446 2402 4499 aderit.
2447 4445 2776 4516 Quicunque
2807 4446 2876 4499 de
2923 4447 3040 4501 suis
3098 4448 3385 4518 professis,
3428 4447 3528 4500 nisi
3573 4445 3637 4497 sit

387 4538 618 4603 Quoties
633 4537 942 4607 antiphona
963 4537 1246 4606 imposita,
1266 4535 1518 4599 inclinat,
1539 4547 1734 4586 omnes
1757 4545 1978 4600 quoque

383 4643 510 4681 eum
541 4643 606 4680 eo
649 4625 939 4690 inclinant,
972 4624 1146 4679 etiam
1177 4624 1400 4695 quando
1427 4622 1654 4678 veniam
1684 4619 1828 4691 petit
1875 4635 1977 4688 pro

382 4717 506 4782 hoc,
540 4715 588 4769 si
616 4714 674 4768 in
697 4713 864 4768 verbo
908 4713 1125 4769 fallitur
1165 4715 1374 4785 aliquo.
1409 4713 1466 4768 Si
1499 4708 1804 4781 aliquando
1849 4723 1975 4761 cum

381 4803 578 4860 lectori
605 4802 917 4858 benedictio
945 4803 1132 4858 danda
1159 4808 1265 4869 est,
1305 4802 1596 4864 dormitat,
1632 4797 1729 4870 qui
1759 4798 1809 4853 ei
1851 4817 1978 4872 pro-

380 4897 564 4952 ximus
593 4893 769 4959 sedet,
793 4893 1029 4948 honeste
1048 4894 1270 4950 excitat.
1299 4895 1411 4962 (UD.
1434 4894 1578 4959 var.)
1602 4891 1862 4954 Quandiu
1893 4898 1977 4947 est

378 4988 438 5042 in
466 4987 764 5048 conventu,
791 4999 1013 5055 semper
1037 4983 1108 5038 ad
1137 4989 1414 5048 octavum,
1449 4981 1494 5035 si
1527 4981 1633 5034 hoc
1657 4980 1823 5036 breve
1863 4988 1971 5049 est,

377 5077 449 5131 ad
477 5075 580 5128 VII
627 5074 1044 5144 responsiorum
1086 5079 1332 5138 notatur,
1386 5075 1443 5125 et
1471 5069 1543 5123 ad
1583 5070 1970 5126 duodecimam

375 5164 693 5223 lectionem,
725 5161 796 5214 ad
823 5178 991 5232 quam
1020 5160 1304 5215 incedenti
1351 5158 1597 5213 universi
1645 5163 1966 5228 assurgunt,

372 5271 477 5310 nec
504 5251 719 5317 sedent,
751 5250 926 5306 donec
953 5252 1073 5323 ipse
1100 5252 1474 5323 pertranseat.
1508 5248 1592 5302 Ne
1627 5251 1816 5300 autem
1841 5263 1967 5317 pro-

2060 4534 2252 4602 abbas,
2306 4535 2490 4606 ipsum
2521 4536 2829 4602 osculatur,
2861 4541 2917 4589 et
2949 4541 3080 4590 ante
3129 4542 3185 4591 et
3216 4542 3410 4608 postea
3436 4535 3632 4589 veniam

2059 4624 2220 4696 petit,
2242 4623 2351 4677 nisi
2373 4624 2444 4677 ad
2467 4624 2768 4678 missarum
2799 4625 3074 4679 solemnia
3102 4625 3194 4679 sit.
3223 4627 3288 4680 In
3313 4625 3490 4679 medio
3517 4624 3634 4676 dore

2060 4713 2286 4767 mitorio
2319 4717 2405 4766 est
2435 4713 2612 4767 lectus
2641 4715 2764 4784 ejus
2795 4730 2968 4784 prope
2992 4715 3340 4773 crucifixum.
3363 4716 3477 4784 (ω).
3502 4714 3632 4776 ταν.)

2061 4803 2321 4857 Sonitum
2344 4800 2464 4871 ipse
2493 4801 2645 4868 facit,
2680 4819 2790 4872 quo
2811 4803 3013 4858 fratres
3043 4803 3291 4858 diluculo
3322 4803 3391 4857 ad
3420 4815 3630 4869 surgen-

2059 4891 2194 4945 dum
2227 4890 2567 4948 excitantur.
2616 4891 2742 4956 Qui,
2778 4891 2824 4945 si
2879 4892 3182 4963 aliquando
3225 4893 3389 4946 solito
3435 4888 3627 4944 diutius

2056 4979 2282 5046 dormit,
2316 4979 2472 5050 prior
2499 4996 2600 5050 pro
2631 4996 2696 5033 eo
2730 4979 2974 5035 sonitum
2997 4981 3148 5035 facit.
3167 4981 3226 5035 Si
3253 4982 3372 5051 ipse
3401 4991 3624 5050 praesens

2055 5075 2158 5134 est,
2189 5069 2413 5138 quando
2451 5067 2518 5121 ad
2551 5068 2860 5139 capitulum
2893 5070 3104 5140 pulsari
3147 5070 3330 5135 debet,
3363 5085 3460 5140 per
3486 5083 3556 5131 se,
3583 5063 3625 5116 si

2054 5157 2171 5210 vult
2199 5158 2404 5227 pulsat.
2437 5159 2457 5179 '
2495 5157 2554 5212 Si
2579 5163 2769 5212 autem
2799 5175 3044 5240 praesens
3071 5175 3184 5213 non
3211 5165 3312 5224 est,
3340 5174 3449 5212 non
3476 5153 3625 5209 debet

2051 5245 2282 5316 pulsari,
2317 5246 2426 5299 nisi
2463 5247 2876 5317 praznuntietur
2912 5247 3015 5314 illi,
3062 5248 3173 5314 cui,
3205 5248 3250 5301 si
3280 5247 3414 5311 vult,
3441 5249 3496 5298 in
3525 5240 3622 5313 pri-

371 5351 498 5419 pter
521 5343 681 5396 illum
712 5339 782 5394 de
809 5341 1069 5412 analogio
1098 5345 1475 5396 revertentem
1514 5337 1698 5392 denuo
1729 5353 1962 5408 surgere
2045 5335 2263 5390 mordio
2292 5335 2585 5403 interesse,
2609 5341 2666 5391 et
2687 5337 2733 5391 si
2764 5336 2975 5408 aliquid
3005 5354 3071 5392 ex
3090 5336 3347 5391 maximis
3371 5330 3617 5389 solemni-

437 5505 592 5576 (121)
612 5508 677 5565 Id
695 5506 802 5568 est,
831 5516 933 5575 pro
951 5501 1139 5574 gratia
1157 5515 1327 5572 super
1347 5497 1522 5554 sedile
1549 5498 1709 5554 sedet
1737 5497 1862 5553 aliis
1894 5497 2294 5554 inclinantibus
2313 5497 2516 5571 capite.
