3908 6168
279 307 414 364 1041

1312 308 1731 370 CONSTITUT.
1773 311 2123 368 HIRSAUG.
2159 341 2226 353 --
2267 313 2402 368 LIB.
2443 313 2516 368 ΙΙ.

3418 311 3556 372 1042

274 433 490 487 tatibus
527 433 721 500 instat,
754 433 1075 503 capellanus
1099 434 1238 504 ejus,
1274 439 1576 507 antequam
1601 437 1756 491 scilla
1785 438 2071 498 di-Atale
2102 437 2235 509 quid
2263 436 2546 502 ceciderit,
2580 437 2846 509 quoniam
2877 437 3004 492 talis
3032 454 3123 493 res
3166 454 3278 494 non
3308 439 3427 496 sine
3453 456 3555 512 pe-

270 525 558 589 mittatur,
583 523 642 577 in
658 523 937 578 minorem
959 523 1190 576 chorum
1212 523 1456 590 divertit,
1483 526 1671 597 ibique
1697 527 1871 582 donec

267 618 580 667 conventus
609 613 906 684 praecedat,
933 612 1203 678 Subsistit,
1259 619 1316 668 et
1363 620 1497 668 tunc
1528 617 1868 687 pastoralem

265 699 487 771 virgam
506 704 669 773 juxta
715 703 1009 757 introitum
1039 703 1194 757 chori
1214 704 1428 774 jugiter
1458 705 1700 776 positam
1729 706 1869 760 acci-

261 789 370 858 pit,
403 797 464 845 et
491 797 623 846 ante
649 793 916 847 lectorem
971 791 1278 863 capitulum
1335 793 1654 864 ingreditur
1697 800 1867 865 atque

261 877 336 932 ad
368 879 625 934 dextram
654 881 848 936 domui
876 880 1094 936 abbatis
1124 882 1301 952 ponit,
1328 883 1595 954 ﬁnitoque
1624 884 1866 955 capitulo

261 967 398 1024 illuc
424 969 522 1024 ubi
550 971 706 1042 prius
736 976 1046 1041 acceperat,
1074 971 1315 1042 reponit.

336 1059 798 1133 Quandocunque
827 1079 892 1115 eo
918 1068 1193 1132 praesente
1235 1078 1441 1116 nomen
1487 1064 1609 1134 ejus
1661 1064 1866 1120 fratres

261 1147 319 1201 in
356 1148 507 1202 brevi
529 1151 752 1204 recitari
783 1151 1082 1218 audierint,
1114 1168 1308 1205 omnes
1340 1153 1782 1224 quotiescunque
1808 1159 1864 1208 et

257 1238 382 1308 ipse
410 1239 700 1294 inclinant.
730 1241 913 1294 Finito
952 1257 1231 1306 sermone,
1287 1242 1333 1295 si
1363 1241 1494 1296 talis
1523 1258 1777 1298 excessus
1807 1245 1860 1298 in

258 1329 629 1382 sacramentis
659 1328 760 1382 sibi
791 1329 934 1382 forte
955 1330 1175 1394 accidit,
1208 1332 1229 1352 θ
1260 1331 1484 1400 quando
1506 1332 1732 1386 missam
1768 1350 1859 1388 ce-

1953 527 2129 580 riculo
2159 531 2345 598 potest
2369 525 2584 596 glutiri,
2615 544 2740 581 cum
2762 544 2988 582 necesse
3010 533 3112 593 est,
3135 529 3264 599 igne
3293 545 3556 584 creman-

1952 614 2087 668 dum
2135 621 2239 669 est.
2299 616 2616 669 Satisfactio
2663 622 2852 670 autem
2909 618 3234 686 hujusmodi
3280 634 3442 674 casus
3493 620 3552 674 in

1952 703 2182 758 arbitrio
2249 704 2601 776 praesidentis
2638 710 2741 771 est,
2785 722 2894 776 quo
2932 705 3144 760 scilicet
3178 706 3280 775 illi,
3321 708 3410 762 cui
3446 709 3553 764 hoc

1951 793 2154 860 evenit,
2191 800 2290 848 aut
2311 794 2586 864 judicium
2618 795 2888 865 accipere,
2921 800 3020 849 aut
3046 796 3290 866 psalmos
3331 795 3548 867 jubeat.

1951 887 2050 935 aut
2077 882 2247 936 etiam
2286 881 2507 954 publice
2555 883 2939 954 eleemosynas
2994 883 3146 950 dare,
3203 883 3289 939 vel
3326 885 3386 940 in
3424 902 3553 940 con-

1950 973 2118 1023 ventu
2148 968 2414 1039 psalmos,
2454 973 2623 1040 prout
2659 965 2766 1023 sibi
2801 969 3040 1036 videtur,
3072 969 3372 1026 decantare
3403 989 3552 1044 prte-

1949 1057 2140 1128 cipiat.

2020 1147 2317 1202 Sciendum
2345 1151 2534 1201 autem
2561 1147 2694 1216 quia
2725 1147 3170 1219 quandocunque
3197 1149 3363 1205 alicui
3387 1149 3549 1206 fratri

1946 1236 2134 1307 aliqua
2163 1237 2231 1291 de
2263 1237 2384 1291 istis
2415 1237 2776 1309 negligentiis
2790 1243 2916 1308 post
2943 1239 3252 1309 capitulum
3276 1240 3552 1312 contingit

1944 1341 2303 1397 nequaquam
2329 1327 2646 1380 emendatio
2672 1327 2948 1392 differtur,
2968 1327 3064 1380 sed
3092 1326 3280 1382 abbati
3304 1329 3423 1383 sine
3441 1345 3553 1400 quo

256 1415 516 1478 lebravit,
549 1419 762 1471 scilicet
791 1417 838 1470 si
870 1419 1057 1471 vinum
1085 1420 1206 1472 sine
1228 1436 1394 1490 aqua,
1428 1421 1514 1473 vel
1544 1437 1748 1491 aquam
1781 1423 1858 1478 si-
1943 1431 2232 1486 nunquam
2263 1415 2585 1484 hujusmodi
2618 1432 2706 1470 res
2733 1421 3028 1482 tractatur,
3053 1417 3099 1470 si
3120 1417 3271 1471 estin
3298 1417 3544 1473 claustro

255 1522 328 1559 ne
357 1505 507 1570 vino,
554 1522 656 1575 pro
699 1505 973 1576 sanguine
1023 1507 1246 1561 Domini
1291 1511 1648 1576 consecravit,
1693 1511 1779 1566 vel
1809 1512 1854 1566 si
1937 1503 2263 1573 intimatur;
2297 1523 2536 1578 moxque
2565 1505 2636 1559 ad
2667 1505 3048 1559 convocandos
3099 1505 3304 1559 fratres
3348 1504 3542 1560 tabula

251 1593 384 1660 quid
413 1595 483 1647 de
524 1595 735 1649 eisdem
766 1597 1132 1650 sacramentis
1171 1597 1388 1664 cecidit,
1423 1599 1509 1651 vel
1557 1598 1603 1652 si
1650 1617 1852 1671 corpus
1935 1595 2266 1664 percutitur.
2297 1596 2750 1664 Quotiescunque
2779 1593 3020 1648 domnus
3046 1593 3219 1648 abbas
3240 1594 3310 1647 ad
3328 1594 3542 1665 capitu-

249 1679 474 1736 Domini
507 1682 592 1737 bis
621 1684 868 1754 accepit;
902 1685 1006 1738 hoc
1061 1685 1226 1738 modo
1270 1702 1436 1756 agere
1482 1686 1695 1758 incipit.
1727 1689 1851 1743 Pri-
1933 1681 2051 1736 lum
2081 1684 2313 1748 venerit,
2352 1701 2452 1738 nec
2491 1684 2561 1738 ab
2590 1684 2779 1754 aliquo
2809 1684 2969 1738 venia
3007 1683 3120 1737 illic
3170 1683 3404 1754 petitur,
3435 1700 3538 1738 nec

249 1785 406 1823 mum
435 1771 681 1826 sedendo
712 1789 839 1826 cum
861 1773 1014 1826 omni
1045 1773 1360 1827 humilitate
1389 1791 1448 1828 se
1479 1781 1722 1841 accusat,
1759 1795 1848 1832 se-
1866 1798 1910 1857 Β
1933 1772 2232 1843 qnisquam
2260 1774 2618 1836 inclamatur,
2642 1773 2817 1828 donec
2843 1775 2887 1827 si
2921 1773 3055 1844 quid
3080 1775 3177 1828 illa
3205 1774 3320 1828 vice
3357 1775 3538 1829 dictu-

248 1874 356 1927 que
389 1861 717 1914 afratribus
745 1879 914 1933 super
964 1862 1068 1915 hoc
1106 1863 1359 1932 adjuvari
1417 1865 1700 1934 postulat:
1737 1884 1846 1938 quo
1929 1877 2026 1914 rus
2057 1866 2158 1928 est,
2204 1863 2430 1917 ﬁnierit.
2471 1863 2530 1918 Si
2559 1879 2841 1934 quoquam
2873 1864 3224 1934 profecturus
3252 1863 3458 1931 fuerat,
3477 1871 3536 1920 et

247 1948 460 2013 audito,
518 1951 780 2018 ministri,
815 1952 910 2022 qui
940 1952 1035 2005 ubi
1071 1951 1222 2005 idem
1279 1969 1533 2008 excessus
1588 1957 1838 2026 contigit,
1926 1949 2154 2004 interim
2175 1951 2349 2023 aliqui
2371 1953 2607 2007 fratrum
2632 1958 2954 2006 nostrorum
2983 1951 3259 2017 Obiel‘ant.
3289 1958 3417 2023 Post
3444 1970 3533 2009 Pe-

245 2038 725 2107 ministraverant,
759 2047 1022 2111 surgunt,
1075 2047 1131 2095 et
1175 2043 1351 2112 petita
1380 2044 1542 2097 venia
1567 2045 1621 2098 in
1653 2047 1844 2100 stami-
1926 2039 2106 2094 ditum
2138 2058 2300 2095 suum
2332 2042 2402 2096 ad
2431 2042 2678 2112 primum
2711 2041 3019 2112 capitulum
3049 2040 3120 2094 ab
3155 2041 3401 2096 armario
3446 2048 3533 2098 est

245 2141 349 2178 nec
394 2127 672 2195 judicium
702 2129 1000 2199 accipiunt.
1030 2128 1147 2183 Illis
1175 2147 1304 2183 vero
1341 2131 1411 2184 ad
1441 2133 1631 2186 sedem
1679 2150 1840 2188 suam

241 2214 626 2280 redeuntibus,
662 2234 856 2272 omnes
895 2218 1212 2272 sacerdotes
1264 2219 1502 2274 ofﬁcium
1543 2223 1726 2278 missae
1757 2240 1837 2277 ce~

240 2302 544 2370 lebrantes,
586 2307 808 2361 veniam
838 2312 1056 2378 petunt.
1120 2308 1200 2362 De
1231 2309 1433 2379 quibus
1457 2312 1758 2382 septimum
1789 2315 1836 2367 si

237 2390 474 2456 videtur,
507 2401 564 2448 et
585 2401 842 2450 octavum
863 2398 978 2450 vice
1007 2413 1110 2450 sua
1139 2397 1312 2466 eligit,
1363 2405 1419 2452 et
1454 2400 1574 2466 hos,
1607 2401 1751 2456 sicut
1779 2407 1836 2456 et

236 2482 525 2538 ministros
546 2486 816 2554 judicium
852 2486 982 2540 facit
1011 2487 1217 2550 subire,
1250 2488 1522 2559 ﬁnitoque
1558 2491 1832 2562 capitulos

233 2581 360 2642 post
392 2573 638 2642 psalmos
681 2577 841 2629 Verba
871 2593 992 2629 mea
1020 2581 1322 2630 cantantur
1366 2584 1583 2648 septem
1631 2581 1831 2651 psalmi

233 2661 647 2730 poenitentiales
673 2681 706 2718 a
746 2663 1014 2718 fratribus
1059 2666 1377 2735 prostratis,
1440 2668 1550 2722 nisi
1592 2669 1710 2724 dies
1758 2672 1832 2726 sit

227 2749 536 2819 Paschalis,
586 2758 643 2807 et
677 2753 943 2808 dicuntur
973 2755 1057 2808 hae
1085 2754 1366 2810 orationes
1413 2776 1424 2809 :
1473 2758 1702 2812 Concede
1733 2777 1829 2816 nos

227 2841 490 2906 famulos.
540 2844 876 2908 Ine/fabilem
905 2845 990 2897 vel
1019 2847 1238 2906 craudi,
1273 2863 1605 2914 quaesumus,
1640 2851 1826 2904 Domi-

230 2945 310 2990 ne,
346 2931 653 3000 praemissis
699 2932 784 2987 his
830 2933 1098 2988 versibus.
1144 2937 1265 2989 Post
1312 2942 1560 3003 partum.
1594 2938 1819 2994 Versus.

225 3019 442 3085 Adjura
471 3037 584 3082 nos,
634 3024 791 3075 Deus.
832 3023 1043 3076 Verum
1101 3024 1234 3094 quia
1281 3025 1529 3096 przedicti
1568 3043 1823 3082 excessus

223 3121 333 3158 non
363 3109 548 3161 solum
598 3109 807 3177 abbati,
850 3111 948 3164 sed
1007 3118 1064 3165 et
1110 3113 1234 3166 aliis
1282 3112 1548 3167 fratribus
1604 3114 1819 3170 diverso

222 3195 385 3249 modo
415 3203 655 3266 possunt
683 3200 924 3262 evenire,
956 3217 1126 3271 quam
1154 3202 1370 3256 diverse
1417 3202 1588 3255 etiam
1625 3219 1818 3258 emen-

221 3283 425 3339 dentur
456 3302 569 3340 non
603 3293 690 3341 est
715 3289 1089 3343 reticendum.

828 3378 1061 3432 CAPUT
1088 3377 1191 3432 III.

1923 2129 2332 2198 admonendus,
2365 2137 2429 2184 ut
2455 2130 2865 2200 indulgentiam
2893 2135 3138 2201 exoptat.

2547 2219 2781 2274 CAPUT
2800 2217 2897 2272 IV.

2398 2311 2472 2363 De
2501 2309 2680 2376 fratre
2708 2309 3076 2360 incarcerato.

1990 2399 2010 2420 "
2036 2397 2092 2452 Si
2113 2397 2344 2452 fratrem
2367 2397 2612 2467 aliquem
2644 2396 3052 2450 incarceratum
3086 2396 3317 2460 invenit,
3353 2413 3522 2468 quem

1916 2485 2087 2556 digna
2105 2487 2438 2557 poenitentia
2457 2502 2557 2556 pro
2573 2485 2894 2539 testimonio
2907 2485 3110 2555 prioris
3131 2491 3189 2539 et
3211 2485 3523 2551 seniorum,

1915 2591 2055 2645 quos
2100 2575 2220 2646 ipse
2271 2575 2426 2646 prior
2478 2575 2549 2626 ad
2581 2573 2823 2627 eundem
2854 2573 3154 2638 direxerat,
3198 2573 3268 2627 de
3298 2591 3522 2629 carcere

1913 2664 2142 2718 liberari
2161 2665 2426 2736 exposcit,
2443 2665 2593 2718 hunc
2615 2663 2793 2733 petita
2806 2663 2968 2716 venia.
2983 2679 3083 2733 pro
3104 2679 3170 2716 eo
3200 2663 3270 2717 ab
3301 2664 3516 2719 eisdem

1911 2753 2226 2808 senioribus
2254 2753 2418 2824 jubet
2444 2752 2693 2814 dissolvi,
2737 2756 2794 2805 et
2843 2751 2904 2805 in
2951 2750 3260 2822 capitulum
3289 2752 3515 2816 adduci,

1910 2843 2006 2912 qui
2038 2848 2098 2896 ut
2142 2859 2236 2896 cor
2267 2843 2544 2914 pcenitens
2583 2841 2804 2894 veniam
2842 2840 3084 2911 petendo
3139 2840 3515 2908 demonstrat,

1901 2932 2064 3002 jubet
2090 2947 2218 2985 eum
2250 2932 2309 2985 in
2341 2931 2540 2986 ultimo
2568 2929 2783 2994 sedere,
2817 2934 2918 2983 aut
2944 2929 3138 2994 etiam,
3189 2929 3239 2982 si
3285 2929 3513 2986 videtur

1905 3022 1974 3076 de
2003 3024 2199 3078 eadem
2233 3039 2378 3077 noxa
2406 3023 2635 3076 omnino
2663 3021 2904 3075 liberum
2935 3036 3075 3074 esse.
3102 3019 3164 3074 Si
3185 3021 3408 3092 quando
3429 3022 3515 3078 in-

1902 3112 1989 3165 fra
2013 3127 2329 3166 sermonem
2352 3111 2422 3164 ad
2444 3109 2755 3180 capitulum
2790 3108 3022 3174 accedit,
3049 3107 3382 3179 priusquam
3423 3110 3508 3166 illi

1901 3201 2132 3255 ﬁniatur
2152 3217 2265 3255 non
2293 3200 2488 3254 intrat.
2524 3197 2753 3252 Intrans
2775 3202 2986 3264 autem,
3010 3197 3057 3251 si
3086 3197 3321 3272 fratrem
3348 3199 3406 3253 in
3421 3201 3512 3269 ju-

1899 3289 2044 3343 dicio
2075 3295 2338 3354 stantem,
2364 3287 2450 3341 vel
2471 3287 2641 3342 etiam
2671 3291 2900 3340 exutum
2928 3285 3158 3352 invenit,
3185 3286 3337 3340 hunc
3351 3288 3509 3358 prior

1897 3396 2026 3432 mox
2052 3379 2247 3432 sedere
2271 3377 2422 3442 facit,
2446 3382 2504 3431 et
2521 3377 2569 3430 si
2591 3377 2720 3430 talis
2744 3381 2830 3429 est
2849 3375 3213 3446 negligentia,
3240 3392 3363 3447 quae
3389 3392 3507 3434 non

218 3482 360 3546 Quid
416 3484 693 3550 agendum
719 3488 810 3546 sit,
843 3488 894 3538 3,-
947 3487 1087 3552 [ονιε
1135 3487 1466 3552 negligentia
1515 3488 1710 3556 aliqua
1749 3493 1811 3545 ίη
1893 3467 1968 3521 sit
1993 3467 2190 3521 leviter
2213 3465 2566 3556 dimittenda,
2594 3469 2730 3518 tunc
2758 3461 2894 3556 dicit
2929 3463 2984 3556 ei
3017 3465 3407 3556 :‘lteusessupt,
3451 3470 3502 3519 et

373 3570 599 3622 corpore
629 3558 708 3608 vel
739 3558 801 3608 in
826 3560 1098 3623 sanguine
1129 3559 1354 3611 Domini
1374 3563 1637 3616 evenerit.

1885 3561 2072 3625 postea
2103 3556 2293 3609 redite.
2319 3555 2426 3618 Qui
2447 3569 2723 3618 reversus,
2748 3552 3022 3623 profunde
3048 3551 3283 3606 inclinat
3312 3553 3438 3621 (hoc
3465 3570 3502 3608 a

283 3644 304 3663 *
345 3643 402 3696 Si
447 3643 518 3696 de
541 3643 817 3711 sanguine
863 3644 1088 3698 Domini
1116 3645 1325 3715 aliquid
1355 3647 1619 3701 ceciderit
1647 3666 1817 3721 super
1899 3643 2151 3714 quolibet
2179 3642 2525 3707 observatur,
2562 3639 2658 3712 qui
2683 3641 2788 3694 hoc
2808 3638 2975 3694 modo
3004 3639 3086 3694 ire
3106 3645 3164 3694 et
3189 3640 3374 3696 redire
3398 3642 3498 3712 ju-

211 3731 521 3801 corporale,
546 3732 965 3786 recondendum
996 3733 1177 3803 ipsum
1207 3736 1516 3804 corporale,
1579 3753 1643 3790 ac
1691 3737 1811 3793 loco
1894 3732 2100 3799 betur),
2129 3733 2200 3787 ad
2230 3734 2351 3801 ejus
2379 3730 2676 3784 introitum
2702 3729 2906 3784 fratres
2934 3735 3260 3799 assurgunt,
3294 3735 3352 3784 et
3379 3747 3498 3786 ere-

210 3821 583 3891 reliquiarum
612 3821 968 3875 servandum.
1021 3822 1079 3876 Si
1124 3838 1296 3893 super
1336 3824 1545 3894 pallam
1591 3827 1806 3893 altaris,
1894 3823 1970 3876 cti
1992 3828 2123 3876 ante
2156 3821 2419 3886 scabella,
2452 3821 2629 3873 donec
2652 3823 3026 3888 pertranseat,
3059 3818 3391 3874 consistunt.

208 3908 507 3963 incidenda
551 3915 638 3963 est
683 3911 960 3980 particula
1010 3911 1150 3982 ipsa,
1204 3916 1260 3966 et
1288 3929 1388 3983 pro
1419 3913 1670 3985 reliquiis
1696 3934 1808 3970 ser-
1964 3912 2021 3966 Si
2050 3912 2119 3965 de
2149 3911 2339 3981 aliqua
2357 3907 2762 3963 consuetudine
2780 3907 3091 3973 dubitatur,
3110 3907 3382 3980 quidquid
3398 3909 3495 3965 ille

207 3998 404 4051 vanda.
431 3998 488 4052 Si
508 4015 679 4068 super
707 3999 952 4052 casulam
975 3999 1234 4054 similiter
1252 4001 1456 4070 agitur.
1491 4003 1550 4057 Si
1581 4021 1710 4058 vero
1747 4006 1806 4060 in
1886 4000 2170 4054 communi
2228 3999 2516 4053 seniorum
2564 3995 2798 4050 consilio
2827 3995 3036 4048 ibidem
3076 3995 3372 4062 deﬁnierit,
3421 3996 3492 4052 de

205 4092 434 4149 terram,
460 4087 780 4157 lingendus,
835 4089 1226 4158 extergendus,
1285 4096 1454 4161 atque
1520 4093 1804 4152 radendus
1885 4094 2084 4144 caetero
2117 4087 2276 4159 quasi
2297 4103 2398 4158 pro
2418 4086 2542 4155 lege
2564 4088 2808 4139 tenetur.
2842 4083 2990 4137 Nam
3020 4083 3126 4136 hoc
3156 4088 3376 4154 Oportet
3406 4101 3491 4139 se-

206 4182 286 4228 est
313 4178 490 4245 locus,
523 4178 638 4231 sive
668 4178 829 4248 lapis,
862 4178 977 4231 sive
1015 4183 1188 4238 terra.
1236 4178 1465 4251 ipseque
1510 4182 1691 4252 pulvis
1740 4187 1799 4242 in
1883 4179 2090 4244 Diores,
2118 4183 2392 4249 quantum
2415 4174 2474 4228 in
2491 4175 2628 4245 iPSiS
2667 4179 2771 4239 θεῖν
2806 4170 3120 4243 Ρΐονίάθΐθν
3143 4187 3216 4225 ne
3235 4187 3488 4242 unquam

204 4266 468 4330 sacrario,
487 4265 575 4318 vel
595 4265 654 4318 in
670 4265 884 4336 piscina
914 4266 1318 4322 recondendus.
1370 4268 1426 4323 Is
1456 4276 1666 4336 autem,
1703 4278 1794 4330 cui
1883 4284 1985 4338 per
2011 4283 2137 4320 eum
2163 4265 2281 4320 una
2305 4262 2672 4328 consuetUdO’
2691 4261 2798 4314 Πίεί
2820 4261 2879 4314 in
2900 4259 3101 4313 melius
3141 4262 3486 4315 ίτδυεωυίθ·

202 4353 325 4407 talis
347 4355 552 4408 accidit
572 4355 936 4424 negligentia,
978 4362 1110 4409 ante
1154 4357 1458 4427 capitulum
1496 4377 1661 4414 suum
1692 4369 1802 4416 sta-
1828 4361 1996 4454 Dtur.
2020 4354 2182 4418 ΩιιΟά
2207 4353 2253 4407 Si
2279 4353 2397 4424 ipse
2425 4350 2635 4421 absque
2669 4349 2906 4402 fratrum
2937 4362 3214 4401 consensu
3235 4347 3484 4418 aliquam

199 4444 452 4498 mineum
497 4444 578 4496 ita
625 4443 842 4508 dissuit,
873 4449 957 4507 ut,
989 4444 1035 4498 si
1067 4443 1255 4498 abbati
1289 4447 1580 4515 placuerit,
1615 4452 1798 4507 nudus
1829 4436 2344 4498 “consuetudinem
2363 4441 2742 4504 είοίωωιλῐθῒν
2767 4442 2832 4492 ιιι
2849 4436 3210 4508 POStmOdum
3232 4443 3483 4506 Ρεΐδίδτθ

197 4533 482 4602 suscipere
513 4531 789 4601 judicium
824 4537 1054 4600 paratus
1084 4532 1176 4585 sit.
1215 4532 1374 4596 Quod
1404 4540 1597 4590 autem
1625 4538 1706 4592 ita
1739 4557 1799 4594 se
1881 4550 1992 4588 non
2023 4533 2226 4599 valeat,
2251 4529 2541 4584 humiliter
2564 4528 2694 4582 inde
2715 4532 2800 4581 est
2814 4525 3224 4591 admonendus,
3251 4529 3309 4579 et
3327 4525 3485 4596 quid-

194 4625 494 4690 praeparet,
529 4619 637 4672 etsi
661 4619 1006 4672 consuetudo
1062 4636 1175 4673 non
1226 4625 1330 4685 est,
1387 4627 1581 4676 tamen
1633 4641 1798 4679 nemo
1882 4621 2014 4692 quid
2046 4637 2214 4692 super
2242 4620 2347 4673 hoc
2372 4616 2799 4671 communitera
2827 4619 3102 4669 conventu
3135 4613 3480 4682 decernitur,

193 4707 580 4779 reprehendit.
611 4707 745 4760 Post
767 4707 884 4759 haec
908 4708 1114 4777 agitur,
1151 4709 1298 4778 quod
1315 4710 1385 4764 de
1417 4711 1795 4778 ministris,de
1880 4711 1938 4764 in
1970 4712 2073 4764 hoc
2090 4712 2252 4780 juxta
2277 4709 2554 4777 majorum
2598 4704 2960 4759 traditionem
3013 4703 3328 4758 consentire
3367 4719 3481 4758 non

191 4795 596 4862 sacerdotibus,
632 4800 689 4848 et
712 4795 780 4848 de
811 4802 1022 4866 septem
1069 4798 1298 4867 psalmis
1325 4801 1653 4869 praedictum
1687 4809 1790 4856 est.
1878 4804 2153 4850 moratur.
2187 4795 2272 4848 Ad
2303 4794 2462 4847 illum
2493 4808 2714 4863 quoque
2744 4792 2927 4846 solum
2968 4791 3218 4861 respicit,
3249 4806 3363 4845 non
3387 4807 3481 4845 so-

1876 4886 1996 4940 lum
2026 4885 2269 4955 majores
2294 4880 2746 4946 obedientiarios,
2777 4896 2972 4935 verum
3003 4880 3176 4934 etiam
3205 4879 3480 4950 quosdam

1875 4991 2070 5028 eorum
2097 4973 2385 5043 adjutores
2414 4971 2776 5035 constituere,
2801 4986 2852 5022 v.
2884 4986 2963 5039 g.,
2999 4969 3319 5038 adjutorem
3364 4968 3480 5039 pri-

1873 5080 2029 5116 mum
2051 5061 2297 5116 custodis
2328 5059 2592 5124 ecclesiae,
2624 5059 2937 5125 camerarii,
2974 5058 3274 5124 cellerarii,
3305 5057 3480 5126 magi-

1872 5153 1975 5206 stri
2007 5151 2363 5216 novitiorum,
2393 5149 2710 5215 inﬁrmarii,
2757 5147 3010 5204 armarii.
3066 5147 3227 5218 Ipsos
3284 5150 3476 5199 tamen

1873 5239 2329 5304 obedientiarios,
2383 5239 2529 5292 sicut
2579 5243 2636 5291 et
2690 5237 2990 5308 cujuslibet
3019 5237 3173 5290 cellae
3205 5234 3472 5304 priorem,

191 4886 244 4940 Si
267 4893 464 4940 autem
494 4886 564 4938 de
587 4901 820 4955 corpore
848 4885 1070 4938 Domini
1121 4903 1290 4958 super
1334 4889 1529 4943 altaris
1577 4892 1786 4961 pallam

188 4976 403 5046 aliquid
432 4974 710 5041 ceciderit,
743 4991 873 5044 pars
924 4975 1023 5028 illa
1067 4991 1180 5029 non
1217 4975 1500 5045 inciditur,
1534 4981 1631 5034 sed
1661 4981 1790 5034 vino

186 5074 415 5121 tanturn
443 5065 710 5119 abluitur.
773 5064 874 5118 Ille
921 5081 1070 5131 vero,
1132 5067 1221 5119 cui
1273 5067 1393 5120 haec
1445 5069 1791 5140 negligentia

185 5155 425 5224 contigit
456 5153 514 5206 in
537 5151 781 5222 capitulo
804 5153 1024 5205 veniam
1044 5158 1262 5224 petens,
1285 5160 1608 5225 competens
1620 5174 1790 5228 super

187 5245 528 5297 stamineum
537 5241 813 5310 judicium
834 5240 1039 5310 accipit
1051 5258 1176 5294 cum
1193 5241 1308 5307 illo,
1325 5260 1426 5313 per
1449 5245 1610 5314 cujus
1631 5245 1788 5298 incu-

183 5333 325 5386 riam
357 5331 474 5385 tale
504 5329 637 5400 quid
667 5327 884 5381 accidit.
928 5330 985 5384 Si
1033 5346 1162 5383 vero
1188 5331 1541 5385 Dominicum
1587 5350 1790 5403 corpus
1872 5330 2027 5401 prior
2055 5330 2175 5383 sola
2196 5327 2546 5382 necessitatis
2578 5343 2751 5382 causa
2787 5332 2972 5397 potest
3018 5325 3088 5377 de
3145 5320 3475 5375 obedientiis

181 5422 235 5475 in
266 5429 487 5475 terram
506 5417 788 5483 ceciderit,
811 5416 983 5470 simili
995 5419 1159 5472 modo
1179 5436 1279 5490 per
1298 5420 1489 5474 omnia
1503 5422 1785 5490 agendum
1872 5419 2233 5489 suspendere,
2262 5418 2308 5471 si
2339 5418 2481 5471 forte
2511 5417 2750 5470 domnus
2777 5415 2949 5468 abbas
2975 5412 3064 5466 vel
3091 5409 3309 5464 tamdiu
3337 5408 3474 5463 alibi

183 5519 284 5574 est,
317 5511 470 5563 sicut
497 5522 668 5577 supra
697 5505 908 5560 dictum
942 5512 1046 5572 est,
1090 5507 1158 5561 de
1205 5509 1476 5579 sanguine
1533 5509 1782 5563 Domini.
1870 5513 2148 5576 moratur,
2177 5508 2261 5560 vel
2286 5507 2425 5560 adeo
2451 5511 2701 5559 remotus
2731 5509 2834 5568 est,
2861 5500 3004 5573 quod
3033 5499 3373 5570 legationem
3398 5497 3472 5552 ad

183 5601 344 5664 Quod
374 5598 425 5651 si
454 5597 509 5650 in
538 5595 816 5664 sanguine
843 5595 1068 5650 Domini
1097 5614 1310 5664 musca,
1335 5599 1420 5656 vel
1447 5615 1674 5665 aranea,
1699 5599 1785 5652 vel
1870 5613 2000 5652 eum
2024 5613 2136 5650 non
2165 5601 2352 5673 potest
2397 5595 2660 5664 dirigere.
2720 5591 2870 5647 Talis
2921 5595 3112 5646 autem
3168 5586 3473 5645 necessitas
