3872 6164
439 304 580 379 1043

1467 306 1526 371 s.
1567 278 1963 370 amttam
1998 300 2303 368 ABBATIS
2338 303 2677 371 HIRSAUG.

3545 312 3659 381 ltiti

441 438 593 516 cogit
616 446 763 509 eum,
798 434 1103 513 quemlibet
1130 446 1325 495 eorum
1354 440 1425 495 de
1453 430 1769 494 obedientia
1800 449 2036 510 suspena
2052 439 2176 500 Aet
2202 446 2477 510 quantum
2508 438 2748 495 domnus
2777 440 2921 497 abba
2956 439 3227 515 praecipit,
3260 440 3328 499 de
3355 454 3489 517 pane
3513 444 3665 519 siligi-

440 534 593 600 dere,
621 531 667 587 si
697 524 831 603 quid
859 526 975 585 tale
1019 524 1318 595 Commisit,
1367 530 1516 601 quod
1571 544 1672 601 per
1721 544 1783 583 se
1827 528 2037 599 absque

440 623 649 677 domno
673 616 874 675 abbate
899 619 1201 675 emendare
1225 633 1338 673 non
1368 616 1562 691 possit.
1581 616 1879 689 Adjutores
1908 626 2037 671 vero

437 701 735 784 praedictos
761 717 864 782 pro
895 702 1085 773 simili,
1117 708 1204 763 vel
1232 704 1403 763 etiam
1459 703 1665 762 minori
1705 706 2037 763 necessitate

437 784 629 873 potest
651 802 874 854 mutare
894 789 1124 853 absente
1154 792 1356 852 abbate
1388 810 1401 850 :
1432 797 1524 852 cui
1552 792 1653 851 soli
1683 794 1851 851 etiam
1881 804 2039 868 repo-

438 878 612 946 situm
642 894 746 955 est,
780 889 846 944 ut
867 880 1173 960 quemlibet
1198 884 1438 942 fratrum
1476 882 1666 941 mittat
1717 885 1777 940 in
1814 887 2039 959 culpam

358 984 363 989 ‘
438 970 774 1052 graviorem.
806 968 878 1033 Et
903 977 1022 1033 haec
1049 980 1135 1032 est
1157 968 1500 1048 hujusmodi.

1080 1067 1314 1122 CAPUT
1340 1066 1408 1120 V.

975 1156 1051 1211 De
1077 1152 1241 1225 culpa
1267 1152 1539 1223 graviori.

513 1238 540 1273 ⁸
567 1236 771 1303 Frater
796 1246 893 1318 qui
921 1251 1238 1311 contumax,
1272 1247 1371 1299 aut
1387 1236 1731 1309 inobediens,
1750 1238 1836 1299 vel
1863 1244 1923 1299 in
1942 1244 2039 1298 ali-

444 1344 556 1409 quo
587 1330 901 1391 contrarius
923 1339 1128 1389 sanctae
1158 1328 1365 1404 regulae
1386 1332 1676 1401 nstiterit,
1700 1330 1791 1388 hic
1821 1344 2040 1407 quoque

444 1417 753 1482 secondum
802 1418 1056 1495 regulam
1109 1420 1194 1478 est
1244 1423 1590 1477 tractandus.
1641 1416 1747 1488 Qui
1784 1438 1914 1479 Vero
1944 1422 2043 1479 ali-

445 1514 595 1588 quod
622 1510 735 1570 tale
756 1514 988 1578 crimen,
1011 1516 1075 1567 ut
1103 1518 1189 1567 est
1216 1508 1427 1566 furtum
1466 1506 1552 1565 vel
1571 1508 1928 1585 sacrilegium
1952 1508 2041 1569 in—

444 1594 706 1669 currerit,
737 1593 988 1657 sentiens
1031 1594 1170 1656 illud
1198 1596 1279 1655 ita
1316 1596 1659 1672 publicatum
1685 1618 1805 1656 esse
1837 1610 1901 1658 ut
1932 1620 2041 1658 non

442 1684 623 1769 pessit
648 1691 794 1747 tanti
820 1690 1047 1746 sceleris
1074 1682 1527 1745 reclamationem
1550 1692 1813 1761 effugere,
1837 1692 2042 1746 domno

2117 543 2242 593 neo,
2277 530 2333 581 et
2348 522 2626 597 justitiam
2660 530 2781 599 ejus
2807 542 2935 584 cum
2973 540 3141 601 aqua,
3200 532 3257 586 et
3306 538 3540 603 pateram
3564 537 3664 605 ejus

2116 615 2197 670 illi
2227 617 2520 687 adportat;
2551 611 2660 672 nisi
2682 614 2947 689 praefatus
2977 620 3150 675 Pater
3176 619 3381 693 aliquid
3399 636 3493 693 pro
3522 624 3663 679 mise-

2117 705 2361 760 ricordia
2384 707 2437 761 ei
2467 708 2941 779 superimpendat.
2978 708 3392 782 Qualiscunqim
3419 714 3586 766 autem
3607 712 3668 767 sit

2119 796 2239 865 ejus
2264 796 2513 863 refectio,
2541 794 2612 850 ad
2643 811 2765 851 eam
2794 806 2907 852 non
2934 798 3270 870 prohibetur
3294 811 3484 855 manus
3506 800 3671 855 ablue-

2119 894 2215 952 re;
2248 886 2344 939 sed
2375 898 2558 957 neque
2588 888 2856 954 mensale,
2888 898 3071 959 neque
3096 903 3348 943 mensam
3372 890 3673 960 permittitur

2122 974 2348 1029 habere.
2375 975 2542 1029 Cibus
2571 978 2695 1047 ejus
2742 993 2855 1030 non
2910 976 3268 1032 benedicitur
3294 991 3307 1026 :
3331 978 3561 1049 reliquiae
3584 974 3673 1033 cibi

2123 1063 2372 1134 ejusdem
2403 1071 2458 1119 et
2480 1070 2665 1136 potes,
2697 1065 2745 1119 si
2776 1082 2888 1121 non
2916 1073 3003 1121 est
3030 1080 3201 1138 aqua,
3234 1066 3573 1137 singulariter
3591 1067 3672 1122 ab-

2121 1169 2258 1224 sque
2288 1154 2526 1208 fratrum
2554 1154 2884 1225 fragmentis
2912 1156 3147 1227 pauperi
3172 1156 3338 1223 alicui
3368 1156 3670 1210 tribuuntur.

2122 1243 2232 1296 Pro
2252 1242 2525 1314 corporali
2547 1245 2879 1299 necessitate
2897 1244 3027 1299 licet
3056 1247 3108 1299 ei
3141 1246 3214 1298 ad
3233 1245 3576 1300 infirmariam
3590 1246 3671 1305 ire.

2122 1333 2206 1386 Ad
2237 1346 2430 1387 omnes
2459 1333 2627 1388 horas
2655 1340 2788 1388 ante
2830 1334 3120 1389 ecclesiam
3165 1335 3356 1390 venire
3390 1335 3673 1406 priusquam

2122 1421 2338 1476 instans
2371 1423 2508 1476 hora
2539 1423 2613 1477 sit
2641 1424 2880 1495 incepta,
2926 1425 3225 1491 observat;
3258 1430 3316 1478 et
3333 1430 3462 1478 tunc
3493 1424 3675 1478 veniam

2124 1518 2339 1582 petens,
2402 1526 2577 1584 prope
2606 1513 2811 1567 ostium
2840 1517 2971 1579 stat,
3000 1511 3106 1579 vel,
3142 1512 3190 1567 si
3225 1520 3313 1568 est
3338 1514 3591 1576 inﬁmus,
3612 1530 3679 1567 se-

2124 1600 2239 1667 det,
2273 1602 2449 1655 donec
2487 1608 2791 1656 conventus
2822 1603 2989 1672 Kyrz‘e
3035 1605 3239 1657 eicis-on
3293 1602 3528 1673 incipiat.
3579 1604 3670 1673 (mi.

2126 1693 2269 1756 var.)
2296 1690 2450 1744 Tunc
2472 1688 2590 1745 solo
2618 1690 2787 1745 tenus
2818 1708 2876 1746 se
2904 1698 3267 1763 prosternens
3296 1697 3353 1747 et
3390 1694 3509 1764 post
3541 1690 3678 1746 colle-

443 1771 647 1837 abbate
675 1778 982 1853 capitulum
1014 1778 1261 1847 tenente,
1280 1774 1423 1851 petit
1446 1778 1663 1833 veniam
1687 1792 1790 1835 sua
1808 1787 2005 1852 sponte
2026 1800 2039 1848 ;
2058 1782 2104 1851 Β
2125 1783 2272 1834 ctam
2301 1792 2540 1851 surgens
2561 1778 2839 1851 capellam
2866 1778 3131 1843 reinduit,
3167 1777 3346 1835 donec
3373 1782 3559 1834 iterum
3579 1786 3680 1851 post

444 1862 645 1927 deinde
692 1861 1129 1925 lamentabiliter
1152 1864 1365 1941 profert
1382 1869 1439 1923 in
1471 1885 1580 1941 quo
1611 1866 1801 1941 lapsus
1836 1871 1910 1925 sit
1933 1867 2042 1924 cri-

444 1962 617 2016 mine.
645 1964 755 2027 (U1).
784 1959 1013 2028 var.)A
1042 1968 1152 2030 quo
1197 1965 1326 2013 eum
1374 1948 1634 2025 audierit,
1687 1958 1782 2022 Ite,
1842 1962 2039 2022 eruite,

444 2056 535 2105 eos
554 2042 954 2113 cidiscdlctate,
988 2050 1038 2101 et
1084 2042 1435 2100 revertimini
1452 2050 1593 2100 sicut
1632 2063 1748 2101 mos
1767 2054 1875 2111 est;
1909 2049 2041 2114 exit,

447 2138 800 2210 praecedente
829 2148 958 2191 eum
987 2134 1296 2190 camerario
1346 2134 1405 2189 in
1472 2128 1815 2191 auditorium
1840 2150 1852 2190 ε
1882 2136 1959 2191 ibi
1979 2148 2044 2191 eo

448 2226 750 2297 adjuvante
779 2225 1025 2296 primum
1054 2224 1224 2295 pedes
1236 2224 1803 2296 denudat,caputium
1824 2242 2046 2297 quoque

449 2314 714 2371 staminei
742 2313 830 2368 sui
861 2312 1058 2367 dextra
1085 2303 1317 2383 levaque
1343 2312 1613 2367 incisione
1632 2314 1801 2378 laxat,
1835 2320 1899 2369 ut
1921 2315 2048 2369 bra-

449 2394 577 2459 cina
601 2410 703 2475 per
719 2402 907 2474 ipsum
939 2401 1122 2456 valeat
1149 2402 1459 2468 extrahere,
1493 2408 1550 2457 et
1563 2403 1902 2458 stamineum
1918 2421 2044 2458 cum

450 2492 688 2547 manicis
716 2491 863 2546 circa
891 2480 1183 2546 femoralia
1203 2482 1381 2561 ligare
1408 2492 1538 2558 (non
1562 2496 1754 2546 tamen
1797 2489 2049 2548 aufertur

448 2568 521 2637 ab
550 2588 616 2637 eo
637 2572 896 2636 cultellus
920 2588 1103 2650 neque
1127 2572 1433 2651 cingulum)
1464 2581 1667 2652 accipit
1712 2590 1885 2637 manu
1914 2580 2049 2637 dex-

449 2668 542 2728 tra
563 2659 779 2743 iugiter
816 2662 894 2724 ibi
918 2660 1230 2742 jacentium
1259 2670 1544 2741 virgarum
1576 2671 1945 2742 manipulum,
1976 2662 2047 2726 ab

448 2747 573 2835 ipso
604 2759 913 2814 (temerario
958 2763 1095 2814 tunc
1126 2750 1195 2814 ad
1226 2770 1470 2832 praesens
1495 2752 1838 2831 colligatum,
1866 2770 1958 2819 ne.
1991 2766 2048 2816 et

450 2832 512 2905 in
535 2848 661 2904 leva
687 2838 964 2904 cucullam
985 2848 1205 2903 decenti
1228 2840 1654 2921 compliCatione
1684 2851 2041 2922 pendentem,

454 2941 514 2994 ει
532 2937 842 2993 camerario
866 2937 1233 3009 praecedente,
1277 2927 1359 2992 ita
1388 2930 1540 2993 venit
1586 2932 1646 2993 in
1686 2945 2047 3011 conspectum

452 3014 646 3084 domui
671 3014 910 3093 abbatis,
934 3032 1000 3081 ac
1025 3018 1197 3098 virgis
1226 3027 1555 3099 cucullaque
1586 3033 1718 3083 ante
1745 3040 1804 3083 se
1832 3026 2045 3100 positis,

451 3104 674 3172 veniam
711 3110 874 3188 petit.
901 3117 1118 3181 Iussus,
1147 3118 1213 3171 ut
1243 3121 1457 3188 surgat,
1490 3112 1649 3172 sedet
1702 3112 1773 3173 ad
1815 3114 2047 3185 terram,

452 3198 511 3262 ei
533 3194 810 3261 cucullam
839 3210 1011 3276 super
1029 3214 1217 3276 genua
1236 3198 1410 3277 ponit.
1444 3198 1844 3275 *Verberatur,
1871 3218 2051 3280 quan-

450 3288 577 3350 tum
607 3284 814 3350 domno
844 3284 1034 3349 abbati
1066 3284 1303 3361 videtur,
1326 3286 1527 3350 deinde
1549 3288 1759 3367 jussus,
1792 3301 1857 3352 ut
1884 3307 1944 3352 se
1965 3293 2053 3353 in-

453 3373 610 3445 duat.
643 3371 727 3439 ita
755 3373 957 3438 sedens
986 3374 1261 3438 eucullam
1313 3380 1464 3439 nudo
1507 3380 1727 3457 corpori
1776 3380 1961 3442 induit
1998 3392 2054 3442 et

370 3520 379 3531 .
458 3472 658 3544 surgit.
691 3462 825 3526 Pest
860 3472 980 3526 haec
994 3464 1226 3543 jubetur
1253 3473 1403 3528 exire
1432 3463 1502 3528 ad
1533 3468 1899 3530 induendum.
1954 3478 2052 3531 Co-

426 3551 695 3617 'm‘itatui‘
721 3567 870 3626 eum,
927 3550 1022 3632 qui
1076 3557 1133 3616 et
1177 3572 1383 3635 supra;
1414 3564 1638 3619 rediens
1674 3560 2050 3634 discalciatus,

453 3644 664 3706 iterum
684 3656 744 3704 se
764 3642 1087 3723 prosternit.
1117 3642 1258 3705 Cum
1288 3650 1527 3707 audierit
1549 3671 1583 3707 a
1602 3650 1808 3708 domno
1829 3644 2048 3710 abbate:

456 3728 688 3794 Frater!
715 3741 871 3792 citate
892 3741 954 3792 in
973 3742 1225 3806 graviori
1251 3742 1432 3808 culpa,
1464 3740 1722 3811 protinUs
1751 3749 1919 3813 caput
1964 3737 2055 3797 in-

457 3816 655 3895 ﬂectit,
687 3816 964 3898 Capellum
988 3818 1192 3892 induit,
1223 3819 1372 3899 quod
1399 3822 1456 3883 et
1479 3836 1674 3900 postea
1701 3844 1813 3885 non
1843 3831 2056 3887 abstra-

456 3904 565 3987 liit,
593 3912 862 3987 quamdiu
880 3904 939 3969 in
967 3915 1069 3970 tali
1097 3917 1375 3971 sententia
1412 3917 1615 3986 fuerit;
1678 3919 1784 3973 nisi
1830 3922 2053 3992 quando

458 4013 593 4063 ante
624 3996 827 4064 ostium
858 3999 1102 4066 ecclesiae
1133 4028 1192 4065 se
1221 4000 1552 4083 prosternit;
1608 4010 1744 4066 tunc
1775 4004 1922 4067 enim
1953 4028 2053 4084 pa-

458 4104 588 4153 rum
616 4090 758 4153 illud
778 4098 1043 4154 detrahit.
1067 4097 1281 4154 Deinde
1303 4105 1360 4154 et
1382 4091 1737 4171 designatum
1760 4098 2057 4157 talibuslo-

459 4196 588 4242 eum
617 4176 816 4253 tendit,
865 4183 1241 4261 prosequente
1292 4199 1421 4243 eum
1475 4184 1670 4260 fratre,
1719 4191 1808 4245 cui
1859 4193 1995 4247 tunc
2023 4202 2058 4247 a

460 4265 667 4333 domno
694 4274 895 4332 abbate
929 4272 1316 4333 committitur.

533 4362 598 4422 In
624 4358 875 4439 praedicti
930 4372 1120 4421 autem
1164 4356 1431 4422 auditorii
1472 4364 1801 4424 occidentali
1850 4370 2057 4442 angulo

2126 1869 2407 1940 psalmum
2457 1884 2571 1923 non
2590 1869 2755 1935 levat,
2782 1870 2958 1923 donec
2983 1871 3029 1923 si
3050 1870 3261 1924 fratres
3312 1868 3509 1923 debent
3558 1866 3678 1923 exire

2127 1962 2184 2011 et
2211 1972 2405 2011 omnes
2434 1958 2687 2012 exierint.
2715 1955 2718 1958 ’
2744 1956 2829 2013 Ad
2858 1958 3054 2013 ambas
3080 1960 3290 2013 missas
3315 1964 3502 2013 manet
3524 1957 3576 2011 in
3599 1972 3679 2010 an-

2124 2046 2259 2116 gulo
2282 2046 2535 2117 capituli.

2133 2144 2137 2147 ‘
2199 2135 2221 2159 *
2251 2137 2332 2189 De
2352 2134 2630 2190 industria
2658 2134 2899 2191 domnus
2928 2130 3100 2191 abbas
3123 2134 3291 2208 jubet
3315 2134 3521 2207 aliquos
3538 2135 3682 2189 senio-

2129 2236 2219 2278 res
2239 2223 2307 2278 ad
2332 2236 2460 2279 eum
2485 2224 2690 2291 venire,
2726 2224 2819 2297 qui
2859 2240 2989 2281 eum
3027 2227 3416 2291 exhortantur,
3446 2229 3505 2279 ut
3546 2218 3679 2295 quid-

2129 2313 2262 2384 quid
2284 2314 2334 2367 ei
2365 2314 2733 2386 Correptionis
2771 2315 3163 2387 temporaliter
3198 2312 3371 2371 fuerit
3393 2315 3677 2384 irrogatum,

2126 2406 2309 2457 totum
2334 2403 2537 2457 habeat
2563 2409 2809 2474 gratum,
2856 2411 2920 2459 ut
2972 2400 3176 2461 divinae
3216 2404 3515 2459 clementia
3538 2401 3679 2475 possit

2129 2491 2494 2546 reconciliari.
2552 2493 2621 2563 Et
2674 2508 2800 2548 cum
2856 2492 3029 2548 fuerit
3058 2495 3243 2549 visum
3273 2496 3473 2549 domno
3506 2486 3679 2554 abbati,

2129 2581 2431 2634 concordat
2455 2581 2624 2635 etiam
2657 2599 2784 2636 cum
2802 2578 3001 2638 iisdem
3023 2582 3362 2648 senioribus,
3385 2592 3445 2636 ut
3470 2596 3561 2652 pro
3585 2576 3681 2650 ipso

2127 2684 2224 2723 reo
2247 2669 2304 2723 in
2331 2670 2574 2741 capitulo
2596 2669 2813 2725 veniam
2842 2676 3056 2743 petant,
3088 2672 3198 2740 (vn.
3235 2675 3379 2741 ear.)
3412 2666 3624 2725 maxime
3646 2668 3681 2721 si

2129 2756 2270 2813 bene
2308 2764 2441 2813 sunt
2463 2757 2696 2831 experti,
2728 2764 2786 2815 et
2810 2760 3007 2816 testari
3036 2762 3294 2832 possunt,
3313 2772 3422 2832 quo
3443 2773 3538 2832 pro
3552 2756 3683 2814 reatu

2128 2863 2229 2902 suo
2259 2848 2520 2919 spiritum
2550 2849 2755 2905 habeat
2783 2851 3248 2919 contribulatum,
3293 2864 3387 2906 cor
3422 2849 3681 2905 contritum

2130 2940 2187 2990 et
2201 2938 2747 3003 humiliatum.Quod
2758 2956 2884 2995 cum
2905 2940 3172 3006 audierit,
3194 2938 3354 2994 fratri
3374 2934 3676 2993 renuntiant.

2131 3026 2215 3080 Ad
2245 3028 2558 3097 proximum
2589 3043 2720 3083 vero
2747 3028 3053 3100 capitulum
3075 3030 3157 3083 eis
3177 3023 3393 3084 veniam
3412 3040 3508 3100 pro
3533 3040 3589 3080 eo
3606 3040 3683 3096 pe-

2067 3147 2110 3207 C
2132 3114 2380 3170 tentibus
2409 3126 2474 3171 ac
2501 3110 2890 3188 paenitentiam
2920 3129 3110 3171 coram
3139 3114 3588 3207 annuntiantibus
3605 3106 3685 3167 ed-

2129 3204 2319 3275 jungit
2345 3205 2402 3259 et
2449 3216 2580 3260 suas
2601 3218 2791 3276 preces
2833 3206 3157 3262 conventus.
3208 3201 3421 3262 Annuit
3444 3204 3613 3265 abbas,
3636 3206 3688 3255 ut

2134 3294 2301 3348 faciat
2329 3311 2455 3348 cum
2486 3295 2581 3348 illo
2610 3294 3073 3363 misericordiam,
3097 3300 3155 3351 et
3182 3292 3359 3351 mittit
3376 3306 3474 3367 pro
3497 3308 3569 3348 eo.
3598 3286 3685 3346 Po-

2134 3387 2247 3437 test
2273 3389 2462 3438 autem
2490 3384 2621 3437 talis
2652 3400 2773 3438 esse
2801 3383 2996 3452 frater,
3026 3386 3122 3456 qui
3149 3403 3267 3441 non
3288 3387 3410 3458 plus
3431 3401 3534 3440 una
3555 3386 3686 3436 nocte

2135 3472 2193 3525 in
2223 3471 2543 3542 hujusmodi
2589 3474 2872 3527 sententia
2897 3474 3241 3529 dimittatur.
3301 3476 3442 3529 Nam
3486 3470 3687 3542 qualiter

2137 3560 2286 3614 circa
2315 3568 2445 3614 enm
2470 3559 2545 3615 sit
2571 3562 2874 3632 agendum,
2893 3579 2957 3616 ex
2987 3565 3119 3617 ante
3148 3569 3279 3618 acta
3308 3560 3426 3634 ejus
3442 3572 3686 3615 conversa-

2137 3648 2308 3715 tione,
2340 3648 2397 3702 et
2426 3650 2685 3719 praesenti
2734 3649 3064 3722 poenitentia
3114 3652 3308 3707 abbati
3353 3652 3434 3707 est
3460 3640 3683 3717 Colligen~

2136 3738 2292 3791 dum.
2325 3737 2513 3792 Missis
2543 3744 2731 3793 autem
2761 3752 2863 3811 pro
2906 3757 2970 3795 eo
3018 3742 3211 3812 priore
3240 3746 3296 3796 et
3325 3736 3620 3800 camerari!»
3639 3744 3686 3787 se

2135 3824 2318 3881 nudat
2347 3826 2543 3882 eodem
2570 3829 2754 3894 modo,
2790 3838 2900 3900 quo
2929 3836 2986 3884 et
3009 3844 3201 3901 supra,
3258 3837 3315 3885 et
3368 3828 3577 3883 veniens
3600 3824 3687 3878 itee

2134 3930 2262 3969 rum
2286 3908 2531 3988 vapulat,
2555 3914 2602 3971 si
2631 3914 2851 3972 videtur
2877 3918 3083 3973 domno
3114 3918 3326 3985 abbati,
3353 3910 3688 3990 sicquecucul-

2137 4003 2192 4058 la
2221 4005 2438 4069 induta,
2466 4007 2537 4061 ad
2566 4002 2734 4077 pedes
2783 4008 2905 4078 ejus
2951 4013 3007 4062 et
3052 4009 3308 4064 omnium
3336 4006 3556 4063 fratrum
3582 4016 3687 4076 pro-

2138 4093 2398 4162 volvitur,
2429 4096 2676 4168 primum
2701 4098 2769 4151 ad
2798 4112 3012 4163 eorum,
3048 4099 3144 4170 qui
3174 4095 3247 4153 ad
3267 4096 3537 4154 sinistram
3554 4096 3688 4149 dom-

2140 4183 2199 4237 ni
2230 4184 2447 4239 abbatis
2487 4185 2746 4257 Superius
2777 4185 2995 4253 sedent,
3047 4184 3252 4243 deinde
3309 4186 3366 4243 in
3397 4188 3572 4241 dextra
3593 4176 3690 4252 ejus

2140 4281 2299 4344 parte
2329 4294 2341 4331 :
2367 4285 2563 4349 postea
2608 4284 2894 4333 revertens
2924 4276 2995 4332 ad
3026 4294 3139 4343 eos,
3183 4279 3283 4350 qui
3321 4290 3483 4349 super
3522 4266 3693 4328 scabel-

2138 4369 2258 4423 lum
2313 4362 2528 4433 sedent,
2580 4367 2821 4422 eundem
2880 4374 3064 4421 servat
3120 4368 3377 4422 ordinem
3408 4376 3420 4415 :
3449 4376 3547 4436 quo
3573 4356 3691 4415 facto

463 4455 719 4529 quaedam
750 4461 836 4510 est
863 4450 1252 4511 mansiuncula
1282 4446 1350 4511 ad
1381 4452 1705 4528 huiusmodi
1733 4458 1935 4513 fratres
1966 4466 2123 4525 re-D
2142 4457 2348 4511 iterum
2376 4450 2593 4510 veniam
2626 4452 2785 4527 petit.
2823 4448 3061 4510 Jubetur
3100 4456 3255 4511 exire
3302 4453 3371 4510 ad
3416 4466 3470 4508 se
3497 4449 3692 4506 induen-

460 4532 747 4618 cipiendos
773 4540 945 4599 tantae
975 4544 1324 4617 quantitatis,
1348 4551 1412 4600 ut
1435 4546 1534 4600 uni
1560 4540 1806 4601 sufﬁciat
1820 4540 2052 4613 homini,
2142 4547 2277 4601 dum
2311 4564 2322 4598 :
2353 4544 2656 4599 comitatur
2683 4558 2812 4600 eum
2838 4545 2991 4600 solus
3018 4542 3379 4600 camerarius.
3413 4538 3623 4598 Indutus
3646 4534 3691 4588 et

463 4636 522 4689 et
551 4628 638 4688 est
657 4620 874 4703 jugiter
900 4650 936 4687 a
962 4635 1271 4689 camerario
1302 4641 1507 4703 serata,
1551 4637 1660 4691 nisi
1685 4637 1907 4709 quando
1954 4639 2058 4692 ali-

463 4721 589 4794 quis
618 4716 846 4776 tenetur
864 4721 924 4775 in
953 4722 1196 4792 graviori
1224 4714 1405 4795 culpa,
1439 4722 1572 4779 tunc
1619 4726 1844 4780 tantUm
1884 4744 1920 4780 a
1967 4738 2059 4780 cu-

462 4798 623 4888 stode
651 4826 753 4865 suo
782 4813 951 4864 noctu
980 4800 1278 4877 clauditur,
1312 4812 1359 4867 si
1385 4814 1628 4886 suspicio
1662 4814 1808 4888 fugm
1839 4814 1892 4870 in
1927 4826 2056 4870 eum

459 4886 724 4954 habetur.
776 4896 1097 4969 Antequam
1154 4897 1446 4956 aediculam
1502 4898 1678 4957 frater
1729 4886 1854 4969 iste,
1887 4912 2059 4976 prope

462 4982 753 5043 custodem
779 4994 945 5043 suum
973 4989 1174 5044 sedens
1199 4986 1471 5058 moratur,
1507 4993 1684 5047 donec
1728 4992 1886 5046 ﬁnito
1916 4986 2060 5065 capi-

462 5068 585 5133 tulo
613 5092 742 5131 mox
767 5093 870 5149 per
899 5076 1423 5152 eleemosynarium,
1470 5081 1519 5135 si
1564 5098 1704 5154 opus
1733 5086 1837 5147 est,
1873 5099 2061 5154 scope—

460 5162 580 5234 tur,
608 5169 665 5220 et
685 5166 858 5238 junco
888 5168 1191 5223 sternatur.
1227 5158 1311 5223 Ibi
1333 5158 1550 5241 jugiter
1578 5175 1786 5237 manet,
1819 5171 1919 5226 sed
1952 5172 2062 5226 dis-

462 5243 749 5323 calciatus,
783 5260 841 5311 et
869 5257 1082 5330 absque
1133 5258 1412 5316 custodia.
1474 5250 1559 5315 Ibi
1614 5278 1784 5332 super
1822 5263 2061 5333 juncum

463 5333 674 5423 dormit
692 5342 750 5400 et
773 5338 973 5401 reﬁcit.
1016 5336 1220 5402 Nullus
1241 5347 1292 5402 ei
1314 5347 1582 5420 loquitur,
1605 5346 1712 5404 nisi
1734 5350 1910 5405 frater
1924 5368 2063 5423 prae-

460 5418 659 5510 dictus.
693 5422 793 5490 Ille
824 5433 974 5490 enim
995 5423 1063 5491 de
1108 5430 1365 5507 singulis,
1388 5418 1522 5510 qua:
1562 5439 1609 5493 si
1660 5445 1792 5494 sunt
1819 5418 2057 5510 agenda,

460 5507 629 5601 debet
656 5539 785 5577 eum
812 5534 1177 5595 praemonere,
1203 5527 1259 5579 et
1278 5514 1336 5579 in
1376 5522 1631 5598 tempore
1658 5545 1771 5582 suae
1801 5524 2058 5583 refectio-

454 5608 563 5679 nis,
597 5627 721 5683 qua
740 5614 874 5668 sunt
896 5614 1229 5671 necessaria.
1259 5605 1675 5673 administrare.
1702 5605 1771 5672 In
1787 5624 1898 5690 qua
1917 5619 2059 5675 hora

2141 4628 2406 4690 calciatus
2436 4635 2754 4700 revertitur,
2787 4640 2845 4688 et
2874 4635 3079 4689 iterum
3104 4635 3325 4689 veniam
3354 4632 3501 4705 petit.

2212 4728 2235 4748 "
2265 4723 2521 4789 Jubetur,
2554 4730 2619 4778 ut
2645 4720 2879 4779 ultimus
2911 4718 3119 4778 sedeat.
3137 4722 3215 4777 Ex
3239 4726 3371 4778 tunc
3397 4716 3605 4776 ultimus
3622 4708 3689 4766 est

2141 4808 2394 4868 omnium
2424 4813 2483 4866 in
2516 4812 2669 4867 omni
2698 4812 2838 4871 loco.
2873 4812 2998 4867 Sive
3023 4812 3098 4866 sit
3127 4806 3405 4867 litteratus
3431 4810 3538 4864 sive
3576 4806 3686 4863 non»

2143 4913 2370 4974 Semper
2418 4903 2489 4957 ad
2528 4900 2802 4974 parietem
2832 4908 2920 4956 est
2938 4898 3171 4956 ultimas
3217 4901 3276 4955 in
3322 4901 3499 4963 chara,
3548 4900 3690 4961 super

2142 4990 2447 5047 Scabellum
2496 4986 2557 5046 in
2580 4986 2844 5065 capitulo,
2877 4991 2949 5046 ad
2974 4990 3217 5046 mediam
3271 5000 3509 5044 mensam
3535 4983 3587 5037 ir.
3611 4990 3686 5032 re.

2140 5076 2391 5137 tectorio.

2214 5166 2451 5226 Interim
2475 5180 2589 5225 non
2618 5169 3013 5235 communicat,
3063 5166 3207 5224 sicut
3244 5169 3410 5223 etiam
3437 5156 3603 5218 nullus
3633 5160 3686 5208 ex

2145 5274 2497 5331 quacumque
2525 5260 2690 5330 culpa
2719 5259 2793 5314 sit
2815 5258 3069 5313 ultimus.
3102 5258 3227 5313 Non
3242 5250 3388 5311 venit
3412 5248 3477 5308 ad
3503 5256 3683 5331 pacem!

2144 5323 2257 5404 non
2276 5323 2562 5403 osculatur
2589 5323 2807 5402 textum
2840 5342 3143 5418 Evangelii.
3178 5346 3242 5402 In
3272 5338 3487 5400 ecclesia
3510 5346 3597 5392 nec
3628 5323 3684 5385 ad

2143 5434 2463 5503 lectionem,
2512 5450 2614 5494 nec
2645 5434 2714 5491 ad
2745 5443 2972 5491 cantum
3011 5441 3259 5503 notatur,
3310 5433 3378 5487 ad
3430 5426 3685 5498 coquinum

2141 5532 2367 5584 tantum
2390 5527 2577 5591 servit,
2599 5532 2654 5580 et
2683 5527 2753 5580 ad
2788 5524 3117 5579 mandatum
3156 5524 3405 5587 fratrum,
3439 5516 3683 5581 triumque

2141 5627 2478 5691 pauperum,
2500 5628 2611 5670 non
2640 5619 2831 5670 tamen
2852 5614 3044 5670 inloco
3073 5608 3387 5669 sacerdotis.
3414 5602 3492 5665 De
3514 5604 3683 5661 cetera

2141 5708 2299 5765 nulla
2322 5706 2376 5764 ei
2401 5704 2721 5764 obedientia
2745 5704 2977 5765 interim
3007 5704 3336 5779 iniungitur.
