3908 6168
245 306 397 367 1045

1306 314 1726 373 CONSTITUT.
1770 312 2110 375 HIRSAUG.
2157 349 2220 360 —
2259 313 2396 373 LIB.
2435 313 2510 373 II.

3409 306 3550 369 1046

325 435 466 491 Post
491 435 745 508 singulas
794 439 962 492 horas
1008 438 1226 494 veniam
1271 457 1443 513 super
1487 459 1671 513 genua
1706 443 1934 516 petit,A
2023 444 2132 510 Qui
2184 462 2314 500 vero
2341 443 2437 498 illo
2465 442 2629 513 longe
2671 446 2888 497 remoto
2928 441 2997 495 de
3033 439 3135 496 tali
3181 440 3345 511 culpa
3398 439 3550 494 inter

240 542 364 581 nec
380 532 569 582 tamen
590 531 822 598 propter
837 527 942 582 hoc
978 544 1039 583 se
1063 528 1133 582 ad
1153 530 1331 584 altare
1354 531 1537 586 vertit.
1560 533 1864 606 Nunquam

241 614 448 670 albam
474 616 679 682 induit,
720 616 828 670 nisi
877 617 1157 689 processio
1203 618 1262 673 in
1317 620 1457 674 albis
1506 620 1723 693 agenda
1768 623 1857 677 sit.

244 702 499 770 Quando
525 710 715 759 autem
745 708 832 760 est
858 705 979 760 sine
1006 707 1134 761 alba
1159 707 1219 762 in
1247 708 1435 774 choro,
1451 727 1484 763 a
1509 709 1743 781 pariete,
1762 728 1865 783 pro

245 794 421 847 nullo
441 793 568 849 alba
599 795 684 848 vel
713 811 891 868 cappa
912 795 1132 864 induto,
1161 796 1395 852 ultimus
1421 799 1650 854 interim
1679 800 1864 873 dimo-

246 888 448 938 vetur.

336 972 483 1042 (ῠυ.)
501 971 632 1027 Hac
649 970 874 1043 singula
910 972 1138 1027 cuilibet
1161 991 1493 1047 quacunque
1522 992 1588 1030 ex
1608 993 1777 1031 causa
1802 975 1860 1032 in

250 1061 486 1117 ultimis
516 1062 699 1133 posito
733 1067 866 1117 sunt
906 1063 1270 1130 observanda,
1308 1069 1536 1137 excepto
1595 1066 1764 1138 quod,
1797 1072 1863 1121 ut

248 1156 644 1227 praediximus,
675 1156 839 1211 venia
864 1164 992 1228 post
1011 1158 1177 1211 horas
1207 1160 1469 1229 petenda,
1491 1177 1612 1231 quae,
1639 1162 1863 1233 proprie

248 1246 414 1310 huic,
446 1246 515 1299 de
546 1262 655 1316 quo
685 1246 927 1316 agimus,
948 1252 1034 1301 est
1061 1247 1323 1318 ascripta.
1355 1246 1423 1302 In
1449 1266 1713 1320 processu
1732 1267 1862 1304 vero

249 1335 538 1405 temporis
569 1335 790 1406 aliquos
817 1334 1065 1389 seniores
1094 1336 1389 1391 humiliter
1412 1344 1576 1409 rogat
1599 1361 1612 1403 ς
1645 1339 1743 1393 sed
1771 1345 1863 1394 ta-

252 1440 392 1478 men
422 1424 635 1495 absque
660 1424 839 1491 venia,
859 1431 924 1479 ut
944 1425 1297 1481 intercedant
1314 1444 1413 1498 pro
1443 1444 1527 1481 eo.
1559 1429 1863 1499 Nunquam

253 1513 415 1567 enim
462 1513 667 1584 aliquis
712 1512 770 1566 in
814 1519 1109 1581 conventu,
1153 1531 1335 1587 neque
1372 1516 1430 1570 in
1467 1516 1590 1587 ipso
1619 1517 1863 1589 capitulo

250 1603 584 1673 hujusmodi
612 1601 1073 1658 intercessionem
1094 1620 1222 1658 cum
1251 1604 1415 1659 venia
1440 1606 1657 1677 quierit.
1686 1607 1863 1662 Iidem

252 1698 451 1746 autem
481 1691 747 1757 seniores,
799 1709 928 1747 cum
973 1692 1216 1765 primum
1261 1695 1565 1765 potuerint,
1610 1712 1710 1766 pro
1740 1698 1862 1768 ejus

1945 535 2148 590 fratres
2165 533 2479 607 publicatus
2522 532 2711 599 fuerit,
2736 531 2783 586 si
2804 530 3063 587 sacerdos
3095 534 3198 602 est,
3230 528 3385 603 prior
3412 545 3543 585 eum

1946 625 2240 696 suspendit
2279 624 2348 679 ab
2396 620 2599 691 officio,
2636 622 2707 676 ab
2753 620 3090 685 obedientia,
3132 635 3545 693 quamcumque

1946 720 2081 770 tunc
2115 715 2304 780 habet,
2347 730 2379 769 a
2424 728 2656 783 corpore
2684 709 2929 777 Domini,
2960 716 3019 766 et
3047 727 3080 765 a
3110 708 3325 765 caeteris
3348 710 3546 783 hujus-

1944 803 2097 857 modi
2122 823 2134 872 ;
2156 803 2372 874 reliqua
2392 802 2597 867 diﬂ‘ert,
2620 818 2798 872 usque
2826 801 2899 856 ad
2926 799 3144 857 abbatis
3165 799 3545 871 praesentiam.

1945 893 2193 965 Idipsum
2225 893 2484 948 observat
2501 891 2658 963 prior
2676 891 2748 946 ad
2778 890 3087 963 quamlibet
3103 888 3322 956 cellam,
3353 889 3402 944 si
3428 889 3544 945 tale

1945 983 2080 1054 quid
2127 983 2204 1037 ibi
2255 982 2522 1048 evenerit,
2565 986 2622 1036 et
2663 978 2907 1052 insuper-
2947 980 3133 1052 ipsum
3188 978 3423 1037 fratrem
3470 978 3544 1048 ad

1944 1072 2307 1144 principalem
2335 1072 2542 1136 locum,
2572 1071 2658 1126 vel
2684 1085 2785 1139 per
2812 1086 2890 1131 se,
2929 1070 3015 1123 vel
3036 1081 3137 1141 per
3164 1067 3338 1125 alium
3366 1069 3543 1127 addu-

1944 1161 2037 1220 cit.
2062 1166 2206 1217 sicut
2230 1169 2287 1216 et
2315 1160 2499 1231 illum,
2529 1158 2626 1232 qui
2646 1160 2714 1214 de
2731 1160 2864 1229 fuga
2890 1158 3067 1226 redit;
3090 1157 3238 1214 hunc
3268 1158 3419 1213 enim
3437 1174 3542 1214 nec

1945 1251 2002 1306 in
2034 1249 2343 1305 claustrum
2369 1250 2574 1305 ibidem
2606 1248 2875 1305 admittit.
2911 1247 2968 1303 Si
3009 1247 3134 1323 quis
3171 1264 3303 1302 vero
3348 1252 3544 1303 noster

1944 1341 2227 1410 professus
2256 1340 2709 1393 accommodatus
2748 1336 2956 1402 abbati,
3007 1337 3102 1408 qui
3146 1353 3213 1390 ex
3243 1336 3453 1393 nostris
3482 1336 3543 1395 in

1944 1429 2130 1484 alieno
2160 1429 2503 1487 monasterio
2533 1432 2619 1483 est
2647 1426 2959 1501 praefectus,
2991 1425 3107 1481 tale
3137 1425 3272 1499 quid
3302 1424 3542 1483 commi-

1946 1518 2101 1585 serit,
2133 1518 2280 1575 hunc
2303 1518 2453 1572 idem
2482 1516 2655 1572 abbas
2678 1533 2743 1570 ex
2757 1515 3161 1577 consuetudine
3204 1514 3454 1586 corrigit,
3485 1520 3543 1573 et

1943 1613 2135 1662 tamen
2161 1607 2208 1661 si
2237 1613 2323 1662 est
2350 1606 2419 1661 de
2448 1606 2581 1677 fuga
2606 1621 2881 1672 reversus,
2911 1620 3041 1660 cum
3068 1604 3313 1677 primum
3337 1604 3410 1659 ad
3435 1620 3540 1663 nos

1944 1696 2178 1759 venerit,
2207 1712 2564 1769 nequaquam
2590 1695 2650 1749 in
2674 1695 3002 1758 claustrum,
3035 1691 3147 1751 nisi
3175 1693 3343 1751 solita
3369 1693 3539 1751 satis-

253 1783 588 1841 omnimoda
634 1784 914 1839 solutione
959 1784 1249 1856 deprecari
1296 1802 1408 1840 non
1455 1786 1759 1857 differunt;
1813 1790 1860 1844 si
1885 1786 2183 1860 Bfactione
2228 1785 2512 1859 recipitur,
2565 1784 2786 1840 etiamsi
2836 1783 3078 1839 domnus
3118 1781 3292 1839 abbas
3333 1783 3393 1839 in
3438 1782 3540 1841 illa

250 1878 451 1927 tamen
465 1875 590 1943 ejus
610 1873 870 1927 intimam
894 1874 1285 1945 paenitentiam
1306 1876 1857 1946 perspexerint.Nam

251 1978 360 2034 pro
388 1962 564 2017 fratre
588 1963 731 2017 tales
760 1979 1016 2017 excessus
1063 1963 1121 2017 in
1159 1980 1267 2019 usu
1308 1963 1568 2029 habente,
1602 1982 1715 2021 non
1740 1972 1857 2021 tam

248 2051 369 2105 cito
417 2058 483 2105 ut
521 2052 788 2117 solvatur,
830 2053 1037 2106 domno
1077 2052 1264 2107 abbati
1311 2054 1613 2124 aliquando
1651 2071 1858 2126 sugge-

245 2141 419 2195 ritur.
472 2141 559 2195 Ad
589 2157 830 2211 quorum
876 2142 1311 2212 postulationem
1350 2144 1648 2214 praedictus
1691 2145 1860 2200 Pater

247 2231 402 2284 solet
429 2230 792 2301 respondere,
809 2235 977 2298 prout
1004 2232 1329 2300 paenitentis
1349 2232 1675 2302 qualitatem
1705 2234 1860 2289 novit

250 2318 504 2388 exigere.
529 2319 676 2372 Nam
707 2318 838 2372 talis
868 2324 1053 2389 potest
1084 2336 1227 2385 esse,
1245 2336 1411 2390 quem
1441 2321 1511 2374 ad
1542 2322 1857 2391 proximum

247 2407 567 2478 capitulum
614 2407 881 2462 restituat
926 2408 987 2462 in
1038 2408 1339 2478 pristinum
1381 2409 1588 2473 locum,
1618 2416 1675 2466 et
1703 2411 1851 2477 talis,

244 2496 341 2550 cui
386 2496 448 2553 id
494 2496 616 2550 ﬁeri
663 2497 913 2551 nondum
959 2497 1185 2552 salubre
1226 2514 1348 2552 esse
1391 2498 1673 2554 decernat.
1727 2501 1856 2557 Haec

1940 1875 2128 1946 priore
2151 1873 2532 1929 satisfactione
2561 1872 2762 1938 adfuit,
2799 1871 2909 1926 nisi
2940 1872 3083 1927 forte
3123 1871 3242 1947 ipse
3274 1871 3539 1930 eumdem

1940 1964 2200 2019 vestitum
2247 1963 2421 2035 recipi
2478 1962 2539 2017 in
2590 1960 2879 2019 audientia
2919 1960 3159 2017 fratrum
3203 1960 3534 2021 decreverit.

1938 2053 2228 2109 Adductus
2255 2058 2445 2107 autem
2477 2050 2546 2106 ad
2578 2067 2680 2107 nos
2718 2050 2832 2115 ille,
2864 2049 3116 2123 inquam,
3150 2048 3246 2121 qui
3272 2048 3407 2103 alibi
3434 2048 3540 2105 cri-

1939 2159 2070 2199 men
2099 2141 2335 2212 capitale
2366 2140 2665 2205 commisit,
2694 2140 2840 2195 sicut
2885 2154 3006 2194 mos
3053 2143 3159 2204 est,
3187 2137 3535 2195 benedictio-

1938 2248 2065 2289 nem
2094 2236 2444 2301 accepturus,
2473 2229 2587 2285 sive
2630 2228 2872 2284 domnus
2911 2225 3057 2282 abba
3097 2227 3251 2284 domi
3293 2227 3388 2293 sit,
3421 2226 3537 2285 sive

1939 2336 2070 2385 non,
2105 2319 2416 2373 claustrum
2464 2332 2593 2371 mox
2635 2315 2967 2387 ingreditur.
3000 2315 3059 2369 Si
3087 2331 3215 2370 vero
3243 2313 3396 2369 domi
3420 2330 3536 2372 non

1939 2414 2044 2475 est,
2077 2409 2408 2479 priusquam
2440 2423 2695 2463 reversus
2725 2404 2914 2470 fuerit,
2947 2404 3096 2461 idem
3125 2404 3302 2462 frater
3329 2419 3539 2478 nequa-

1938 2515 2105 2569 quam
2134 2498 2194 2551 in
2226 2496 2581 2568 praesentiam
2630 2495 2782 2550 illius
2829 2492 2981 2550 venit
3012 2512 3023 2547 :
3058 2493 3157 2549 sed
3198 2492 3429 2549 interim
3473 2492 3536 2549 in

242 2590 445 2639 autem
481 2585 808 2641 intercessio
852 2590 1095 2657 quatuor
1134 2587 1317 2641 modis
1354 2587 1476 2641 fieri
1514 2589 1677 2647 solet.
1707 2589 1852 2645 Nam
1935 2586 2246 2641 infirmaria
2300 2589 2701 2649 commoratur,
2752 2584 2929 2640 donec
2978 2583 3100 2655 ipso
3144 2582 3380 2654 jubente
3431 2598 3535 2653 per

242 2672 559 2743 aliquando
613 2675 883 2739 seniores,
931 2675 1026 2746 qui
1083 2675 1237 2747 prius
1284 2693 1385 2747 pro
1416 2693 1482 2731 eo
1526 2679 1852 2734 intercesse-
1931 2676 2180 2748 priorem
2225 2680 2282 2729 et
2323 2674 2694 2730 camerarium
2731 2678 2930 2728 exutus
2957 2671 3017 2727 in
3042 2671 3322 2727 auditorio
3345 2671 3532 2727 nudus

241 2769 408 2829 runt,
458 2764 665 2819 domno
712 2764 922 2830 abbati,
975 2781 1047 2819 ne
1103 2764 1464 2821 obliviscatur
1507 2766 1564 2822 in
1604 2769 1849 2839 capitulo
1930 2765 1988 2821 in
2015 2765 2323 2836 capitulum
2352 2761 2984 2836 repraesentetur.Quod
3008 2761 3057 2816 si
3084 2760 3326 2817 domnus
3357 2759 3531 2817 abbas

239 2851 317 2904 ad
366 2853 700 2908 memoriam
744 2854 1039 2908 reducunt.
1093 2854 1411 2925 Aliquando
1449 2872 1580 2909 vero
1627 2859 1849 2913 contin-
1930 2855 1991 2909 in
2022 2853 2365 2909 monasterio
2396 2859 2484 2908 est
2521 2853 2618 2907 illo
2647 2851 3000 2917 adveniente,
3030 2849 3160 2905 licet
3188 2849 3419 2905 interim
3468 2849 3529 2905 in

236 2938 350 3008 git,
410 2947 477 2994 ut
520 2942 818 3012 praedictus
864 2941 1038 2996 frater
1079 2943 1150 2996 de
1203 2942 1392 3014 aliqua
1443 2961 1613 3014 parva
1667 2949 1848 3018 negli-
1929 2948 2205 2998 conventu
2220 2944 2440 3012 sit,non
2466 2947 2658 2997 tamen
2679 2941 2836 3012 prius
2854 2944 2988 2995 ante
3007 2955 3139 2996 eum
3169 2938 3337 3006 venit,
3356 2954 3528 3013 quam

236 3029 443 3098 gentia
480 3031 842 3097 reclamatur,
874 3031 1064 3102 sicque
1106 3031 1240 3085 data
1286 3033 1579 3088 occasione
1617 3039 1736 3091 tam
1777 3038 1847 3092 ab
1871 3081 1911 3105 ί,
1930 3033 2001 3086 ad
2032 3032 2340 3105 capitulum
2359 3031 2431 3087 ab
2445 3048 2510 3086 eo
2529 3030 2925 3102 proclametur,
2945 3029 3136 3101 sicque
3156 3027 3527 3101 petitavenia,

238 3081 275 3098 υ
342 3081 437 3085 ""'
481 3081 842 3097 —"""—'"“’1
874 3081 1059 3102 ""]"'
1112 3081 1239 3085 ’⁷⁷⁷⁷⁷⁷
1292 3081 1577 3088 """'"""
1622 3081 1736 3091 ’“’⁸⁴⁶
1777 3081 1846 3092 *ν
1898 3084 1911 3104 ἱ

238 3118 462 3173 eisdem
509 3120 844 3186 senioribus,
899 3137 1070 3192 quam
1107 3138 1141 3174 a
1177 3121 1394 3176 caeteris
1434 3123 1699 3179 fratribus
1746 3143 1847 3198 pro
1870 3081 1913 3140 β

235 3206 340 3260 illo
372 3209 742 3280 supplicatur,
782 3209 1084 3281 aliquando
1113 3216 1303 3266 autem
1341 3217 1615 3283 prasente
1643 3215 1848 3273 abbate

237 3297 387 3366 petit
428 3298 670 3364 veniam,
700 3304 1027 3370 spontanee,
1059 3304 1131 3373 ut.
1150 3316 1215 3353 eo
1240 3302 1613 3371 opportunius
1641 3303 1846 3360 fratres

235 3402 345 3457 pro
375 3403 444 3440 eo
470 3389 687 3459 possint
714 3388 1090 3455 intercedere;
1130 3389 1433 3460 aliquando
1472 3408 1601 3446 vero
1639 3394 1842 3463 evenit,

235 3481 303 3531 ut
323 3476 448 3546 ipse
474 3477 714 3533 domnus
737 3478 912 3533 abbas
942 3483 1099 3533 vocet
1118 3484 1346 3544 eum,ut
1370 3486 1565 3553 surgat
1578 3482 1704 3536 etin
1726 3501 1844 3539 me-

234 3564 402 3619 dium
435 3567 643 3633 veniat,
666 3568 821 3621 nullo
842 3567 1199 3633 admonente.
1219 3567 1340 3632 Quo
1353 3569 1573 3623 veniam
1593 3576 1839 3641 petente,

234 3653 495 3725 loquitur
509 3662 887 3711 consentanea
921 3663 978 3711 et
1008 3673 1190 3712 causae
1209 3663 1266 3711 et
1285 3673 1557 3728 personae,
1581 3665 1639 3714 et
1659 3662 1846 3716 reddit

231 3743 289 3796 ei
311 3743 641 3813 pristinum,
664 3746 750 3799 vel
782 3745 829 3798 si
850 3746 1050 3816 placet,
1082 3745 1404 3799 inferiorem
1434 3746 1643 3804 locum.
1678 3750 1844 3805 Cadit

231 3833 307 3887 ad
336 3834 517 3904 pedes
542 3834 680 3904 ejus,
705 3834 854 3889 sicut
879 3835 1051 3889 etiam
1083 3834 1319 3906 quilibet
1348 3844 1462 3892 tam
1508 3838 1566 3891 in
1608 3840 1844 3896 ecclesia

234 3938 413 3992 quam
444 3922 506 3976 in
540 3924 809 3994 capitulo,
851 3923 896 3977 si
943 3924 1167 3995 quando
1215 3940 1342 3979 eum
1383 3928 1725 3996 promoverit
1768 3929 1841 3983 ad

230 4010 424 4065 locum
456 4012 737 4067 altiorem.
770 4013 930 4077 Quod
959 4013 1006 4067 si
1034 4013 1156 4084 ipse
1198 4014 1519 4085 impeditus,
1560 4016 1616 4070 id
1665 4018 1840 4087 priori

228 4101 605 4167 commiserit,
636 4110 694 4156 et
720 4102 814 4156 ille
844 4102 902 4157 in
931 4103 1177 4173 capitulo
1206 4104 1443 4158 fratrum
1472 4121 1592 4159 rem
1623 4104 1841 4160 indica-

232 4189 398 4249 verit,
421 4196 715 4260 promotus
739 4190 976 4262 pedibus
1015 4191 1166 4246 illius
1199 4192 1347 4247 illico
1372 4193 1745 4263 provolvitur;
1782 4200 1841 4249 et

229 4277 495 4349 quamvis
525 4278 789 4351 deinceps
803 4279 1018 4335 nullam
1047 4279 1118 4333 ab
1143 4280 1268 4335 aliis
1298 4282 1709 4352 separationem
1735 4299 1836 4352 pa-

226 4365 432 4431 tiatur,
461 4373 653 4421 tamen
681 4368 728 4422 si
766 4369 874 4422 fuit
898 4368 1137 4423 fratrum
1169 4368 1469 4435 confessor,
1511 4371 1597 4424 vel
1643 4371 1714 4425 ad
1744 4387 1834 4426 sa-

1929 3122 2312 3193 przescriptam
2339 3137 2440 3192 per
2466 3120 2654 3177 omnia
2694 3119 2763 3174 de
2805 3117 3052 3191 graviori
3080 3116 3248 3191 culpa
3274 3116 3527 3190 discipli-

1925 3227 2055 3266 nam
2088 3212 2391 3283 experitur.

1999 3301 2129 3355 Haec
2166 3298 2575 3356 emendationis
2619 3298 2728 3366 lex,
2779 3313 2948 3369 quam
2993 3297 3257 3363 diximus,
3302 3314 3529 3371 semper

1928 3389 2275 3444 observanda
2308 3394 2413 3456 est,
2462 3388 2521 3444 in
2568 3388 2891 3459 hujusmodi
2921 3386 3185 3459 lapsibus,
3232 3387 3345 3442 nisi
3374 3387 3526 3459 quod

1926 3479 2133 3533 domno
2153 3478 2342 3533 abbati
2382 3478 2526 3533 clam
2550 3478 2785 3533 allatum
2814 3476 3000 3543 fuerit,
3025 3476 3145 3548 ipse
3173 3476 3346 3532 etiam
3376 3475 3522 3532 clam.

1923 3573 2168 3623 tractare
2187 3568 2338 3635 velit;
2369 3566 2501 3639 quia
2520 3566 2647 3621 talis
2659 3583 2841 3622 causae
2853 3566 3114 3621 tractatio
3135 3565 3192 3620 in
3214 3566 3333 3637 ejus
3347 3565 3525 3621 solius

1924 3658 2132 3727 pendet
2150 3657 2406 3712 arbitrio.
2439 3657 2497 3712 Si
2526 3655 2651 3728 quis
2675 3662 2866 3711 autem
2895 3655 2965 3709 de
2982 3655 3139 3726 gravi
3162 3654 3327 3728 culpa
3350 3655 3525 3710 incla-

1924 3750 2114 3800 matus
2165 3744 2474 3816 negaverit,
2508 3745 2698 3816 sicque
2746 3760 2838 3799 res
2886 3744 2947 3800 in
3000 3742 3234 3799 dubium
3285 3744 3518 3811 venerit,

1924 3834 2371 3889 consuetudinali
2395 3834 2607 3906 judicio
2636 3833 2864 3888 interim
2893 3833 3110 3889 ferente
3149 3850 3184 3888 ι
3225 3848 3337 3906 quo
3364 3850 3520 3889 com-

1924 3924 2215 3993 probatur,
2243 3924 2301 3977 id
2317 3940 2351 3979 a
2363 3923 2607 3994 capitulo
2637 3922 2913 3989 differtur,
2932 3927 3260 3995 secretoque
3278 3922 3523 3996 probata

1920 4012 2127 4068 iterum
2157 4013 2291 4068 illuc
2320 4012 2598 4079 refertur;
2630 4017 2858 4083 excepto
2899 4012 3017 4066 solo
3063 4011 3298 4067 crimine
3338 4011 3520 4067 ternis

1920 4102 2175 4156 cationis.
2195 4101 2354 4166 Quod
2386 4099 2612 4171 quidem
2644 4116 2770 4154 cum
2800 4105 3031 4171 propter
3054 4100 3382 4154 scandalum
3402 4114 3518 4154 non

1919 4190 2237 4256 reclamari,
2261 4190 2357 4243 sed
2374 4189 2581 4243 domno
2602 4187 2814 4257 abbati,
2842 4189 2928 4242 vel
2957 4204 3024 4241 eo
3073 4187 3304 4242 absente
3340 4187 3517 4259 priori

1919 4286 2133 4336 secreto
2161 4279 2307 4334 solet
2331 4277 2604 4332 intimari.
2630 4276 2688 4331 Si
2710 4275 2780 4331 ab
2810 4276 3001 4350 aliquo
3022 4275 3324 4333 indiscreta
3341 4277 3516 4331 recla-

1918 4373 2127 4434 matur,
2149 4365 2323 4422 simili
2341 4366 2510 4421 etiam
2530 4364 2875 4436 probationis
2887 4362 3178 4419 occasione
3201 4381 3237 4418 a
3265 4364 3512 4436 capitulo

224 4470 355 4508 cros
385 4455 613 4510 ordines
641 4462 954 4526 promotus,
987 4473 1344 4528 nequaquam
1372 4458 1461 4511 his
1486 4459 1683 4514 officiis
1713 4441 1899 4515 fun-D
1918 4456 2288 4512 differendum
2343 4460 2446 4510 est.
2505 4454 2614 4510 Sed
2667 4452 3170 4525 quomodocunque
3210 4452 3514 4525 probatum

221 4543 408 4614 gitur,
442 4544 553 4598 nisi
585 4552 642 4599 et
667 4546 1027 4616 postmodum
1066 4563 1167 4617 pro
1213 4546 1370 4601 bonae
1402 4548 1524 4602 vitae
1552 4549 1769 4603 meritis
1801 4567 1837 4605 a

222 4632 443 4687 domno
475 4632 677 4688 abbate
704 4635 1062 4690 concedatur.
1098 4636 1168 4690 Et
1196 4636 1246 4689 si
1274 4636 1424 4690 inter
1453 4637 1748 4692 saeculares
1764 4639 1834 4693 de

223 4723 426 4793 aliquo
457 4724 692 4778 crimine
743 4724 1057 4795 publicatus
1104 4724 1229 4792 fuit,
1272 4742 1550 4796 nusquam
1592 4727 1833 4797 amplius

222 4818 394 4864 extra
431 4812 741 4867 claustrum
772 4814 1035 4881 mittitur,
1069 4814 1177 4868 nisi
1218 4820 1336 4869 tam
1379 4820 1571 4869 sancte
1600 4821 1658 4870 et
1680 4817 1833 4885 justo

221 4900 455 4966 vixerit,
488 4902 637 4971 quod
667 4902 719 4957 ei
747 4902 888 4957 bene
913 4902 1174 4974 deinceps
1203 4904 1356 4958 credi
1376 4905 1569 4975 possit.
1603 4905 1762 4970 Quod
1785 4904 1832 4959 si

218 4989 280 5043 in
312 4988 432 5044 alio
461 4990 585 5044 loco
614 5008 785 5062 quam
822 4993 972 5062 apud
998 5009 1099 5048 nos
1129 4993 1243 5048 tale
1282 4994 1415 5064 quid
1464 4993 1825 5066 perpetravit,

220 5078 363 5133 illuc
386 5079 506 5148 jam
539 5081 784 5151 amplius
815 5097 928 5135 non
956 5081 1180 5147 redibit,
1215 5083 1638 5154 qualiscumque
1666 5084 1828 5140 testi-

217 5167 407 5222 monii
426 5168 600 5223 fuerit
621 5174 679 5223 et
696 5175 1214 5242 quantumcumque
1234 5188 1402 5226 senex
1422 5171 1609 5226 fuerit.
1632 5172 1690 5227 Si
1719 5188 1829 5242 qua

218 5257 385 5310 mala
417 5256 660 5327 suspicio
700 5257 891 5311 fratris
937 5258 1109 5312 fuerit
1158 5261 1355 5314 tandiu
1402 5262 1682 5315 laternam
1727 5261 1829 5316 sub

218 5344 493 5400 custodia
520 5346 787 5417 portabit,
812 5346 991 5401 donec
1019 5360 1121 5419 per
1146 5364 1425 5404 summam
1450 5348 1830 5404 humilitatem

216 5440 598 5505 sanctamque
632 5436 1115 5491 conversationem
1140 5437 1269 5492 inde
1300 5439 1510 5493 absolvi
1538 5440 1829 5496 meruerit.

221 5526 361 5580 Haec
392 5524 665 5580 hactenus
688 5526 757 5580 de
788 5526 882 5581 illo
916 5526 1029 5598 qui,
1064 5527 1270 5582 domno
1305 5529 1506 5585 abbate
1530 5529 1685 5584 domi
1698 5546 1833 5584 con-

216 5613 487 5685 sistente,
517 5614 708 5686 lapsus
747 5620 833 5671 est
857 5615 918 5671 in
944 5615 1159 5673 crimen
1187 5618 1443 5691 capitale.

1917 4562 2206 4617 nunquam
2234 4546 2366 4600 illuc
2395 4549 2482 4599 est
2500 4543 2874 4607 referendum,
2900 4558 2968 4596 ea
2982 4541 3240 4597 videlicet
3260 4542 3509 4613 ratione;

1917 4642 1981 4693 ut
2009 4639 2055 4692 si
2085 4638 2209 4709 quis
2254 4654 2385 4692 reus
2428 4636 2690 4690 inventus
2716 4633 2903 4701 fuerit,
2931 4635 3038 4689 hoc
3066 4641 3285 4690 secreta
3321 4635 3515 4691 distri~

1914 4727 2098 4781 ctione
2123 4726 2461 4797 experiatur,
2491 4725 2637 4796 quod
2674 4724 2733 4777 in
2772 4723 2992 4794 publica
3014 4723 3363 4791 confusione,
3396 4740 3512 4780 non

1914 4815 2019 4870 sibi
2051 4816 2149 4869 sed
2181 4815 2394 4871 caeteris
2422 4817 2692 4887 parcitur.
2725 4814 2885 4867 Hanc
2912 4813 3083 4867 etiam
3121 4813 3514 4885 probationem

1914 4904 2069 4976 prior
2097 4905 2251 4975 facit,
2272 4905 2479 4959 domno
2496 4903 2698 4958 abbate
2717 4919 2830 4957 non
2849 4902 3072 4974 longius
3099 4907 3319 4959 remoto
3339 4919 3512 4976 quam

1912 5004 1998 5050 est
2023 4993 2133 5050 iter
2155 4992 2332 5049 bidui.

2528 5082 2761 5138 CAPUT
2797 5082 2892 5138 VI.

2227 5175 2302 5229 De
2330 5176 2461 5228 aliis
2488 5175 2779 5242 generibus
2808 5175 3189 5242 correptionis.

1986 5262 2131 5332 (UD.)
2159 5263 2305 5317 Sunt
2331 5267 2520 5317 autem
2550 5262 2699 5334 apud
2725 5278 2827 5316 nos
2857 5261 3040 5316 adhuc
3068 5267 3125 5316 et
3153 5262 3266 5317 alia
3301 5279 3512 5335 genera

1912 5351 2302 5423 correptionis.
2337 5367 2461 5422 quae
2500 5365 2613 5405 non
2650 5349 2830 5405 solum
2875 5350 3117 5406 domnus
3164 5351 3309 5406 abba
3354 5349 3507 5419 facit,

1915 5441 2011 5495 sed
2036 5440 2226 5507 etiam,
2259 5440 2305 5495 si
2333 5457 2472 5513 opus
2519 5440 2707 5505 fuerit,
2752 5438 2907 5512 prior
2950 5456 3015 5495 eo
3058 5437 3307 5497 absente.
3340 5442 3513 5499 Nulla

1915 5530 2065 5584 enim
2113 5530 2518 5586 monachorum
2563 5529 2796 5585 ecclesia
2833 5533 3058 5586 tantum
3105 5530 3512 5589 dehonestum

1914 5623 2146 5691 propter
2158 5618 2293 5692 quid
2304 5618 2436 5688 tale,
2451 5618 2601 5691 quod
2620 5617 2691 5675 ab
2712 5617 2900 5691 aliquo
2920 5617 3098 5679 fratre
3115 5619 3506 5693 committitur,
