3872 6164
421 242 561 302 1047

1463 251 1519 311 S.
1563 251 1960 310 GUILLELMI
1998 255 2302 313 ABBATIS
2344 256 2680 317 HIRSAUG.

3528 251 3644 313 1048

420 375 694 443 quantum
717 374 944 446 propter
962 372 1086 439 hoc,
1110 373 1155 427 si
1178 373 1325 444 quod
1348 376 1608 447 nequiter
1630 384 2010 449 perpetretur,
2029 383 2080 442 A
2096 383 2318 441 niendi:
2352 387 2583 455 propter
2599 382 2724 446 hoc,
2747 385 2811 437 ut
2836 380 3042 437 iterum
3062 379 3403 436 verberetur.
3418 378 3587 435 Potuit
3601 387 3649 436 et

419 460 770 531 negligenter
788 465 845 515 et
863 460 1073 532 absque
1089 462 1256 532 digna
1270 464 1663 520 emendatione
1676 467 2011 522 dimittatur.

421 548 633 604 Idcirco
686 548 733 602 si
764 548 890 621 quis
918 549 988 603 de
1018 550 1206 621 aliquo
1259 550 1473 621 ﬂagitio
1528 553 1663 608 foris
1710 555 2016 610 claustrum

418 637 718 692 commisso
746 637 1069 707 divulgatur
1087 639 1141 692 in
1164 641 1389 711 pepulo.
1405 641 1464 695 in
1478 643 1776 712 pi‘aesentia
1796 660 2017 716 quoque

417 725 608 797 populi
638 726 782 780 solet
807 726 1116 792 emendari,
1146 733 1212 782 ut
1234 729 1330 799 Qui
1350 731 1472 800 ejus
1501 745 1787 786 excessum
1809 749 2016 803 cogno-

416 814 619 879 Verint,
675 820 1015 886 cognoscant
1053 813 1223 870 etiam
1261 818 1732 874 emendationem.
1783 821 2015 877 Cunctis

419 904 593 968 enim,
623 904 719 975 qui
743 904 930 959 videre
952 904 1232 960 voluerint
1257 906 1664 975 videntibus,et
1692 911 1935 964 maxime
1956 910 2015 965 in

419 993 606 1047 media
631 993 818 1064 platea
848 994 1100 1064 ejusdem
1135 995 1259 1059 loci,
1284 995 1343 1048 in
1370 1012 1480 1067 quo
1514 999 1874 1053 commissum
1907 1006 2012 1066 est,

417 1083 685 1148 nudatur,
739 1081 965 1153 ligatur,
1016 1090 1073 1137 et
1108 1083 1456 1139 verberatur.
1499 1087 1570 1139 Et
1614 1088 1867 1157 quamvis
1912 1089 2018 1143 hoc

418 1170 896 1225 districtissimum
945 1188 1124 1242 genus
1166 1174 1533 1244 correptionis
1572 1181 1628 1229 et
1674 1174 2017 1232 confusionis

419 1259 513 1326 sit,
546 1264 741 1331 postea
767 1264 958 1315 tamen
988 1260 1046 1315 in
1086 1261 1379 1333 principali
1411 1262 1530 1318 loco
1572 1265 1815 1335 graviori
1844 1267 2018 1337 culpze

417 1348 746 1418 subjacebit.

491 1438 566 1491 At
586 1437 634 1491 si
660 1438 825 1508 culpa
862 1454 967 1492 sua
995 1455 1107 1493 non
1138 1446 1223 1494 est
1247 1441 1316 1495 de
1334 1441 1684 1512 gravioribus
1705 1443 1889 1510 malis,
1918 1444 2017 1499 sed

422 1525 586 1592 forte,
618 1533 682 1580 ut
712 1542 839 1581 cum
871 1527 1060 1598 aliquo
1090 1529 1459 1584 inhonestein
1480 1532 1769 1586 audientia
1789 1534 2019 1604 popula-

2099 472 2211 526 tale
2236 472 2373 542 quid
2403 477 2520 526 tam
2558 476 3068 542 prmsumptuosum
3112 470 3173 524 in
3219 469 3502 541 praesentia
3520 470 3651 542 loqui

2100 560 2291 615 domni
2322 559 2563 626 abbatis,
2612 560 2699 614 vel
2741 559 2913 614 etiam
2961 558 3191 631 prioris,
3240 564 3305 612 ut
3335 564 3545 629 propter
3564 559 3653 613 hoc

2052 691 2075 725 ,ε
2101 649 2271 703 etiam
2303 666 2416 704 non
2448 648 2633 703 minus
2667 649 2861 704 tabula
2910 648 3283 720 percutiatur,
3326 647 3453 701 item
3488 647 3655 720 preci-

2098 738 2288 811 piente
2316 739 2522 793 domno
2570 738 2793 793 abbate.
2834 737 2902 793 In
2943 737 3276 809 hujusmodi
3313 754 3439 808 ergo
3480 754 3655 792 nonre

2099 826 2198 880 sed
2219 826 2337 880 solo
2357 827 2584 881 nomine
2607 827 2898 894 monacho,
2920 842 3030 881 non
3050 826 3194 880 ordo
3213 823 3524 888 servandus,
3543 839 3655 891 non,

2097 914 2316 970 abbatis
2336 915 2770 982 commiseratio,
2793 931 2905 969 non
2933 915 3226 970 seniorum
3254 913 3549 985 compassio
3579 914 3659 967 ad-

2098 1004 2343 1058 hibenda
2369 1023 2380 1071 ;
2415 1004 2511 1058 sed
2550 1004 2855 1075 corporalis
2880 1003 3156 1058 districtio
3188 1002 3384 1057 tandiu
3413 1007 3492 1056 est
3515 1019 3657 1073 exag-

2098 1094 2368 1164 geranda,
2401 1110 2692 1165 quousque
2724 1094 2829 1148 hoc
2857 1093 3174 1148 voluntarie
3214 1093 3397 1146 facere
3439 1092 3655 1162 incipiat,

2100 1183 2248 1253 quod
2277 1189 2725 1253 prasumptuosa
2750 1183 2905 1255 prius
2934 1181 3224 1236 induratio
3255 1197 3365 1235 non
3388 1178 3660 1233 sinebat.Si

2100 1271 2227 1342 quis
2249 1277 2439 1325 autem
2456 1272 2633 1325 frater
2661 1272 2904 1343 priorem
2916 1272 3002 1325 vel
3023 1270 3246 1325 modice
3265 1267 3655 1333 conturbaverit,

2101 1376 2227 1414 mox
2257 1376 2384 1414 cum
2417 1361 2579 1414 venia
2604 1361 2896 1415 satisfecit.
2938 1360 3091 1414 Talis
3133 1364 3325 1431 potest
3359 1374 3474 1411 esse
3504 1373 3660 1410 exces-

2099 1465 2195 1502 sus
2247 1448 2440 1502 fratris
2489 1449 2546 1502 in
2596 1450 2851 1513 fratrem,
2882 1466 2983 1519 pro
3028 1464 3142 1519 quo
3192 1452 3411 1500 tantum
3442 1445 3596 1515 signis
3618 1446 3660 1500 ei

2099 1554 2259 1592 suam
2284 1536 2516 1592 inducat
2542 1539 2969 1609 paenitudinem.
3000 1540 3075 1591 At
3103 1536 3155 1590 si
3179 1536 3296 1590 tale
3324 1535 3452 1606 quid
3481 1535 3534 1588 in
3557 1551 3662 1588 con-

421 1615 568 1669 rium
596 1615 978 1683 contenderit;
999 1633 1101 1687 pro
1129 1617 1471 1686 hujusmodi,
1507 1637 1632 1674 cum
1655 1622 1868 1675 venerit
1898 1623 2017 1676 dies
2055 1693 2063 1694 ί
2104 1631 2272 1681 ventu
2298 1627 2448 1693 facit,
2480 1627 2631 1680 unde
2668 1627 2806 1680 alios
2846 1625 3219 1681 scandalizari
3246 1623 3536 1694 cognoscit,
3564 1639 3663 1693 pro-

420 1703 731 1771 Dominica,
763 1705 846 1758 vel
871 1704 983 1759 alia
1007 1704 1297 1773 festivitas,
1333 1724 1455 1778 quae
1479 1708 1730 1775 feriatur,
1765 1711 2020 1782 pepulari
2041 1693 2086 1752 Β
2107 1722 2234 1788 pter
2263 1716 2368 1769 hoc
2397 1715 2456 1769 in
2493 1716 2738 1787 capitulo
2766 1716 2983 1770 veniam
3016 1714 3165 1786 petit
3204 1693 3421 1785 sponte,
3450 1712 3663 1782 alioquin

420 1799 697 1847 conventu
747 1792 1022 1848 celebrius
1068 1795 1137 1848 ad
1183 1795 1409 1850 initium
1459 1798 1643 1853 missa}
1672 1800 2021 1854 matutinalis

420 1886 807 1949 concurrente,
838 1883 908 1937 ad
937 1883 1227 1938 ecclesiam
1274 1891 1388 1940 stat
1428 1886 1548 1958 ipse
1593 1888 1759 1942 nudis
1789 1888 2022 1960 pedibus

420 1987 595 2042 prepe
625 1972 775 2026 fores
803 1972 1065 2035 ecclesiae,
1087 1979 1145 2027 et
1163 1990 1338 2029 unum
1377 1976 1620 2030 codicem
1651 1978 2023 2046 grandiuscu-

420 2059 539 2113 lum
562 2064 716 2114 tenet
739 2060 798 2113 in
824 2076 1016 2114 manu.
1040 2062 1327 2133 Capellum
1360 2081 1489 2119 vero
1510 2082 1622 2120 non
1638 2067 1842 2126 induit.
1865 2073 1930 2122 ut
1947 2066 2018 2121 ab

423 2147 685 2202 omnibus
727 2151 955 2218 agnosci
998 2150 1195 2220 possit.
1226 2153 1455 2207 Nemini
1494 2154 1745 2225 loquitur
1784 2155 2020 2210 intranti

420 2236 509 2292 vel
538 2235 781 2290 exeunti.
817 2238 974 2292 Unus
1021 2239 1169 2293 enim
1217 2240 1461 2295 famulus
1508 2259 1728 2314 semper
1752 2250 1838 2298 est
1858 2246 2022 2315 juxta

422 2325 602 2391 illum,
648 2325 745 2395 qui
786 2325 937 2380 dicat
964 2327 1442 2398 interrogantibus
1470 2337 1703 2402 propter
1731 2333 1864 2403 quid
1892 2333 2022 2388 talis

423 2413 473 2467 ei
505 2413 832 2484 pmnitentia
883 2414 958 2467 sit
1006 2415 1234 2471 indicta.
1285 2418 1430 2473 Nam
1477 2436 1591 2474 non
1639 2421 1850 2476 recedit
1892 2423 2023 2476 inde

429 2518 724 2574 quousque
752 2503 925 2557 missa
946 2504 1196 2559 ﬁniatur.

1029 2594 1263 2650 CAPUT
1300 2596 1426 2650 VII.

814 2681 1039 2737 [labellis
1057 2685 1321 2750 quomodo
1343 2689 1629 2740 tractetur.

501 2770 632 2841 (111).)
660 2771 822 2837 Quod
861 2771 909 2826 si
953 2771 1078 2843 quis
1106 2771 1431 2828 inobediens
1469 2780 1527 2829 et
1571 2775 1796 2830 rebellis
1835 2777 2024 2849 aliquo

425 2859 593 2913 modo
622 2860 793 2914 fuerit
816 2860 877 2914 in
900 2861 1165 2932 capitulo,
1211 2863 1418 2918 fratres
1464 2881 1532 2918 ex
1575 2882 1731 2920 more
1766 2883 1881 2921 non
1926 2884 2023 2920 ex-

421 2955 697 3021 spectant,
719 2955 785 3006 ut
804 2951 1167 3023 praecipiatur
1179 2953 1601 3024 comprehendi,
1633 2955 1731 3008 sed
1746 2955 1852 3026 ipsi
1872 2956 2023 3010 ultro

422 3039 690 3094 continuo
717 3040 999 3095 irruentes
1045 3042 1546 3110 comprehendunt,
1577 3048 1634 3097 et
1660 3044 1896 3098 invitum
1926 3061 2021 3098 ex-

423 3128 685 3199 spoliant,
718 3135 776 3184 et
807 3129 854 3183 si
884 3129 1103 3184 videtur
1143 3131 1336 3201 priori,
1378 3131 1507 3186 licet
1551 3139 1720 3187 antea
1759 3132 2021 3187 verbera-

417 3223 563 3285 tum,
591 3218 757 3289 jubet
778 3218 986 3274 acriter
1030 3219 1200 3289 virgis
1238 3220 1375 3274 caedi
1404 3239 1416 3288 ;
1445 3220 1677 3293 insuper
1706 3238 1929 3293 quoque
1958 3223 2017 3276 in

418 3304 603 3378 Begas
637 3308 720 3361 vel
750 3307 809 3362 in
839 3324 1120 3362 carcerem
1152 3309 1320 3375 mitti,
1356 3311 1501 3380 quod
1535 3311 1882 3365 consuetudo
1905 3328 2018 3366 non

419 3395 770 3460 contradicit,
806 3394 980 3448 etiam
1017 3396 1065 3448 si
1106 3396 1346 3450 domnus
1375 3396 1550 3450 abbas
1578 3397 1634 3451 in
1677 3399 2018 3453 monasterio

417 3482 512 3537 sit.
546 3482 655 3536 Sed
683 3482 731 3536 si
761 3483 912 3536 inter
934 3483 1181 3537 eundum
1231 3484 1302 3537 ad
1346 3500 1624 3539 carcerem
1652 3486 1899 3556 aliquam
1926 3482 2018 3541 re-

417 3569 717 3624 bellionem
744 3571 1009 3638 ostendit,
1040 3572 1392 3627 solummodo
1430 3590 1558 3628 eum
1592 3574 1759 3629 minis
1781 3581 2015 3631 terrent.

421 3659 487 3713 In
517 3674 796 3713 carcerem
827 3675 959 3713 vero
993 3660 1280 3715 mittentes
1295 3662 1452 3733 prius
1468 3663 1729 3717 auferunt
1750 3664 1799 3717 ei
1819 3665 2019 3735 cingu-

418 3745 537 3801 lum
558 3762 684 3803 cum
706 3748 952 3802 cultello.
975 3748 1059 3803 Ibi
1082 3750 1332 3820 quandiu
1348 3751 1499 3820 jacet
1518 3750 1657 3805 nihil
1686 3752 1755 3806 de
1778 3752 1900 3806 cibo
1931 3753 2019 3807 vel

419 3840 554 3907 potu
574 3841 785 3905 gustat,
811 3836 920 3891 nisi
937 3837 1085 3908 quod
1124 3837 1364 3892 domnus
1394 3838 1556 3905 abba,
1578 3840 1681 3905 vel,
1706 3840 1802 3894 illo
1823 3840 2019 3896 absen-

419 3929 496 3988 te,
522 3924 679 3995 prior
691 3925 941 3995 jusserit.
958 3926 1164 3981 Carcer
1185 3933 1271 3981 est
1293 3928 1423 3983 talis
1443 3928 1499 3982 in
1526 3945 1693 4000 quem
1718 3946 1847 3985 cum
1868 3930 2020 3985 scala

416 4012 796 4081 descenditur,
827 4031 930 4070 nec
960 4016 1187 4081 ostium,
1229 4033 1333 4071 nec
1361 4017 1666 4072 fenestram
1694 4018 1879 4075 habet.

1009 4106 1243 4161 CAPUT
1279 4107 1432 4162 VIII.

1082 4196 1155 4250 De
1174 4198 1350 4264 Bagis.

480 4283 625 4353 (ἰτυ.)
647 4282 728 4337 De
756 4281 902 4355 (1‘22)
939 4283 1107 4354 Bogis
1127 4301 1468 4355 quocunque
1496 4290 1631 4340 sunt
1655 4285 1911 4357 quaedam
1941 4287 2017 4342 le-

2101 1804 2437 1860 inclamatus
2466 1804 2791 1858 districtiori
2819 1803 3132 1875 subjacebit
3164 1800 3471 1856 sententiae.

2731 1894 2964 1949 CAPUT
2999 1894 3070 1947 X.

2107 1985 2175 2039 De
2200 1985 2379 2051 fratre
2409 1986 2509 2051 qui
2535 1989 2835 2051 spontesua
2852 1984 2916 2037 de
2934 1984 3278 2036 monasterio
3305 1980 3584 2050 egreditur,
3600 1980 3663 2031 ret

2733 2057 3051 2124 projicitur.

2169 2143 2317 2213 (UD.)
2345 2143 2561 2206 Frater,
2611 2160 2781 2214 super
2825 2159 2935 2213 quo
2977 2143 3032 2196 S.
3086 2141 3423 2196 Benedictus
3451 2137 3664 2210 praecipit

2106 2232 2266 2299 (Reg.,
2296 2230 2385 2293 28,
2422 2234 2493 2297 7),
2526 2238 2592 2287 ut
2620 2232 2792 2287 abbas
2830 2237 3024 2286 utatur
3070 2232 3227 2285 ferro
3264 2227 3610 2292 abseissionis,
3634 2242 3661 2279 a

2103 2321 2412 2375 camerario
2460 2321 2519 2375 in
2564 2321 2890 2375 vestiarium
2922 2322 3127 2375 ductus
3165 2319 3470 2389 habituque
3504 2330 3661 2370 mona-

2105 2410 2262 2464 chico
2290 2417 2508 2477 exutus,
2542 2428 2607 2465 ac
2635 2410 3002 2476 vestimentis,
3038 2426 3165 2480 quae
3211 2408 3331 2481 ipse
3380 2405 3568 2469 attulit,
3595 2403 3660 2458 vel

2105 2499 2230 2554 aliis
2256 2499 2530 2554 similibus
2558 2501 2791 2555 indutus
2817 2500 3136 2571 projicitur.
3179 2499 3461 2568 Projectus
3502 2502 3660 2548 autem

2106 2589 2219 2643 sive
2247 2606 2505 2660 egressus
2550 2590 2777 2661 proprio
2821 2589 2959 2644 vitio
2988 2590 3059 2643 de
3103 2586 3462 2651 monasterio,
3493 2591 3571 2638 ter
3594 2588 3662 2637 est

2104 2679 2479 2749 recipiendus.
2513 2685 2885 2750 receptusque
2913 2679 2961 2733 si
2990 2684 3149 2733 caret
3187 2677 3381 2731 habitu
3409 2673 3661 2728 monachi-

2105 2784 2191 2835 co,
2223 2768 2282 2822 in
2307 2768 2778 2839 eleemosynaria;
2809 2768 2897 2822 sin
2927 2774 3141 2832 autem,
3169 2767 3229 2820 in
3251 2766 3414 2819 domo
3436 2760 3661 2833 hospitali

2104 2856 2411 2910 servandus
2459 2873 2637 2927 usque
2683 2857 2743 2911 in
2789 2856 2957 2921 diem,
2992 2872 3106 2928 qua
3143 2851 3550 2926 congregationi
3593 2855 3663 2903 est

2105 2944 2486 3000 associandus.
2537 2946 2644 3010 Qui
2692 2946 2739 3000 si
2785 2946 2990 3000 iterum
3030 2944 3408 3017 persuadente
3454 2939 3661 2999 diabolo.

2104 3039 2407 3105 antequam
2437 3035 2496 3089 in
2525 3035 2836 3089 claustrum
2870 3035 3180 3106 recipiatur
3197 3033 3475 3088 discedere
3502 3029 3601 3083 vult
3624 3026 3663 3080 si

2103 3122 2393 3194 improbus
2421 3123 2813 3194 incorrigibilis
2841 3123 3327 3183 sit.dimittendus
3351 3127 3464 3187 est;
3488 3118 3531 3172 si
3554 3131 3662 3171 vero

2099 3212 2389 3282 probatus,
2422 3218 2480 3267 et
2505 3214 2681 3278 utilis,
2696 3214 2754 3268 in
2773 3213 2863 3267 via
2891 3217 2978 3266 est
2997 3211 3387 3275 destinendus,
3411 3208 3530 3281 quia
3552 3204 3659 3260 talis

2100 3302 2293 3367 etiam,
2324 3302 2370 3356 si
2401 3302 2626 3373 fugerit.
2666 3302 3087 3373 persequendus
3116 3307 3226 3369 est,
3275 3305 3333 3355 et
3373 3295 3658 3369 capiendus.

2172 3392 2253 3446 Ea
2277 3408 2407 3445 vero
2437 3392 2547 3455 die,
2579 3409 2689 3463 qua
2725 3391 3171 3446 introducendus
3220 3395 3307 3444 est
3349 3385 3588 3442 ostiarius
3612 3386 3657 3436 et

2100 3480 2443 3535 camerarius
2462 3497 2564 3551 pro
2594 3497 2659 3534 eo
2678 3480 2985 3534 mittuntur
3010 3498 3045 3533 a
3071 3480 3342 3551 capitulo.
3358 3477 3440 3532 Ah
3454 3475 3533 3528 his
3547 3487 3656 3541 ergo

2099 3568 2319 3623 duobus
2346 3569 2403 3623 in
2435 3568 2714 3623 auditorio
2744 3569 3047 3640 hospitum.
3071 3569 3221 3623 sicut
3249 3583 3368 3621 mos
3395 3569 3491 3632 est,
3515 3563 3658 3616 denu-

2100 3659 2284 3721 datur,
2319 3663 2377 3713 et
2403 3658 2460 3712 in
2490 3658 2797 3729 capitulum
2826 3674 2955 3711 cum
2983 3657 3179 3728 virgis,
3207 3674 3330 3728 quae
3351 3649 3655 3709 ostiariusde

2100 3748 2346 3819 capitulo
2388 3764 2576 3803 secum
2623 3747 2813 3801 attulit
2841 3747 3083 3801 ducitur.
3118 3745 3472 3802 Camerarius
3497 3746 3654 3795 autem

2099 3838 2265 3892 affert
2313 3836 2364 3891 ei
2402 3837 2697 3902 cucullam,
2741 3837 2789 3891 si
2826 3852 2894 3891 ea
2930 3842 3104 3903 caret,
3148 3853 3255 3907 per
3299 3828 3653 3889 occidentalem

2099 3931 2317 3998 partem
2345 3926 2577 3980 claustri
2606 3925 2906 3989 transiens,
2931 3930 2989 3979 et
3008 3925 3346 3979 vestimenta
3369 3921 3524 3983 illius,
3554 3930 3655 3987 qua

2098 4022 2232 4070 tunc
2249 4016 2421 4083 exuit,
2446 4031 2547 4086 per
2566 4015 2821 4069 eamdem
2842 4015 2986 4068 viam
3010 4014 3236 4069 rediens
3253 4015 3312 4068 in
3330 4007 3651 4067 auditorium,

2100 4105 2248 4177 quod
2271 4110 2355 4159 est
2380 4104 2438 4158 in
2467 4104 2714 4158 claustro
2746 4109 2934 4174 portat
2964 4122 2976 4156 :
3011 4103 3146 4174 quia
3172 4102 3435 4158 fratribus
3469 4094 3655 4167 capitu-

2097 4194 2215 4248 lum
2263 4193 2608 4258 tenentibus,
2659 4192 2800 4246 nulli
2844 4197 3048 4264 praeter
3095 4193 3250 4248 hunc
3291 4188 3518 4246 transire
3543 4182 3653 4237 illuc

2098 4283 2246 4338 licet.
2280 4283 2468 4337 Finita
2511 4298 2641 4336 vero
2683 4282 2966 4336 sententia
3007 4281 3231 4337 abbatis
3272 4295 3436 4352 super
3462 4273 3649 4336 eodem,

412 4371 614 4437 viores,
652 4370 855 4443 quibus
883 4372 1133 4426 inclusus
1160 4372 1219 4427 in
1248 4372 1581 4428 dormitorio
1611 4374 1838 4440 dormit,
1867 4379 1925 4429 et
1943 4376 2015 4430 ad
2037 4365 2327 4442 Djubetur
2360 4371 2417 4425 in
2463 4371 2660 4426 ultimo
2698 4371 2913 4426 sedere.
2946 4371 3162 4426 Abbate
3202 4377 3397 4458 autem,
3430 4364 3649 4458 absent?

415 4459 827 4529 processionem
861 4476 973 4514 non
1003 4461 1203 4527 deerit,
1240 4466 1297 4516 et
1324 4461 1555 4533 insuper
1573 4462 1634 4516 in
1658 4468 1821 4517 nocte
1850 4463 2017 4518 later-

414 4562 547 4600 nam
576 4547 1063 4617 portat.Quaadam
1095 4566 1225 4603 vero
1242 4550 1546 4620 graviores,
1563 4550 1645 4603 ita
1677 4556 1741 4604 ut
1768 4550 2015 4607 inclusus

413 4634 808 4690 dormitorium
835 4637 1135 4692 ascendere
1164 4654 1277 4693 non
1302 4638 1506 4704 valeat,
1543 4639 1642 4693 sed
1669 4638 1728 4694 in
1759 4640 2016 4696 inﬁrma-

414 4722 501 4777 ria
528 4740 655 4778 cum
689 4724 945 4779 custodia
979 4726 1244 4781 dormiat.

1021 4816 1255 4871 CAPUT
1307 4815 1406 4871 IX.

573 4903 646 4958 De
673 4919 731 4957 eo
757 4906 858 4972 qui
884 4905 1199 4959 inobediens
1228 4910 1301 4959 est
1330 4911 1489 4960 extra
1517 4907 1848 4975 capitulum.

484 4990 623 5062 (ιω.)
649 4991 810 5056 Quod
837 4992 886 5046 si
908 4991 1348 5048 inobedientiam
1362 5010 1522 5049 suam
1546 4994 1681 5049 foris
1699 4994 2013 5065 capitulum

411 5081 601 5151 aliquo
642 5080 809 5135 modo
851 5082 1264 5149 monstraverit,
1312 5083 1502 5136 statim
1528 5083 1763 5153 jubente
1805 5084 2012 5138 domno

409 5168 617 5225 abbate
642 5169 839 5226 tabula
862 5171 1207 5242 percutitur;
1241 5171 1394 5242 quod
1434 5181 1523 5226 est
1560 5172 1784 5242 signum
1809 5188 2011 5227 conve-

2096 4477 2209 4515 non
2239 4460 2505 4531 recipitur
2535 4476 2567 4514 a
2596 4460 2800 4531 priore,
2833 4460 2939 4514 nisi
2969 4466 3221 4515 remotus
3245 4460 3318 4514 sit
3343 4457 3529 4512 itinere
3564 4455 3652 4503 tri-

2096 4550 2212 4604 dui.
2244 4550 2400 4604 Tunc
2428 4549 2663 4620 recipiet
2688 4549 2867 4613 illum,
2901 4549 2999 4603 sed
3046 4549 3284 4613 nudum,
3315 4545 3549 4601 indicans
3587 4535 3647 4597 ei.

2097 4639 2231 4709 quia
2252 4638 2528 4708 judicium
2556 4643 2728 4693 tanta
2757 4654 2913 4694 noxa;
2931 4639 3140 4693 domno
3168 4636 3355 4693 abbati
3374 4640 3648 4689 exconsue—

2094 4726 2289 4780 tudine
2333 4726 2408 4780 sit
2452 4727 2868 4780 reservandum.
2896 4727 3006 4780 Pro
3044 4743 3156 4797 quo
3203 4732 3389 4781 tamen
3415 4720 3478 4775 ad
3506 4713 3649 4789 pedes

2096 4816 2217 4886 ejus
2264 4830 2377 4869 non
2427 4815 2591 4869 venit.
2629 4815 2867 4870 Praelata
2918 4820 3109 4869 autem
3160 4816 3346 4887 priore
3392 4807 3645 4865 redeunte.

2094 4904 2243 4959 idem
2272 4905 2331 4958 in
2361 4903 2675 4958 inﬁrmaria
2691 4904 2908 4975 jugiter
2927 4910 3201 4970 moratur,
3224 4911 3557 4970 summopere
3574 4906 3649 4945 68-

2095 5010 2248 5060 vens,
2285 5009 2356 5047 ne
2387 4998 2662 5063 appareat
2687 4994 3008 5064 conspectui
3054 4993 3209 5048 illius
3251 4991 3358 5047 nisi
3386 4988 3452 5043 ab
3478 5000 3536 5039 eo
3560 4996 3646 5050 np-

2095 5083 2356 5154 pellatus.
2391 5083 2628 5146 Quando
2654 5087 2845 5136 autem
2878 5082 3112 5152 jubetur
3148 5083 3206 5137 in
3252 5077 3533 5152 capitulum
3566 5084 3645 5121 ve-

2093 5172 2234 5238 nire,
2253 5172 2594 5226 stamineum
2625 5171 2746 5241 ejus
2774 5171 2832 5224 in
2861 5171 3141 5227 auditorio
3171 5188 3203 5225 a
3232 5172 3408 5243 priore
3427 5170 3642 5220 etcame-

485 5310 744 5381 (122).“.
805 5314 928 5370 cod.
969 5330 1075 5383 pro
1122 5314 1325 5385 Bogas.
1375 5314 1529 5369 habet
1564 5312 1769 5384 Boijas,
1807 5316 1867 5367 id
1902 5319 1999 5377 est,
2087 5314 2292 5368 liarum
2327 5330 2509 5385 regno
2542 5313 2761 5385 mitior
2787 5314 2936 5385 facta
2979 5314 3054 5368 sit
3100 5307 3520 5385 delinquentium
3546 5314 3639 5372 pce-

407 5385 991 5457 congpedes,_uincula.
1052 5384 1257 5440 Carcer
1306 5385 1448 5439 adeo
1506 5385 1682 5457 durus
1733 5385 2003 5455 Stephani
2086 5402 2183 5457 na:
2211 5386 2291 5439 De
2322 5401 2433 5457 quo
2461 5384 2590 5439 vide
2618 5384 2812 5457 Steph,
2845 5384 3058 5440 Baluzii
3085 5392 3203 5441 not.
3234 5400 3266 5439 a

3341 5378 3497 5450 capit.
3526 5386 3633 5445 p88-

405 5452 650 5526 archiep.
693 5454 956 5526 Tolosani
986 5457 1405 5512 miserationem
1437 5455 1730 5526 permovit,
1763 5452 2004 5510 ut_anno
2088 5453 2246 5513 1088.

408 5520 563 5589 1350,
596 5520 688 5580 die
716 5525 807 5584 27.
839 5528 1095 5585 Januarii
1120 5530 1286 5601 jussu
1326 5520 1475 5597 regis
1503 5528 1561 5581 in
1591 5527 1855 5581 universo
1875 5527 2005 5581 Gal-
