3908 6168
212 285 349 345 1049

1248 286 1668 344 CONSTITUT.
1711 289 2051 351 HIRSAUG.
2095 324 2158 336 —
2199 294 2336 351 LIB.
2376 295 2447 351 ΙΙ.

3341 291 3484 351 1050

204 411 379 482 rario,
423 411 518 483 qui
572 428 699 468 eum
766 410 1066 479 adducent,
1115 410 1407 480 dissuitur,
1458 414 2118 486 renibusqueAmissam
2169 419 2241 475 ad
2280 423 2532 475 sanctam
2558 417 2819 486 Mariam,
2850 418 2937 473 vel
2962 418 3210 486 interim,
3237 418 3372 474 dum
3403 418 3482 474 ibi

202 506 588 573 competenter
618 501 1018 566 circumdatur,
1052 501 1243 572 sicque
1266 502 1381 555 alia
1405 509 1557 557 veste
1586 520 1690 558 sua
1714 504 1803 558 in-

200 590 417 657 duitur,
449 596 515 646 ut
561 590 610 645 si
653 592 798 644 forte
838 595 1182 645 reservatum
1224 590 1496 661 judicium
1535 592 1805 663 jubeatur

204 679 476 753 accipere,
500 679 622 735 sine
643 696 804 733 mora
826 679 1001 751 possit
1031 679 1277 735 obedire.

820 769 1063 824 CAPUT
1093 769 1189 823 XI.

489 860 563 912 De
586 861 927 927 promotione
955 859 1205 924 fratrum
1230 860 1289 911 ίη
1305 858 1516 913 ordine.

276 949 298 970 ⁶
328 946 626 1018 Proprium
656 952 744 1001 est
766 946 958 1001 domni
985 944 1202 1000 abbatis
1235 947 1541 1002 secundum
1575 954 1804 1004 senten-

204 1036 343 1089 tiam
370 1036 439 1090 ‘S.
485 1035 772 1090 Benedicti
811 1038 976 1107 (Reg.,
1022 1051 1070 1088 c.
1119 1033 1207 1103 63)
1248 1035 1451 1090 fratres
1499 1037 1557 1091 in
1609 1038 1805 1093 ordine

204 1138 708 1196 promoverezquae
739 1124 995 1178 videlicet
1022 1124 1300 1195 promotio
1338 1130 1426 1179 est
1461 1126 1801 1195 hujusmodi.

205 1212 263 1268 Si
291 1220 525 1285 propter
549 1212 795 1284 aliquam
820 1213 1212 1268 rationabilem
1239 1230 1466 1269 causam
1496 1215 1805 1286 quemlibet

204 1319 534 1357 conversum
562 1302 621 1356 in
666 1302 860 1357 ordine
887 1302 1246 1374 promoverit,
1278 1304 1369 1357 hic
1396 1303 1603 1375 ubique
1640 1305 1800 1360 illum

206 1391 463 1445 ordinem
494 1397 699 1458 servat,
730 1397 959 1462 excepto
989 1391 1137 1462 quod
1177 1392 1235 1445 in
1266 1392 1499 1446 ecclesia
1530 1393 1678 1448 inter
1705 1396 1794 1449 lit-

1884 510 2127 575 canitur,
2144 509 2486 581 supervenit,
2511 507 2653 563 liber
2680 512 2808 579 post
2833 508 3194 578 Evangelium
3224 509 3295 563 ad
3316 524 3481 563 oscu-

1883 598 2115 654 landum
2144 599 2196 653 ei
2224 598 2493 663 defertur,
2525 602 2584 652 et
2623 613 2727 669 pax
2755 597 2941 652 datur.
2975 597 3075 662 lbi,
3108 598 3195 652 vel
3232 596 3484 653 ubicum-

1887 705 1997 758 que
2023 689 2253 743 missam
2282 686 2460 758 audit,
2480 686 2758 751 sacerdos,
2790 686 2904 741 sive
2936 686 3205 742 diaconus
3233 685 3485 756 Evange-

1886 775 2023 831 lium
2052 778 2321 845 lecturus,
2372 793 2434 831 se
2481 775 2553 830 ad
2590 791 2718 830 eum
2749 792 2850 847 pro
2877 774 3264 831 benedictione
3287 776 3479 845 vertit,

1885 866 1993 921 nisi
2024 867 2191 937 longe
2227 870 2478 921 remotus
2495 866 2587 920 sit.

1961 956 2077 1009 Hoc
2104 956 2161 1009 in
2192 956 2310 1025 ejus
2337 958 2617 1027 potestate
2645 958 2749 1014 est,
2780 971 3188 1026 quemcumque
3218 953 3480 1010 abbatem

1885 1044 2014 1098 talis
2038 1044 2167 1108 loci,
2208 1045 2303 1116 qui
2350 1060 2417 1098 ex
2462 1048 2581 1098 toto
2626 1043 2987 1115 proprietatis
3017 1044 3145 1113 jure
3182 1044 3478 1115 principali

1886 1134 2008 1187 loco
2037 1139 2124 1187 est
2152 1133 2427 1200 subditus,
2474 1132 2521 1186 si
2570 1149 2796 1187 necesse
2839 1137 2946 1199 est,
2996 1133 3310 1203 deponere;
3346 1132 3480 1204 quia

1887 1238 1955 1276 ea
1984 1222 2352 1292 promotionis
2384 1222 2675 1276 occasione
2704 1221 3037 1277 obedientiae
3064 1222 3335 1293 professio
3364 1237 3478 1276 non

1884 1315 2205 1378 evacuatur,
2239 1327 2342 1365 nec
2364 1311 2564 1381 jugum
2598 1310 2963 1381 subjectionis
3003 1310 3298 1368 excutitur.
3325 1309 3477 1365 Talis

1884 1405 2073 1453 autem
2115 1398 2480 1471 depositionis
2520 1399 2627 1453 erit
2680 1400 2902 1453 modus.
2953 1400 3011 1453 Si
3071 1399 3384 1469 irrcligiose
3421 1403 3480 1453 et

201 1483 416 1535 temtas
437 1496 553 1535 non
581 1486 712 1535 stat.
742 1480 895 1535 Nulli
928 1480 1076 1534 enim
1116 1481 1185 1535 de
1228 1482 1509 1536 conversis
1545 1481 1623 1537 ibi
1651 1483 1799 1538 inter
1881 1504 1994 1543 non
2023 1489 2330 1543 secundum
2360 1488 2612 1543 ordinem
2634 1493 2887 1543 nostrum
2919 1487 3134 1555 vixerit,
3158 1493 3214 1542 et
3238 1504 3339 1559 pro
3372 1488 3479 1541 hoc

201 1569 482 1623 litteratos
509 1569 693 1622 locum
723 1568 978 1623 concedit
1013 1567 1123 1622 nisi
1161 1573 1277 1622 tam
1316 1568 1474 1624 bonae
1503 1586 1799 1626 conversa-
1880 1594 2006 1632 cum
2038 1578 2191 1632 omni
2230 1576 2550 1632 humilitate
2590 1594 2623 1631 a
2662 1576 2979 1631 senioribus
3008 1577 3125 1631 suis
3160 1576 3246 1631 bis
3276 1577 3362 1631 vel
3390 1580 3479 1630 ter

199 1657 411 1712 tionem
448 1662 506 1712 et
547 1663 666 1711 tam
716 1661 987 1728 provecta:
1020 1656 1200 1710 aetatis
1240 1656 1426 1721 fuerit,
1460 1659 2257 1730 cautumqueBcommonitus
2301 1664 2694 1736 incorrigibilis
2738 1665 3004 1731 extiterit,
3034 1669 3169 1719 tunc
3207 1664 3280 1718 ad
3321 1664 3479 1719 dom-

198 1746 477 1811 didicerit,
509 1750 573 1800 ut
612 1746 879 1817 psalmos,
930 1746 1171 1817 hymnos
1219 1750 1278 1800 et
1304 1747 1660 1818 responsoria
1690 1748 1796 1803 rite
1878 1769 2012 1808 num
2045 1753 2303 1809 abbatem
2336 1771 2426 1809 res
2453 1753 2805 1825 respicit;ita
2824 1758 2906 1816 ut,
2925 1753 3059 1807 dum
3086 1752 3333 1824 primum
3353 1752 3476 1807 fieri

198 1835 459 1904 psallere,
491 1833 901 1905 lectionemque
926 1834 1114 1905 legere
1142 1835 1378 1889 noverit.
1414 1836 1575 1890 Hunc
1601 1837 1791 1904 talem,
1880 1847 2083 1912 potest,
2113 1849 2212 1898 aut
2246 1842 2367 1914 ipse
2413 1842 2483 1897 ad
2521 1843 2667 1907 illos,
2700 1849 2801 1896 aut
2826 1842 2911 1896 illi
2945 1841 3017 1895 ad
3042 1842 3225 1913 ipsum
3253 1840 3475 1896 invitati

199 1922 247 1977 si
268 1922 509 1989 videtur,
518 1923 795 1994 permittit
818 1923 875 1977 in
902 1924 1098 1977 eodem
1119 1923 1316 1977 ordine
1331 1928 1500 1990 stare,
1530 1925 1587 1979 in
1604 1926 1792 1993 choro,

201 2027 366 2082 quem
397 2017 455 2066 et
481 2013 540 2067 in
569 2012 812 2084 capitulo
841 2012 1032 2080 habet,
1055 2030 1120 2068 ac
1146 2014 1205 2067 in
1229 2014 1795 2079 refectorio.Quando

195 2106 384 2154 autem
424 2101 627 2172 aliquis
668 2108 1045 2172 promovetur,
1091 2119 1176 2161 eo.
1224 2103 1475 2175 inquam,
1518 2110 1795 2175 przesente

1879 1932 2122 1999 veniant,
2154 1936 2432 2003 quatenus
2469 1931 2598 1985 talis
2643 1930 2953 2003 pertinacia
2981 1946 3168 1984 coram
3198 1930 3319 2001 ipso
3350 1945 3478 2001 pro-

1881 2020 2171 2087 clametur,
2200 2037 2265 2075 ac
2293 2020 2602 2075 secundum
2627 2020 2775 2090 quod
2793 2020 2936 2074 ratio
2965 2019 3231 2091 postulat,
3246 2035 3336 2073 res
3353 2018 3478 2089 ipsa

1880 2109 2255 2164 communiter
2296 2110 2549 2164 discussa
2594 2109 2912 2163 dirimatur.
2944 2109 2993 2162 Α
3031 2124 3140 2178 quo
3166 2108 3336 2162 etiam
3368 2106 3479 2177 pri-

195 2190 350 2258 cujus
381 2196 553 2244 antea
599 2189 807 2244 ibidem
839 2191 976 2244 ordo
1025 2190 1167 2253 fuit;
1211 2191 1259 2245 is
1284 2192 1511 2262 quidem
1539 2209 1795 2246 reversus

192 2294 292 2332 suo
320 2278 448 2332 loco
474 2294 586 2332 non
620 2278 872 2349 privatur
899 2301 909 2334 :
942 2279 1051 2333 nisi
1076 2280 1317 2334 domnus
1347 2280 1520 2335 abbas
1551 2298 1675 2335 cum
1707 2282 1795 2335 di-
1878 2283 2128 2337 adhibita
2158 2301 2379 2354 quoque
2401 2284 2696 2338 severitate
2717 2281 3103 2354 corripiendus
3143 2286 3247 2344 est,
3289 2286 3348 2335 et
3373 2296 3477 2335 nec

193 2366 270 2419 cit
303 2384 315 2417 :
334 2370 510 2433 juxta
540 2370 705 2421 illum
735 2368 913 2421 sedere
944 2386 960 2420 :
992 2368 1299 2439 subjungat
1326 2372 1389 2424 in
1420 2372 1674 2423 omnibus
1716 2373 1795 2424 lo—
1878 2372 1958 2426 sic
1979 2376 2279 2439 correctus,
2318 2379 2454 2427 tunc
2491 2372 2719 2427 demum
2749 2371 3067 2443 deponitur,
3108 2375 3165 2424 et
3191 2370 3249 2425 in
3278 2369 3481 2442 princi-

196 2458 287 2508 cis.
324 2455 384 2510 Si
414 2473 545 2510 vero
585 2472 829 2528 praesens
852 2463 958 2524 est,
981 2457 1076 2528 qui
1094 2458 1252 2528 prius
1280 2458 1393 2511 illic
1414 2458 1671 2513 ordinem
1704 2460 1797 2513 ha-
1879 2462 2061 2531 palem
2095 2461 2281 2516 locum
2311 2461 2597 2522 reductus,
2622 2460 2679 2514 in
2696 2460 2894 2515 ultimo
2923 2460 3211 2523 statuitur,
3246 2464 3304 2513 et
3318 2459 3481 2529 juxta

192 2542 334 2609 buit,
366 2545 469 2599 sed
516 2545 573 2599 in
619 2545 732 2600 alia
761 2550 923 2617 parte
956 2546 1185 2618 capituli
1214 2553 1349 2602 tunc
1388 2548 1561 2612 sedet,
1604 2556 1798 2619 postea
1880 2551 2109 2605 modum
2158 2552 2334 2621 culpae
2378 2555 2669 2604 tractatur.
2693 2548 2797 2604 Est
2820 2554 2877 2604 et
2901 2549 3011 2605 alia
3041 2565 3211 2604 causa
3238 2563 3339 2619 pro
3368 2563 3481 2619 qua

194 2649 377 2706 nuper
404 2639 662 2706 promoto
689 2634 923 2691 inferior
943 2636 1076 2692 erit.
1883 2639 2053 2693 etiam
2082 2640 2238 2694 nulla
2266 2644 2554 2710 praeeunte
2592 2638 3026 2693 commonitione
3055 2636 3261 2709 deponi
3288 2635 3479 2704 debet,

803 2724 1038 2779 CAPUT
1067 2725 1192 2780 XII.
1882 2728 2003 2783 sine
2032 2728 2222 2799 aliqua
2249 2728 2624 2798 refragatione
2651 2747 2662 2782 :
2688 2727 2819 2781 side
2841 2727 3029 2798 aliquo
3049 2725 3477 2796 criminalipec-

650 2815 785 2867 Item
817 2815 880 2868 de
908 2816 1107 2868 domno
1136 2815 1347 2867 abbate.
1882 2822 2006 2871 cato
2036 2817 2260 2872 infamis
2282 2817 2532 2883 effectus,
2550 2820 2608 2870 et
2633 2816 2689 2870 in
2710 2815 3005 2887 principali
3032 2816 3154 2869 loco
3177 2830 3347 2885 super
3372 2814 3480 2868 hoc

267 2902 406 2971 (ευ.)
425 2901 755 2973 Ubicunque
783 2902 1099 2973 contigerit,
1134 2907 1199 2957 ut
1229 2903 1623 2974 colloquantur
1640 2902 1796 2956 dom-
1879 2906 2179 2973 discussus,
2201 2923 2261 2960 se
2288 2922 2553 2961 excusare
2580 2904 2908 2975 nequiverit,
2942 2903 3173 2958 omnino
3194 2903 3475 2974 deponen-

194 3007 301 3045 nus
330 2989 507 3045 abbas
536 2997 593 3045 et
634 2992 841 3064 aliquis
889 2991 1149 3060 fratrum,
1177 2992 1224 3046 si
1270 2992 1447 3047 frater
1491 2998 1687 3047 contra
1737 2995 1986 3064 sehdus
2015 3000 2122 3063 est,
2168 2995 2340 3049 etiam
2392 2995 2441 3049 si
2489 2994 2629 3048 alias
2679 2993 2819 3048 bene
2864 2992 3080 3048 vixerit.
3126 2993 3201 3047 At
3250 2990 3297 3045 si
3323 2990 3472 3063 quod

198 3078 635 3133 commotionem
654 3081 777 3151 ejus
799 3080 1055 3147 senserit,
1071 3080 1650 3151 continuoinlongum
1674 3078 1862 3152 pro-U
1881 3083 2209 3153 hujusmodi
2267 3083 2479 3137 crimen
2521 3082 2714 3153 paucis
2750 3081 3056 3137 scientibus
3109 3079 3474 3143 commiserit,

192 3171 406 3221 stratus
432 3167 649 3221 veniam
679 3168 821 3238 petit
848 3187 862 3236 ;
906 3170 929 3192 ¹
959 3173 1189 3238 excepto
1220 3184 1407 3222 coram
1440 3168 1797 3223 saecularibus
1880 3172 1978 3226 sed
2012 3189 2078 3226 ex
2117 3171 2317 3225 intimo
2355 3172 2519 3226 corde
2553 3177 2938 3243 compunctus,
2963 3170 3239 3242 paenitens
3268 3175 3326 3223 et
3349 3184 3478 3223 con-

193 3254 766 3311 hominibus.Viderit
793 3261 985 3312 autem
1017 3257 1188 3311 abbas
1225 3257 1359 3329 quid
1406 3258 1490 3312 vel
1523 3264 1798 3329 quantum
1879 3262 2058 3316 fessus
2095 3261 2544 3315 emendationem
2577 3260 2960 3333 sp0ponderit,
2992 3276 3105 3314 non
3134 3258 3472 3330 deponitur;

192 3345 296 3399 sibi
324 3346 518 3413 liceat,
545 3362 616 3400 ne
636 3346 961 3416 hujusmodi
989 3347 1169 3401 sancti
1199 3347 1386 3401 Patris
1417 3348 1596 3402 nostri
1626 3348 1801 3402 Bene-
1880 3351 1928 3405 si
1983 3357 2174 3405 tamen
2234 3351 2374 3404 alias
2437 3348 2734 3404 honestam
2798 3366 2863 3404 ac
2930 3348 3254 3420 religiosam
3301 3346 3475 3403 vitam

193 3434 324 3488 dicti
351 3440 537 3488 metas
554 3434 859 3489 transiliat.
894 3449 994 3492 UD.
1028 3436 1231 3490 Nullus
1260 3436 1428 3490 etiam
1444 3437 1650 3491 transit
1668 3442 1799 3491 ante
1880 3440 2059 3495 duxit.

1879 2211 2035 2249 mum
2083 2194 2323 2250 discrete
2371 2201 2714 2267 paterneque
2758 2194 2843 2248 bis
2886 2193 2973 2247 vel
3015 2198 3103 2246 ter
3151 2191 3474 2246 admonitus

191 3538 323 3578 eum
352 3522 697 3593 ubicumque
756 3523 830 3578 sit
870 3524 1141 3590 locorum,
1181 3524 1316 3595 quin
1362 3525 1432 3578 ad
1462 3541 1591 3579 eum
1629 3525 1799 3579 altius

193 3608 449 3677 inclinet,
483 3611 505 3633 ‘
546 3610 655 3664 nisi
705 3610 1038 3665 dormitorio
1076 3616 1132 3664 et
1177 3610 1234 3665 in
1267 3611 1518 3678 ecclesia,
1546 3616 1646 3666 aut
1673 3617 1801 3683 post

189 3698 652 3753 communionem
679 3700 751 3753 ad
776 3700 969 3754 vinum
1008 3705 1195 3763 eunte,
1230 3705 1287 3754 et
1314 3699 1654 3755 subdiacono
1684 3706 1799 3755 tex-

190 3792 313 3842 tum
347 3788 638 3858 Evangelii
667 3788 1114 3843 circumferente.
1156 3788 1504 3860 Quicumque
1524 3797 1713 3844 autem
1746 3791 1798 3845 ei

186 3873 519 3946 obviaverit,
556 3877 649 3932 hic
696 3878 937 3932 multum
995 3876 1219 3932 inclinis
1277 3883 1409 3944 stat,
1453 3879 1629 3933 donec
1676 3878 1797 3949 ipse

189 3970 570 4036 pertranseat.
591 3983 680 4021 un.
708 3967 772 4020 1n
802 3965 1034 4021 ecclesia
1057 3966 1205 4020 infra
1232 3966 1391 4021 illum
1422 3972 1534 4021 stat
1564 3967 1681 4039 ipse
1704 3984 1797 4022 sa-

189 4055 389 4109 cerdos
418 4053 550 4107 alba
579 4055 742 4117 stola,
774 4055 860 4109 vel
890 4055 1060 4109 etiam
1091 4072 1270 4126 cappa
1288 4055 1537 4110 indutus.
1559 4057 1642 4111 Ad
1675 4074 1800 4129 pro-

1949 3530 2068 3600 (un.
2120 3535 2262 3591 var.)
2310 3526 2377 3582 In
2416 3535 2713 3595 conventu,
2755 3528 2802 3582 si
2830 3528 3069 3582 domnus
3097 3525 3269 3581 abbas
3300 3541 3479 3597 cappa

1880 3618 2078 3684 utitur,
2114 3617 2563 3689 reprehenditur,
2609 3617 2824 3671 clericis
2859 3622 2915 3671 et
2939 3615 3251 3688 peregrinis
3280 3631 3479 3669 mona-

1883 3705 2020 3773 chis,
2051 3707 2145 3778 qui
2178 3708 2258 3761 ita
2284 3706 2498 3761 vadunt
2526 3706 2741 3778 pedites
2770 3705 3059 3761 nobiscum
3096 3705 3156 3759 in
3185 3704 3479 3759 refectorio

1880 3795 2286 3860 commissuris,
2329 3794 2448 3867 ipse
2484 3811 2690 3866 aquam
2729 3794 2800 3849 ad
2839 3811 3040 3848 manus
3077 3792 3380 3860 ministrat,
3421 3797 3480 3847 et

1880 3891 2109 3956 propter
2135 3885 2241 3938 hoc
2261 3883 2653 3938 refectorarius
2683 3900 2906 3954 semper
2934 3883 2990 3936 in
3011 3887 3277 3954 promptu
3304 3880 3478 3935 habet

1879 3973 2111 4028 baccina
2139 3980 2196 4027 et
2226 3973 2664 4043 manutergium,
2696 3972 2765 4026 de
2794 3971 2995 4042 quibus
3027 3977 3083 4025 et
3110 3971 3219 4041 ipsi
3261 3969 3472 4035 abbati,

1880 4079 2009 4117 cum
2065 4078 2209 4133 opus
2273 4061 2459 4127 fuerit,
2506 4061 2790 4116 servitur:
2826 4066 2883 4114 et
2929 4060 3071 4113 tales
3128 4074 3352 4129 semper
3402 4057 3475 4111 ad

190 4143 505 4198 cessionem
535 4143 594 4196 in
624 4144 936 4210 Dominica,
964 4151 1095 4199 ante
1125 4144 1340 4199 albatos
1377 4145 1663 4213 incedens,
1693 4146 1800 4199 vir-
1880 4168 2134 4206 mensam
2170 4151 2535 4222 principalem
2587 4150 2801 4205 sedent.
2853 4147 3066 4212 Quibus
3104 4146 3297 4213 etiam,
3330 4145 3476 4200 sicut

185 4247 318 4302 gam
346 4231 693 4302 pastoralem
733 4236 939 4302 portat,
974 4231 1122 4303 quod
1143 4236 1201 4285 et
1236 4233 1295 4285 in
1321 4232 1475 4286 omni
1500 4232 1796 4286 duodecim
1881 4240 2086 4294 domno
2115 4239 2305 4294 abbati
2337 4239 2509 4294 libere
2541 4239 2801 4304 servitur,
2835 4242 3064 4308 excepto
3095 4235 3244 4307 quod
3274 4235 3327 4289 ei
3357 4234 3475 4288 sin-

183 4325 493 4379 lectionum
543 4325 919 4394 processione,
960 4325 1050 4380 cui
1098 4325 1357 4392 interest,
1397 4325 1672 4379 observat.
1710 4326 1797 4380 Ad
1881 4329 2156 4398 gulariter
2203 4338 2261 4382 et
2308 4328 2528 4400 saepius,
2563 4344 2729 4400 quam
2769 4326 2879 4381 illis
2930 4325 3186 4397 quaedam
3231 4322 3475 4378 admini-

180 4412 330 4469 hanc
363 4420 580 4481 autem,
612 4431 734 4485 quae
764 4416 821 4468 in
842 4413 986 4469 albis
1010 4414 1217 4485 agitur,
1248 4414 1366 4486 ipse
1399 4431 1578 4486 cappa
1597 4411 1864 4481 utitur,D
1884 4424 2154 4476 strentur.

182 4519 365 4574 quam
403 4508 600 4558 tamen
643 4502 798 4556 exuit
841 4502 988 4556 facta
1016 4503 1387 4574 processione.
1432 4503 1491 4558 Si
1525 4504 1797 4573 majorem

176 4591 419 4646 missam
447 4591 570 4644 vult
595 4589 907 4657 celebrare,
936 4596 1072 4644 tunc
1115 4592 1317 4645 stolam
1359 4607 1490 4645 cum
1534 4590 1734 4646 fanone
1764 4608 1800 4646 a

174 4680 432 4733 sacrista
469 4677 577 4733 sibi
615 4679 846 4732 allatam
876 4679 1136 4741 induens,
1170 4680 1407 4751 ipsemet
1438 4680 1669 4734 tertiam
1694 4681 1799 4736 im-

170 4769 361 4839 ponit,
398 4783 576 4838 eaque
605 4768 767 4821 finita
812 4767 870 4821 in
909 4768 1166 4821 sacristia
1194 4769 1443 4822 casulam
1474 4768 1678 4825 induit.
1711 4770 1798 4826 Ad

171 4858 353 4928 hujus
418 4856 601 4909 missae
642 4857 1055 4927 processionem
1086 4862 1273 4927 portat
1308 4857 1578 4911 diaconus
1606 4860 1800 4914 missa-

172 4946 289 5001 lem
340 4944 551 4999 librurn
608 4944 680 4998 ad
731 4946 929 5000 altare.
979 4946 1131 5000 Sella
1176 4946 1298 5016 ejus
1336 4947 1500 5017 juxta
1537 4947 1798 5003 dextrum

174 5035 448 5105 ejusdem
480 5033 676 5087 altaris
697 5050 871 5088 cornu
904 5034 985 5088 ita
1014 5040 1101 5089 est
1124 5035 1328 5106 posita,
1360 5042 1429 5090 ut
1455 5036 1626 5091 facies
1646 5037 1800 5092 illius

177 5123 250 5178 ad
273 5124 523 5177 chorum
554 5122 630 5176 sit
649 5138 829 5177 versa.
856 5125 930 5177 At
955 5123 1003 5178 si
1042 5124 1282 5195 ipsemet
1316 5124 1549 5179 missam
1571 5133 1800 5182 cantare

176 5210 453 5277 voluerit,
486 5226 663 5281 cappa
702 5227 817 5265 una
857 5212 927 5266 de
974 5212 1062 5266 his
1105 5229 1229 5284 qua:
1276 5220 1410 5268 sunt
1454 5215 1686 5269 armarii
1733 5215 1805 5270 ab

181 5301 393 5355 eodem
456 5299 539 5353 illi
597 5299 866 5368 defertur,
906 5305 971 5355 ut
1026 5317 1129 5372 per
1177 5319 1308 5357 cum
1361 5303 1565 5358 chorus
1616 5309 1807 5360 tenea-

180 5398 303 5446 tur.

256 5478 323 5535 Si
353 5493 488 5532 cum
519 5477 775 5549 episcopo
798 5478 884 5532 vel
917 5477 1120 5534 abbate
1140 5480 1360 5551 uspiam
1389 5486 1556 5536 noctu
1573 5480 1797 5551 incedit,

186 5569 378 5641 ipsius
406 5571 634 5623 tantum
665 5568 891 5623 lucerna
908 5572 1213 5647 utrumque
1238 5570 1518 5641 praecedit.
1558 5570 1616 5626 Si
1646 5573 1805 5628 audit

1953 4508 1975 4531 θ’
2004 4507 2233 4571 Quoties
2262 4506 2333 4560 ad
2355 4505 2618 4576 generale
2663 4504 2962 4576 prandium
3009 4505 3247 4558 fratrum
3282 4501 3474 4568 fuerit,

1881 4596 2021 4649 duas
2048 4595 2221 4649 libras
2246 4595 2407 4667 panis
2422 4600 2554 4649 ante
2573 4612 2633 4649 se
2653 4594 3127 4666 invenit,quarum
3155 4608 3329 4647 unam
3349 4608 3476 4646 cum

1882 4684 2113 4739 scutella
2133 4685 2371 4755 alicujus
2390 4683 2560 4739 edulii
2586 4684 2917 4755 plena,quas
2929 4683 3105 4737 frater
3126 4682 3209 4737 illi
3225 4682 3476 4737 serviens

1881 4779 2012 4827 ante
2058 4775 2233 4828 frater
2271 4774 2501 4845 colligit,
2547 4773 2736 4828 addito
2774 4778 2833 4827 et
2864 4779 3018 4844 potu,
3050 4772 3217 4827 alicui
3246 4772 3481 4844 pauperi

1882 4862 2106 4917 assidue
2134 4862 2325 4916 mittit.
2354 4861 2504 4933 Ipse,
2535 4863 2581 4916 si
2597 4862 2735 4916 adeo
2758 4861 3057 4927 invalidus,
3085 4867 3151 4917 ut
3175 4868 3306 4916 ante
3328 4878 3480 4917 men-

1882 4968 2001 5005 sam
2031 4957 2162 5005 ante
2204 4956 2262 5004 et
2312 4955 2462 5005 retro
2509 4968 2622 5005 non
2664 4950 2875 5014 fecerit,
2919 4951 3164 5022 priorem
3193 4952 3278 5007 vel
3302 4952 3480 5006 alium

1881 5041 2116 5095 fratrem
2147 5039 2369 5110 pulsare
2389 5040 2602 5093 scillam
2624 5039 2775 5107 facit,
2801 5046 2856 5095 et
2883 5058 3063 5112 usque
3090 5041 3225 5095 dum
3255 5046 3479 5112 tempus

1883 5130 1957 5184 sit
2004 5128 2226 5183 dicendi
2270 5130 2588 5195 Benedicite,
2631 5129 2818 5196 sedet;
2866 5130 3015 5200 quod
3046 5129 3165 5200 ipse
3193 5137 3384 5183 tamen
3414 5144 3481 5181 ea

1886 5215 2002 5270 vice
2028 5216 2242 5286 primus
2281 5214 2493 5286 incipit.
2536 5215 2695 5280 Quod
2724 5216 2771 5270 si
2808 5216 2957 5270 inter
2982 5216 3281 5286 legendum
3308 5215 3479 5268 talem
3532 5278 3535 5281 Α

1887 5304 2134 5359 sonitum
2164 5303 2376 5371 fecerit,
2420 5304 2516 5374 qui
2558 5304 2760 5374 dignus
2804 5304 2877 5358 sit
2918 5304 3098 5369 venia,
3133 5303 3479 5373 assurgendo

1886 5400 2083 5449 contra
2098 5398 2430 5448 conventum
2459 5393 2773 5459 inclinat,et
2791 5398 3095 5447 conventus
3113 5398 3309 5446 contra
3325 5408 3476 5450 eum.

1885 5483 1945 5539 Si
1967 5488 2152 5538 autem
2204 5484 2317 5537 tale
2356 5483 2492 5554 quid
2538 5482 2797 5537 effuderit
2841 5482 3015 5535 frater
3060 5480 3167 5535 sibi
3205 5482 3474 5550 serviens,

1883 5572 2101 5626 veniam
2125 5573 2281 5643 petit.
2316 5572 2425 5636 Qui
2454 5572 2624 5626 etiam
2661 5570 2835 5625 frater
2878 5570 3166 5640 signorum
3206 5570 3287 5626 ita
3314 5571 3481 5627 debet
