3872 6164
192 320 333 387 1ῢ53
1224 326 1647 391 CONSTITU’I‘.
1688 328 1794 389 HI!

1882 331 2028 388 tUG.
2071 361 2137 372 —
2174 326 2312 387 LIB.
2352 320 2427 385 ῙῙ.
3320 322 3466 387 1054

191 451 331 507 tioni
355 451 761 522 adjunguntur,
789 452 1033 523 exceptis
1059 453 1386 524 capellanis,
1414 456 1616 528 quibus
1645 460 1702 510 et
1723 456 1780 510 in
1802 457 2139 515 Aoccurunt
2162 450 2231 508 ad
2257 454 2400 508 hanc
2425 459 2838 510 sacrasanctam
2870 454 3307 522 solemnitatem,
3333 452 3462 528 qui-

192 546 445 612 tempore
475 540 686 593 silentii
726 540 941 595 licitum
982 547 1088 607 est,
1124 543 1300 596 etiam‘
1343 545 1553 599 domno
1586 542 1787 600 abbate
1874 542 1975 598 bus
2002 543 2239 614 singulis
2265 542 2435 598 habet
2463 543 2634 598 abbas
2670 561 2771 615 pro
2808 550 2926 599 tam
2965 544 3198 599 diversis
3221 545 3465 616 negotiis

196 630 447 697 absente,
475 629 682 684 ibidem
711 630 942 695 morari,
976 631 1025 684 si
1051 631 1166 685 tale
1203 632 1360 702 quid,
1391 632 1536 688 sicut
1558 642 1641 689 est
1664 650 1787 689 car-

198 721 343 775 tulas
383 717 584 784 facere,
618 719 699 773 eis
728 720 1042 789 injunctam
1073 727 1178 786 est,
1212 722 1359 792 quod
1388 723 1602 794 absque
1631 741 1786 778 mora

199 810 270 864 sit
315 808 719 880 peragendum,
757 814 813 863 et
838 809 885 863 si
915 809 986 863 ad
1016 810 1139 875 hoc,
1181 826 1304 881 quae
1333 810 1507 880 signis
1553 813 1787 868 invicem

199 898 507 969 exprimere
531 912 642 951 non
672 898 926 968 possunt,
959 898 1203 953 breviter
1230 900 1791 974 loquuntur,propter

199 987 298 1042 hoc
327 1002 444 1041 non
470 987 980 1057 reprehenduntur.

266 1076 594 1131 Notandum
626 1081 711 1130 est
752 1083 943 1131 autem
975 1077 1111 1148 ipsis
1139 1078 1464 1150 capellanis,
1498 1081 1645 1152 quod
1676 1096 1787 1135 non

199 1165 373 1235 magis
402 1165 533 1219 licet
560 1165 641 1218 eis
688 1165 993 1219 claustrum
1025 1166 1192 1232 exire,
1223 1169 1305 1222 vel
1334 1170 1580 1239 aliquam
1609 1169 1787 1223 ofﬁci-

199 1266 324 1309 nam
380 1254 615 1317 intrare,
670 1270 838 1325 quam
884 1259 941 1308 et
977 1255 1102 1309 aliis
1145 1256 1411 1312 fratribus
1458 1259 1682 1312 assidue
1727 1257 1787 1312 in

200 1345 472 1398 conventu
502 1343 880 1405 manentibus,
909 1351 1137 1416 excepta
1170 1344 1366 1400 eadem
1391 1349 1551 1401 cella.
1577 1347 1787 1401 Verum

200 1432 243 1487 si
269 1432 393 1503 quis
424 1444 617 1486 eorum
647 1429 718 1486 ad
748 1433 957 1487 ostium
987 1436 1286 1504 quaerendo
1310 1435 1569 1490 abbatem
1601 1452 1787 1490 acces-

201 1522 347 1589 serit,
395 1536 753 1592 nequaquam
792 1521 973 1592 ingrei
1015 1525 1319 1593 prazsumit,
1370 1525 1478 1579 nisi
1518 1524 1789 1579 veraciter

1872 633 2227 704 respondere,
2259 632 2405 704 quod
2438 631 2663 688 omnino
2692 648 2801 689 non
2833 635 3135 706 expediret,
3169 634 3214 689 si
3238 640 3373 690 tunc
3403 653 3464 690 se

1871 720 2147 777 levatione
2200 721 2455 776 fabarum
2508 729 2804 794 occuparet
2843 742 2854 777 :
2900 741 2934 777 a
2973 740 3084 795 qua
3130 728 3321 778 tamen
3354 724 3462 778 alio

1871 810 2209 881 competenti
2236 816 2490 882 tempore
2513 826 2623 866 non
2646 811 2825 882 magis
2853 811 2971 883 ipse
2989 826 3159 883 quam
3180 816 3236 866 et
3261 811 3467 867 fratres

1871 910 1931 949 se
1961 910 2073 949 non
2104 902 2387 949 excusant.

1943 986 2061 1038 Hac
2093 990 2282 1038 autem
2314 984 2431 1038 vice
2458 984 2601 1038 sicut
2624 987 2681 1037 et
2707 983 2766 1038 in
2796 983 3011 1038 Pascha
3044 1000 3109 1039 ac
3135 983 3466 1041 Pentecoste

1872 1074 2184 1144 provisores
2207 1074 2486 1139 villarum,
2512 1073 2608 1144 qui
2637 1074 2842 1127 Deram’
2861 1073 3234 1145 appellantur,
3267 1074 3337 1129 ad
3362 1075 3467 1130 hoc

1872 1162 1929 1216 in
1958 1162 2109 1216 brevi
2139 1170 2521 1230 recensentur,
2564 1179 2803 1233 quorum
2846 1170 3145 1217 consuetus
3198 1181 3467 1219 numerus

1870 1268 2227 1322 nequaquam
2261 1256 2394 1306 tunc
2428 1252 2701 1306 minuitur
2743 1252 2966 1323 quando
3013 1252 3185 1306 abbas
3230 1268 3356 1307 cum
3386 1252 3467 1308 eis

1869 1346 2118 1397 notatur.
2152 1341 2294 1394 Nam
2325 1341 2382 1394 in
2411 1340 2702 1395 refectorio
2732 1340 2973 1412 amplius
3010 1339 3139 1395 huic
3158 1340 3382 1412 negotio
3406 1354 3467 1396 se

1870 1430 2336 1491 nonintromittit,
2369 1429 2474 1483 nisi
2500 1430 2647 1500 quod
2670 1435 2889 1484 tantum
2914 1430 3183 1502 quasdam
3205 1430 3468 1484 scutellas

1870 1537 1902 1573 a
1923 1520 2192 1579 fratribus
2223 1520 2273 1573 ei
2303 1527 2627 1590 apportatas
2648 1521 2829 1590 primo
2859 1536 3029 1590 super
3049 1536 3270 1574 mensas
3286 1518 3468 1591 ponit.

203 1624 319 1665 eum
344 1612 503 1664 intus
531 1611 837 1665 consistere
854 1611 1091 1665 noverit.
1108 1612 1459 1685 Quicumque
1474 1615 1699 1668 illorum
1722 1614 1791 1668 ab
1876 1610 2033 1662 Hanc
2064 1615 2253 1663 autem
2274 1608 2823 1663 administrationem
2847 1625 2973 1663 cum
2987 1609 3200 1663 caeteris
3218 1608 3469 1679 coquinae

202 1700 273 1755 eis
301 1699 574 1770 obsequio
605 1700 894 1770 expeditus
914 1717 1035 1754 esse
1065 1703 1311 1772 potuerit
1325 1703 1393 1756 ad
1421 1703 1788 1769 offerendum,
1876 1698 2239 1752 servitur-ibus
2271 1713 2533 1769 percusso
2571 1697 2825 1769 cymbala
2865 1697 3081 1769 incipit,
3110 1697 3470 1768 prioremque

202 1791 264 1843 ad
295 1790 627 1861 capitulum,
651 1790 721 1842 ad
751 1790 1183 1860 processionem,
1216 1791 1284 1845 ad
1316 1791 1563 1847 ofﬁcium
1592 1777 1955 1847 damn—Evcl
1993 1787 2165 1842 alium
2196 1787 2409 1841 scillam
2443 1788 2669 1859 pulsare
2696 1787 2963 1859 praecipit,
2998 1790 3072 1853 et,
3097 1802 3224 1841 cum
3244 1792 3468 1858 tempus

202 1884 435 1943 ctorum,
465 1877 613 1949 quod
640 1893 766 1931 cum
801 1879 1042 1933 maximo
1072 1878 1184 1934 ritu
1212 1880 1429 1944 colitur,
1448 1896 1625 1953 usque
1654 1883 1787 1937 dum
1876 1876 2067 1937 fuerit.
2117 1876 2237 1947 ipse
2295 1877 2506 1949 primus
2566 1877 2861 1931 Bcnedz'cz‘te
2903 1876 3159 1947 imponit,
3219 1893 3282 1930 ac
3318 1876 3467 1930 dicto

204 1976 309 2022 tres
333 1968 536 2022 saltem
568 1966 833 2021 lectiones
868 1965 1157 2033 ﬁniantur,
1186 1968 1254 2023 ad
1288 1971 1618 2025 mandatum
1649 1988 1790 2043 quo-

205 2073 322 2129 que,
360 2062 422 2111 et
469 2054 541 2110 ad
587 2070 946 2110 communem
981 2057 1218 2111 fratrum
1273 2059 1629 2115 refectionem
1679 2079 1791 2116 non

205 2144 391 2213 deerit,
424 2147 473 2201 si
502 2144 958 2200 inclamationem
1001 2144 1247 2217 effugere
1278 2148 1535 2203 voluerit.
1579 2150 1658 2206 De
1688 2151 1792 2206 hoc

208 2240 387 2290 autem
418 2252 614 2290 omnes
663 2235 831 2289 simul
880 2234 1221 2290 inclamandi
1251 2243 1401 2300 sunt,
1443 2238 1489 2292 si
1520 2239 1787 2295 domnum

209 2324 458 2379 abbatem
485 2340 723 2396 usquam
754 2324 935 2378 solum
968 2324 1311 2396 relinquunt.
1362 2326 1588 2382 Missam
1616 2329 1792 2400 ipsius

209 2412 415 2469 abbatis
468 2414 659 2468 nullus
689 2412 1218 2486 obedientiariorum
1252 2416 1309 2469 in
1336 2418 1532 2471 eadem
1564 2420 1796 2473 novitio-

210 2521 323 2557 rum
351 2502 494 2558 cella
514 2503 658 2557 sicut
682 2516 782 2557 nec
801 2500 933 2557 alibi
960 2503 1017 2557 in
1037 2504 1375 2559 monasterio
1396 2505 1561 2560 debet
1576 2508 1790 2574 audire,

209 2592 308 2646 nisi
339 2611 405 2647 eo
431 2596 685 2663 tempore
731 2608 841 2663 quo
884 2599 941 2646 et
979 2592 1072 2646 alii
1102 2596 1419 2649 sacerdotes
1447 2596 1629 2650 solent
1661 2614 1792 2651 can-

209 2686 339 2736 tare.
364 2681 435 2736 Et
453 2685 541 2736 est
565 2680 853 2735 sciendum
886 2682 1034 2753 quod
1066 2699 1211 2753 saepe
1242 2683 1392 2738 dicta
1417 2685 1559 2738 cella
1586 2684 1791 2757 aliqui-

1880 1982 2041 2020 versu
2079 1983 2295 2021 sessum
2323 1965 2473 2020 vadit
2499 1964 2625 2036 Ipse
2647 1980 2867 2036 quoque
2888 1963 3041 2019 omni
3067 1966 3157 2019 die
3176 1964 3469 2019 Dominica

1876 2070 2001 2110 cum
2020 2055 2228 2126 pueris,
2254 2056 2300 2109 si
2322 2056 2378 2109 in
2401 2055 2520 2109 loco
2541 2062 2692 2119 sunt,
2712 2052 3039 2108 mandatum
3065 2051 3464 2124 facitpauperi,

1873 2146 1962 2199 cui
1994 2146 2141 2199 lavat
2170 2145 2356 2217 pedes,
2402 2142 2605 2199 tribuit
2650 2144 2790 2198 duos
2837 2142 3122 2203 denarios,
3179 2146 3236 2196 et
3280 2140 3469 2213 pueris

1872 2234 2143 2305 singulos,
2178 2236 2241 2289 ut
2264 2251 2367 2306 per
2392 2235 2543 2305 ipsos
2573 2230 2912 2304 pauperibus
2935 2231 3274 2286 tribuantur.
3309 2229 3469 2294 Quod

1875 2325 1922 2378 si
1953 2320 2022 2377 ab
2051 2324 2147 2377 illo
2176 2325 2504 2378 mandatum
2535 2322 2684 2377 idem
2710 2323 3032 2394 negligitur,
3064 2328 3199 2376 tunc
3227 2337 3260 2374 a
3280 2317 3469 2392 pueris

1875 2416 1933 2467 et
1962 2429 2156 2467 eorum
2190 2412 2479 2483 magistro,
2512 2413 2597 2466 vel
2645 2412 2688 2467 si
2723 2412 2802 2466 illi
2842 2412 3066 2478 desunt,
3113 2409 3182 2464 ab
3224 2406 3468 2464 armario

1878 2502 2219 2573 providetur.
2266 2500 2602 2556 Eorumdem
2653 2518 2954 2572 puerorum
2987 2498 3387 2554 confessionem
3421 2497 3468 2551 si

1876 2600 1962 2649 est
2013 2598 2358 2665 recepturus,
2411 2592 2680 2664 magister
2722 2592 3020 2664 praedictus
3067 2588 3295 2645 adducit
3342 2588 3469 2642 illos

1874 2699 2053 2756 usque
2097 2685 2167 2738 ad
2215 2682 2509 2740 introitum
2556 2681 2788 2753 capituli
2818 2678 3005 2753 ibique
3054 2695 3153 2734 eos
3184 2681 3470 2751 exspectat

208 2769 302 2824 bus
346 2768 460 2825 illic
506 2768 915 2825 dormientibus
976 2786 1089 2825 non
1146 2770 1458 2837 obseratur,
1513 2774 1627 2828 sed.
1664 2790 1790 2829 cum
1871 2770 2171 2827 redituros.

206 2859 469 2915 absconsa
518 2876 553 2914 a
579 2860 866 2914 claustrali
912 2860 1101 2931 priore
1152 2860 1322 2915 etiam
1357 2860 1563 2916 domno
1593 2862 1795 2918 abbate

207 2955 468 3021 praesente
514 2948 907 3019 perlustratur.
940 2948 1010 3003 Et
1049 2954 1114 3003 ut
1156 2948 1402 3005 breviter
1442 2951 1789 3019 concludam,

209 3042 355 3093 tanta
381 3036 682 3110 disciplina
714 3039 829 3093 illic
876 3056 976 3110 per
1020 3040 1211 3094 omnia
1250 3039 1593 3108 observatur,
1624 3048 1688 3096 ut
1716 3044 1795 3097 nil

210 3129 517 3182 vestimenti
550 3128 621 3181 ab
650 3128 839 3199 aliquo
867 3129 946 3183 ibi
975 3129 1289 3184 dormiente
1307 3130 1365 3183 in
1384 3129 1629 3185 claustro
1653 3132 1853 3206 ejus-C

210 3212 322 3271 dem
342 3213 496 3272 cellae
526 3216 923 3289 suspendatur.

786 3304 1022 3362 CAPUT
1049 3304 1199 3361 XIV.

378 3392 629 3463 Quando,
665 3399 713 3449 et
741 3396 815 3449 ad
842 3413 961 3463 qua
988 3396 1170 3463 ofﬁcia
1202 3396 1393 3451 notari
1417 3394 1620 3451 debeat.

274 3486 297 3508 '
324 3484 432 3539 Sed
459 3491 525 3539 ut
551 3485 777 3538 redeam
806 3485 863 3537 in
885 3485 1190 3539 claustrum
1219 3502 1230 3538 :
1266 3485 1337 3539 ad
1368 3485 1507 3540 duas
1536 3486 1798 3558 septima-

213 3585 304 3625 nas
328 3571 384 3626 in
414 3589 584 3637 anno,
617 3571 663 3626 si
693 3580 781 3626 est
807 3588 1050 3643 praesens
1103 3572 1274 3628 abbas
1316 3579 1372 3628 et
1402 3574 1696 3629 incolumis
1725 3574 1795 3629 ad

209 3663 471 3731 majorem
498 3661 729 3715 missam
759 3664 1005 3728 notatur,
1034 3662 1089 3716 id
1117 3669 1204 3716 est
1221 3663 1511 3718 Dominica
1530 3664 1797 3719 Resurre-

207 3748 396 3805 ctionis
426 3758 482 3805 et
514 3750 892 3805 Pentecostes.
925 3752 989 3805 In
1011 3752 1213 3822 quibus
1233 3758 1423 3807 tamen
1443 3754 1588 3807 alius
1616 3770 1795 3808 sacer-

209 3838 297 3893 dos
327 3840 576 3894 armario
606 3840 956 3910 injungente,
991 3841 1242 3895 dicturus
1272 3848 1357 3896 est
1382 3843 1549 3897 horas
1570 3844 1793 3913 regula-

209 3944 307 3992 res,
338 3934 549 4000 printer
583 3944 847 3999 vesperos
893 3934 951 3983 et
996 3928 1356 3997 matutinum,
1388 3937 1445 3985 et
1470 3931 1525 3985 in
1558 3932 1794 3986 refecto-

212 4012 285 4072 rio
307 4015 545 4072 daturus
574 4014 1039 4071 benedictionem.
1063 4017 1171 4082 Qui
1193 4024 1249 4073 et
1268 4019 1476 4073 eisdem
1498 4020 1695 4075 diebus
1725 4018 1792 4075 ad

212 4107 483 4161 canticum
528 4104 815 4177 Evangelii
862 4122 991 4160 non
1016 4106 1211 4161 viliore
1236 4125 1432 4179 cappa,
1465 4126 1634 4179 quam
1674 4109 1793 4181 ipse

215 4194 370 4250 abbas
410 4194 667 4261 vestitur,
689 4203 746 4251 et
772 4210 898 4251 cum
931 4214 995 4251 eo
1034 4196 1202 4252 simul
1222 4196 1424 4252 altaria
1446 4199 1714 4263 incenset,
1740 4206 1797 4254 et

217 4282 499 4340 officialem
529 4282 738 4340 librum
767 4292 960 4340 teneat
978 4286 1048 4340 ad
1069 4286 1188 4356 ejus
1218 4285 1570 4358 obsequium.
1593 4290 1655 4343 1n
1683 4289 1797 4343 Na-

2482 2859 2718 2916 CAPUT
2742 2856 2861 2914 XV.

1877 2971 1951 3024 De
1978 2971 2222 3039 eligendo
2242 2970 2433 3024 abbate
2462 2971 2534 3022 ad
2562 2972 2743 3023 alium
2774 2970 2972 3039 locum,
2987 2982 3051 3020 ac
3079 2964 3141 3018 de
3162 2965 3465 3017 reverentia

2406 3042 2579 3095 eidem
2607 3038 2928 3093 exhibenda.

1945 3129 1968 3151 ’
1998 3127 2054 3184 Si
2082 3131 2226 3184 forte
2255 3131 2494 3185 domnus
2536 3128 2680 3183 abba
2706 3134 2939 3198 rogatur
2966 3121 3036 3179 ab
3065 3124 3275 3197 aliquo,
3306 3128 3371 3177 ut
3399 3121 3469 3176 de

1877 3217 1993 3271 suis
2028 3216 2295 3273 fratribus
2332 3218 2590 3273 abbatem
2637 3216 2946 3271 constituat
2972 3216 3029 3269 in
3058 3214 3241 3271 alieno
3271 3228 3468 3268 mona-

1877 3307 2069 3371 sterio,
2095 3308 2254 3377 juxta
2283 3308 2576 3362 consilium
2609 3306 2895 3360 seniorum
2916 3302 3091 3376 eligit,
3126 3304 3221 3375 qui
3252 3302 3354 3356 tali
3382 3300 3466 3354 vi-

1877 3394 2079 3450 deatur
2106 3398 2310 3467 dignus
2340 3395 2540 3451 ofﬁcio.
2569 3396 2789 3450 Electus
2811 3401 3003 3449 autem
3042 3392 3087 3447 si
3109 3392 3272 3465 sapit,
3306 3408 3468 3446 recu-

1877 3490 1983 3551 sat,
2016 3491 2289 3557 quantum
2321 3492 2522 3559 potest,
2558 3486 2670 3539 tale
2717 3501 2859 3538 onus
2906 3483 3189 3554 suscipere
3215 3498 3228 3547 ;
3251 3483 3469 3535 servata

1877 3580 2067 3630 tamen
2096 3575 2436 3641 obedientia,
2460 3576 2507 3628 si
2522 3572 2721 3628 viderit
2751 3575 2972 3627 Patrem
3002 3572 3059 3625 in
3090 3587 3191 3625 sua
3220 3572 3472 3640 perstare

1878 3665 2177 3720 sententia.
2210 3665 2344 3719 Post
2363 3666 2674 3735 injunctam
2698 3662 2805 3717 sibi
2836 3659 3211 3717 obedientiam
3240 3657 3473 3713 inclinat

1878 3759 1934 3807 et
1961 3752 2118 3808 sedet
2150 3752 2220 3807 ad
2251 3753 2535 3808 sinistram
2578 3752 2769 3807 domni
2799 3750 3037 3816 abbatis,
3069 3749 3188 3822 ipso
3213 3746 3469 3821 jubente.

1877 3842 2019 3897 Cum
2048 3845 2266 3897 venerit
2293 3843 2363 3896 ad
2393 3841 2595 3908 locum,
2629 3842 2719 3896 cui
2752 3846 2839 3895 est
2859 3836 3255 3912 prmierendus,
3283 3837 3473 3909 ibique

1880 3949 1982 4004 per
2009 3932 2279 3986 domnum
2308 3913 2567 3985 abbatem
2591 3931 2703 3984 sive
2730 3947 2832 4002 per
2859 3930 2980 3999 ejus
3000 3927 3262 3982 nuntium
3287 3923 3473 3983 fratri-

1880 4020 1982 4075 bus
2004 4018 2113 4075 illis
2134 4019 2303 4075 fuerit
2324 4018 2649 4089 designatus
2687 4017 2877 4084 abbas,
2926 4022 3061 4072 tunc
3105 4018 3306 4070 caetera
3347 4030 3471 4084 quae

1877 4109 2162 4182 pertinent
2180 4108 2250 4162 ad
2274 4111 2392 4178 ejus
2414 4109 2820 4179 promotionem
2842 4108 2923 4160 ita
2944 4109 3307 4177 peraguntur,
3328 4102 3473 4155 sicut

1879 4203 1947 4256 de
1963 4199 2232 4256 electione
2253 4198 2443 4252 domni
2456 4196 2673 4251 abbatis
2692 4210 2863 4267 supra
2876 4196 3143 4267 scriptum
3166 4190 3469 4247 invenitur.

1884 4288 2021 4345 Post
2053 4289 2194 4342 hanc
2214 4287 2644 4358 promotionem,
2663 4302 2789 4339 cum
2815 4285 3059 4356 primum
3089 4283 3160 4337 ad
3184 4299 3283 4335 nos
3305 4297 3471 4335 vene-

215 4373 419 4430 tivitate
448 4371 673 4430 Domini
701 4380 921 4429 tantum
950 4375 1019 4429 ad
1044 4378 1317 4446 majorem
1347 4376 1573 4431 missam
1606 4377 1800 4433 scribi-
1818 4416 1865 4480 Β
1883 4377 1974 4445 rit,
2009 4392 2135 4433 cum
2165 4376 2518 4449 processione
2558 4374 2883 4445 suscipitur,
2940 4371 3285 4444 baculusque
3353 4370 3473 4441 ejus

218 4469 245 4480 ιγ
384 4470 394 4480 Α
608 4465 623 4480 ι
742 4465 752 4475 ι
909 4464 958 4480 II
1023 4471 1032 4480 Α
1328 4466 1339 4477 ο
1392 4473 1399 4480 .
1602 4468 1617 4480 ει
1684 4468 1695 4480 ο
1744 4469 1755 4480 ι
1992 4477 1999 4480 ,
2112 4465 2146 4480 .4
2294 4465 2309 4480 ι
2374 4466 2385 4480 ι
2704 4479 2709 4480 ,
2780 4469 2819 4480 Α,
2870 4463 2926 4480 ιιι
2987 4478 3009 4480 μ
3046 4478 3121 4480 καί
3172 4461 3224 4480 j-
3261 4458 3473 4480 I.--__I.'_

215 4469 320 4533 tur,
346 4470 404 4518 et
429 4465 691 4518 sacerdos
739 4465 796 4518 in
843 4464 1075 4519 sabbato
1120 4466 1495 4536 praescriptus,
1536 4468 1620 4521 vel
1652 4468 1699 4521 si
1742 4469 1801 4522 in

217 4548 494 4607 Dominica
545 4550 778 4614 venerit,
835 4550 905 4607 ab
955 4552 1200 4608 armario
1238 4554 1558 4626 deputatus,
1600 4564 1802 4612 caetera

217 4654 330 4711 qua
378 4644 512 4697 sunt
542 4640 761 4713 agenda
791 4638 1007 4714 implet.
1042 4643 1306 4707 Quamvis
1335 4650 1525 4699 autem
1557 4644 1799 4718 amplius

216 4743 319 4783 non
348 4737 595 4793 notetur,
630 4731 848 4801 quoties
877 4737 1067 4785 tamen
1106 4733 1226 4786 vult
1249 4749 1351 4803 per
1384 4734 1565 4787 totum
1590 4748 1800 4789 annum

214 4822 395 4872 cantat
423 4820 697 4889 majorem
728 4816 846 4874 sive
870 4814 1146 4874 minorem
1176 4818 1425 4888 missam,
1459 4838 1718 4894 vesperos
1747 4830 1804 4879 et

215 4906 577 4965 matutinum.

280 4995 387 5051 Sed
411 4994 696 5052 sciendum
725 4994 1015 5069 antiquam
1037 4996 1419 5054 Cluniensium
1438 5012 1559 5055 eSSe
1576 5017 1804 5057 consue-

217 5084 485 5153 tudinem,
524 5092 589 5140 ut
619 5086 676 5140 in
707 5082 1011 5142 Nativitate
1038 5086 1264 5142 Domini
1302 5086 1679 5145 ministerium
1708 5108 1802 5146 co~

220 5173 396 5243 quinae
425 5173 634 5229 faciant
654 5174 893 5231 domnus
912 5174 1083 5231 abbas
1109 5182 1165 5231 et
1190 5177 1450 5232 cellarius
1478 5178 1645 5233 simul
1673 5194 1799 5235 cum

218 5260 624 5331 decanis.Quod
655 5265 777 5319 ideo
805 5271 993 5320 tacere
1023 5265 1330 5334 noluimus,
1361 5274 1422 5322 ut
1452 5269 1804 5323 animadver-

218 5352 343 5405 tatis
370 5368 405 5405 a
426 5356 637 5423 quanta
663 5355 961 5409 sanctitate
980 5351 1272 5426 incoeperit
1298 5356 1392 5410 ille
1421 5356 1805 5428 locus,quam-

218 5454 377 5509 quam
414 5442 574 5497 modo
608 5458 723 5497 non
745 5444 837 5503 sit.
872 5460 974 5498 nec
1002 5440 1213 5515 absque
1237 5458 1438 5515 magna
1466 5446 1803 5517 importuni-

218 5534 324 5583 tate
363 5531 607 5604 idipsum
658 5530 992 5587 humilitatis
1051 5540 1108 5587 et
1147 5533 1435 5604 religionis
1488 5538 1804 5607 exemplum

220 5619 329 5674 ﬁeri
360 5623 537 5693 possit
577 5640 589 5675 :
651 5639 783 5677 nam
827 5623 974 5678 tanti
1025 5623 1284 5690 fratrum,
1341 5624 1485 5679 tanti
1521 5625 1805 5698 hospitum

1883 4465 2200 4541 pastoralis,
2230 4465 2313 4519 vel
2343 4466 2389 4519 sl
2416 4479 2578 4518 suum
2609 4479 2720 4517 non
2743 4463 2951 4527 attulit,
2986 4478 3135 4517 unus
3164 4461 3232 4516 de
3261 4458 3475 4515 baculis

1882 4557 2072 4612 domm
2105 4553 2341 4620 abbatis,
2367 4559 2425 4607 et
2445 4560 2577 4607 tunc
2597 4558 2655 4606 et
2672 4556 2867 4624 postea
2888 4551 3106 4623 quoties
3142 4550 3214 4605 ad
3250 4566 3352 4604 nos
3380 4566 3472 4604 re-

1884 4647 2136 4711 vertitur,
2150 4647 2326 4716 'juxta
2345 4645 2523 4697 altare
2552 4642 2699 4713 quod
2730 4649 2815 4696 est
2843 4641 3161 4712 proximum
3189 4640 3351 4708 ostio,
3377 4656 3477 4712 per

1886 4730 2032 4807 quod
2055 4736 2169 4789 itur
2180 4732 2248 4788 de
2268 4734 2510 4788 claustro
2533 4731 2590 4786 in
2612 4729 2947 4786 ecclesiama
2970 4730 3205 4784 sacrista
3225 4728 3473 4801 ponitur,

1885 4830 2162 4896 quatenus
2191 4839 2291 4894 per
2317 4820 2460 4876 hanc
2489 4820 2737 4875 debitam
2780 4820 2831 4875 ei
2868 4819 3071 4874 fratres
3101 4818 3475 4896 reverentiam

1882 4892 2143 4968 exhibere
2173 4892 2656 4966 commoueantur.
3406 4892 3424 4912 '

1957 5002 2016 5057 Si
2058 4998 2347 5073 capellano
2387 5005 2557 5065 caret,
2606 4997 2760 5072 prior
2807 4999 2860 5054 ei
2908 4998 3175 5054 idoneum
3223 4994 3471 5052 adhibet.

1885 5088 2164 5155 Quamdiu
2185 5090 2331 5162 apud
2355 5106 2455 5144 nos
2476 5095 2729 5143 moratur
2743 5106 2775 5142 a
2796 5085 3062 5143 fratribus
3083 5086 3133 5142 ei
3153 5085 3476 5153 inclinatur,

1884 5187 2157 5252 praesente
2188 5180 2357 5235 etiam
2385 5178 2592 5234 domno
2625 5176 2846 5233 abbate.
2879 5178 3001 5242 Quo
3020 5177 3251 5231 absente
3271 5173 3478 5244 ubique

1885 5270 1984 5324 dat
2009 5268 2474 5335 benedictionem,
2505 5272 2562 5322 et
2589 5268 2953 5339 antiphonam
2985 5265 3042 5319 in
3072 5260 3365 5318 duodecim
3396 5262 3479 5316 le-

1885 5356 2162 5413 ctionibus
2188 5374 2358 5430 super
2384 5356 2661 5412 canticum
2694 5351 2977 5426 Evangelii
3014 5353 3273 5425 imponit,
3308 5368 3479 5423 quam

1886 5446 1967 5502 illi
1996 5447 2275 5502 armarius
2300 5447 2614 5501 innotescit.
2648 5446 2789 5499 Cum
2821 5461 2930 5516 quo
2950 5442 3117 5497 etiam
3149 5438 3482 5508 inclinante,

1888 5539 1973 5593 vel
2004 5539 2051 5592 si
2081 5535 2293 5591 fallitur
2334 5537 2551 5591 veniam
2601 5540 2846 5606 petente,
2891 5534 3195 5587 conventus
3225 5530 3475 5586 inclinat.

1885 5628 2023 5682 Post
2051 5627 2469 5684 inclinationem
2507 5622 2639 5682 thus
2672 5622 2932 5697 immnit,
2964 5621 3013 5678 si
3039 5618 3184 5678 alius
3221 5620 3483 5680 sacerdos
