3908 6168
480 297 616 357 1055

1521 303 1582 360 S.
1622 303 2016 362 GUlLLELMI
2053 301 2359 360 ABBATIS
2393 301 2732 366 HIRSAUG.

3562 299 3678 360 1056

477 431 563 482 est
581 425 1095 498 incensaturus,qui
1116 426 1167 482 ei
1187 443 1440 485 acerram
1455 445 1558 502 per
1582 446 1784 487 manus
1813 433 2065 488 osculum
2085 434 2131 493 A
2155 429 2330 486 tative
2357 429 2710 486 admonetur.
2738 431 2899 498 Quod
2915 433 2963 488 si
2981 431 3216 504 amplius
3234 428 3304 484 ad
3331 427 3681 482 monasterium

482 515 740 588 porrigit.
784 517 1054 572 Octavum
1093 518 1510 589 responsorium
1557 520 1630 575 ad
1668 522 1908 593 gradum
1946 539 2075 577 cum

479 604 624 672 aliis,
677 610 778 660 aut
822 605 882 660 in
925 605 1056 661 sede
1093 622 1193 662 sua
1235 609 1389 663 solus
1425 614 1634 666 cantat.
1675 611 2076 667 Duodecimam

475 693 772 748 lectionem
801 693 970 749 Patre
987 696 1314 751 monasterii
1333 696 1584 763 absente,
1604 715 1782 771 eoque
1799 705 2073 773 prasente

475 786 729 838 octavam
747 783 905 854 legit,
924 789 980 838 et
1011 785 1404 841 duodecimum
1433 789 1852 859 responsorium
1874 791 2072 846 eodem

473 871 688 938 ordine,
737 889 850 944 quo
885 879 942 928 et
969 879 1225 929 octavum
1255 875 1424 930 cauit.
1463 877 1549 932 Ad
1576 879 1812 948 gradum
1842 879 1911 934 de
1939 881 2072 936 sede

475 977 580 1016 sua
610 961 866 1017 tendenti
895 963 1120 1034 quando
1145 963 1441 1019 lectionem
1473 967 1736 1037 praedicto
1775 969 1942 1023 Patre
1971 968 2070 1022 ab-

475 1055 634 1105 sente
671 1051 921 1106 lecturus
950 1057 1056 1117 est,
1086 1051 1289 1108 fratres
1321 1055 1547 1110 erectim
1589 1062 1915 1128 assurgunt.
1947 1058 2070 1130 ipso

474 1157 608 1194 vero
634 1145 930 1212 praesente,
971 1157 1170 1212 parum
1201 1143 1270 1196 de
1303 1143 1530 1200 sedibus
1579 1145 1696 1200 suis
1729 1163 1790 1200 se
1821 1147 2068 1202 levantes

473 1229 838 1295 submittunt,
869 1234 928 1284 et
967 1245 1032 1284 eo
1079 1231 1352 1287 redeunte
1395 1233 1655 1289 similiter
1679 1241 1880 1306 agunt.
1919 1237 2074 1292 Idem

475 1319 700 1389 quando
730 1319 1022 1376 incensare
1069 1320 1236 1376 debet
1259 1338 1358 1392 per
1383 1339 1444 1376 se
1471 1323 1604 1377 thus
1646 1330 1802 1379 extra
1839 1326 2073 1381 chorum

473 1407 720 1479 imponit
761 1408 1174 1480 incensatisque
1215 1410 1488 1466 altaribus
1535 1413 1740 1467 domno
1786 1413 1972 1470 abbati
2018 1421 2074 1470 et

477 1497 656 1568 priori
687 1497 976 1553 incensum
1005 1498 1188 1552 oﬂ'ert.
1222 1499 1365 1554 Nam
1399 1501 1502 1554 etsi
1528 1502 1718 1556 nullus
1745 1502 1918 1558 abbas
1935 1505 2077 1560 assit

456 1570 712 1657 propter
737 1587 920 1640 solum
947 1586 1190 1658 priorem
1220 1588 1358 1643 illud
1405 1589 1462 1643 in
1516 1591 1748 1646 chorum
1800 1599 2070 1664 reportat.

2157 535 2323 574 suum
2352 519 2540 574 redire
2565 520 2784 586 difﬁdit,
2819 522 3059 594 pristino
3089 537 3189 575 suo
3219 517 3407 574 ordine
3433 521 3684 572 contentus

2159 608 2286 674 erit,
2319 607 2430 663 nisi
2453 609 2692 666 domnus
2713 610 2884 666 abbas
2913 627 3042 667 eum
3064 607 3412 682 promoverit.

2737 699 2972 755 CAPUT
3015 696 3158 753 XVI.

2533 789 2606 842 De
2635 788 2946 842 ordinando
2969 789 3159 858 priore
3185 783 3354 856 (123).

2227 874 2358 946 tuo.)
2385 875 2620 940 Quando
2640 876 2795 948 prior
2821 882 2908 931 est
2926 871 3466 944 ordiuaudus,primo
3489 871 3690 926 domnus

2153 963 2325 1018 abbas
2363 965 2533 1020 habet
2573 964 2703 1020 inde
2743 965 3042 1020 consilium
3075 980 3203 1018 cum
3247 959 3560 1026 senioribus,
3580 957 3691 1013 etin

2151 1053 2387 1108 arbitrio
2445 1053 2672 1108 illorum
2724 1053 3057 1110 electionem
3096 1051 3272 1124 ponit.
3324 1049 3516 1104 Postea
3555 1046 3692 1100 refert

2151 1143 2487 1196 sententiam
2518 1143 2577 1197 iu
2601 1143 2870 1214 capitulo,
2899 1149 2956 1198 et
2981 1143 3052 1198 de
3079 1157 3190 1213 quo
3234 1136 3574 1202 consenserit,
3600 1136 3693 1190 lau-

2155 1230 2294 1286 dant
2321 1248 2536 1286 omnes.
2562 1233 2740 1296 Quem
2773 1232 3027 1302 elegerit,
3058 1231 3106 1286 si
3135 1230 3302 1302 sapit,
3333 1227 3538 1282 veniam
3561 1225 3690 1297 petit,

2156 1337 2430 1375 excusans
2475 1337 2536 1375 se
2582 1323 2654 1376 ad
2707 1338 2913 1376 munus
2957 1319 3284 1391 hujusmodi
3321 1333 3431 1372 non
3473 1316 3692 1370 idoneum

2156 1425 2297 1464 esse.
2331 1409 2416 1464 Ad
2449 1409 2710 1464 ultimum
2739 1409 2788 1463 si
2820 1410 2872 1464 ei
2901 1410 3154 1481 iujuncta
3196 1408 3368 1464 fuerit
3403 1404 3691 1470 obedientia,

2157 1514 2268 1553 non
2317 1499 2470 1553 aliud
2500 1498 2651 1565 facit,
2685 1515 2854 1569 quam
2884 1499 3135 1553 inclinat.
3169 1497 3340 1553 Sedet
3361 1495 3430 1550 ad
3457 1493 3695 1548 sinistram

2156 1587 2349 1642 domui
2377 1587 2622 1644 abbatis.
2660 1585 2802 1642 Cum
2842 1587 3189 1642 surrexerint
3232 1586 3302 1640 de
3343 1582 3570 1655 capitulo
3591 1587 3698 1635 eunt

475 1675 750 1730 Eumdem
789 1691 918 1729 vero
977 1675 1256 1744 abbatem,
1299 1677 1540 1733 domnus
1580 1679 1750 1735 abbas
1797 1683 2076 1754 accipiens
2097 1675 2285 1736 Bcum
2321 1676 2632 1748 psalmodia
2660 1677 2826 1732 solita
2881 1677 2940 1730 in
2997 1675 3291 1730 ecclesiam
3320 1672 3592 1742 majorem.
3617 1667 3698 1722 Ubi

475 1762 827 1818 thuribulum
853 1781 888 1818 a
916 1781 1205 1832 converso,
1227 1766 1471 1821 vicissim
1503 1769 1775 1824 incensat.
1809 1771 1948 1826 Cum
1965 1773 2074 1827 alio
2157 1783 2286 1820 mox
2305 1782 2481 1820 novus
2509 1765 2684 1837 prior,
2716 1767 2776 1820 in
2823 1765 3015 1820 sedem
3058 1762 3412 1836 praecessoris
3439 1759 3522 1814 sui
3546 1773 3698 1812 succe-

471 1855 665 1905 autem
696 1851 994 1908 incensans
1023 1855 1454 1921 sacerdote,siv.e
1476 1873 1603 1912 cum
1633 1858 1744 1912 alio
1774 1861 1938 1930 cujus
1956 1861 2074 1932 ipse
2156 1854 2258 1922 dit,
2291 1859 2348 1908 et
2391 1853 2566 1908 ﬁnitis
2615 1853 2847 1926 psalmis
2893 1854 2965 1908 ad
2999 1853 3258 1947 gl'aflum_
3289 1849 3699 1947 νθξιίθῐιεβηῐξθί

471 1947 558 1994 est
587 1941 744 2011 prior
771 1940 992 2009 abbate,
1027 1943 1169 1997 nulli
1195 1944 1304 1999 nisi
1329 1944 1384 1998 in
1400 1945 1590 2014 choro,
1621 1953 1848 2019 excepto
1869 1950 2076 2005 domno
2159 1948 2311 1998 retro
2338 1943 2494 2008 facit,
2525 1943 2676 1998 hunc
2700 1960 2920 1998 versum
2947 1949 3036 1997 ter
3061 1941 3321 1996 dicendo.
3343 1941 3558 2000 Deus,in
3573 1936 3698 2002 adju-

473 2025 676 2082 abbate
708 2027 876 2083 debet
925 2030 1219 2086 incensum
1275 2033 1544 2104 praebere.
1603 2035 1840 2099 Quando
1885 2043 2076 2094 autem
2159 2036 2368 2087 torium
2385 2049 2568 2086 meum
2589 2033 2904 2088 intende.Et
2924 2027 3698 2094 conventussimiliterrespon-

467 2129 596 2169 cum
633 2117 822 2188 aliquo
851 2120 1160 2186 sacerdote,
1183 2121 1339 2176 nullo
1379 2121 1578 2178 abbate
1608 2129 1848 2192 astante,
1876 2127 2073 2183 incen-
2157 2121 2273 2176 det.
2307 2121 2418 2176 Dat
2436 2121 2487 2176 ei
2505 2121 2650 2176 hanc
2675 2121 2794 2192 ipse
2821 2121 3062 2176 domnus
3080 2119 3255 2212 abbas
3275 2113 3694 2212 benedictionem.

467 2206 580 2265 sat,
611 2201 732 2273 ipse
761 2203 988 2274 quidem
1022 2205 1216 2276 priori,
1247 2206 1344 2260 sed
1369 2209 1627 2264 sacerdos
1655 2209 1739 2264 illi
1779 2211 2070 2269 incensum
2157 2210 2350 2272 Tuam,
2383 2213 2799 2264 clementissime
2820 2212 2998 2272 Pater,
3017 2203 3698 2278 omnipotentiamsuppliw

469 2289 850 2346 administrat.
885 2293 970 2348 Ad
991 2296 1401 2366 processionem
1427 2303 1486 2368 et
1513 2299 1572 2351 in
1599 2299 1787 2364 choro,
1827 2301 1931 2355 etsi
1949 2303 2070 2372 ipse
2151 2299 2600 2367 deprecanmr,ut
2632 2300 2928 2366 infundere
2943 2299 3190 2365 digneris
3211 2311 3379 2364 ευμεν
3399 2293 3696 2388 hunc/“mf

471 2377 597 2433 alba
617 2379 848 2435 indutus
877 2399 988 2436 non
1019 2383 1108 2448 sit,
1135 2389 1326 2439 tamen
1348 2385 1489 2440 albis
1518 2388 1776 2458 superior
1795 2390 2069 2446 erit.Cum
2155 2389 2273 2442 tum
2304 2392 2484 2450 tuum,
2509 2403 2670 2456 quem
2715 2393 2806 2441 tuo
2853 2402 3243 2454 servorumque
3275 2390 3497 2438 tuorum
3521 2380 3698 2434 scrvin

471 2468 703 2524 missam
730 2470 1014 2526 celebrare
1042 2474 1298 2538 voluerit,
1333 2475 1568 2530 sacrista
1600 2477 1651 2530 ei
1678 2478 1842 2532 solito
1873 2479 2069 2534 melio-
2154 2478 2838 2544 mancipa-mus,spiritum
2852 2477 3134 2544 sapientia
3151 2478 3202 2528 et
3224 2469 3697 2528 intellectusdiscre-

467 2573 587 2611 rem
623 2563 949 2629 paraturam
978 2561 1437 2617 accommodabit.
1489 2564 1575 2618 Ad
1619 2565 1926 2637 capitulum
1956 2584 2069 2622 non
2153 2567 2423 2634 tionisque
2440 2582 2458 2628 ;
2481 2566 2626 2619 dona
2655 2568 2707 2618 ei
2737 2567 2797 2618 in
2827 2564 2928 2617 hac
2956 2565 3114 2617 domo
3145 2568 3244 2616 tua
3266 2565 3348 2616 ita
3367 2576 3534 2629 agere,
3563 2563 3602 2611 et
3628 2559 3699 2608 in-

465 2647 642 2714 venit,
688 2648 798 2702 nisi
845 2665 972 2704 cum
1005 2649 1214 2705 domno
1241 2651 1462 2717 abbate,
1491 2669 1620 2708 cum
1649 2671 1758 2726 quo
1789 2655 1960 2710 etiam
1989 2657 2062 2712 ad
2138 2655 2408 2722 junctum
2427 2653 2536 2706 sibi
2561 2654 2806 2721 ofﬁcium
2828 2653 3343 2712 ilaadministrare,
3369 2653 3492 2702 utet
3513 2645 3700 2712 tibiple-

467 2734 829 2807 principalem
862 2755 1114 2794 mensam
1161 2740 1318 2795 sedet
1345 2741 1402 2795 in
1431 2743 1743 2809 refectorio,
1770 2745 1857 2799 vel
1885 2746 2056 2812 solus,
2142 2758 2258 2796 cere
2287 2745 2485 2805 valeat,
2511 2747 2562 2796 et
2592 2745 2894 2796 utilitatem
2922 2757 3208 2796 servorum
3240 2746 3482 2833 tuorum,
3509 2737 3701 2833 ttae-ff-

466 2839 534 2879 eo
561 2823 808 2882 absente.
842 2828 979 2882 Post
1004 2829 1303 2900 prandium
1331 2831 1739 2900 ministrorum,
1772 2835 2070 2890 comedens
2153 2831 2342 2894 liante,
2361 2833 2755 2901 perfectissime
2775 2833 3003 2899 eapleat,
3025 2835 3250 2900 propter
3270 2829 3414 2898 quod
3430 2832 3478 2882 et
3506 2827 3583 2878 hic
3597 2828 3638 2876 et
3653 2824 3701 2874 ίη

471 2913 544 2968 ad
573 2930 744 2969 unam
775 2915 845 2970 de
877 2919 1262 2988 superioribus
1283 2921 1512 2980 mensis.
1532 2922 1690 2976 sedet
1709 2939 1835 2977 cum
1855 2925 2070 2980 comiti-
2147 2919 2344 2986 futuro
2371 2923 2564 2974 saeculo
2585 2921 2881 2974 mercedem
2905 2921 3160 2974 laborum
3186 2934 3424 2972 suorum
3452 2919 3510 2970 in
3526 2926 3702 3010 consor-

462 3001 569 3058 bus
597 3004 716 3058 suis
745 3005 1158 3077 aliquantulum
1178 3009 1248 3062 ab
1272 3025 1338 3064 eo
1361 3011 1614 3065 remotis.
1647 3010 1710 3066 In
1735 3011 2063 3068 dormitorio

2151 3011 2225 3061 tio
2254 3013 2577 3063 sanctorum
2609 3014 2835 3063 tuorum
2855 3025 2890 3062 a
2919 3013 2967 3062 te
2988 3010 3246 3077 piissimo
3271 3008 3526 3074 largitore
3552 3001 3702 3070 perci-

463 3092 674 3148 dormit
703 3109 769 3148 ex
814 3097 1241 3164 consuetudine,
1283 3103 1470 3170 potest
1512 3106 1722 3166 tamen,
1754 3101 1803 3156 si
1831 3119 2060 3158 necesse
2079 3077 2280 3166 ορίαε.
2302 3099 2424 3160 Per,
2453 3103 2559 3152 etc-

463 3186 572 3248 est,
604 3183 931 3254 providente
973 3186 1160 3256 priore
1189 3187 1247 3242 in
1293 3188 1434 3242 cella
1461 3189 1819 3255 novitiorum,
1857 3191 1971 3246 sive
2000 3192 2060 3247 in

461 3271 774 3327 inﬁrmaria
803 3271 1067 3329 dormire.

537 3361 597 3416 Si
625 3361 892 3418 fratribus
907 3363 1024 3418 suis
1053 3365 1376 3420 societatem
1399 3370 1456 3420 et
1474 3367 1780 3438 capitulum
1803 3375 2060 3426 nostrum

463 3450 583 3504 vult
609 3451 918 3520 acquirere,
959 3452 1014 3506 in
1049 3452 1292 3523 capitulo
1333 3459 1464 3509 ante
1503 3455 1772 3510 domuum
1799 3457 2060 3514 abbatem

467 3536 634 3592 debet
671 3539 893 3593 veniam
939 3545 1148 3612 petere,
1197 3548 1255 3596 et
1292 3545 1672 3616 interrogatus
1717 3547 1849 3617 quid
1888 3548 2058 3617 dicat,

465 3639 595 3678 cum
621 3627 994 3697 responderit,
1020 3631 1459 3686 Alisericordiam
1481 3651 1681 3702 quaero,
1714 3652 2062 3708 surgensque

465 3712 812 3769 voluntatem
843 3733 1001 3771 suam
1031 3719 1332 3788 patefacit;
1365 3723 1613 3793 assurgit
1655 3723 1896 3780 domnus
1917 3725 2062 3782 abba

467 3817 595 3856 cum
626 3810 920 3872 conventu,
954 3811 1012 3860 et
1041 3807 1140 3862 dat
1167 3809 1220 3862 ei
1267 3809 1593 3866 societatem
1628 3817 1683 3866 et
1728 3813 2058 3886 capitulum,

463 3889 742 3962 simulque
773 3894 1042 3965 recipitur
1059 3895 1130 3950 ab
1151 3913 1236 3952 eo.
1259 3898 1403 3952 Nam
1425 3899 1752 3972 priusguam
1773 3904 1878 3958 hoc
1895 3906 2060 3961 modo

459 3981 702 4036 societas
727 3981 798 4036 ab
826 3984 908 4038 eis
937 3986 1518 4055 confirmetur,nullus
1534 3997 1786 4046 nostrum
1811 3994 1882 4048 ad
1911 3994 2056 4063 illos,

2213 3186 2284 3240 Et
2311 3192 2376 3241 ut
2407 3187 2499 3242 hic
2539 3203 2762 3258 quoque
2805 3187 2928 3258 ejus
2974 3185 3254 3242 absolutio
3295 3200 3409 3239 nou
3436 3182 3701 3240 differatur.

2143 3275 2469 3329 meminerit
2497 3275 2722 3347 quando
2753 3274 3121 3330 absolvendus
3167 3279 3276 3341 est,
3307 3279 3372 3328 ut
3405 3271 3579 3326 mittat
3603 3282 3702 3320 ver-

2141 3380 2266 3419 sum
2293 3381 2422 3418 cum
2445 3364 2542 3418 illo
2571 3366 2888 3420 Benedictus
2907 3381 2977 3428 es,
3012 3366 3244 3419 Domine
3275 3365 3430 3422 Deus,
3454 3361 3545 3430 qui
3567 3357 3702 3424 adju-

2141 3456 2272 3508 viin
2291 3469 2375 3506 me
2395 3459 2440 3508 el
2463 3455 2772 3507 consolatus
2802 3470 2852 3506 es
2887 3469 2969 3506 me
2999 3459 3096 3507 :et
3115 3451 3220 3506 tali
3249 3449 3548 3506 absolvitur
3569 3445 3702 3498 bene-

2143 3541 2405 3600 dictione.
2436 3544 2669 3596 Domine
2707 3545 2834 3597 Jesu
2865 3542 3096 3603 Christe,
3129 3544 3232 3609 qui
3265 3544 3358 3610 pic
3385 3535 3698 3594 servientibus

2145 3633 2248 3686 tibi
2268 3634 2570 3700 munificus
2591 3633 2894 3685 retributor
2911 3636 2960 3684 et
2988 3633 3221 3684 clemens
3264 3631 3498 3697 largitor
3529 3625 3695 3682 existis,

2145 3721 2294 3774 hunc
2321 3722 2605 3788 famulum
2629 3725 2812 3786 tuum,
2843 3722 2943 3788 qui
2962 3723 3024 3774 in
3045 3720 3147 3774 hac
3173 3719 3336 3774 domo
3357 3725 3453 3772 tua
3484 3729 3616 3768 nunc
3631 3727 3700 3763 us-

2141 3826 2243 3879 que
2263 3811 2499 3876 ﬁdeliter
2516 3811 2804 3871 laboravit,
2821 3815 2868 3862 et
2886 3809 3006 3874 tibi,
3019 3811 3296 3876 servisque
3318 3810 3426 3861 tuis
3453 3799 3697 3858 obediemlo

2142 3901 2462 3966 injunctum
2473 3899 2597 3963 sibi,
2607 3903 2652 3950 te
2671 3898 3433 3959 auxiliante,administravit
3453 3893 3694 3960 ofﬁcium:

2145 3987 2425 4043 laboribus
2445 3989 2562 4040 suis
2579 3989 2740 4041 solita
2757 3988 3090 4053 benignitate
3119 3986 3400 4054 responde,
3427 3987 3473 4036 et
3494 3983 3609 4050 pius
3635 3991 3698 4028 re-

461 4069 548 4124 vel
578 4086 644 4125 ex
663 4071 773 4126 illis
795 4073 866 4127 ad
888 4089 991 4128 nos
1011 4075 1238 4130 veniens
1257 4077 1501 4148 capitulo
1530 4079 1803 4136 interesse
1824 4083 2062 4153 permit-

2149 4082 2472 4130 munerator
2507 4091 2732 4145 appare,
2764 4080 2812 4128 et
2839 4079 3068 4144 praesta;
3109 4077 3171 4126 ut
3214 4075 3280 4126 in
3329 4073 3430 4125 hac
3455 4071 3598 4124 domo
3621 4069 3696 4118 tua

461 4159 624 4224 titur,
657 4161 766 4216 nisi
796 4162 902 4216 hoc
931 4179 1058 4217 cum
1081 4165 1243 4219 venia
1273 4173 1680 4236 promereatur.
1709 4171 1767 4224 Si
1790 4171 1923 4242 quid
1949 4173 2062 4228 tale

2149 4169 2352 4234 iugiter
2382 4169 2726 4234 permaneat,
2759 4169 2808 4218 ct
2847 4164 3146 4216 mercedem
3178 4163 3436 4216 laborum
3481 4168 3694 4212 suorum.

458 4247 672 4316 fecerit,
705 4251 854 4305 unde
881 4251 1082 4306 fratres
1123 4255 1301 4308 nostri
1331 4256 1437 4311 loci
1474 4257 1782 4330 quidquam
1827 4261 2062 4316 moleste
2143 4260 2192 4309 et
2211 4255 2300 4308 hic
2327 4259 2378 4308 et
2407 4257 2470 4308 in
2499 4255 2862 4307 retributione
2879 4255 3166 4320 justorum
3188 4266 3222 4304 α
3247 4255 3296 4304 te
3317 4249 3592 4318 percipiat,
3611 4244 3700 4294 lar-

461 4343 659 4393 contra
683 4355 743 4394 se
768 4339 976 4396 habere
1000 4344 1380 4412 cognoverint,
1404 4347 1738 4416 quantocius
1763 4349 1989 4404 advenit
2007 4355 2064 4404 et
2079 4345 2480 4426 hgitoremque
2508 4344 2764 4426 omnium
2796 4343 3064 4394 bonorum
3091 4344 3137 4394 te
3157 4355 3265 4394 esse
3280 4338 3640 4408 plenissimum
3658 4342 3699 4379 se

458 4425 751 4482 humiliter
777 4431 1075 4486 conventui
1107 4432 1236 4488 inde
1269 4435 1560 4502 satisfacit,
1586 4443 1650 4490 ut
1679 4437 1882 4508 quibus
1903 4425 2258 4493 occa-“twn
2285 4431 2561 4484 ιὶιιῦἱίϐιη-

461 4514 546 4570 sio
576 4516 648 4570 ad
677 4517 899 4573 ruinam
929 4536 1052 4575 esse
1079 4523 1308 4593 poterit,
1332 4525 1648 4596 exemplum
1675 4526 2060 4584 aedificationis

462 4603 582 4659 fiat.

530 4693 808 4765 Expulsus
832 4697 976 4752 forte
1001 4698 1070 4752 de
1098 4699 1220 4754 loco
1251 4717 1354 4755 suo
1384 4718 1483 4772 pro
1510 4702 1701 4775 aliqua
1723 4706 2058 4776 persecutio-

457 4797 548 4849 ne,
575 4783 624 4837 si
653 4801 810 4856 spem
839 4787 1110 4842 redeundi
1150 4788 1320 4843 habet
1351 4797 1408 4844 et
1447 4795 1638 4846 tamen
1666 4793 1878 4848 diutius
1909 4794 2058 4866 apud

461 4885 567 4925 nos
609 4875 951 4928 commorari
995 4873 1180 4943 debet,
1223 4879 1607 4948 supradictum
1659 4881 1914 4936 ordinem
1943 4899 2057 4938 non

455 4965 658 5026 servat,
703 4961 800 5016 sed
841 4979 909 5016 ex
935 4965 1360 5032 consuetudine,
1394 4967 1632 5022 fratrum
1665 4969 2056 5025 inclinationes

457 5052 515 5104 et
533 5050 884 5121 capellanum
911 5069 1039 5107 cum
1069 5053 1291 5108 laterna
1319 5054 1426 5109 sibi
1454 5073 1564 5111 non
1597 5057 1852 5130 impendi
1871 5059 2056 5113 humi-

454 5137 586 5194 liter
603 5156 638 5193 a
660 5140 868 5196 domno
892 5141 1092 5198 abbate
1121 5144 1387 5214 postulat.
1417 5145 1474 5200 Si
1493 5146 1551 5201 in
1573 5149 1911 5218 competenti
1932 5148 2054 5204 loco

457 5231 515 5281 et
541 5232 794 5300 tempore
823 5245 953 5284 cum
976 5230 1164 5302 aliquo
1185 5231 1358 5286 fratre
1387 5233 1509 5288 sine
1538 5235 1763 5290 licentia
1785 5236 2052 5306 loquitur,

457 5315 562 5371 hoc
584 5317 810 5388 quidem
841 5319 900 5372 in
930 5336 996 5374 eo
1023 5324 1156 5374 tunc
1205 5320 1627 5391 dissimulatur;
1670 5325 1768 5380 sed
1795 5325 1856 5378 in
1882 5325 2056 5379 fratre

455 5406 651 5476 procul
671 5405 840 5462 dubio
869 5409 1307 5465 inclamatur.At
1335 5411 1383 5464 si
1400 5413 1756 5482 postmodum
1778 5413 1836 5468 in
1847 5413 2056 5468 talibus

458 5493 713 5550 ordinem
744 5498 1357 5572 transgreditur,super
1384 5500 1490 5556 hoc
1509 5506 1574 5555 ut
1593 5501 1852 5556 emendet
1869 5501 2054 5557 chari-

526 5601 681 5672 (123)
708 5602 847 5657 Vide
875 5620 998 5678 cap.
1027 5603 1086 5678 2,
1123 5612 1270 5682 part.
1304 5621 1324 5664 ι
1355 5607 1490 5664 0rd.
1513 5607 1764 5664 Cluniae.

2214 4522 2236 4544 ⁶
2270 4520 2368 4574 Est
2394 4525 2582 4574 autem
2613 4519 2978 4585 consuetudo,
3029 4517 3081 4572 si
3127 4533 3218 4572 res
3262 4515 3452 4586 exigit,
3495 4507 3697 4602 utudurn

2141 4609 2312 4664 Pater
2347 4609 2418 4662 de
2464 4607 2660 4662 eadem
2703 4607 3024 4661 obedientia
3051 4605 3394 4668 absolvatur,
3425 4603 3491 4656 de
3517 4597 3632 4660 alio,
3657 4597 3698 4646 si

2139 4697 2262 4752 fieri
2293 4702 2497 4768 potest,
2529 4702 2594 4751 ut
2621 4701 3024 4768 pertractetur,
3047 4695 3142 4768 qui
3167 4711 3298 4748 mox
3325 4693 3384 4747 in
3407 4693 3520 4762 ejus
3541 4687 3698 4741 locum

2141 4786 2496 4856 subrogetur,
2531 4791 2810 4856 quatenus
2843 4785 3041 4839 eadem
3082 4783 3238 4847 hora,
3270 4780 3526 4870 quaiiste
3546 4775 3696 4870 benc-

2139 4875 2442 4930 dictionem
2473 4874 2816 4946 egrediendi,
2840 4874 2934 4928 ille
2955 4873 3123 4927 etiam
3139 4871 3379 4942 accipiat
3395 4863 3694 4958 benedictio.

2137 4981 2266 5018 nem
2295 4963 2636 5034 egrediendi.
2672 4963 2782 5027 Qui
2811 4964 2858 5017 si
2898 4962 3041 5017 forte
3086 4967 3317 5032 propter
3366 4953 3579 5028 aliquod
3607 4953 3693 5004 cri-

2137 5070 2267 5108 men
2313 5053 2382 5107 de
2431 5053 2684 5124 prioratu
2732 5051 3080 5118 destituitur,
3119 5048 3411 5104 confestim
3439 5047 3494 5100 in
3523 5040 3692 5096 ultimo

2137 5143 2382 5216 ponitur,
2415 5149 2611 5214 postea
2641 5142 2948 5197 secundum
2978 5157 3098 5195 rem
3125 5131 3590 5228 tractandus-asin

2136 5238 2272 5301 tem,
2303 5232 2374 5287 ad
2401 5232 2644 5302 priorem
2683 5232 2832 5286 redit
2869 5230 3140 5286 ordinem.
3185 5228 3343 5294 Quod
3386 5223 3596 5298 quidem
3626 5221 3692 5302 ita

2141 5322 2308 5390 (sicut
2331 5301 2566 5390 dictum)
2590 5321 2660 5376 de
2689 5321 2883 5392 quovis
2921 5319 3071 5373 cellae
3103 5323 3310 5373 nostrae
3330 5314 3540 5387 priore,
3565 5307 3608 5360 si
3631 5301 3689 5391 ad

2137 5427 2240 5466 nos
2267 5417 2513 5478 vocatus,
2539 5428 2573 5464 a
2593 5410 2847 5480 prioratu
2871 5425 2973 5464 suo
3003 5407 3074 5462 ob
3103 5407 3340 5462 similem
3375 5412 3589 5458 causam
3613 5391 3689 5480 de-

2135 5499 2384 5571 ponitur,
2417 5505 2504 5554 est
2547 5479 2847 5570 agendum.
2881 5497 2988 5561 Qui
3023 5497 3194 5551 etiam
3232 5492 3370 5550 nihil
3411 5487 3602 5544 retinet
3631 5479 3686 5532 de
