3908 6168
159 271 279 327 4057
1170 264 1590 322 CONSTITUT.
1634 265 1702 321 Η]

1867 267 1975 322 UG.
2016 295 2088 308 —
2124 267 2261 322 LIB.
2304 267 2377 324 II.
3270 268 3410 328 1058

158 398 250 463 his,
281 410 402 466 qua
430 407 621 449 secum
649 390 864 459 attulit,
894 390 1139 462 exceptis
1176 390 1423 445 vestibus
1463 389 1601 457 suis,
1638 391 1735 445 sed
1757 391 2013 451 Anullus
2047 392 2099 446 ei
2128 390 2347 446 obviam
2377 392 2459 445 ire
2489 390 2897 462 prasumit.Ad
2912 390 3221 463 capitulum
3242 394 3423 448 omni-

160 485 354 558 pariter
405 499 534 537 cum
593 497 754 551 equo,
802 496 971 551 quem
1015 480 1191 547 sedet,
1240 479 1627 545 remittuntur,
1683 487 1740 533 et
1820 481 2006 547 moda,
2038 486 2205 553 prout
2233 481 2469 552 dignum
2497 486 2600 544 est,
2621 480 2953 547 reverentia,
2986 481 3039 536 ei
3063 480 3133 535 ab
3160 482 3418 538 omnibus

159 581 334 647 postea
361 573 667 627 successori
692 587 793 625 suo
819 571 1167 624 tribuuntur.
1820 567 2185 640 impenditur,
2219 575 2276 625 et
2312 576 2504 624 tamen
2534 575 2691 624 cavet
2718 586 2776 624 se
2805 571 2874 624 de
2902 570 2989 625 his
3018 570 3414 637 intromittere,

216 664 344 735 (συ.)
361 663 446 716 Ab
466 663 605 715 hora
623 665 811 714 autem
825 658 1194 713 ordinationis
1209 674 1342 724 sua,
1358 656 1741 728 priornoviter
1820 674 1945 727 qua
1976 659 2047 712 ad
2071 658 2291 713 abbatis
2320 658 2597 729 judicium
2622 659 2776 713 novit
2804 660 3098 730 respicere,
3148 660 3419 716 sollicitus
3484 673 3505 695 ²

160 752 353 806 electus
380 756 507 822 post
531 751 800 804 domuum
831 748 1091 803 abbatem
1123 748 1192 801 de
1213 747 1472 801 omnibus
1494 746 1661 801 rebus
1688 750 1744 799 et
1824 746 1901 800 ibi
1931 753 1988 801 et
2015 747 2225 819 ubique
2253 749 2324 801 ad
2354 765 2413 802 se
2450 748 2794 819 pertinentia
2817 749 2906 818 pie
2931 749 3280 819 discreteque
3308 755 3422 804 tra-

159 840 484 910 causis,qua
511 839 583 893 ad
612 838 1017 892 monasterium
1032 836 1337 908 pertinent,
1365 853 1425 890 se
1456 833 1744 890 intromit-
1824 844 1996 890 ctare.
2032 837 2248 891 Leviori
2286 837 2465 908 culpa
2494 837 2739 908 aliquem
2772 854 2804 891 a
2831 837 3013 908 seipso
3056 837 3418 909 subjugatum

160 929 236 993 tit,
265 927 372 982 nisi
409 928 479 981 de
518 928 783 981 thesauro
824 924 1067 980 ecclesia
1097 930 1154 978 et
1182 925 1253 979 de
1282 924 1529 978 armaria
1570 921 1735 996 (124),
1824 932 1951 996 post
1976 926 2195 981 abbatis
2218 926 2460 981 reditum
2490 926 2612 980 sine
2640 926 2793 980 illius
2817 932 3089 998 pracepto
3111 944 3221 981 non
3235 928 3414 982 solvit.

161 1034 267 1088 qua
309 1017 368 1071 in
414 1022 690 1088 potestate
728 1016 944 1070 abbatis
990 1016 1319 1070 consistunt.
1354 1018 1376 1039 '
1406 1018 1469 1070 In
1508 1015 1740 1070 sinistro
1824 1015 1964 1069 Cum
1996 1015 2417 1070 obedientiariis
2444 1016 2530 1069 vel
2549 1015 2674 1069 aliis
2699 1015 2967 1069 fratribus
2988 1016 3125 1070 alias
3154 1033 3323 1087 quam
3362 1016 3420 1071 in

162 1107 314 1160 choro
329 1112 444 1159 stat
462 1122 775 1176 supremus.
806 1103 1027 1158 Itemin
1049 1103 1343 1158 refectorio
1362 1104 1521 1158 sedet
1549 1118 1740 1174 suprc-
1822 1105 2068 1174 capitulo
2098 1104 2239 1158 nihil
2267 1104 2407 1159 dure
2438 1105 2522 1158 vel
2552 1121 2749 1176 aspere
2776 1104 3043 1175 loquitur,
3059 1121 3129 1159 ne
3149 1122 3249 1176 pro
3269 1104 3421 1160 illius

161 1210 270 1249 mus
295 1194 367 1247 ad
392 1210 664 1261 mensam,
694 1210 816 1264 qua
844 1193 915 1247 ad
945 1193 1199 1246 dextram
1244 1192 1436 1246 domni
1484 1190 1737 1259 abbatis';
1822 1192 2305 1264 inopportunitate
2355 1194 2561 1264 aliquis
2606 1193 2925 1247 inordinate
2970 1194 3188 1248 veniam
3229 1202 3421 1265 petere

163 1288 210 1336 et
234 1282 276 1335 si
304 1281 399 1335 ille
418 1282 615 1347 deerit,
639 1281 797 1335 sedet
824 1281 882 1334 in
907 1281 1032 1350 ejus
1053 1280 1183 1334 sede
1209 1280 1267 1333 in
1299 1279 1625 1349 refectorio;
1652 1280 1741 1333 cui
1823 1288 2078 1351 cogatur,
2114 1282 2224 1336 nisi
2260 1281 2403 1336 forte
2433 1283 2494 1336 D.
2536 1281 2736 1335 abbate
2762 1281 2993 1335 absente
3037 1283 3150 1336 tale
3176 1283 3330 1354 quid,
3355 1288 3420 1337 ut

161 1371 676 1437 vult,mittit;extra
699 1370 1058 1425 refectorium
1088 1386 1221 1423 vero
1249 1370 1391 1423 nulli
1415 1368 1739 1423 mortalium
1823 1371 2206 1442 supradictum
2271 1377 2375 1437 est,
2434 1388 2560 1425 cum
2618 1371 2848 1425 consilio
2922 1371 3205 1425 seniorum
3259 1372 3426 1426 abeat

164 1459 274 1513 licet
298 1459 349 1513 ei
381 1460 686 1530 quidquam
715 1459 956 1512 mittere.
990 1458 1010 1481 ‘
1040 1458 1327 1528 Quotquot
1359 1463 1508 1513 sunt.
1538 1458 1632 1528 qui
1660 1458 1742 1511 ul-
1820 1460 2196 1527 tractandum,
2218 1460 2365 1530 quod
2395 1460 2453 1513 in
2475 1459 2723 1530 capitulo
2754 1476 2865 1513 non
2897 1459 2970 1513 sit
2998 1459 3419 1530 publicandum.

165 1548 264 1601 lam
286 1547 497 1602 habent
524 1548 1011 1613 obedientiam,ad
1037 1563 1166 1602 eum
1195 1547 1503 1617 respiciunt
1523 1563 1736 1613 omnes,
1824 1549 1877 1603 Is
1922 1566 2187 1621 namque.
2240 1550 2336 1620 qui
2385 1548 2441 1602 in
2492 1549 2590 1602 tali
2635 1565 2778 1602 noxa
2821 1549 3201 1619 deprehensus
3232 1549 3422 1617 fuerit,

164 1654 242 1692 ω).
270 1643 323 1691 et
350 1638 398 1691 si
434 1638 548 1692 tale
582 1637 717 1707 quid
755 1637 1098 1708 pracipuum
1138 1636 1317 1691 acturi
1355 1642 1506 1702 sunt,
1533 1653 1742 1707 nequa-
1823 1637 2043 1706 quoties
2086 1636 2157 1691 ab
2186 1637 2373 1708 aliquo
2398 1637 2759 1699 inclamatur,
2800 1637 2967 1691 toties
3010 1638 3230 1690 veniam
3260 1637 3421 1708 petit.

164 1743 314 1797 quam
343 1726 533 1797 agitur
573 1726 783 1798 absque
826 1727 947 1797 ejus
987 1726 1239 1790 consilio,
1277 1730 1335 1780 et
1377 1726 1588 1796 absque
1620 1727 1795 1798 ejus“
1823 1726 2053 1779 Nullum
2095 1726 2153 1779 in
2196 1726 2396 1780 ultimo
2445 1726 2621 1796 ponit,
2667 1725 2776 1778 nisi
2825 1742 2973 1788 eum,
3006 1725 3102 1796 qui
3150 1725 3219 1779 de
3264 1728 3420 1796 iuga,

164 1787 435 1871 consensu.
483 1814 662 1884 War.)
795 1787 1106 1886 perrexerit
1152 1787 1235 1869 add
1262 1787 1608 1869 obedientias
1647 1787 1798 1868 velB
1821 1813 2022 1868 abbate
2052 1820 2289 1880 remoto,
2336 1787 2521 1869 rediit.
2568 1787 2634 1868 In
2670 1813 2942 1884 gravioris
2985 1787 3159 1885 culpa
3202 1787 3424 1869 semen;-

164 1905 300 1971 alias,
319 1904 475 1959 ducit
490 1921 681 1958 secum
702 1920 876 1959 unum
898 1904 1151 1966 fratrem,
1181 1904 1422 1974 quicum
1454 1919 1520 1957 eo
1551 1908 1739 1957 cantet
1820 1904 1955 1957 tiam
1988 1904 2269 1959 neminem
2316 1904 2509 1960 mittit.
2553 1904 2765 1958 Caetera
2804 1905 2995 1958 omnia
3033 1904 3104 1958 ad
3151 1902 3424 1974 regularis

165 2010 369 2048 cursum
426 1994 764 2064 regularem,
816 1999 874 2047 et
920 1993 1315 2047 vestimentum
1369 1992 1735 2057 sacerdotale,
1821 1991 2125 2063 disciplina
2173 1992 2577 2047 districtionem
2629 1992 2969 2063 pertinentia
3009 1992 3069 2047 in
3122 1993 3245 2063 ejus
3293 1996 3424 2046 sunt

165 2083 405 2151 adjuncto
429 2082 623 2136 calice.
653 2082 814 2145 Quod
838 2087 1029 2136 tamen
1059 2082 1281 2136 rediens
1296 2081 1489 2136 statim
1520 2080 1739 2135 custodi
1826 2082 2100 2153 potentia.

165 2172 387 2227 ecclesia
413 2172 616 2226 reddit.
648 2171 708 2226 Si
736 2171 846 2225 iter
875 2187 1049 2241 agens
1095 2170 1292 2224 eodem
1336 2171 1427 2224 die
1468 2170 1540 2224 ad
1583 2170 1742 2224 clau-
1897 2170 2133 2234 Quando
2164 2171 2365 2226 fratres
2393 2171 2451 2225 in
2480 2174 2756 2224 conventu
2795 2170 2957 2224 solito
2989 2169 3159 2223 altius
3188 2153 3427 2241 loquun-

167 2266 325 2315 strum
351 2260 669 2326 revertitur,
697 2260 910 2331 absque
940 2260 1170 2314 licentia
1216 2276 1328 2313 non
1368 2258 1536 2312 debet
1566 2258 1625 2312 in
1659 2258 1745 2311 via
1826 2262 1939 2324 tur,
1970 2260 2056 2313 vel
2079 2260 2138 2313 in
2165 2260 2399 2314 ecclesia
2428 2260 2498 2313 ad
2530 2276 2721 2330 preces
2742 2260 2828 2313 vel
2858 2258 2927 2312 ad
2955 2258 3210 2312 litaniam
3242 2258 3427 2313 minus

166 2350 438 2419 prandere.
471 2350 740 2403 Eamdem
764 2349 1049 2403 licentiam
1080 2349 1199 2419 ipse
1223 2348 1365 2402 nulli
1394 2353 1581 2418 potest
1608 2348 1743 2401 dare
1827 2348 2156 2413 audiuntur,
2190 2356 2421 2420 propter
2457 2349 2562 2402 hoc
2603 2347 2673 2403 ab
2721 2364 2786 2402 eo
2824 2347 3010 2402 sonitu
3040 2352 3171 2402 ante
3199 2364 3258 2401 se
3282 2347 3427 2403 facto

167 2439 351 2493 domno
369 2438 573 2493 abbate
594 2438 651 2493 in
681 2438 1022 2493 monasterio
1049 2438 1407 2503 consistente,
1438 2453 1541 2491 nec
1569 2436 1741 2491 etiam
1826 2437 2221 2492 admonentur.
2272 2439 2329 2493 Si
2373 2439 2523 2493 hora
2571 2436 2820 2508 regulari
2858 2436 3134 2506 interfuit,
3177 2453 3301 2507 qua
3340 2454 3426 2491 re-

166 2543 224 2581 eo
247 2528 487 2587 absente,
511 2527 620 2581 nisi
646 2544 746 2598 pro
772 2544 978 2598 magna
1002 2527 1352 2582 necessitate.
1381 2526 1537 2580 Nihil
1570 2542 1744 2596 pecu-
1825 2526 2124 2581 fectionem
2164 2528 2466 2598 pracessit,
2514 2532 2741 2598 excepto
2781 2526 2851 2580 ad
2888 2542 3167 2597 vesperos,
3209 2527 3256 2581 si
3300 2532 3429 2598 post

166 2616 259 2670 nia
284 2616 538 2687 privatim
569 2615 753 2670 habet.
782 2633 873 2670 UD.
905 2617 1050 2670 Nam
1070 2616 1294 2687 quando
1322 2615 1527 2669 deforis
1552 2631 1741 2669 rever-
1826 2617 2216 2670 Bcnedicamus
2247 2619 2477 2670 Domino
2524 2632 2637 2670 non
2679 2631 3004 2669 reversurus
3046 2615 3263 2681 exierit,
3298 2615 3418 2686 ipse

166 2722 251 2759 sus
276 2706 460 2770 fuerit,
494 2705 766 2777 quidquid
801 2705 1598 2776 apportat,totumcamerario
1623 2703 1744 2757 red-
1825 2704 2144 2774 cymbalum
2191 2706 2274 2758 vel
2320 2706 2463 2758 alius
2518 2711 2789 2775 provecta
2834 2704 3015 2758 atatis
3057 2709 3198 2758 nutu
3244 2704 3424 2775 ipsius

166 2794 255 2859 dit,
282 2811 381 2848 nec
404 2796 590 2848 minus
620 2793 690 2847 ab
721 2794 816 2848 illo
848 2794 1117 2865 quidquid
1140 2810 1279 2865 Opus
1297 2793 1484 2859 habet,
1518 2792 1737 2863 recipit.
1824 2793 2085 2864 percutit.
2120 2793 2391 2864 incipiens
2424 2793 2494 2847 ad
2522 2810 2620 2861 per
2650 2796 2968 2861 Dominum.
3002 2792 3071 2845 Et
3096 2793 3210 2847 hac
3242 2793 3427 2863 pulsa-

169 2884 309 2947 Quod
337 2884 462 2937 ideo
482 2883 744 2938 anostris
764 2883 1024 2937 Patribu‘s
1044 2889 1387 2954 praecautum
1417 2888 1521 2947 est,
1547 2898 1616 2936 ne
1651 2881 1750 2934 illa
1830 2882 1911 2935 tio
1942 2899 2233 2952 quousque
2263 2882 2447 2935 media
2468 2898 2599 2953 pars
2619 2887 2923 2935 conventus
2953 2880 3147 2935 exierit
3176 2881 3245 2934 de
3261 2881 3430 2935 eccle-

169 2974 303 3026 mala
344 2972 517 3043 pestis
568 2972 951 3043 proprietatis,
995 2977 1053 3025 et
1097 2972 1409 3042 prasertim
1457 2969 1747 3024 monachis
1830 2970 1915 3024 sia
1937 2971 2268 3041 proteletur,
2301 2976 2358 3025 et
2389 2983 2523 3026 tunc
2563 2971 2632 3024 de
2663 2970 2910 3041 quinque
2954 2970 3426 3041 percussionibus,

169 3061 292 3115 adeo
314 3061 846 3132 periculosa,aliquo
876 3061 1042 3115 modo
1065 3060 1358 3131 subrepat.
1395 3062 1417 3083 ⁹
1448 3060 1746 3113 Verumta—
1769 3059 2049 3161 Cduabus
2095 3059 2321 3131 quidem
2379 3059 2665 3131 paulisper
2714 3060 3030 3131 protractis,
3076 3059 3257 3114 tribus
3298 3075 3431 3127 vero

168 3166 282 3204 men
309 3151 579 3222 quidquid
608 3150 689 3204 illi
724 3150 878 3204 intus
913 3151 999 3203 vel
1045 3149 1179 3204 foris
1222 3166 1323 3221 pro
1370 3149 1645 3203 charitate
1673 3147 1744 3201 ab
1772 3147 2159 3218 “conjunctis.
2191 3148 2402 3203 ﬁnitur.
2437 3149 2558 3213 Quo
2587 3149 2734 3202 facto
2748 3148 2949 3219 quarit
2967 3149 3236 3203 domuum
3263 3148 3431 3203 abba-

171 3238 337 3310 aliquo
366 3240 638 3305 defertur,
668 3239 903 3293 licenter
923 3239 1159 3310 accipit;
1188 3239 1285 3293 sed
1311 3244 1370 3292 et
1396 3238 1572 3292 hocin
1590 3253 1745 3291 com-
1825 3241 1940 3290 tem
1970 3238 2029 3290 in
2056 3238 2328 3304 sacristia,
2361 3238 2419 3291 in
2449 3237 2778 3303 infirmaria,
2812 3236 2870 3291 in
2896 3238 3039 3291 cella
3065 3237 3424 3304 novitiorum,

170 3345 379 3383 munem
410 3329 649 3382 fratrum
693 3328 996 3383 utilitatem
1033 3328 1315 3399 expendit,
1359 3327 1470 3381 nisi
1506 3327 1746 3381 domnus
1828 3331 1960 3380 ante
1989 3326 2301 3381 cellarium.
2350 3327 2527 3391 Quem
2573 3326 2621 3380 si
2668 3342 2782 3380 non
2828 3332 3124 3380 venturum
3151 3327 3429 3394 didicerit,

171 3416 325 3471 abbas
348 3418 501 3472 aliud
529 3417 662 3471 inde
691 3417 812 3471 fieri
838 3416 1093 3487 jusserit.
1132 3417 1218 3470 Ad
1262 3417 1604 3471 matutinum
1634 3432 1748 3469 non
1832 3415 2114 3486 pulsatum
2147 3415 2316 3480 vadit,
2359 3421 2417 3470 et
2442 3416 2639 3469 tandiu
2663 3415 2868 3486 pulsat,
2903 3432 3194 3487 quousque
3230 3417 3433 3471 fratres

171 3505 307 3575 legit,
338 3523 521 3577 neque
549 3510 757 3571 cantat,
781 3505 888 3559 nisi
915 3506 985 3559 ad
1015 3506 1159 3577 quod
1192 3522 1318 3560 eum
1348 3505 1627 3560 armarius
1657 3521 1753 3559 no-
1833 3504 1903 3558 de
1924 3504 2253 3559 dormitorio
2291 3520 2417 3558 cum
2458 3504 2737 3574 gravitate
2768 3509 2958 3558 tamen
2989 3504 3279 3560 advenisse
3304 3521 3431 3576 cog-

173 3595 261 3645 tat.
295 3593 363 3645 Et
388 3591 644 3663 quamvis
671 3591 1023 3662 capellanum
1054 3606 1167 3645 non
1204 3590 1428 3655 habeat,
1463 3606 1752 3661 nunquam
1834 3599 2046 3648 noscat.

172 3684 344 3734 tamen
367 3681 520 3734 solus
544 3679 854 3733 claustrum
879 3679 1010 3745 exit,
1044 3680 1152 3733 nisi
1178 3679 1424 3750 aliquem
1453 3680 1522 3734 de
1559 3679 1753 3734 fratri-
1908 3681 2089 3737 Simili
2119 3682 2283 3736 modo
2313 3677 2627 3736 claustralis
2652 3682 2807 3753 prior
2828 3682 2963 3736 facit
2992 3699 3255 3754 percusso
3284 3700 3433 3755 cym-

172 3768 264 3823 bus
289 3787 388 3840 pro
411 3768 725 3823 reverentia
754 3786 946 3822 secum
967 3768 1208 3823 duxerit.
1836 3770 1982 3835 balo,
2001 3776 2077 3836 et,
2102 3771 2371 3825 utrolibet
2392 3771 2639 3837 invento,
2664 3771 2878 3825 scilicet
2905 3772 3112 3826 domno
3134 3771 3335 3827 abbate
3350 3773 3437 3826 vel

723 3874 958 3929 CAPUT
1007 3875 1180 3929 xv“,
1835 3859 2042 3931 priore,
2058 3860 2163 3913 nisi
2179 3860 2374 3913 eodem
2391 3860 2646 3930 jubente,
2670 3860 2833 3914 alteri
2854 3866 3046 3931 postea
3085 3878 3196 3915 non
3218 3861 3436 3915 indica-

173 3965 284 4030 Qua:
310 3968 612 4019 reverentia
636 3966 823 4032 priori
836 3966 1211 4032 impendatur,
1229 3964 1425 4033 etquid
1444 3965 1553 4017 sibi
1575 3963 1753 4030 facere
1836 3948 2001 4002 bit-Si
2016 3965 2144 4002 vero
2166 3948 2484 4018 percutiens
2505 3947 2822 4019 cymbalum
2841 3948 2945 4002 scit
2964 3948 3207 4020 priorem
3220 3950 3326 4003 hoc
3344 3965 3442 4004 au-

726 4038 902 4096 liceal,
945 4039 995 4088 et
1038 4041 1187 4088 non?
1838 4037 1978 4104 dire,
2001 4037 2187 4091 neutri
2210 4038 2433 4090 illorum
2458 4037 2561 4090 hoc
2580 4037 2884 4091 innotescit
2905 4054 2916 4089 :
2936 4037 3034 4090 sed
3073 4039 3224 4107 prior
3249 4037 3441 4091 abbati

231 4124 251 4143 '
274 4124 728 4196 Quotiescunque
782 4140 910 4177 cum
966 4123 1212 4177 armario
1278 4124 1513 4178 chorum
1577 4126 1753 4189 tenet,
1838 4126 1944 4179 hoc
1962 4124 2430 4188 annuntiabit.Ei,
2455 4124 2597 4179 sicut
2615 4126 2846 4180 cuilibet
2865 4125 2934 4179 ad
2959 4126 3170 4179 scillam
3193 4141 3444 4198 sessuro,

171 4216 369 4266 textum
400 4213 683 4284 Evangelii
714 4212 1040 4283 priusquam
1082 4211 1175 4265 ille
1204 4214 1516 4279 osculatur;
1550 4212 1649 4266 sed
1676 4212 1759 4265 in-
1838 4230 2131 4285 nunquam
2185 4219 2459 4267 conventu
2508 4220 2803 4284 prasente,
2853 4214 2962 4268 nisi
3007 4214 3227 4285 integer
3281 4213 3443 4286 panis

172 4316 386 4356 censum
418 4319 532 4356 non
559 4301 819 4373 imponit.
853 4302 979 4371 lpse
1009 4301 1181 4355 etiam
1210 4317 1388 4372 cappa
1412 4301 1643 4355 indutus
1673 4300 2162 4395 velDapponitur.
2212 4301 2297 4355 Ad
2343 4301 2487 4354 hanc
2511 4301 2733 4370 sedens,
2763 4301 2810 4355 si
2840 4303 3087 4356 sonitum
3114 4301 3329 4367 fecerit,
3357 4300 3445 4355 vel

175 4389 308 4443 alius
335 4398 478 4446 nutu
506 4392 629 4461 ejus
656 4391 854 4445 eadem
884 4391 1027 4443 liora
1054 4391 1235 4453 offert,
1262 4396 1320 4443 et
1356 4390 1567 4461 absque
1595 4388 1818 4443 licen-—
1842 4391 2054 4462 aliquid
2075 4389 2335 4444 effuderit
2353 4394 2453 4443 aut
2469 4388 2718 4459 fregerit,
2736 4389 2992 4443 eamdem
3015 4407 3182 4462 quam
3206 4396 3262 4445 et
3281 4390 3444 4444 dom-

175 4477 245 4530 tia
270 4479 626 4549 pracentoris
672 4495 907 4549 cappam
930 4478 1100 4545 exuit,
1131 4478 1177 4532 si
1204 4484 1335 4532 ante
1364 4480 1534 4533 ﬁnem
1577 4478 1760 4533 missa
1842 4496 1949 4534 nus
1978 4479 2123 4534 abba
2152 4478 2590 4533 satisfactionem
2620 4478 2784 4535 facit.
2820 4479 3050 4532 Nullum
3091 4479 3169 4533 ibi
3212 4479 3445 4534 fratrem

176 4582 294 4621 eum
332 4568 464 4622 inde
500 4568 788 4622 discedere
810 4568 1086 4637 contingit
1117 4586 1129 4620 :
1166 4567 1237 4621 ad
1264 4584 1395 4622 eum
1425 4567 1670 4638 pertinet
1698 4566 1761 4620 li-
1843 4586 1945 4639 pro
1972 4568 2346 4639 impendenda
2374 4567 2647 4621 charitate
2694 4566 2969 4621 nominat.
3006 4568 3235 4631 Quoties
3263 4584 3441 4639 gene-

174 4656 406 4710 centiam
458 4656 591 4710 dare
638 4656 870 4710 missam
916 4655 1254 4723 celebrandi,
1301 4657 1386 4710 vel
1434 4656 1606 4710 abbas
1662 4659 1763 4709 aut
1842 4658 1978 4713 ralis
1998 4657 2267 4729 pictantia
2295 4656 2562 4710 fratribus
2609 4655 2973 4727 impenditur.
3009 4663 3144 4712 tunc
3188 4658 3295 4713 sibi
3342 4656 3449 4713 soli

174 4759 373 4815 cappas
400 4745 661 4807 exuendi,
710 4750 1010 4816 postquam
1038 4745 1280 4799 domnus
1310 4744 1454 4799 abba
1478 4744 1537 4799 in
1565 4744 1763 4798 missa-
1843 4748 1959 4802 sive
1987 4747 2058 4801 ad
2096 4747 2333 4811 scillam,
2379 4745 2494 4799 sive
2531 4746 2590 4799 in
2626 4745 2750 4799 loco
2797 4762 2899 4799 suo
2945 4746 3183 4814 sedenti,
3227 4747 3453 4817 integra

172 4833 1759 4905 rumcelebrationepostoﬂ'ereudamaccesseritadaltare,
1845 4836 2032 4890 datur.
2082 4834 2236 4888 Scire
2292 4833 2476 4899 debet,
2523 4832 2672 4904 quod
2725 4838 2957 4905 propter
3007 4834 3225 4889 abbatis
3272 4835 3451 4889 micas

174 4921 316 4989 quod
357 4929 415 4976 et
449 4922 677 4977 cuilibet
705 4920 958 4976 ordinem
989 4921 1207 4992 regenti
1236 4921 1367 4976 licet
1399 4922 1600 4975 facere.
1634 4920 1764 4992 Ipse
1845 4924 2011 4978 lectio
2031 4929 2116 4977 est
2145 4922 2494 4994 protelanda.
2526 4922 2585 4976 Si
2614 4921 2867 4977 minutus
2890 4929 2976 4977 est
3002 4925 3296 4995 sanguine,
3319 4910 3450 4979 cum

174 5024 298 5064 vero
328 5012 484 5081 prior
511 5011 743 5065 missam
763 5010 1166 5075 celebraturus,
1191 5015 1489 5081 postquam
1516 5011 1763 5081 primum
1847 5019 2122 5069 conventu
2151 5028 2262 5065 non
2291 5010 2510 5065 dubitat
2533 5011 2768 5065 chorum
2798 5011 3032 5066 intrare.
3052 5014 3187 5068 Post
3200 5014 3452 5084 singulas

174 5098 240 5151 ad
268 5100 448 5154 altare
475 5099 791 5160 accesserit,
825 5099 966 5153 nulli
1011 5099 1145 5169 quid
1194 5099 1433 5154 faciendi
1478 5100 1762 5154 licentiam
1849 5102 2175 5157 refectiones
2188 5100 2345 5154 finito
2365 5100 2579 5171 psalmo
2591 5099 2757 5154 debet
2777 5108 2908 5156 ante
2926 5102 3252 5156 vestiarium
3275 5107 3447 5167 stare,

176 5186 303 5255 dat;
346 5189 445 5243 sed
475 5188 680 5259 potius,
712 5188 809 5259 qui
838 5189 910 5242 ad
932 5204 1178 5259 prasens
1207 5189 1463 5243 ordinem
1494 5189 1657 5259 regit.
1680 5188 1766 5242 Ad
1850 5206 2142 5263 quousque
2179 5188 2377 5243 viderit
2416 5188 2619 5242 fratres
2650 5188 2869 5243 exiisse.
2911 5190 3368 5259 Quandocunque
3392 5188 3450 5242 in

175 5278 485 5349 capitulum
531 5283 585 5332 et
638 5283 764 5349 post
809 5279 1237 5349 completorium
1278 5280 1569 5350 pulsaturo
1620 5279 1767 5350 signi
1849 5277 2207 5333 refectorium
2258 5276 2375 5330 itur
2402 5276 2612 5343 bibere,
2661 5293 2774 5331 non
2816 5278 2971 5348 prius
3027 5277 3241 5330 scillam
3284 5274 3452 5330 debet

177 5372 384 5420 restem
435 5366 640 5437 aliquis
696 5383 798 5437 pro
850 5367 1165 5422 reverentia
1218 5368 1468 5440 deponit,
1496 5369 1767 5440 ﬁnitaque
1851 5368 2163 5432 dimittere,
2208 5382 2378 5437 quam
2430 5366 2619 5420 videat
2669 5382 2864 5420 omnes
2903 5366 3163 5418 intrasse.
3208 5363 3455 5427 Quilibet

178 5455 494 5525 pulsatione
533 5455 775 5527 reponit,
826 5460 883 5510 et
919 5461 1220 5528 postquam
1265 5456 1498 5513 chorum
1547 5457 1764 5526 exierit,
1850 5456 2092 5512 fratrum
2120 5461 2350 5528 propter
2363 5454 2753 5510 infirmitatem
2781 5453 2853 5508 ad
2884 5451 3455 5525 processionem,qua

249 5582 402 5657 (124)
424 5586 713 5648 Arman'a,
747 5583 1105 5653 bibliotheca,
1133 5583 1283 5640 unde
1312 5587 1606 5640 armaria:
1634 5584 2117 5642 bibliothecarius.
