3872 6164
210 241 328 305 1061

1183 235 1602 297 CONSTITUT.
1645 227 1987 291 HIRSAUG.
2029 257 2102 270 —
2137 228 2275 289 LIB.
2315 229 2389 289 ΙΙ.

3326 241 3465 309 1ω2

204 369 369 439 piunt,
403 382 572 439 quam
600 366 647 420 si
675 364 734 420 in
764 364 1058 421 Dominica
1107 371 1235 437 post
1282 363 1624 419 matutinum
1656 358 1848 421 suntA
1867 356 2007 412 cella
2046 356 2164 410 vult
2212 356 2517 416 discedere.
2551 358 2573 381 ⁶
2617 357 2690 413 Ut
2717 374 2829 415 uno
2852 360 3073 430 calcari,
3129 364 3177 421 si
3225 366 3468 427 alterum

203 456 492 528 accepturi,
548 455 887 509 servitorum
940 453 1191 526 coquina:
1250 452 1565 508 benedictio
1621 449 1786 504 debet

150 570 160 583 ι
202 545 519 617 praecedere.
536 544 652 598 Hoc
674 550 864 597 autem
887 542 1090 596 debent
1109 542 1272 607 scire,
1287 542 1436 613 quod
1462 558 1495 595 a
1516 540 1785 595 Kalendis

205 633 446 688 Octobris
490 650 667 705 usque
716 632 789 685 ad
836 632 1050 685 Pascha
1102 648 1413 704 nunquam,
1444 630 1553 683 nisi
1602 628 1785 682 autin

202 722 415 788 octavis,
468 726 567 775 aut
617 722 675 774 in
722 720 1017 774 duodecim
1063 719 1409 783 lectionibus,
1445 719 1529 772 vel
1567 718 1785 789 quoties

202 810 358 865 tertia
385 810 691 881 capitulum
723 810 995 880 sequitur,
1026 810 1072 862 si
1099 826 1209 862 non
1241 815 1324 862 est
1359 808 1620 879 generale
1643 808 1787 878 jeju-

204 900 368 965 nium,
418 905 547 970 post
597 898 822 952 tertiam
880 916 1007 951 mox
1044 897 1431 951 benedictione
1460 902 1705 966 accepta,
1740 894 1785 948 si

202 989 383 1042 volunt
411 986 707 1059 prandere,
742 986 975 1041 licenter
1004 992 1254 1056 possunt.
1282 987 1338 1039 Si
1368 1002 1497 1039 vero
1528 984 1786 1054 regulare

204 1084 277 1132 est
289 1079 363 1148 jej
376 1078 587 1135 unium,
619 1082 675 1130 et
699 1076 869 1130 tertia
887 1077 1171 1147 praecessit
1190 1076 1518 1146 capitulum,
1535 1092 1600 1127 eo
1627 1073 1786 1127 finito

202 1167 464 1230 reﬁciunt,
498 1172 693 1240 postea
713 1182 824 1219 non
852 1164 1178 1228 comessuri,
1210 1164 1316 1217 nisi
1347 1181 1447 1235 per
1476 1163 1782 1217 licentiam.

201 1256 267 1308 At
304 1254 347 1307 si
392 1255 710 1309 universale
750 1254 943 1318 instat,
992 1258 1048 1307 et
1092 1254 1241 1307 unde
1280 1253 1592 1325 prandeant
1626 1251 1785 1316 foris,

203 1343 392 1398 habere
420 1343 702 1408 diffidunt,
743 1348 1009 1397 exeuntes
1036 1341 1351 1396 necessaria
1384 1342 1451 1394 ad
1486 1341 1785 1413 prandium

203 1449 374 1488 secum
404 1432 680 1487 deferunt.
711 1432 863 1487 Idem
891 1431 949 1484 in
979 1430 1419 1501 Quadragcsima
1452 1430 1781 1497 observant;

204 1539 359 1593 quare
384 1528 521 1577 tunc
539 1538 640 1591 pro
666 1522 771 1575 hac
788 1538 957 1574 causa
977 1537 1331 1591 nequaquam
1362 1519 1597 1573 fratrum
1625 1536 1788 1590 pran-

203 1610 341 1664 dium
370 1610 697 1683 anticipant.
729 1610 886 1674 Quod
918 1610 963 1663 si
992 1616 1120 1680 post
1152 1609 1368 1663 Nonam
1401 1608 1787 1662 benedictione

203 1705 411 1771 accepta
432 1715 789 1755 communem
813 1699 1169 1753 refectionem
1202 1705 1543 1769 exspectant,
1568 1704 1783 1768 postea,

1867 445 2073 499 habere
2096 462 2207 500 non
2244 451 2447 517 potest,
2482 447 2556 501 sit
2574 454 2886 515 contentus,
2917 451 3025 505 nisi
3064 460 3164 511 aut
3202 454 3468 513 obedien-

1868 534 2067 588 tiarius
2092 535 2183 597 sit,
2203 542 2301 589 aut
2320 535 2541 607 longius
2566 537 2651 591 ire
2671 538 2820 592 velit.
2845 539 2927 594 Ne
2957 543 3259 599 manticam
3277 562 3468 605 secum

1868 622 1926 676 in
1977 623 2208 703 caballo,
2242 624 2287 678 si
2319 641 2458 695 Opus
2504 631 2606 689 est,
2659 634 2885 696 portare
2914 629 3263 701 dedignetur.
3300 636 3465 705 (ναν.)

1868 712 2188 782 Numquam
2213 714 2455 784 peditem
2478 714 2535 767 in
2552 715 2753 769 itinere
2766 717 3022 787 longiori,
3040 736 3209 790 quam
3229 721 3473 781 duorum

1868 801 2258 855 milliariorum
2299 802 2479 872 spatio
2524 804 2782 859 comitem
2810 805 3076 874 habebit;
3122 815 3371 867 attamen
3399 813 3470 867 ad

1867 889 2099 943 ﬂuvium
2129 890 2375 955 veniens,
2416 892 2587 958 aliud,
2625 893 2671 945 si
2716 910 2940 949 necesse
2972 903 3074 964 est,
3122 916 3264 970 equo
3296 906 3474 957 trans-

1867 985 2091 1050 portare
2139 981 2304 1038 valet,
2356 981 2502 1051 quod
2552 981 2684 1035 alibi
2733 1000 3011 1056 nusquam
3056 986 3203 1041 licet.
3247 1003 3343 1043 ω).
3404 992 3473 1047 Et

1868 1068 2073 1122 cavend
2084 1086 2173 1122 um
2189 1086 2311 1125 sum
2322 1086 2546 1139 mopere
2560 1071 2749 1136 habet,
2766 1078 2829 1126 ut
2843 1073 3056 1128 caballo
3068 1093 3170 1130 suo
3182 1094 3473 1150 nunquam

1868 1161 2041 1215 frzena
2070 1158 2139 1210 ad
2169 1158 2508 1211 currendum
2560 1160 2727 1215 laxet.
2776 1162 2900 1233 Ipse
2931 1180 3154 1235 quoque
3183 1182 3472 1239 nunquam

1868 1250 2063 1313 currit,
2100 1249 2205 1302 nisi
2240 1255 2468 1320 propter
2492 1248 2776 1305 obiturum
2809 1257 2865 1305 et
2893 1251 3231 1309 incendium.

1940 1340 2086 1393 Dum
2118 1344 2203 1393 est
2232 1338 2290 1391 in
2320 1339 2426 1403 via,
2460 1339 2505 1392 si
2544 1346 2630 1393 est
2666 1340 2793 1395 talis
2847 1341 2989 1410 dies,
3038 1359 3149 1415 qua
3190 1345 3259 1398 ad
3305 1346 3473 1405 horas

1868 1428 2032 1483 venia
2081 1433 2167 1480 est
2211 1428 2471 1498 petenda,
2524 1428 2644 1498 ipse
2690 1430 2856 1483 etiam
2904 1432 3131 1502 quando
3170 1435 3478 1504 quamlibet

1869 1519 2067 1573 horam
2107 1523 2334 1571 cantare
2374 1517 2629 1583 voluerit,
2662 1518 3004 1575 descendens
3040 1520 3111 1573 ad
3142 1526 3374 1590 terram,
3408 1523 3478 1576 de

1869 1607 2050 1677 capite
2089 1606 2383 1678 capellam,
2417 1605 2486 1659 de
2531 1606 2791 1661 manibus
2822 1609 3169 1663 chirothecas
3199 1610 3479 1667 abstrahit

1871 1695 2087 1748 veniam
2120 1711 2342 1766 quoque
2364 1706 2576 1766 petens,
2604 1696 2919 1753 orationem
2946 1698 3295 1753 Dominicam
3316 1699 3474 1759 dicit,

204 1789 302 1843 sive
317 1790 497 1859 longe,
518 1788 633 1841 sive
655 1804 845 1860 prOpe,
865 1788 1100 1842 licenter
1120 1794 1393 1859 pergunt:
1421 1787 1568 1857 quod
1594 1794 1783 1839 tamen
1812 1783 2005 1853 Blnde
2036 1800 2095 1837 se
2126 1784 2333 1848 levans,
2366 1783 2525 1854 signo
2574 1786 2757 1841 Crucis
2807 1785 2970 1852 facto,
3019 1786 3225 1841 iterum
3256 1789 3475 1843 veniam

204 1878 300 1933 alio
339 1884 592 1952 tempore
640 1878 779 1932 nulli
828 1879 957 1932 licet
983 1884 1109 1948 post
1151 1894 1409 1948 vesperos
1449 1878 1645 1935 facere,
1684 1876 1788 1930 nisi

204 1969 293 2021 soli
320 1968 421 2031 illi,
468 1968 564 2040 qui
594 1968 775 2040 pisces
817 1968 903 2021 vel
934 1968 1169 2023 emendo
1198 1966 1281 2019 vel
1310 1964 1576 2038 piscando
1625 1964 1790 2018 debet

207 2057 500 2128 acquirere.

264 2146 465 2199 Verum
518 2144 849 2216 priusquam
900 2149 1100 2199 exeant
1154 2144 1419 2208 claustro,
1479 2146 1788 2213 praecavent

205 2250 265 2287 ne
289 2234 485 2288 reverti
508 2251 731 2288 necesse
756 2235 1026 2299 habeant;
1056 2233 1321 2304 quoniam
1348 2237 1577 2302 propter
1599 2247 1791 2302 quam-

206 2338 406 2393 cunque
453 2339 683 2376 causam
739 2321 983 2394 regressi
1030 2322 1260 2377 fucrint.
1294 2337 1323 2373 e
1375 2321 1618 2372 claustro
1665 2319 1785 2372 sine

202 2408 409 2465 licentia
428 2412 614 2466 denuo
641 2411 832 2483 egredi
857 2428 966 2465 non
988 2414 1354 2481 prmsumunt.
1386 2409 1445 2463 Si
1466 2408 1592 2479 quis
1615 2407 1785 2463 etiam

197 2499 264 2552 ita
292 2500 639 2571 praeparavit,
689 2506 753 2554 ut
784 2500 932 2553 illico
971 2499 1237 2553 ascendat
1282 2514 1450 2568 super
1479 2514 1704 2567 equum,
1738 2495 1785 2551 si

198 2591 443 2657 evenerit,
475 2596 542 2644 ut
588 2589 810 2660 signum
859 2588 1053 2643 audiat
1081 2587 1148 2642 ad
1180 2588 1377 2641 horam
1409 2585 1579 2640 ullam
1614 2603 1783 2656 regu-

199 2677 379 2742 larem,
398 2686 454 2733 et
482 2679 665 2733 adhuc
689 2678 765 2732 sit
784 2678 930 2731 infra
949 2684 1107 2748 septa
1127 2692 1444 2737 murorum,
1472 2690 1785 2728 armamen-

1872 1873 2014 1946 petit
2039 1893 2049 1939 ;
2083 1874 2223 1927 hora
2251 1874 2534 1944 imposita,
2557 1891 2898 1946 ascensoque
2925 1892 3090 1945 equo,
3118 1882 3275 1931 tenet
3304 1878 3471 1932 viam.

1871 1965 1891 1982 ‘
1930 1964 2063 2027 Quae
2093 1970 2302 2029 tamen,
2345 1962 2391 2015 si
2435 1963 2575 2017 adeo
2605 1964 2789 2017 lutosa
2820 1970 2922 2029 est,
2961 1966 3045 2018 vel
3077 1966 3122 2019 si
3166 1966 3287 2039 ipse
3335 1967 3474 2023 adeo

1874 2052 2130 2105 infirmus
2157 2058 2259 2117 est,
2291 2068 2392 2122 pro
2417 2052 2687 2106 deScensu
2709 2054 2906 2107 sedens
2925 2053 2983 2107 in
3007 2071 3170 2125 equo,
3194 2056 3475 2126 psalmum

1872 2143 2127 2194 Miserere
2155 2143 2281 2199 mei,
2306 2142 2465 2201 Deus,
2490 2146 2594 2194 etc.
2617 2142 2926 2215 praemittit,
2955 2142 3157 2197 deinde
3187 2143 3334 2197 dicta
3354 2160 3477 2198 ora-

1871 2229 2024 2283 tione
2058 2228 2368 2289 Dominica,
2403 2230 2601 2283 horam
2624 2236 2839 2288 cantat.
2872 2232 2935 2285 In
2966 2232 3259 2286 duodecim
3289 2232 3480 2289 lectio-

1867 2319 2033 2373 nibus
2061 2324 2276 2379 vcro.et
2301 2319 2750 2391 quandocunque
2775 2320 2935 2374 venia
2963 2337 3075 2375 non
3098 2326 3184 2374 est
3207 2323 3473 2397 petenda,

1869 2425 1972 2462 nec
2001 2408 2276 2477 psalmum
2307 2408 2474 2472 canit,
2510 2425 2611 2462 nec
2638 2409 2709 2464 ad
2736 2415 2946 2464 terram
2978 2409 3286 2465 descendit.
3316 2412 3476 2468 Unde

1868 2496 2195 2568 priusquam
2243 2496 2311 2550 de
2357 2497 2601 2553 claustro
2646 2505 2824 2563 exeat,
2871 2498 3093 2568 quando
3128 2498 3262 2553 dum
3294 2501 3476 2571 abest,

1867 2587 2161 2642 duodecim
2193 2588 2461 2643 lectiones
2492 2588 2769 2657 legantur,
2799 2588 3120 2659 prmvidisse
3152 2588 3346 2657 debet;
3377 2591 3478 2645 de-

1868 2676 1962 2729 bet
1992 2677 2161 2730 etiam
2194 2693 2259 2731 ex
2291 2693 2397 2731 usu
2426 2681 2654 2730 cantare
2683 2693 2907 2731 cursum
2940 2682 3145 2731 sanctae
3176 2677 3385 2733 Mariae.
3418 2679 3476 2734 Si

198 2767 262 2820 tis
289 2767 384 2822 vim
411 2768 679 2838 depositis
701 2767 999 2821 revertitur
1022 2767 1090 2819 ad
1122 2766 1343 2832 horam,
1364 2780 1466 2818 nec
1496 2763 1787 2834 przesumit
1871 2765 2188 2828 illiteratus,
2210 2764 2525 2835 injungitur
2554 2765 2602 2819 ei
2627 2766 2839 2835 aliquid
2864 2782 2968 2839 pro
2994 2765 3345 2835 regularibus
3375 2767 3478 2823 ho-

198 2854 387 2910 iterum
416 2857 627 2928 absque
651 2856 877 2910 licentia
902 2856 1071 2909 exire.
1104 2855 1187 2908 Ad
1217 2853 1630 2925 percussionem
1655 2868 1784 2905 vero
1867 2854 1945 2907 ris
1974 2854 2338 2921 cantandum,
2370 2854 2427 2908 id
2460 2860 2546 2908 est
2585 2855 2767 2909 oratio
2804 2854 3114 2921 Dominica,
3149 2860 3206 2909 et
3243 2855 3292 2909 si
3320 2855 3473 2931 quid,

201 2943 384 2999 tabulas
413 2945 484 2999 ab
515 2945 757 2999 abeunte
787 2945 978 3009 fratre,
1022 2943 1069 2998 si
1097 2948 1182 2997 est
1213 2949 1371 2996 extra
1410 2948 1652 3013 portam,
1685 2958 1786 2995 nec
1807 2988 1850 3049 Ο
1870 2944 1975 2999 scit
2003 2942 2344 3015 hujusmodi.

202 3032 262 3086 ad
302 3033 471 3101 illam,
504 3050 628 3105 qua:
674 3035 739 3087 ﬁt
784 3038 1013 3105 propter
1060 3034 1312 3095 Brevem,
1366 3031 1410 3086 si
1455 3032 1574 3102 jam
1619 3030 1850 3085 exivit“
1939 3032 2222 3089 Prandere
2238 3032 2294 3086 in
2318 3032 2520 3086 itinere
2536 3032 2657 3086 sine
2678 3032 2872 3101 missa,
2895 3033 3064 3089 etiam
3090 3033 3148 3093 in
3174 3032 3481 3104 majoribus

202 3122 508 3190 claustrum,
557 3140 671 3177 non
717 3123 1037 3177 revertitur.
1084 3123 1153 3176 Et
1191 3138 1318 3176 cum
1369 3121 1517 3175 circa
1562 3126 1786 3191 tempus
1868 3119 2044 3187 festis,
2094 3120 2218 3175 ideo
2258 3121 2489 3176 licenter
2528 3126 2729 3193 potest,
2773 3122 2906 3192 quia
2942 3139 3056 3177 non
3097 3122 3208 3178 nisi
3239 3123 3297 3178 in
3334 3123 3482 3179 notis

200 3209 355 3266 Nonae
395 3212 551 3266 abire
600 3212 853 3273 voluerit,
888 3211 935 3265 si
975 3209 1201 3265 interim
1233 3210 1492 3281 pulsatur
1538 3209 1783 3279 signum,

184 3299 334 3371 ‘quod
373 3301 577 3355 fratres
625 3301 829 3354 excitat
873 3301 944 3353 ad
985 3299 1352 3370 surgendum,
1406 3298 1489 3352 vel
1536 3303 1790 3369 tempore

204 3388 441 3460 Hyemali
472 3395 602 3446 ante
630 3390 859 3444 tertiam
890 3389 961 3442 ad
998 3388 1385 3452 calceandum,
1422 3393 1656 3458 propter
1685 3388 1791 3441 hoc

202 3492 301 3532 non
329 3479 561 3535 omittit.
610 3480 881 3550 Egressus
920 3484 1108 3532 autem
1148 3483 1367 3548 portam
1414 3477 1583 3539 cellze,
1620 3482 1789 3547 caput

205 3568 412 3639 caputio
440 3567 675 3639 obtegit,
703 3568 878 3622 donec
907 3585 940 3621 a
959 3567 1091 3620 villa
1110 3566 1325 3620 exierit.
1350 3566 1465 3619 Hoc
1488 3564 1659 3619 etiam
1691 3581 1792 3635 per

206 3655 376 3711 villam
396 3657 646 3729 aliquam
669 3657 948 3711 transiens
974 3656 1233 3710 custodit.
1266 3672 1354 3709 un.
1381 3655 1561 3724 Super
1584 3670 1791 3723 equum

206 3760 545 3808 ascensurus,
587 3746 746 3817 prius
791 3762 1023 3816 cappam
1055 3745 1259 3810 induit,
1294 3760 1462 3814 quam
1494 3760 1553 3797 se
1582 3743 1789 3812 cingat,

208 3850 299 3889 nec
326 3852 448 3889 eam
479 3835 776 3900 abstrahit,
820 3834 928 3889 nisi
966 3834 1122 3905 prius
1171 3850 1229 3887 se
1270 3833 1562 3903 discingat.
1600 3832 1793 3895 Quan-

206 3925 397 3978 tumvis
415 3924 563 3979 enim
591 3925 775 3978 lutosa
805 3924 878 3976 sit
910 3923 1014 3987 via,
1039 3923 1087 3976 si
1116 3938 1292 3992 cappa
1321 3938 1431 3975 non
1454 3928 1539 3975 est
1562 3921 1793 3975 indutus

203 4011 256 4066 in
296 4012 496 4079 frocco,
531 4013 749 4084 equitat
778 4011 1112 4078 discinctus;
1146 4012 1203 4066 in
1255 4010 1473 4065 cuculla
1516 4027 1643 4063 vero
1673 4009 1794 4063 sine

206 4098 393 4165 frocco,
412 4101 521 4155 nisi
542 4102 786 4171 desuper
806 4116 981 4171 cappa
1003 4099 1220 4165 induta,
1248 4115 1536 4170 nunquam
1558 4098 1791 4169 equitat.

211 4188 496 4245 Obviantes
526 4190 829 4244 monachos
861 4189 1107 4253 clericos,
1137 4194 1193 4241 et
1233 4204 1486 4260 quosque
1515 4188 1574 4241 in
1600 4186 1795 4241 habitu

211 4279 573 4334 conversionis
613 4279 844 4344 salutat,
876 4279 1063 4331 dicens
1102 4277 1183 4331 eis
1211 4296 1222 4331 :
1259 4280 1575 4330 Benedicite.
1610 4277 1797 4331 Saccu-

1873 3210 2028 3276 locis,
2059 3216 2160 3265 aut
2194 3210 2315 3264 noti
2346 3210 2651 3265 sacerdotis
2677 3210 2906 3265 missam
2928 3211 3143 3279 audire,
3173 3229 3275 3267 nec
3293 3229 3395 3284 per
3422 3229 3484 3267 se

1871 3298 2076 3368 ipsum,
2109 3299 2156 3353 si
2204 3306 2291 3353 est
2337 3300 2618 3361 sacerdos,
2656 3305 2884 3354 cantare
2916 3300 3237 3370 ‘prmsumit.
3270 3300 3394 3366 Cui,
3436 3299 3485 3355 si

1872 3388 2143 3458 fragilitas
2174 3389 2439 3454 evenerit,
2471 3404 2582 3442 uno
2602 3394 2823 3444 tantum
2846 3390 2937 3444 die
2960 3406 2995 3444 a
3022 3390 3207 3445 missae
3236 3390 3489 3444 celebra-

1871 3480 2025 3532 tione
2054 3494 2114 3532 se
2135 3478 2402 3541 abstinet,
2424 3478 2571 3549 quod
2589 3479 2835 3549 amplius
2857 3495 2968 3535 non
2991 3478 3221 3545 devitat,
3244 3478 3414 3533 etiam
3436 3477 3485 3532 si

1875 3567 2240 3621 mutatorium
2286 3567 2435 3621 aliud
2478 3566 2704 3633 habere,
2741 3568 2825 3621 vel
2864 3568 3272 3622 confessionem
3302 3567 3486 3621 facere

1875 3672 1986 3711 non
2016 3656 2219 3710 valeat.
2264 3656 2541 3727 Regulare
2574 3656 2854 3727 jejunium
2884 3656 3021 3711 foris
3068 3657 3345 3719 observat,
3379 3655 3486 3711 nisi

1876 3745 2066 3798 exiens
2105 3745 2419 3817 prandendi
2466 3746 2753 3800 licentiam
2786 3746 3080 3817 acceperit.
3114 3746 3397 3800 Prandere
3426 3744 3486 3798 in

1875 3839 2037 3903 prato
2066 3838 2268 3902 potest,
2316 3834 2363 3887 si
2411 3850 2637 3888 necesse
2677 3834 2860 3888 fuerit.
2917 3835 3024 3898 Qui
3063 3834 3113 3888 ei
3171 3834 3371 3889 cibum"
3403 3833 3487 3887 vel

1876 3930 2070 3993 potum
2114 3923 2493 3997 administrat,
2541 3940 2828 3997 nunquam
2878 3923 3238 3978 administrat
3278 3925 3336 3979 in
3366 3924 3488 3981 sola

1878 4012 2111 4067 camisia
2141 4011 2224 4065 vel
2254 4012 2313 4065 in
2345 4012 2708 4067 femoralibus
2734 4012 2888 4078 solis,
2930 4012 3039 4065 nisi
3071 4013 3213 4066 forte
3244 4011 3483 4075 eveniat,

1876 4106 1941 4155 ut
1967 4100 2037 4154 ab
2069 4100 2178 4155 alio
2210 4117 2378 4171 quam
2408 4118 2510 4154 suo
2540 4101 2741 4155 comite
2770 4101 2822 4154 ei
2849 4100 3359 4154 administrandum
3389 4099 3484 4155 sit.

1877 4189 2035 4244 Inter
2056 4189 2484 4252 comedendum,
2516 4189 2563 4243 si
2589 4189 2721 4262 quid
2753 4188 2997 4243 breviter
3015 4188 3235 4254 dixerit,
3268 4204 3368 4258 pro
3400 4187 3488 4243 his

1883 4296 2008 4350 qua:
2048 4279 2119 4333 ad
2150 4295 2392 4350 praesens
2423 4294 2648 4332 necesse
2679 4277 3006 4332 habuerit...
3039 4277 3109 4331 de
3143 4277 3255 4331 alia
3294 4282 3488 4333 tamen

212 4365 347 4421 lares
372 4385 498 4423 vero
523 4385 680 4423 more
709 4367 925 4438 vulgari
949 4366 1263 4437 compellat.
1302 4364 1631 4420 Obviantem
1661 4344 1859 4419 ami-D
1882 4344 2102 4439 lbquela
2148 4344 2398 4436 longiore
2439 4372 2613 4422 cavet.
2646 4370 2965 4438 Antequam
3011 4365 3287 4429 comedat,
3337 4364 3486 4420 dicto

210 4471 327 4509 cum
358 4458 698 4523 saecularem,
728 4456 775 4510 si
802 4454 1044 4509 voluerit
1061 4453 1259 4508 sedens
1280 4454 1338 4508 in
1366 4470 1508 4525 equo
1535 4454 1794 4518 osculari,

210 4546 410 4615 poterit
439 4564 451 4599 :
483 4545 822 4601 monachum
850 4561 981 4598 vero
1010 4560 1317 4615 nunquam,
1348 4543 1454 4597 nisi
1484 4544 1553 4597 ad
1586 4548 1797 4597 terram

210 4632 563 4689 descendens.
587 4637 613 4706 {
619 4650 732 4689 var.
738 4634 762 4704 )
778 4633 1105 4704 Ubicunque
1122 4641 1308 4687 autem
1324 4632 1591 4699 ascendit,
1613 4633 1797 4686 locum

209 4721 460 4777 altiorem
485 4724 707 4796 quaerit,
727 4728 785 4777 et
804 4723 884 4776 sic
903 4722 1330 4792 cum‘gravitate
1352 4721 1618 4775 ascendit.
1642 4721 1799 4776 Unde

208 4816 260 4864 et
282 4819 411 4865 ante
432 4818 651 4883 portam
674 4811 1000 4866 monasterii
1032 4812 1101 4864 ad
1123 4810 1537 4865 ascendendum
1569 4815 1800 4865 truncus

207 4908 288 4953 est
324 4902 557 4972 positus.
592 4903 799 4956 Cavere
829 4901 995 4955 debet
1036 4900 1095 4953 in
1142 4899 1360 4965 itinere,
1392 4904 1456 4952 ut
1482 4898 1620 4953 nihil
1651 4899 1709 4953 in
1740 4916 1799 4953 se

205 4988 571 5060 irreligiosum
613 4995 715 5045 aut
760 4988 943 5043 ordini
982 4994 1175 5043 nostro
1214 4986 1557 5042 contrarium
1596 5003 1631 5040 a
1659 5003 1799 5058 quo-

209 5094 370 5150 quam
403 5080 584 5134 notari
614 5079 818 5151 possit;
852 5084 915 5132 ut
943 5078 1277 5132 vestimenta
1298 5092 1401 5130 sua
1436 5092 1469 5130 a
1504 5081 1665 5146 tergo
1689 5078 1827 5131 non‘

207 5167 394 5223 difflue
420 5170 676 5240 (excepta
717 5168 1000 5222 interdum
1048 5173 1277 5238 propter
1317 5165 1566 5236 pluviam
1603 5167 1805 5236 cappa)

212 5256 305 5310 sed
327 5259 627 5329 composite
658 5257 805 5312 infra
832 5257 1025 5310 sellam
1048 5258 1291 5326 jaceant,
1320 5265 1385 5307 ut
1411 5270 1514 5308 nec
1530 5254 1798 5318 anterior,

213 5359 310 5398 nec
346 5346 618 5416 posterior
645 5346 797 5400 sellae
827 5344 1067 5415 corrigia
1097 5344 1180 5397 vel
1210 5343 1363 5397 aliud
1393 5342 1527 5413 quid
1555 5342 1667 5396 tale
1697 5342 1802 5396 sibi

212 5432 373 5501 desit,
416 5452 518 5491 nec
548 5435 606 5490 in
655 5451 800 5509 equo
829 5434 997 5488 simul
1042 5449 1199 5487 verso
1250 5431 1529 5504 respiciat.
1562 5432 1645 5487 Nc
1682 5431 1804 5487 sine

213 5521 453 5581 fasciolis
482 5525 733 5596 equitet;
769 5522 817 5583 si
836 5528 1028 5581 tamen
1051 5522 1202 5579 ultra
1221 5536 1399 5581 unum
1426 5519 1755 5579 milliarium
1772 5536 1808 5575 a

1878 4474 2044 4511 versu
2074 4457 2210 4527 legit
2237 4456 2452 4528 aliquid
2483 4456 2552 4510 de
2574 4472 2733 4510 sacra
2764 4455 3070 4528 Scriptura,
3105 4459 3163 4509 et
3190 4453 3249 4509 in
3279 4454 3390 4508 fine
3418 4451 3489 4508 si-

1880 4546 2106 4600 militer.
2131 4548 2196 4601 lu
2229 4545 2317 4599 via
2338 4562 2560 4619 quoque
2580 4545 2795 4611 sitiens,
2823 4543 2871 4598 si
2896 4559 3093 4599 carens
3115 4559 3336 4615 quoque
3359 4557 3489 4598 vase

1879 4635 1951 4689 ad
1989 4636 2201 4690 fontem
2253 4633 2457 4688 biberit
2501 4651 2566 4688 ex
2599 4633 2876 4699 manibus,
2924 4631 2994 4687 ob
3028 4632 3135 4686 hoc
3164 4631 3349 4687 notari
3378 4646 3493 4687 non

1881 4731 2147 4781 meretur.
2171 4724 2321 4779 Talis
2341 4729 2532 4781 autem
2556 4723 2652 4795 qui
2675 4722 2751 4777 sit
2776 4720 3051 4776 imberbis
3077 4721 3171 4776 vel
3187 4738 3347 4775 rasus
3368 4719 3493 4775 bar-

1881 4814 2033 4879 bam,
2066 4829 2178 4866 non
2206 4811 2373 4866 debet
2412 4827 2534 4865 esse
2577 4812 2637 4865 in
2676 4812 2798 4882 ejus
2840 4810 3129 4867 comitatu.
3166 4809 3280 4864 Sed
3306 4825 3492 4880 neque

1881 4901 2105 4955 mittere
2138 4916 2172 4954 a
2210 4916 2269 4954 se
2298 4900 2579 4967 comitem,
2612 4905 2671 4954 et
2707 4899 2861 4955 solus
2900 4899 3154 4971 equitare
3181 4898 3487 4971 praesumit.
3574 4942 3577 4945 λ

1888 4989 1989 5045 Ubi
2014 4989 2132 5044 vult
2160 4988 2449 5060 hospitari,
2476 4989 2524 5043 si
2549 4989 2691 5043 adeo
2717 5004 2892 5059 prope
2917 4994 3004 5043 est
3029 4987 3280 5051 ecclesia,
3306 5002 3494 5057 vespe-

1885 5095 1977 5133 ros
1999 5078 2077 5132 ibi
2106 5084 2335 5133 cantare
2364 5094 2476 5131 non
2501 5077 2713 5133 omittit
2736 5095 2749 5143 ;
2782 5076 3223 5147 Completorium
3239 5080 3297 5129 et
3315 5075 3493 5129 Matu-

1885 5167 2071 5222 tinum
2103 5183 2217 5222 non
2243 5167 2320 5220 ibi
2352 5174 2561 5233 cantat,
2594 5166 2693 5221 sed
2720 5166 2781 5220 in
2810 5165 2952 5220 lecto
2980 5165 3066 5219 vel
3096 5164 3155 5217 in
3188 5164 3308 5217 loco
3337 5177 3492 5215 com-

1885 5256 2097 5327 petenti
2138 5257 2302 5326 juxta
2346 5256 2573 5322 lectum,
2622 5254 2730 5311 nisi
2776 5253 3082 5324 hospitium
3137 5249 3380 5305 ecclesiae
3420 5248 3495 5305 sit

1885 5346 2261 5415 conjunctum.
2306 5359 2402 5400 un.
2454 5344 2627 5399 Cavet
2674 5347 2866 5396 autem
2909 5340 3156 5410 aliquam
3200 5337 3491 5394 ecclesiam

1887 5448 2013 5486 cum
2032 5432 2340 5487 calcaribus
2366 5438 2424 5486 et
2439 5446 2617 5503 cappa
2632 5429 2868 5503 indutus
2886 5428 3101 5483 intrare
3124 5426 3211 5482 vel
3232 5426 3300 5483 de
3320 5440 3493 5485 manu

1886 5521 2108 5578 femina:
2134 5521 2347 5594 aliquid
2365 5521 2636 5592 accipere,
2662 5535 2792 5575 cum
2808 5534 2877 5574 ea
2894 5517 2967 5572 ad
2992 5532 3248 5572 mensam
3272 5514 3489 5581 sedere,
