3872 6164
429 275 565 335 1063
1450 272 1507 327 S.
1550 274 1941 331 GUILLELMI
1977 272 2283 332 ABBATIS
2321 277 2660 336 HIRSAUG.

426 418 556 458 cum
579 418 645 457 ea
665 400 969 473 quidquam
989 396 1175 450 dicere
1195 395 1314 449 sine
1332 402 1477 452 teste
1497 414 1669 470 prope
1696 417 1791 455 eos
1814 400 2015 455 seden-
2028 399 2087 461 A

422 495 501 546 te.
534 490 700 547 Omni
728 494 981 559 tempore
1007 485 1335 556 priusquam
1375 502 1484 540 nox
1514 487 1705 557 fuerit,
1737 490 1784 544 si
1814 506 2021 560 magna

422 579 755 634 necessitate
783 576 975 647 aliqua
1012 574 1372 645 impediente,
1414 575 1664 647 alioquin
1699 578 2018 650 Completo-

420 668 568 722 rium
594 666 795 722 ultimo
822 680 936 719 non
965 663 1169 718 differt.

497 756 641 811 Sunt
667 760 941 826 praeterea
972 769 1094 824 qua:
1121 757 1236 805 tam
1284 752 1419 806 foris
1448 769 1616 824 quam
1646 753 1797 808 domi
1825 753 2017 810 obser-

422 851 535 911 vat,
565 845 622 899 id
643 851 746 908 est,
780 844 827 898 si
860 849 946 897 est
975 841 1193 895 cuculla
1214 847 1412 895 exutus
1432 846 1548 895 tam
1573 842 1628 895 in
1659 841 1747 896 die
1768 860 1935 914 quam
1958 844 2018 899 in

420 939 602 999 nocte,
635 934 854 988 nullum
887 931 1116 987 verbum
1149 931 1374 985 emittit.
1411 930 1683 986 Observat
1724 932 1913 997 etiam,
1947 948 2018 986 ne

422 1039 705 1095 quoquam
730 1026 902 1095 ponat
929 1038 1052 1076 eam
1080 1020 1302 1090 longius
1331 1037 1364 1074 a
1388 1036 1465 1084 se,
1499 1036 1667 1091 quam
1698 1020 1773 1075 sit
1799 1020 2020 1076 cubitus

422 1128 589 1167 unus.
627 1114 789 1180 (ναν.)
820 1111 886 1165 In
916 1109 1133 1165 cuculla
1164 1109 1283 1163 sine
1311 1109 1531 1180 pellicio
1559 1109 1755 1164 sedere
1782 1110 1868 1164 vel
1896 1127 2020 1164 am-

421 1201 618 1256 bulare
647 1199 873 1272 poterit.
908 1201 930 1223 "
963 1198 1022 1253 Si
1051 1198 1122 1252 ad
1160 1197 1389 1268 aliquod
1416 1199 1841 1264 monasterium,
1872 1199 2021 1270 quod

424 1295 512 1345 est
536 1289 717 1344 nostri
743 1288 979 1351 ordinis,
1001 1287 1085 1341 vel
1107 1286 1202 1340 ubi
1223 1287 1529 1357 capitulum
1552 1286 1843 1357 habemus,
1861 1305 2022 1343 vene-

421 1379 515 1445 rit,
548 1377 624 1432 ibi
655 1378 851 1431 eadem
882 1393 942 1430 se
991 1375 1162 1429 habet
1188 1375 1500 1447 disciplina,
1539 1393 1650 1447 qua
1686 1382 1743 1430 et
1779 1377 1933 1432 domi
1959 1394 2021 1432 se

424 1466 632 1521 habere
676 1466 836 1529 solet,
870 1472 928 1519 et
954 1464 1000 1518 si
1029 1469 1195 1517 antea
1224 1464 1338 1518 illic
1366 1481 1478 1518 non
1511 1470 1654 1533 erat,
1685 1481 1811 1518 cum
1840 1465 2019 1519 intra-

421 1554 565 1609 verit
591 1554 822 1608 chorum
848 1554 963 1607 sive
994 1553 1322 1624 capitulum,
1346 1552 1391 1606 si
1422 1552 1647 1606 interim
1676 1553 1936 1619 habetur,
1964 1558 2021 1607 et

423 1645 470 1701 si
504 1660 669 1699 nemo
713 1660 840 1697 eum
872 1642 1105 1702 inducit,
1155 1641 1416 1696 ultimum
1451 1642 1590 1712 petit
1618 1643 1835 1708 locum;
1866 1642 1925 1696 in
1955 1657 2019 1696 eo
2039 1716 2070 1718 _
2101 1657 2194 1698 uo.
2223 1645 2419 1714 Itaque
2447 1660 2513 1698 ea
2540 1645 2649 1709 die,
2680 1663 2790 1717 qua
2820 1647 3076 1713 redeunt,
3106 1664 3310 1718 corpus
3338 1646 3545 1701 Domini
3569 1644 3656 1699 nisi

421 1739 613 1790 tamen
640 1733 811 1787 choro
841 1731 898 1786 in
929 1748 1038 1803 quo
1070 1736 1126 1784 et
1155 1730 1306 1784 domi
1337 1731 1456 1800 ejus
1487 1736 1572 1784 est
1595 1731 1782 1785 statio.
1805 1730 1861 1786 Si
1886 1747 2017 1785 vero
2038 1716 2244 1786 Bfacta
2270 1732 2615 1788 confessione
2644 1716 2756 1789 non
2783 1736 3093 1807 accipiunt;
3131 1716 3267 1807 quia
3293 1735 3551 1804 fragilitas
3577 1734 3658 1787 hu-

424 1824 494 1878 ad
537 1822 783 1876 alienum
831 1820 1059 1875 omnino
1106 1819 1508 1873 monasterium
1550 1819 1783 1879 venerit,
1814 1818 1886 1872 ibi
1916 1835 2020 1873 nec
2100 1836 2270 1875 mana
2297 1821 2544 1876 devitarc
2574 1839 2687 1876 non
2738 1824 2886 1879 valet
2931 1825 3066 1895 quin
3099 1842 3210 1880 usu
3239 1825 3327 1879 vel
3352 1824 3552 1886 auditu,
3579 1829 3659 1878 aut

420 1912 732 1967 claustrum
756 1910 953 1974 intrat,
983 1908 1089 1962 nisi
1110 1909 1304 1978 jussus
1332 1908 1408 1962 sit
1432 1925 1442 1959 :
1470 1913 1536 1961 ut
1562 1908 1678 1962 illic
1703 1907 1807 1962 sibi
1837 1914 2020 1962 osten-
2100 1910 2269 1964 etiam
2300 1910 2581 1965 locutione
2604 1913 2890 1967 multoties
2920 1919 3130 1984 peccet.
3158 1915 3224 1968 In
3246 1914 3437 1968 eodem
3458 1912 3539 1966 die
3556 1917 3659 1983 post

419 2017 546 2056 sum
593 1999 783 2064 fuerit,
835 1999 917 2052 ita
963 1997 1114 2051 facit.
1153 1997 1428 2051 Caeterum
1457 1996 1508 2049 si
1538 1997 1609 2049 ad
1647 1996 2018 2068 quodcunque
2099 1998 2350 2069 singulas
2378 1999 2545 2054 horas
2573 2000 2786 2056 faciunt
2812 2008 2944 2056 ante
2974 2009 3031 2056 et
3065 2008 3239 2069 retro,
3270 2008 3326 2056 et
3352 2001 3543 2055 dicitur
3567 2017 3657 2054 una

419 2087 825 2144 monasterium
859 2087 1093 2151 venerit,
1126 2085 1246 2139 sine
1280 2085 1505 2139 licentia
1534 2085 1603 2139 de
1631 2084 1875 2139 claustro
1904 2100 2017 2139 non
2099 2088 2168 2142 de
2187 2087 2275 2142 his
2291 2088 2563 2144 collectis:
2589 2090 2938 2159 Omnipotens
2958 2094 3288 2160 sempiterne
3302 2093 3455 2154 Deus,
3476 2095 3655 2143 nostro-

419 2180 552 2244 exit,
589 2194 693 2231 nec
720 2176 912 2231 comiti
940 2191 1041 2230 suo
1072 2174 1377 2246 quidquam
1416 2173 1686 2244 loquitur.
1718 2173 2016 2229 Sciendum
2098 2179 2603 2245 rum.0ueesumus,
2628 2184 2969 2248 omnipotens
2990 2183 3148 2235 Deus.
3184 2182 3526 2250 Omnipotens
3546 2195 3656 2233 sem-

419 2271 507 2322 est
535 2265 703 2320 etiam
727 2283 738 2318 :
765 2264 988 2336 quando
1020 2263 1392 2334 quodcunque
1417 2261 1818 2316 monasterium
1838 2261 2017 2316 nostri
2090 2270 2308 2335 piterne
2353 2268 2511 2321 Deus.
2556 2268 2868 2323 Praemissis
2906 2269 2994 2323 his
3041 2270 3353 2336 versiculis,
3388 2269 3559 2325 Salvos
3585 2269 3657 2334 [ae

421 2353 633 2410 ordinis
683 2359 771 2408 est
804 2353 1181 2423 ingressurus,
1216 2350 1310 2405 ubi
1342 2351 1489 2405 infra
1524 2349 1766 2422 spatium
1798 2349 2019 2404 dimidii
2098 2370 2294 2421 servos,
2317 2357 2414 2427 qui
2439 2373 2664 2427 semper
2682 2357 2897 2429 primus
2921 2365 3040 2413 est;
3076 2359 3361 2414 secundus
3381 2361 3658 2416 οοηιοενεενο

418 2444 554 2499 anni
585 2459 697 2498 non
727 2442 835 2497 fuit
863 2441 950 2495 vel
981 2441 1126 2511 quod
1159 2457 1448 2512 nunquam
1478 2440 1730 2507 intravit,
1764 2445 1895 2494 ante
1925 2456 2019 2495 os-
2102 2445 2240 2499 Deus
2270 2445 2356 2498 vel
2391 2446 2514 2498 Ecce
2544 2462 2711 2514 quam
2734 2448 2959 2510 bonum,
2979 2449 3065 2502 vel
3092 2451 3265 2511 Beati,
3291 2451 3389 2518 qui
3416 2447 3654 2501 habitant.

419 2534 562 2589 tium
592 2549 693 2604 per
714 2530 860 2603 quod
894 2530 1138 2602 primum
1162 2530 1301 2584 illud
1323 2530 1518 2595 intrat,
1545 2546 1715 2600 super
1729 2545 1917 2599 genua
1934 2546 2021 2583 ve-
2100 2533 2209 2587 Pro
2251 2531 2453 2602 quibus
2509 2534 2557 2587 si
2609 2535 2841 2590 collecta
2881 2536 3064 2591 tribus
3107 2537 3326 2592 vicibus
3368 2536 3451 2590 vel
3488 2535 3658 2605 saepius

420 2623 571 2678 niam
615 2621 771 2693 petit,
804 2625 861 2674 et
888 2620 960 2674 ad
998 2619 1121 2673 loca
1147 2618 1216 2673 de
1244 2618 1337 2673 via
1364 2618 1731 2673 redeuntibus
1757 2618 1827 2672 ad
1849 2634 2021 2672 oran-
2101 2619 2249 2674 dicta
2275 2620 2460 2686 fuerit,
2482 2638 2585 2692 pro
2616 2622 2703 2677 his
2727 2623 2797 2677 ad
2819 2625 3249 2695 completorium
3272 2642 3382 2680 non
3406 2630 3489 2678 est
3504 2623 3659 2678 dicen-

419 2712 554 2767 dum
584 2709 908 2773 constituta,
934 2725 994 2763 se
1024 2708 1363 2779 prosternit;
1391 2706 1498 2761 nisi
1527 2707 1647 2761 dies
1676 2707 1894 2778 pascha:-
1923 2708 2016 2761 sit.
2102 2708 2258 2775 dum,
2289 2709 2397 2763 nisi
2426 2709 2644 2765 duobus
2671 2712 2959 2767 versiculis
2986 2714 3294 2785 praemissis
3318 2713 3515 2784 absque
3540 2711 3658 2765 salu-

491 2799 652 2864 Quod
688 2798 737 2852 si
766 2798 876 2852 duo
906 2797 1109 2851 fratres
1138 2796 1352 2867 pariter
1379 2796 1447 2849 ad
1479 2794 1707 2865 aliquod
1736 2800 2019 2848 monaste-
2099 2797 2332 2852 tatione.
2358 2800 2704 2853 Miscreatur.
2742 2802 3090 2870 Omnipotens
3119 2807 3446 2871 sempiterno
3472 2804 3610 2855 Deus.
3639 2801 3657 2820 '

419 2890 567 2945 rium
597 2887 872 2954 venerint,
912 2885 983 2940 ad
1027 2886 1176 2956 quod
1209 2886 1353 2939 alter
1381 2900 1575 2939 eorum
1606 2899 1894 2954 nunquam
1924 2900 2020 2937 ve-
2101 2886 2259 2950 Quod
2286 2891 2479 2941 tamen
2507 2888 2711 2942 domno
2740 2888 2947 2955 abbati,
2968 2908 3072 2945 nec
3095 2892 3378 2963 episcopo,
3400 2890 3478 2945 vel
3498 2888 3657 2943 abbati

417 2983 598 3042 uerat,
631 2977 776 3031 alter
803 2991 933 3029 vero
976 2975 1035 3028 in
1082 2973 1336 3045 proximo
1374 2974 1589 3039 aderat,
1637 2972 1707 3027 de
1737 2972 1900 3026 venia
1945 2972 2015 3026 ad
2040 3031 2079 3047 ﬂ
2101 2974 2266 3029 alicui
2296 2981 2396 3030 aut
2424 2976 2596 3047 priori
2625 2984 2818 3032 nostro
2857 2984 2944 3032 est
2983 2980 3304 3045 dicendum,
3338 2980 3434 3034 sed
3459 2979 3657 3033 collecta

615 3067 806 3137 januae
833 3031 1164 3135 petenda‘et
1183 3063 1252 3116 de
1273 3063 1527 3116 oratione
1556 3031 1831 3127 facienda,
1867 3060 2016 3132 quod
2037 3031 2376 3131 Csimiliter,
2404 3031 2469 3119 ut
2488 3067 2560 3120 ad
2589 3031 2818 3121 caeteras

416 3156 591 3228 priori
622 3154 832 3209 bonum
860 3153 1102 3219 videtur,
1125 3151 1319 3222 junior
1348 3151 1620 3205 imitetur.
1645 3151 1775 3205 Haec
1807 3151 2017 3222 specia-
2166 3154 2619 3209 Benedic-tionem
2661 3156 2849 3211 nullus
2877 3173 3047 3212 causa
3083 3157 3312 3229 prandii
3357 3155 3589 3227 negligit,
3618 3152 3658 3207 si

416 3246 548 3300 liter
588 3244 656 3298 de
699 3259 812 3297 uno
841 3241 1009 3307 dicta,
1050 3240 1391 3311 generaliter
1431 3239 1501 3293 ab
1531 3238 1791 3294 omnibus
1834 3238 2013 3293 nostri
2094 3258 2221 3296 cum
2270 3243 2546 3298 ministris
2584 3248 2837 3316 tempore
2874 3263 2985 3317 quo
3028 3262 3179 3301 nona
3219 3247 3454 3311 canitur,
3483 3243 3653 3299 reficit.
3686 3303 3693 3310 ,

416 3333 629 3389 ordinis
656 3331 944 3386 monachis
974 3334 1107 3384 sunt
1135 3328 1505 3385 observanda.
2091 3331 2236 3385 Nam
2258 3332 2566 3387 exrefectus
2596 3350 2719 3387 eam
2745 3334 2965 3405 accipit,
2998 3335 3325 3407 iterumque
3344 3336 3412 3389 ad
3439 3332 3655 3388 refectio-

490 3421 599 3477 Sed
629 3421 838 3474 decano
868 3418 1052 3472 adhuc
1097 3416 1354 3487 quaedam
1386 3421 1518 3470 sunt
1564 3415 1880 3487 specialiter
1907 3415 2011 3471 ob-
2091 3435 2223 3475 nem
2252 3420 2416 3475 redit.
2442 3422 2549 3476 Sed
2569 3422 2879 3490 sciendum,
2904 3424 3051 3495 quod
3072 3424 3120 3478 si
3143 3424 3274 3495 quis
3295 3425 3520 3478 fratrum
3539 3419 3651 3475 toris

416 3509 717 3576 servanda;
746 3507 805 3561 id
830 3512 934 3572 est,
980 3510 1043 3559 ut
1070 3510 1196 3576 post
1232 3505 1631 3559 comestionem
1664 3505 1880 3560 nullum
1910 3506 2012 3560 do-
2091 3509 2329 3580 positus,
2387 3510 2636 3581 paschali
2693 3512 3037 3566 solemnitati
3106 3513 3234 3567 vult
3286 3513 3558 3576 interesse,
3603 3507 3651 3561 in

415 3598 779 3653 mesticorum
808 3611 1037 3650 suorum
1067 3593 1356 3660 verberet;
1388 3610 1676 3664 nunquam
1707 3594 1876 3648 etiam
1903 3594 2013 3649 fra-
2091 3602 2294 3669 quarta
2316 3598 2456 3653 feria
2482 3598 2647 3653 debet
2670 3600 2906 3657 venisse.
2925 3600 3082 3665 Quod
3114 3601 3160 3655 si
3192 3603 3340 3656 forte
3359 3597 3647 3671 neglexerit,

415 3687 518 3741 tris
548 3685 800 3750 alterius,
847 3683 894 3738 si
938 3683 1059 3736 fieri
1090 3688 1293 3754 potest,
1317 3682 1639 3737 testimonio
1673 3688 1881 3749 careat,
1914 3684 2011 3754 qui
2092 3687 2413 3758 quicunque
2450 3686 2524 3742 sit
2553 3689 2798 3753 veniens,
2845 3689 2904 3743 in
2942 3689 3077 3760 ipsis
3109 3688 3298 3744 tribus
3339 3689 3523 3743 diebus
3547 3690 3653 3759 post

414 3791 603 3830 secum
629 3773 842 3844 jugiter
873 3778 1142 3826 moretur.
1168 3773 1307 3826 Item
1334 3771 1381 3825 si
1411 3772 1531 3842 ejus
1558 3771 1876 3826 obedientia
1903 3772 2012 3826 sita
2093 3776 2401 3847 quamlibet
2439 3778 2634 3830 horam
2683 3778 2921 3836 finitam.
2975 3779 3248 3849 praedicta
3302 3775 3652 3833 benedictione

416 3869 503 3918 est
529 3863 677 3916 infra
704 3862 812 3916 iter
832 3859 1078 3914 dimidia:
1098 3860 1229 3924 diei,
1248 3876 1341 3914 un.
1365 3860 1519 3913 omni
1540 3859 1774 3914 sabbato
1800 3860 1871 3914 ad
1896 3876 2013 3914 mo-
2092 3863 2320 3935 quidem
2351 3881 2464 3919 non
2493 3871 2681 3933 caret;
2721 3866 2816 3920 sed
2846 3883 3014 3921 nemo
3045 3867 3129 3920 illi
3158 3867 3219 3921 in
3251 3867 3458 3921 eisdem
3485 3862 3653 3918 diebus

414 3951 725 4006 nasterium
755 3949 938 4004 redire
985 3948 1168 4002 debet.
1201 3949 1344 4002 Nam
1378 3964 1480 4002 nec
1510 3948 1651 4001 lotos
1681 3964 1895 4019 pannos
1922 3948 2011 4002 in-
2090 3953 2338 4008 osculum
2367 3953 2593 4024 praebet.
2627 3954 2730 4009 Cui
2759 3971 3000 4026 quoque,
3044 3955 3092 4009 si
3129 3962 3216 4009 est
3246 3961 3435 4010 noster
3460 3952 3654 4025 profes-

414 4040 608 4105 duere,
648 4056 752 4094 nec
799 4056 859 4093 se
905 4037 1105 4092 radere
1153 4037 1444 4108 praesumit
1496 4044 1699 4108 praeter
1728 4037 1823 4091 ibi.
1855 4037 2009 4091 Nihil
2090 4057 2206 4108 sus,
2239 4043 2546 4096 cavendum
2569 4048 2672 4109 est,
2697 4060 2768 4097 ne
2791 4043 2851 4097 in
2879 4044 3061 4098 tribus
3080 4044 3239 4098 festis
3271 4043 3517 4098 videlicet
3534 4039 3653 4095 nati-

414 4131 585 4186 etiam
615 4145 743 4184 cum
775 4126 999 4198 ingenio
1036 4127 1326 4193 lucratur;
1372 4142 1539 4196 agros
1570 4131 1627 4180 et
1665 4126 1857 4180 vineas
1881 4125 2011 4179 dili-
2089 4130 2277 4184 vitatis
2296 4131 2541 4197 Domini,
2565 4131 2790 4186 Pascha:
2815 4136 2872 4186 et
2893 4138 3267 4199 pentecostes,
3296 4138 3426 4187 ante
3451 4129 3654 4185 tertium

411 4224 612 4290 genter
640 4222 878 4284 exercet,
906 4222 963 4270 et
987 4215 1089 4268 alit
1115 4231 1317 4287 pecora
1347 4220 1405 4269 et
1425 4217 1705 4285 jumenta.
1736 4214 1889 4269 Nihil
1910 4215 2011 4268 ha-
2091 4218 2259 4285 diem,
2282 4219 2390 4273 nisi
2418 4236 2624 4290 magna
2646 4226 2872 4274 coactus
2893 4222 3249 4288 necessitate,
3278 4221 3467 4287 abeat;
3497 4218 3583 4274 sed
3608 4222 3655 4269 et

412 4308 508 4362 bet
551 4306 938 4361 absconditum
981 4321 1084 4358 nec
1126 4304 1181 4357 in
1228 4304 1456 4358 domum
1505 4309 1829 4358 extraneum
1859 4319 2008 4357 com-
2086 4313 2222 4363 tunc
2251 4325 2541 4380 quousque
2570 4311 2876 4381 capitulum
2927 4310 3175 4378 finiatur,
3212 4315 3513 4383 exspectat.
3557 4308 3655 4361 lloc

413 4397 737 4451 mendatum
763 4413 776 4462 ;
822 4392 967 4464 quod
1001 4409 1035 4446 a
1067 4391 1276 4446 nostris
1317 4390 1624 4461 majoribus
1664 4390 1893 4445 omnino
1922 4385 2069 4446 estD
2087 4397 2254 4451 etiam
2281 4398 2570 4452 sciendum
2599 4405 2705 4464 est,
2729 4399 2877 4471 quod
2908 4399 2956 4454 si
2981 4400 3078 4470 qui
3105 4402 3380 4465 venerint,
3402 4400 3526 4453 dum
3544 4412 3653 4451 con-

3530 282 3646 341 1064

2289 493 2364 545 De
2391 496 2675 547 communi
2703 496 2898 548 ordine
2926 496 2989 548 de
3017 497 3108 548 uia
3137 494 3496 548 redeuntium.

2173 582 2200 605 *
2219 580 2382 635 Nunc
2409 587 2597 636 autem
2619 584 2908 654 praemisso
2930 583 3318 638 itinerantium
3338 584 3534 650 ordine,
3549 586 3648 654 jam

2099 668 2168 722 de
2196 669 2284 723 via
2330 655 2687 726 redeuntium
2723 673 3038 727 communis
3085 672 3221 726 ordo
3266 688 3375 726 non
3414 678 3490 727 est
3517 674 3653 727 omit-

2098 758 2322 812 tendus.
2354 759 2580 813 Fratres
2607 760 2700 830 qui
2730 761 2798 815 de
2828 761 2917 815 via
2946 761 3196 823 veniunt,
3227 761 3492 815 neminem
3532 762 3654 817 intra

2099 846 2248 900 muri
2277 847 2551 902 ambitum
2578 849 2919 914 osculantur,
2962 855 3266 921 antequam
3291 850 3572 903 orationem
3592 852 3656 904 fa-

2099 935 2268 989 ciant.
2302 936 2359 991 Si
2391 935 2523 1007 quid
2542 942 2752 1003 tamen,
2788 938 2935 1009 quod
2966 954 3194 993 necesse
3224 943 3327 1004 est,
3353 943 3503 992 extra
3528 940 3655 993 clau-

2100 1030 2278 1078 strum
2300 1023 2543 1079 breviter
2569 1026 2898 1097 loquuntur,
2922 1026 2980 1081 in
3009 1027 3114 1081 hoc
3143 1044 3258 1081 non
3282 1027 3656 1097 reprehendun-

2100 1117 2213 1182 tur,
2244 1113 2350 1178 Qui
2372 1114 2419 1168 si
2447 1114 2505 1167 in
2525 1115 2761 1170 meridie
2781 1121 2908 1187 post
2925 1116 3288 1170 refectionem
3306 1115 3651 1171 ministrorum

2102 1201 2446 1267 advenerint,
2479 1209 2774 1274 postquam
2824 1206 3026 1259 fratres
3075 1209 3313 1275 surgant
3357 1220 3463 1259 non
3500 1204 3654 1274 ingre-

2101 1290 2337 1345 diuntur
2366 1309 2377 1343 :
2416 1298 2645 1363 propter
2671 1293 2777 1347 hoc
2805 1309 2918 1348 non
2948 1293 3230 1348 clauditur
3268 1293 3406 1346 intra
3433 1292 3654 1347 refectio-

2102 1394 2231 1433 nem
2261 1380 2664 1446 ministrorum,
2695 1388 2758 1436 ut
2784 1382 3019 1453 quisque
3042 1389 3178 1436 tunc
3205 1382 3448 1447 veniens,
3469 1381 3654 1451 ingredi

2100 1467 2299 1520 valeat.
2337 1467 2612 1538 Tempore
2650 1469 2915 1540 loquendi
2954 1471 3278 1538 redeuntes,
3312 1471 3367 1524 in
3397 1471 3508 1541 ipso
3534 1470 3657 1525 clau-

2101 1555 2201 1609 stri
2234 1556 2469 1610 introitu
2496 1562 2716 1612 tantum
2741 1560 3031 1614 benedicite
3055 1559 3251 1614 dicunt
3272 1560 3341 1613 ad
3363 1560 3654 1614 assidentes.

414 4483 969 4540 anathematizatum.
1006 4481 1177 4550 Seges
1217 4485 1276 4534 et
1318 4481 1510 4534 vinum
1541 4480 1765 4550 quando
1793 4497 1859 4534 ex
1886 4485 2006 4534 toto

411 4573 586 4629 fuerit
619 4573 934 4635 collectum,
965 4568 1132 4624 debet
1164 4569 1320 4640 prior
1348 4585 1413 4623 ex
1444 4585 1599 4623 more
1625 4568 1813 4623 videre
1842 4568 2007 4640 quid-

414 4662 550 4733 quid
578 4659 841 4715 habuerit
867 4659 923 4712 in
946 4658 1166 4723 horreo,
1187 4658 1460 4729 quidquid
1479 4657 1536 4711 in
1558 4657 1800 4713 cellario.
1822 4657 2009 4721 Quan-

411 4755 535 4805 tum
556 4750 795 4816 videtur,
812 4747 1048 4802 dimittit
1061 4747 1130 4801 ad
1149 4752 1525 4801 commeatum
1546 4747 1797 4816 ejusdem
1811 4746 2007 4802 decani

416 4845 472 4894 et
482 4839 768 4910 hospitum
781 4836 1290 4909 supervenientium
1300 4875 1313 4901 ,
1327 4839 1383 4889 et
1397 4835 1466 4889 ad
1484 4852 1623 4906 opus
1637 4834 2002 4905 agricolandi;

412 4929 563 5001 quod
592 4932 850 4999 superest
865 4925 1028 4998 jubet
1055 4924 1126 4979 ad
1154 4923 1559 4978 monasterium
1589 4921 1811 4977 deferri.
1845 4924 2008 4978 Simi-

410 5018 542 5072 liter
568 5016 702 5072 facit
730 5015 926 5071 eodem
957 5019 1210 5085 tempore
1237 5013 1296 5066 in
1324 5012 1478 5068 cellis
1509 5012 1735 5079 nostris,
1759 5011 1855 5066 ubi
1883 5017 2005 5066 tan-

412 5111 535 5162 tum
583 5122 682 5161 sex
735 5109 836 5159 aut
881 5104 1075 5157 decem
1121 5101 1326 5156 fratres
1375 5106 1688 5163 morantur,
1744 5100 1792 5155 si
1844 5106 2003 5155 tanta

406 5213 599 5252 rerum
628 5195 791 5265 copia
817 5191 1075 5257 habetur,
1111 5191 1258 5245 unde
1301 5191 1490 5262 plures
1534 5190 1751 5261 possint
1778 5196 2002 5244 susten-

408 5285 544 5351 tari;
577 5284 788 5339 eisdem
815 5279 1082 5336 fratribus
1113 5280 1319 5334 victum
1339 5284 1396 5333 et
1415 5280 1694 5344 vestitum,
1717 5296 1782 5334 ac
1810 5279 2002 5350 hospi-

408 5379 532 5429 tum
561 5371 874 5429 necessaria
914 5369 1156 5442 pleniter
1183 5368 1499 5437 dimittens;
1545 5369 1689 5440 quod
1721 5374 1995 5440 superest,

401 5462 567 5536 jubet
592 5463 665 5519 ad
695 5459 1101 5518 monasterium
1128 5456 1357 5514 deferri.

2086 4491 2284 4541 ventus
2328 4486 2384 4540 in
2440 4487 2610 4541 choro
2666 4504 2779 4542 non
2835 4488 3026 4558 fuerit,
3055 4488 3099 4543 si
3144 4490 3329 4559 major
3355 4482 3652 4542 monasterii

2088 4582 2251 4647 porta
2278 4580 2412 4630 tunc
2440 4576 2630 4630 clausa
2666 4582 2770 4643 est,
2802 4577 3014 4648 aspersi
3044 4594 3194 4648 aqua
3224 4577 3526 4640 benedicta,
3552 4573 3654 4645 pri-

2087 4681 2239 4718 mum
2271 4664 2342 4718 ad
2370 4681 2617 4732 crucem,
2656 4665 2858 4719 deinde
2884 4665 2942 4720 in
2964 4667 3153 4734 chorp,
3186 4671 3242 4721 et
3284 4673 3410 4739 post
3443 4663 3563 4719 inde
3590 4659 3654 4714 ad

2089 4752 2146 4807 S.
2191 4752 2427 4807 Mariam
2470 4753 2619 4808 inter
2664 4754 2874 4809 formas
2919 4755 2978 4809 in
3021 4755 3251 4825 longum
3298 4752 3567 4827 prostrati,
3613 4747 3653 4802 si

2087 4841 2215 4895 talis
2265 4846 2353 4896 est
2394 4842 2533 4909 dies,
2565 4842 2652 4896 sin
2699 4848 2909 4909 autem,
2960 4843 3195 4898 inclines
3241 4843 3447 4898 debent
3488 4853 3647 4895 orare.

2089 4929 2246 4995 Quod
2275 4930 2322 4984 si
2351 4931 2499 4985 infra
2528 4931 2837 5003 capitulum
2854 4933 3103 5001 veniunt,
3120 4933 3346 4987 tertiam
3366 4930 3652 4986 orationem

2085 5018 2156 5072 ad
2193 5020 2390 5087 altare,
2424 5021 2572 5091 quod
2617 5026 2705 5075 est
2742 5021 2801 5075 in
2831 5021 3024 5076 dextra
3055 5027 3213 5092 parte
3259 5021 3413 5076 chori
3439 5018 3648 5073 faciunt.

2085 5106 2142 5160 Si
2171 5107 2318 5162 infra
2344 5109 2662 5182 regularem
2683 5110 2880 5164 horam
2912 5110 3184 5177 venerint,
3208 5110 3287 5165 ita
3319 5116 3379 5164 ut
3407 5114 3528 5162 ante
3550 5106 3651 5160 Glo-

2083 5198 2232 5250 riam
2253 5197 2421 5268 primi
2450 5198 2653 5268 psalmi
2690 5200 2924 5253 chorum
2954 5200 3165 5253 intrare
3201 5199 3434 5271 possint,
3459 5191 3647 5266 aspersi

2081 5288 2315 5340 tantum
2328 5286 2563 5340 chorum
2592 5286 3005 5358 ingrediuntur,
3031 5288 3192 5342 ﬁnita
3216 5289 3352 5342 hora
3372 5292 3493 5358 post
3517 5297 3648 5337 acce-

2081 5378 2236 5444 ptem
2265 5373 2710 5429 benedictionem
2742 5374 2813 5430 ad
2839 5392 3079 5443 crucem,
3102 5376 3150 5431 si
3178 5382 3339 5448 porta
3359 5377 3439 5445 (ut
3455 5372 3641 5427 dictum

2080 5464 2181 5531 est)
2212 5466 2349 5518 tunc
2377 5464 2568 5519 clausa
2596 5469 2699 5533 est,
2731 5464 2934 5520 deinde
2980 5465 3050 5520 ad
3082 5467 3138 5523 S.
3168 5464 3403 5522 Mariam
3432 5455 3643 5517 oraturi.

2152 5550 2212 5606 Si
2241 5567 2372 5607 vero
2401 5557 2530 5625 post
2562 5553 2811 5611 Gloriam
2837 5552 3006 5627 primi
3037 5554 3241 5627 psalmi
3276 5550 3549 5610 ecclesiam
3576 5546 3649 5602 in-
