3908 6168
208 272 353 338 1065

1242 274 1660 335 CONSTITUT.
1704 277 2042 336 HIRSAUG.
2086 308 2150 322 —-
2189 280 2327 337 LIB.
2368 282 2441 338 II.

3348 286 3484 348 1066

199 404 484 460 traverint
510 404 647 473 (non
681 401 833 457 enim
864 401 1002 457 foris
1047 408 1374 473 exspectare
1417 401 1803 475 praesumunt),
1825 405 2106 470 Aeorum,
2139 404 2286 461 sicut
2314 412 2372 461 et
2391 406 2626 479 quisque
2657 411 2793 462 tunc
2818 409 3072 464 ordinem
3096 427 3316 482 regens,
3356 413 3490 470 illuc

203 494 573 548 advenientes
607 492 678 546 ad
717 491 955 562 gradum
1011 492 1230 545 veniam
1276 508 1390 545 non
1418 498 1633 563 petunt.
1677 493 1812 547 Post

203 583 599 655 aspersionem
622 583 771 636 facta
790 597 903 635 una
924 580 1178 634 oratione
1199 581 1273 634 ad
1292 581 1615 651 praedictum
1632 582 1811 636 altare

201 672 419 726 ibidem
441 672 523 724 eis
556 668 870 725 benedictio
902 675 989 723 est
1024 670 1431 739 exspectanda;
1456 670 1589 741 quia
1610 687 1713 724 nec
1732 670 1810 724 sic

200 759 584 824 venientibus,
611 759 717 813 nisi
747 774 849 829 pro
884 758 1159 829 corporali
1208 759 1562 823 necessitate,
1607 759 1737 813 licet
1779 775 1813 812 a

199 851 459 920 regulari
488 850 629 902 hora
657 848 936 902 recedere.
987 849 1061 901 At
1105 847 1154 900 si
1196 848 1345 901 infra
1388 848 1812 918 completorium

200 937 656 1009 supervenerint,
690 936 760 990 ad
785 953 1004 990 crucem
1036 952 1148 990 non
1166 943 1364 995 orant;
1393 938 1491 991 sed
1520 938 1663 991 facta
1680 938 1814 991 item

201 1028 466 1082 oratione
487 1027 557 1079 ad
586 1025 913 1096 praedictum
945 1025 1123 1078 altare
1154 1023 1362 1078 ibidem
1393 1032 1739 1095 exspectant.
1761 1032 1817 1079 et

203 1122 446 1187 accepta
473 1121 599 1186 post
635 1113 1064 1184 completorium
1103 1111 1488 1167 benedictione
1510 1114 1580 1167 ad
1611 1112 1672 1169 S.
1704 1113 1819 1168 Ma-

209 1205 365 1259 riam
392 1210 574 1258 orant.
607 1203 910 1256 Venientes
939 1202 1110 1256 etiam
1139 1202 1240 1265 ita,
1272 1207 1336 1255 ut
1364 1218 1466 1255 nec
1507 1218 1676 1256 coenae
1711 1219 1824 1257 ser-

210 1295 466 1349 vitorum
495 1293 784 1356 interesse,
819 1308 923 1345 nee
944 1298 1139 1361 postea
1162 1298 1294 1344 ante
1318 1291 1670 1345 collationem
1702 1308 1826 1361 pos-

204 1384 330 1437 sint
357 1382 685 1442 reticere,ad
707 1381 1064 1435 collationem
1096 1380 1303 1434 debent
1335 1380 1627 1445 interesse,
1656 1385 1715 1434 et
1744 1380 1823 1434 sic

209 1478 346 1543 post
369 1471 798 1542 completorium
823 1475 1053 1539 accepta
1076 1469 1458 1523 benedictione
1476 1474 1710 1539 possunt
1736 1486 1822 1522 re-

213 1561 475 1615 ﬁcere.Si
485 1576 616 1614 vero
629 1559 775 1613 infra
797 1558 1222 1629 completorium
1234 1558 1423 1612 venire
1438 1574 1546 1611 non
1568 1562 1820 1628 possunt,

214 1649 579 1721 postmodum
625 1648 823 1702 cellam
856 1647 1070 1700 intrare
1095 1663 1209 1700 non
1237 1652 1604 1716 praesumunt,
1636 1647 1734 1700 sed
1763 1646 1822 1700 in

1890 497 2081 548 venire
2126 511 2238 549 non
2264 496 2517 567 negligit.
2549 502 2605 551 et
2630 496 2866 567 singulis
2908 515 3008 569 pro
3034 502 3305 572 temporis
3335 519 3492 557 com-

1891 581 2142 652 petentia
2172 582 2522 651 charitative,
2548 584 2793 639 breviter
2821 593 3030 653 tamen,
3063 588 3330 658 loquitur.
3346 591 3489 645 Cum

1894 668 2168 724 ministris
2210 671 2465 726 reficiens
2512 673 2581 727 ad
2632 675 2844 728 scillam
2876 676 3050 730 sedet.
3089 677 3191 731 Hic
3220 684 3323 746 est,
3349 696 3491 750 quo-

1893 776 2112 830 cunque
2151 760 2390 815 domnus
2419 760 2591 815 abbas
2634 763 2715 816 vel
2759 767 2910 834 prior
2952 767 3359 835 proﬁciscatur,
3393 769 3489 840 qui

1894 848 1950 901 in
1975 849 2216 903 claustro
2240 850 2455 920 jugiter
2471 857 2742 918 moratur,
2775 858 2832 907 et
2852 854 2947 924 qui
2974 855 3248 927 praecipue
3276 858 3495 928 pondus

1896 936 2069 990 totius
2103 937 2315 991 ordinis
2348 944 2552 1009 portat.
2578 940 2813 1011 Propter
2839 945 2987 1012 quod
3018 951 3207 1000 tamen
3235 946 3493 1002 altiorem

1896 1025 2045 1079 inter
2072 1027 2272 1081 fratres
2295 1044 2406 1081 non
2437 1028 2605 1083 habet
2629 1030 2903 1085 ordinem.

1969 1113 2045 1167 Ut
2093 1120 2280 1169 autem
2330 1132 2396 1169 eo
2441 1117 2750 1187 expeditior
2795 1118 2866 1173 ad
2905 1119 3053 1173 idem
3111 1122 3356 1178 officium
3400 1125 3494 1193 sit,

1906 1201 2185 1256 armarius
2216 1220 2504 1274 nunquam
2535 1206 2617 1259 illi
2652 1206 2865 1278 aliquid
2898 1213 3149 1279 tempore
3180 1213 3497 1269 refectionis

1906 1290 1988 1344 vel
2028 1291 2341 1345 collationis
2396 1292 2659 1363 injungit.
2698 1309 2789 1348 un.
2838 1295 2953 1349 Hoc
3001 1304 3086 1352 est
3131 1304 3319 1354 autem
3349 1303 3499 1373 quod

1904 1380 2059 1432 nullo
2083 1379 2173 1433 die
2193 1380 2437 1435 omittit:
2472 1386 2600 1452 post
2627 1385 3051 1455 completorium
3072 1405 3333 1460 aspersus
3353 1409 3502 1463 aqua

1905 1466 2199 1522 benedicta
2227 1469 2439 1535 statim,
2487 1470 2597 1525 nisi
2628 1472 2744 1543 ipse
2770 1477 3093 1544 asperserit,
3128 1484 3280 1533 stare
3324 1498 3499 1553 prope

1905 1556 2109 1610 ostium
2141 1558 2387 1612 ecclesiae
2407 1560 2636 1623 secedit,
2664 1567 2729 1615 ut
2753 1562 3005 1632 singulos
3025 1565 3331 1635 intueatur,
3367 1587 3502 1641 quc-

1905 1645 2071 1699 modo
2119 1645 2387 1701 inclinent
2430 1649 2500 1702 ad
2543 1649 2740 1703 altaria
2786 1656 2844 1705 et
2883 1652 2954 1706 ad
2998 1656 3366 1723 sacerdotem,
3400 1677 3503 1730 per

216 1739 467 1793 crastino
486 1738 566 1791 ita
592 1738 828 1798 intrant,
858 1742 924 1789 ut
951 1740 1076 1806 post
1096 1735 1347 1805 singulas
1374 1735 1543 1789 horas
1571 1735 1819 1806 prmscri-
1839 1718 1885 1778 B
1903 1751 2068 1805 quem
2098 1744 2491 1806 asperguntur.
2540 1738 2846 1809 Postquam
2874 1758 3068 1796 omnes
3097 1718 3363 1814 exierint,
3385 1718 3502 1804 sive

212 1832 369 1897 ptem
398 1825 847 1879 benedictionem
879 1824 1177 1895 accipiant.
1222 1824 1329 1887 Qui
1360 1841 1460 1894 per
1490 1840 1660 1877 unam
1688 1830 1819 1878 tan-

209 1923 332 1970 tum
364 1920 589 1969 noctem
612 1914 747 1968 foris
777 1918 1089 1975 morantur,
1117 1913 1173 1966 hi
1202 1930 1384 1984 neque
1413 1930 1539 1967 cum
1560 1913 1815 1970 exierint.

215 2021 403 2075 neque
424 2021 550 2058 cum
582 2002 871 2067 redierint,
905 2001 1351 2056 benedictionem
1384 2002 1683 2072 accipiunt,
1709 2002 1821 2057 nisi

214 2095 358 2149 forte
392 2093 663 2156 evenerit,
690 2096 755 2145 ut
780 2091 984 2161 aliquis
1013 2091 1084 2144 de
1113 2091 1199 2144 via
1248 2092 1475 2145 veniens
1514 2098 1572 2145 et
1602 2090 1823 2145 benedi-

216 2184 465 2237 ctionem
497 2180 854 2235 redeuntium
887 2185 1238 2250 accepturus,
1278 2181 1472 2234 eadem
1504 2180 1595 2233 die
1622 2196 1819 2234 rursus

216 2278 397 2336 exeat,
413 2277 471 2325 et
490 2271 739 2325 crastina
755 2269 969 2335 redeat,
1001 2269 1128 2323 huic
1150 2275 1284 2323 tunc
1308 2286 1420 2323 non
1441 2268 1824 2323 substrahitur

220 2360 563 2423 benedictio,
586 2375 755 2431 quam
779 2357 1067 2412 habuisset
1089 2357 1147 2411 in
1180 2357 1355 2428 priori
1381 2358 1489 2422 die,
1524 2359 1569 2412 si
1598 2375 1813 2412 reman.

217 2449 404 2503 sisset.
435 2449 643 2503 Verum
671 2448 717 2501 si
748 2447 872 2518 quis
902 2447 971 2500 ad
1013 2446 1266 2500 eamdem
1300 2447 1497 2500 horam
1537 2447 1826 2501 redeuntis

218 2539 391 2593 simul
420 2543 480 2591 et
509 2537 761 2591 exeuntis
798 2536 1244 2590 benedictionem
1275 2540 1361 2589 est
1404 2542 1756 2606 accepturus,
1777 2537 1825 2590 is

216 2644 348 2681 cum
393 2626 693 2680 accesserit
741 2625 809 2679 ad
847 2625 1059 2695 gradus
1105 2624 1174 2678 ab
1208 2624 1420 2678 ordinis
1458 2629 1670 2678 rectore
1697 2640 1823 2679 cum

215 2716 380 2786 signo
403 2715 586 2769 crucis
615 2714 898 2768 licentiam
930 2715 1131 2784 quaerit
1158 2711 1420 2777 abeundi,
1456 2718 1512 2765 et
1529 2712 1673 2765 facto
1693 2718 1825 2765 ante

218 2810 278 2859 et
322 2811 497 2870 retro,
531 2820 659 2857 cum
694 2803 888 2857 eadem
935 2801 1301 2856 inclinatione
1339 2802 1454 2855 sive
1488 2807 1820 2872 prostratus,

222 2892 341 2946 sive
371 2898 553 2956 stans,
585 2891 832 2963 primum
858 2888 1373 2953 redeuntis,deinde
1394 2889 1650 2943 exeuntis
1666 2888 1830 2943 bene-

217 2980 527 3035 dictionem
575 2980 826 3051 accipere
856 2985 1060 3051 potest.
1094 2980 1272 3043 Quem
1301 2978 1349 3032 si
1379 2978 1611 3032 rediisse
1639 2979 1708 3032 de
1729 2979 1817 3033 via

1900 1822 1995 1877 ille
2032 1825 2337 1895 asperserit
2365 1826 2481 1880 sive
2510 1844 2643 1892 non,
2676 1829 2879 1899 accipit
2902 1830 3229 1888 absconsum
3260 1836 3331 1889 ab
3360 1838 3498 1891 heb-

1901 1912 2228 1968 domadario
2286 1914 2682 1982 illuminatam,
2723 1924 2780 1971 et
2830 1920 3041 1988 capello
3084 1922 3282 1978 induto
3318 1930 3500 1982 totum

1903 2001 2210 2055 claustrum
2253 2003 2576 2073 perlustrat.
2630 2004 2818 2059 Primo
2864 2008 3034 2074 videt,
3084 2010 3131 2064 si
3180 2013 3373 2068 clausa
3427 2016 3504 2070 sit

1898 2091 2072 2159 janua
2111 2091 2376 2145 auditorii
2406 2092 2690 2164 hospitum
2717 2114 2730 2162 ;
2784 2097 2985 2151 domus
3015 2100 3499 2173 cleemosynaria;

1904 2178 1949 2231 si
1982 2180 2106 2249 quis
2126 2180 2309 2233 adhuc
2339 2181 2414 2234 sit
2435 2189 2491 2235 et
2516 2189 2744 2254 propter
2766 2185 2898 2255 quid
2925 2187 2999 2240 sit
3021 2194 3150 2243 ante
3180 2191 3503 2262 cellarium;

1904 2266 1952 2320 si
2009 2268 2247 2338 coquina
2306 2270 2582 2339 regularis
2631 2272 2706 2326 sit
2763 2273 3058 2343 obserata;
3121 2278 3501 2350 refcctorium,

1906 2355 2110 2409 deinde
2163 2358 2360 2411 cellam
2420 2359 2755 2415 novitiorum
2791 2402 2805 2428 ,
2868 2364 3095 2420 domum
3150 2367 3506 2426 infirmorum

1908 2444 2123 2510 videns,
2156 2446 2204 2499 si
2239 2446 2346 2517 ipsi
2371 2448 2490 2517 jam
2528 2465 2588 2502 se
2616 2450 3028 2517 collocaverint,
3057 2462 3114 2510 et
3142 2460 3420 2527 quomodo
3448 2478 3510 2517 se

1908 2532 2170 2599 habeant,
2206 2536 2253 2587 si
2285 2536 2409 2605 quis
2439 2553 2632 2590 eorum
2665 2539 2850 2595 adhuc
2875 2547 3213 2599 remanserit
3242 2548 3300 2602 in
3335 2552 3509 2605 eccle-

1909 2621 1991 2674 sia
2018 2621 2073 2676 S.
2107 2621 2301 2676 Mariae
2326 2642 2337 2676 :
2375 2623 2815 2695 (rar.)ascendit
2833 2630 3247 2699 dormitorium,
3280 2645 3510 2707 portans

1907 2726 2116 2763 secum.
2151 2711 2198 2764 si
2223 2711 2356 2780 quid
2385 2712 2527 2766 forte
2556 2713 2611 2767 in
2629 2714 2872 2770 claustro
2904 2720 3216 2788 neglectum
3239 2724 3506 2795 offendit;

1906 2799 2174 2869 prospicit
2202 2816 2425 2871 quoque
2446 2818 2641 2855 omnes
2663 2807 3105 2862 necessariarum
3136 2811 3316 2865 sedes.
3338 2814 3509 2868 Tem-

1912 2903 2047 2957 pore
2077 2888 2320 2958 hyemali
2348 2891 2572 2959 quando
2605 2892 2807 2946 fratres
2857 2902 2981 2965 post
3021 2914 3233 2953 caenam
3265 2901 3513 2958 collatio-

1915 2992 2042 3029 nem
2074 2976 2131 3030 in
2164 2978 2409 3048 capitulo
2437 2986 2779 3050 exspectant,
2814 2982 2946 3037 facit
2974 3001 3145 3040 unam
3174 2989 3380 3045 circam
3410 3008 3512 3063 per

223 3070 493 3124 sacerdos
513 3069 789 3135 nescierit,
821 3069 1026 3138 aliquis
1042 3068 1347 3122 astantium
1378 3066 1643 3130 sciens,ei
1670 3035 1888 3121 inno—C
1910 3081 2106 3119 omnes
2137 3066 2387 3121 ofﬁcinas
2430 3068 2681 3131 Claustri.
2726 3070 3027 3128 observans
3065 3092 3136 3130 ne
3177 3035 3509 3153 aliquisfsi,

215 3160 402 3213 tescit.
441 3158 662 3213 Debent
688 3165 880 3212 autem
909 3159 978 3212 de
1009 3158 1212 3212 itinere
1241 3157 1540 3211 redeuntes
1569 3156 1627 3209 in
1657 3157 1825 3211 choro

215 3247 503 3302 interesse
532 3247 860 3314 matutinis;
911 3247 1018 3300 nisi
1056 3247 1133 3301 sit
1172 3246 1375 3316 aliquis
1417 3246 1486 3299 de
1518 3246 1824 3317 longinquo

214 3338 472 3391 veniens.
504 3342 563 3390 et
589 3336 689 3391 tali
708 3335 1040 3389 infirmitate
1066 3342 1330 3406 gravatus
1355 3354 1367 3401 ;
1394 3334 1477 3387 illi
1504 3335 1828 3389 conceditur

214 3431 378 3481 extra
409 3427 671 3493 chorum,
710 3425 794 3479 vel
825 3426 896 3479 ad
934 3427 990 3481 S.
1024 3425 1258 3479 Mariam
1290 3423 1585 3478 matutinis
1616 3424 1826 3478 eisdem

210 3514 515 3570 interesse.

830 3584 1065 3640 CAPUT
1101 3585 1220 3639 XX.

448 3677 520 3731 Dc
540 3677 836 3729 claustrali
858 3677 1067 3743 priore,
1095 3680 1145 3727 et
1172 3677 1289 3743 ejus
1319 3675 1590 3743 adjutore.

282 3785 430 3851 tuo.)
465 3781 795 3836 Claustralis
844 3780 999 3851 prior
1044 3779 1284 3834 vicarius
1318 3785 1404 3833 est
1442 3779 1673 3850 majoris
1720 3794 1825 3850 per

208 3872 409 3927 omnia
440 3871 667 3943 prioris,
703 3885 876 3941 quare
922 3885 1035 3923 non
1074 3870 1257 3922 solum
1288 3868 1586 3922 debiliores
1615 3869 1823 3921 fratres

209 3963 281 4015 ad
314 3960 642 4032 propinqua
668 3960 792 4013 loca
821 3959 890 4013 ad
922 3957 1339 4029 repausandum
1371 3958 1582 4023 mittit;
1629 3974 1823 4010 verum

206 4051 389 4104 etiam
411 4049 714 4103 validiores
733 4047 807 4101 ad
834 4047 1003 4101 cellas
1025 4046 1181 4101 valde
1192 4051 1439 4100 remotas
1472 4045 1525 4099 in
1554 4045 1823 4099 auxilium

205 4139 461 4193 fratrum
520 4137 636 4191 illic
685 4135 1175 4201 commorantium,
1233 4135 1438 4189 domno
1495 4133 1695 4187 abbate
1740 4133 1824 4186 vel

205 4229 408 4299 priore
430 4228 598 4296 longe
622 4224 872 4283 remotis.
891 4225 1294 4279 Verumtamen
1317 4239 1602 4294 nunquam
1634 4223 1690 4275 in
1718 4222 1826 4292 pri-

202 4318 364 4371 vatis
400 4315 604 4371 diebus
642 4319 743 4368 aut
782 4314 1078 4368 duodecim
1125 4312 1458 4367 lectionibus
1482 4312 1552 4365 ad
1583 4312 1823 4365 offeren-

1909 3153 2003 3223 qui
2022 3159 2156 3207 tunc
2176 3154 2231 3208 in
2250 3156 2497 3227 capitulo
2519 3158 2714 3212 sedere
2738 3160 2987 3224 deberet,
3016 3163 3309 3222 inutilitati
3329 3177 3506 3227 vacet.

1907 3242 2062 3297 Facit
2114 3261 2336 3314 quoque
2392 3245 2561 3299 aliam
2594 3247 2797 3302 circam
2847 3250 2916 3304 ad
2958 3251 3314 3311 intervallum
3360 3260 3510 3330 quod

1909 3331 2053 3384 solet
2080 3348 2203 3386 esse
2251 3334 2398 3387 inter
2424 3340 2727 3389 nocturnos
2757 3343 2813 3390 et
2843 3340 3209 3404 matutinum,
3239 3349 3298 3398 et
3322 3345 3381 3400 in
3413 3347 3512 3402 illa.

1909 3420 2109 3475 circuit
2134 3439 2328 3477 omnes
2356 3423 2529 3477 lectos
2549 3426 2607 3478 in
2636 3425 2982 3494 dormitorio,
3005 3429 3064 3483 in
3091 3431 3231 3485 cella
3278 3434 3511 3491 novitio-

1914 3528 2058 3577 rum,
2110 3512 2241 3565 inde
2278 3511 2481 3566 transit
2535 3513 2607 3566 ad
2651 3514 2859 3569 ostium
2908 3517 3208 3580 refectorii.
3257 3524 3508 3594 coquinae

1910 3599 2204 3669 regularis,
2236 3601 2466 3661 cellarii,
2500 3602 2975 3674 eleemosynarize,
3006 3609 3027 3630 *⁵
3057 3609 3184 3663 ostii
3233 3611 3511 3668 claustra-

1909 3686 1995 3743 lis.
2029 3688 2243 3742 deinde‘
2268 3690 2337 3743 ad
2384 3689 2753 3746 intirmariam
2788 3710 2889 3763 per
2930 3696 3237 3767 capitulum
3282 3704 3504 3771 transit,

1907 3777 2004 3830 sed
2037 3794 2136 3848 per
2163 3778 2507 3833 auditorium
2554 3780 2611 3833 in
2669 3782 2960 3837 ecclesiam
3012 3788 3284 3857 majorem
3339 3792 3507 3863 redit,

1906 3866 2179 3920 circuiens
2207 3868 2399 3922 omnia
2426 3868 2646 3933 altaria,
2680 3875 2738 3923 et
2766 3874 3002 3942 angulos
3045 3876 3290 3933 ecclesiae
3319 3896 3384 3934 ac
3411 3898 3506 3935 sa-

1906 3955 2146 4016 cristize;
2182 3955 2309 4009 inde
2344 3958 2644 4011 revertitur
2677 3976 2775 4028 per
2812 3961 3067 4029 chorum,
3108 3965 3297 4036 sicque
3346 3986 3506 4024 verso

1906 4049 2127 4097 tantum
2174 4051 2368 4098 contra
2393 4045 2630 4114 juvenes
2668 4047 2881 4103 lumine
2929 4054 3250 4120 pertransit,
3286 4062 3344 4110 et
3372 4057 3505 4111 abs--

1905 4149 2130 4186 consam
2163 4133 2218 4186 in
2250 4134 2435 4186 locum
2466 4151 2629 4188 suum
2666 4143 2909 4206 reponit.
2938 4139 3000 4192 In
3029 4140 3115 4193 his
3140 4142 3419 4211 omnibus,
3454 4146 3502 4201 si

1907 4221 2041 4292 quid
2065 4221 2415 4292 negligentiae
2460 4224 2801 4292 cognoverit,
2832 4226 2936 4280 hoc
2969 4227 3026 4281 in
3050 4232 3297 4285 crastino
3322 4235 3501 4289 recla-

1907 4309 2101 4363 mabit.
2126 4328 2215 4364 un.
2247 4310 2361 4363 llas
2378 4310 2553 4364 cireas
2573 4312 2742 4365 etiam
2766 4314 3008 4384 pleniter
3029 4318 3281 4374 ordinem
3305 4326 3503 4380 tenens

202 4405 373 4467 dum,
408 4404 499 4458 vel
536 4404 608 4457 ad
650 4419 844 4475 pacem
885 4408 1012 4474 post
1040 4401 1282 4471 aliquem
1322 4400 1591 4463 albatum,
1625 4398 1733 4452 nisi
1763 4393 1969 4452 inDex
1997 4416 2104 4453 usu
2153 4399 2303 4452 facit.
2339 4400 2496 4463 Quod
2531 4400 2577 4453 si
2608 4401 2860 4456 minutus
2885 4409 2990 4470 est,
3032 4407 3115 4460 vel
3145 4408 3334 4480 aliqua
3352 4412 3505 4468 infir-

199 4495 416 4549 ordine
446 4509 553 4547 suo
588 4492 820 4546 accedit.
871 4493 935 4547 In
982 4490 1138 4545 festis
1179 4495 1389 4555 autem,
1421 4505 1543 4559 quae
1586 4489 1643 4542 in
1681 4486 1822 4541 albis

195 4588 495 4655 aguntur,
527 4581 759 4635 absente
796 4580 1000 4652 priore,
1032 4580 1249 4649 primus
1278 4578 1446 4633 etiam
1501 4578 1570 4631 ad
1600 4576 1824 4646 singula

189 4670 547 4742 hujusmodi
576 4669 847 4741 procedit,
896 4675 1122 4740 excepto
1160 4668 1209 4722 si
1251 4668 1492 4722 domnus
1521 4666 1691 4720 abbas
1738 4665 1823 4718 vel

188 4762 368 4834 prior
412 4760 645 4814 missam
695 4764 886 4813 cantat
916 4758 976 4811 in
1019 4763 1297 4811 conventu
1349 4775 1360 4809 :
1417 4757 1438 4779 ⁶
1482 4760 1616 4809 tunc
1669 4754 1819 4808 enim

183 4852 364 4906 nullo
397 4849 567 4903 modo
597 4865 657 4901 se
685 4848 933 4917 primum
984 4847 1074 4900 his
1127 4845 1392 4911 admittit,
1422 4843 1531 4898 nisi
1566 4843 1818 4897 omnium

180 4941 361 5010 prior
407 4938 468 4991 in
513 4936 709 4991 ordine
755 4935 848 4988 sit.
910 4934 1181 4999 Quotiens
1212 4933 1332 5004 ipse
1376 4933 1629 4987 ordinem
1664 4937 1821 4986 tenet

181 5029 288 5094 ita,
356 5030 435 5081 ut
478 5041 665 5096 neque
715 5024 987 5078 domuum
1042 5022 1302 5078 abbatem
1351 5038 1534 5093 neque
1579 5022 1818 5092 priorem

180 5118 440 5173 interim
490 5113 753 5168 advenire
804 5118 1011 5183 speret,
1065 5118 1202 5166 tunc
1253 5112 1322 5165 ad
1380 5111 1810 5182 processionem,

181 5225 320 5281 quae
345 5202 594 5277 privatis
623 5201 818 5255 diebus
848 5201 1053 5271 agitur,
1076 5200 1308 5255 ultimus
1341 5200 1565 5264 incedit,
1600 5206 1657 5253 et
1686 5217 1813 5254 cum

181 5294 435 5352 venerit
457 5292 531 5346 ad
556 5292 611 5346 S.
645 5291 904 5355 Mariam,
959 5290 1017 5344 in
1072 5291 1240 5343 choro
1282 5290 1510 5343 sinistro
1540 5289 1814 5354 consistit,

182 5382 445 5444 etiamsi
480 5382 541 5435 in
593 5380 789 5435 dextro
819 5381 941 5451 ejus
993 5379 1162 5434 statio
1210 5378 1399 5433 fuerit.
1444 5378 1501 5432 Si
1541 5379 1629 5431 cui
1679 5395 1819 5449 opus

179 5474 381 5531 fuerit
418 5469 657 5524 absente
680 5470 867 5540 priore
896 5467 965 5523 ad
997 5467 1367 5522 inﬁrmariam
1393 5466 1578 5537 gratia
1612 5482 1817 5537 repau-

181 5559 460 5619 sationis
515 5557 601 5611 ire
653 5556 928 5624 concedit,
975 5555 1208 5627 ipseque
1249 5554 1397 5609 infra
1456 5554 1816 5610 refectionem

459 5657 725 5719 Pyram"
773 5657 888 5718 CL.

1905 4487 2100 4540 mitate
2117 4495 2400 4557 gravatus,
2435 4486 2529 4540 alii
2560 4486 2629 4540 ab
2659 4504 2725 4542 eo
2754 4490 2857 4544 hoc
2884 4490 3220 4563 injungitur.

1976 4576 2048 4630 Ut
2075 4581 2263 4630 autem
2290 4574 2529 4630 breviter
2552 4576 2622 4629 de
2662 4578 2785 4647 ejus
2837 4578 3016 4633 ofﬁcio
3059 4585 3416 4657 concludam;
3452 4592 3500 4646 si

1904 4663 2144 4718 domnus
2180 4663 2351 4718 abbas
2377 4681 2486 4718 non
2518 4665 2696 4731 adest,
2738 4682 2921 4738 neque
2946 4669 3118 4739 prior,
3152 4690 3263 4729 non
3314 4679 3499 4736 solum

1904 4768 2099 4807 omnes
2154 4752 2563 4817 obedientiarii,
2623 4754 2719 4825 qui
2768 4755 2827 4808 in
2885 4757 3129 4813 claustro
3175 4770 3326 4831 sunt,
3373 4770 3496 4839 ejus

1903 4846 2179 4913 praecepto
2211 4842 2497 4906 obediunt,
2541 4844 2639 4896 sed
2687 4843 2855 4898 etiam
2892 4845 2997 4917 ipsi
3024 4849 3220 4905 decani
3246 4855 3317 4909 ad
3350 4874 3497 4928 qua:-

1901 4948 2122 5002 cunque
2146 4949 2286 5003 opus
2313 4931 2499 4985 fuerit.
2534 4930 2778 5003 Ideoque
2798 4934 2954 4989 valde
2976 4942 3353 4999 necessarium
3385 4954 3489 5010 est,

1902 5026 1963 5074 ut
1990 5020 2118 5073 talis
2148 5021 2541 5087 constituatur,
2588 5022 2684 5092 qui
2731 5023 2798 5076 ad
2840 5029 2926 5078 tot
2955 5030 3224 5100 tantaque
3267 5037 3495 5103 negotia

1898 5109 2249 5180 procuranda
2270 5109 2505 5163 idoneus
2530 5109 2823 5166 habeatur.
2855 5115 2880 5139 *
2911 5114 3012 5167 Hic
3042 5117 3171 5171 talis
3198 5119 3312 5174 sive
3337 5125 3489 5178 ordi-

1898 5214 2023 5252 nem
2049 5204 2263 5262 tenens,
2302 5216 2427 5252 mox
2455 5205 2520 5254 ut
2546 5200 2704 5254 audit
2726 5203 2949 5271 signum
2979 5206 3310 5272 collationis,
3325 5210 3493 5268 debet

1900 5288 2206 5358 capitulum
2262 5288 2496 5356 intrare,
2533 5306 2603 5343 ne
2644 5296 2839 5360 postea
2892 5290 3109 5346 intrans
3153 5305 3487 5357 conventum

1899 5376 2069 5431 faciat
2111 5378 2455 5446 assurgendo
2506 5376 2780 5431 laborare.
2832 5377 3109 5433 Caeterum
3163 5399 3485 5458 quanquam

1898 5466 2016 5521 haec
2043 5467 2251 5532 omnia,
2284 5484 2407 5537 quae
2435 5484 2601 5539 supra
2645 5466 2793 5521 dicta
2830 5474 2980 5533 sunt,
3022 5469 3258 5528 licenter
3295 5476 3485 5548 faciat,

1900 5554 2085 5627 priore
2110 5560 2302 5611 tamen
2331 5556 2389 5610 in
2437 5561 2710 5612 conventu
2752 5560 3036 5627 manente,
3076 5558 3216 5617 nulli
3245 5565 3382 5638 quid
3411 5568 3492 5625 fa.

3172 5663 3252 5724 44
