  <div class='ocr_page' id='page_1' title='image "/cluster/home/n/w/nwhite01/storage/ocr_20150623/150/hvd.32044054760087/540.png"; bbox 0 0 3872 6164; ppageno 0'>
   <div class='ocr_carea' id='block_1_1' title="bbox 204 280 351 348">
    <p class='ocr_par' dir='ltr' id='par_1_1' title="bbox 204 280 351 348">
     <span class='ocr_line' id='line_1_1' title="bbox 204 280 351 348; baseline 0 -1"><span class='ocrx_word' id='word_1_1' title='bbox 204 280 351 348; x_wconf 61' lang='lat' dir='ltr'>tm</span> 
     </span>
    </p>
   </div>
   <div class='ocr_carea' id='block_1_2' title="bbox 1252 281 2451 352">
    <p class='ocr_par' dir='ltr' id='par_1_2' title="bbox 1252 281 2451 352">
     <span class='ocr_line' id='line_1_2' title="bbox 1252 281 2451 352; baseline -0.003 0"><span class='ocrx_word' id='word_1_2' title='bbox 1252 286 1671 352; x_wconf 57' lang='lat' dir='ltr'>comma</span> <span class='ocrx_word' id='word_1_3' title='bbox 1714 281 2054 351; x_wconf 52' lang='lat' dir='ltr'>massae.</span> <span class='ocrx_word' id='word_1_4' title='bbox 2100 327 2163 337; x_wconf 90' lang='lat'><strong>—</strong></span> <span class='ocrx_word' id='word_1_5' title='bbox 2202 282 2338 351; x_wconf 76' lang='lat' dir='ltr'>LIB.</span> <span class='ocrx_word' id='word_1_6' title='bbox 2379 297 2451 351; x_wconf 91' lang='lat' dir='ltr'>II.</span> 
     </span>
    </p>
   </div>
   <div class='ocr_carea' id='block_1_3' title="bbox 3353 288 3495 365">
    <p class='ocr_par' dir='ltr' id='par_1_3' title="bbox 3353 288 3495 365">
     <span class='ocr_line' id='line_1_3' title="bbox 3353 288 3495 365; baseline 0.035 -5"><span class='ocrx_word' id='word_1_7' title='bbox 3353 288 3495 365; x_wconf 63' lang='lat' dir='ltr'>id“!!!</span> 
     </span>
    </p>
   </div>
   <div class='ocr_carea' id='block_1_4' title="bbox 201 405 3491 496">
    <p class='ocr_par' dir='ltr' id='par_1_4' title="bbox 201 405 3491 496">
     <span class='ocr_line' id='line_1_4' title="bbox 201 405 3491 496; baseline 0.003 -26"><span class='ocrx_word' id='word_1_8' title='bbox 201 405 278 470; x_wconf 60' lang='lat' dir='ltr'>dt</span> <span class='ocrx_word' id='word_1_9' title='bbox 313 416 621 487; x_wconf 68' lang='lat' dir='ltr'>opinionis,</span> <span class='ocrx_word' id='word_1_10' title='bbox 656 417 890 471; x_wconf 82' lang='lat' dir='ltr'>minime</span> <span class='ocrx_word' id='word_1_11' title='bbox 906 420 1097 472; x_wconf 75' lang='lat' dir='ltr'>tamen</span> <span class='ocrx_word' id='word_1_12' title='bbox 1129 421 1382 475; x_wconf 83' lang='lat' dir='ltr'>custodia</span> <span class='ocrx_word' id='word_1_13' title='bbox 1402 416 1615 477; x_wconf 78' lang='lat' dir='ltr'>carebit</span> <span class='ocrx_word' id='word_1_14' title='bbox 1643 437 1654 472; x_wconf 91' lang='lat'>:</span> <span class='ocrx_word' id='word_1_15' title='bbox 1690 424 1804 488; x_wconf 74' lang='grc' dir='ltr'>(οι).</span> <span class='ocrx_word' id='word_1_16' title='bbox 1830 426 1875 480; x_wconf 82' lang='grc' dir='ltr'><strong>Α</strong></span> <span class='ocrx_word' id='word_1_17' title='bbox 1893 428 2061 491; x_wconf 87' lang='lat' dir='ltr'>quam</span> <span class='ocrx_word' id='word_1_18' title='bbox 2083 426 2187 473; x_wconf 83' lang='lat' dir='ltr'>sua</span> <span class='ocrx_word' id='word_1_19' title='bbox 2216 425 2416 490; x_wconf 84' lang='lat' dir='ltr'>sponte</span> <span class='ocrx_word' id='word_1_20' title='bbox 2441 415 2608 473; x_wconf 83' lang='lat' dir='ltr'>debet</span> <span class='ocrx_word' id='word_1_21' title='bbox 2634 418 2923 489; x_wconf 78' lang='lat' dir='ltr'>ﬂagellum</span> <span class='ocrx_word' id='word_1_22' title='bbox 2944 412 3161 476; x_wconf 77' lang='lat' dir='ltr'>secreto</span> <span class='ocrx_word' id='word_1_23' title='bbox 3180 424 3491 496; x_wconf 61' lang='lat' dir='ltr'>BuScipere;</span> 
     </span>
    </p>
   </div>
   <div class='ocr_carea' id='block_1_5' title="bbox 202 505 1811 579">
    <p class='ocr_par' dir='ltr' id='par_1_5' title="bbox 202 505 1811 579">
     <span class='ocr_line' id='line_1_5' title="bbox 202 505 1811 579; baseline 0.004 -22"><span class='ocrx_word' id='word_1_24' title='bbox 202 505 361 573; x_wconf 80' lang='lat' dir='ltr'>var.)</span> <span class='ocrx_word' id='word_1_25' title='bbox 386 511 447 560; x_wconf 92' lang='lat' dir='ltr'>et</span> <span class='ocrx_word' id='word_1_26' title='bbox 466 506 670 560; x_wconf 90' lang='lat' dir='ltr'>idcirco</span> <span class='ocrx_word' id='word_1_27' title='bbox 691 507 887 569; x_wconf 88' lang='lat' dir='ltr'>laicus,</span> <span class='ocrx_word' id='word_1_28' title='bbox 918 507 1026 560; x_wconf 88' lang='lat' dir='ltr'>nisi</span> <span class='ocrx_word' id='word_1_29' title='bbox 1062 513 1178 561; x_wconf 84' lang='lat' dir='ltr'>tam</span> <span class='ocrx_word' id='word_1_30' title='bbox 1214 517 1486 579; x_wconf 74' lang='lat' dir='ltr'>provectae</span> <span class='ocrx_word' id='word_1_31' title='bbox 1514 511 1695 564; x_wconf 64' lang='lat' dir='ltr'>aetatis</span> <span class='ocrx_word' id='word_1_32' title='bbox 1739 509 1811 563; x_wconf 87' lang='lat' dir='ltr'>sit</span> 
     </span>
    </p>
   </div>
   <div class='ocr_carea' id='block_1_6' title="bbox 199 594 1812 670">
    <p class='ocr_par' dir='ltr' id='par_1_6' title="bbox 199 594 1812 670">
     <span class='ocr_line' id='line_1_6' title="bbox 199 594 1812 670; baseline 0.004 -23"><span class='ocrx_word' id='word_1_33' title='bbox 199 598 265 647; x_wconf 89' lang='lat' dir='ltr'>ut</span> <span class='ocrx_word' id='word_1_34' title='bbox 291 594 425 649; x_wconf 85' lang='lat' dir='ltr'>sine</span> <span class='ocrx_word' id='word_1_35' title='bbox 470 595 722 649; x_wconf 87' lang='lat' dir='ltr'>custodia</span> <span class='ocrx_word' id='word_1_36' title='bbox 752 611 874 649; x_wconf 88' lang='lat' dir='ltr'>esse</span> <span class='ocrx_word' id='word_1_37' title='bbox 916 595 1108 667; x_wconf 85' lang='lat' dir='ltr'>possit,</span> <span class='ocrx_word' id='word_1_38' title='bbox 1142 613 1324 669; x_wconf 89' lang='lat' dir='ltr'>neque</span> <span class='ocrx_word' id='word_1_39' title='bbox 1353 600 1624 653; x_wconf 89' lang='lat' dir='ltr'>scholaris</span> <span class='ocrx_word' id='word_1_40' title='bbox 1670 616 1812 670; x_wconf 89' lang='lat' dir='ltr'>puer</span> 
     </span>
    </p>
   </div>
   <div class='ocr_carea' id='block_1_7' title="bbox 199 681 1812 759">
    <p class='ocr_par' dir='ltr' id='par_1_7' title="bbox 199 681 1812 759">
     <span class='ocr_line' id='line_1_7' title="bbox 199 681 1812 759; baseline 0.004 -23"><span class='ocrx_word' id='word_1_41' title='bbox 199 681 259 735; x_wconf 89' lang='lat' dir='ltr'>in</span> <span class='ocrx_word' id='word_1_42' title='bbox 289 682 610 738; x_wconf 79' lang='lat' dir='ltr'>claustrum</span> <span class='ocrx_word' id='word_1_43' title='bbox 639 684 972 755; x_wconf 84' lang='lat' dir='ltr'>suscipitur;</span> <span class='ocrx_word' id='word_1_44' title='bbox 1004 686 1103 739; x_wconf 92' lang='lat' dir='ltr'>sed</span> <span class='ocrx_word' id='word_1_45' title='bbox 1149 687 1196 740; x_wconf 91' lang='lat' dir='ltr'>si</span> <span class='ocrx_word' id='word_1_46' title='bbox 1246 704 1336 742; x_wconf 90' lang='lat' dir='ltr'>res</span> <span class='ocrx_word' id='word_1_47' title='bbox 1388 688 1468 741; x_wconf 86' lang='lat' dir='ltr'>ita</span> <span class='ocrx_word' id='word_1_48' title='bbox 1509 688 1702 759; x_wconf 78' lang='lat' dir='ltr'>exigit,</span> <span class='ocrx_word' id='word_1_49' title='bbox 1747 694 1812 742; x_wconf 92' lang='lat' dir='ltr'>ut</span> 
     </span>
    </p>
   </div>
   <div class='ocr_carea' id='block_1_8' title="bbox 200 771 1815 847">
    <p class='ocr_par' dir='ltr' id='par_1_8' title="bbox 200 771 1815 847">
     <span class='ocr_line' id='line_1_8' title="bbox 200 771 1815 847; baseline 0.003 -23"><span class='ocrx_word' id='word_1_50' title='bbox 200 771 365 825; x_wconf 70' lang='grc' dir='ltr'>ωιυ</span> <span class='ocrx_word' id='word_1_51' title='bbox 389 773 561 826; x_wconf 74' lang='lat' dir='ltr'>modo</span> <span class='ocrx_word' id='word_1_52' title='bbox 611 773 718 826; x_wconf 81' lang='lat' dir='ltr'>sibi</span> <span class='ocrx_word' id='word_1_53' title='bbox 764 773 1053 844; x_wconf 81' lang='lat' dir='ltr'>ingressus</span> <span class='ocrx_word' id='word_1_54' title='bbox 1082 776 1349 847; x_wconf 82' lang='lat' dir='ltr'>denegari</span> <span class='ocrx_word' id='word_1_55' title='bbox 1378 779 1578 842; x_wconf 79' lang='lat' dir='ltr'>valeat,</span> <span class='ocrx_word' id='word_1_56' title='bbox 1611 778 1684 831; x_wconf 90' lang='lat' dir='ltr'>ad</span> <span class='ocrx_word' id='word_1_57' title='bbox 1714 777 1815 830; x_wconf 86' lang='lat' dir='ltr'>ali-</span> 
     </span>
    </p>
   </div>
   <div class='ocr_carea' id='block_1_9' title="bbox 201 852 1810 936">
    <p class='ocr_par' dir='ltr' id='par_1_9' title="bbox 201 852 1810 936">
     <span class='ocr_line' id='line_1_9' title="bbox 201 852 1810 936; baseline 0.004 -23"><span class='ocrx_word' id='word_1_58' title='bbox 201 856 379 930; x_wconf 67' lang='lat' dir='ltr'>quam</span> <span class='ocrx_word' id='word_1_59' title='bbox 412 852 615 915; x_wconf 84' lang='lat' dir='ltr'>cellam</span> <span class='ocrx_word' id='word_1_60' title='bbox 645 862 909 929; x_wconf 79' lang='lat' dir='ltr'>mittitur,</span> <span class='ocrx_word' id='word_1_61' title='bbox 944 872 1235 935; x_wconf 59' lang='lat' dir='ltr'>quantique</span> <span class='ocrx_word' id='word_1_62' title='bbox 1286 866 1356 919; x_wconf 90' lang='lat' dir='ltr'>ad</span> <span class='ocrx_word' id='word_1_63' title='bbox 1402 866 1810 936; x_wconf 87' lang='lat' dir='ltr'>intelligibilem</span> 
     </span>
    </p>
   </div>
   <div class='ocr_carea' id='block_1_10' title="bbox 199 946 1812 1026">
    <p class='ocr_par' dir='ltr' id='par_1_10' title="bbox 199 946 1812 1026">
     <span class='ocr_line' id='line_1_10' title="bbox 199 946 1812 1026; baseline 0.004 -24"><span class='ocrx_word' id='word_1_64' title='bbox 199 946 433 1003; x_wconf 59' lang='lat' dir='ltr'>etatem</span> <span class='ocrx_word' id='word_1_65' title='bbox 467 950 771 1020; x_wconf 71' lang='lat' dir='ltr'>perveniat.</span> <span class='ocrx_word' id='word_1_66' title='bbox 806 952 916 1006; x_wconf 83' lang='lat' dir='ltr'>Sed</span> <span class='ocrx_word' id='word_1_67' title='bbox 946 957 1004 1006; x_wconf 89' lang='lat' dir='ltr'>et</span> <span class='ocrx_word' id='word_1_68' title='bbox 1030 953 1111 1006; x_wconf 85' lang='lat' dir='ltr'>illi</span> <span class='ocrx_word' id='word_1_69' title='bbox 1142 955 1402 1019; x_wconf 71' lang='lat' dir='ltr'>maxime,</span> <span class='ocrx_word' id='word_1_70' title='bbox 1457 956 1553 1026; x_wconf 91' lang='lat' dir='ltr'>qui</span> <span class='ocrx_word' id='word_1_71' title='bbox 1612 956 1812 1009; x_wconf 79' lang='lat' dir='ltr'>nutriti</span> 
     </span>
    </p>
   </div>
   <div class='ocr_carea' id='block_1_11' title="bbox 200 1028 1813 1105">
    <p class='ocr_par' dir='ltr' id='par_1_11' title="bbox 200 1028 1813 1105">
     <span class='ocr_line' id='line_1_11' title="bbox 200 1028 1813 1105; baseline 0.005 -15"><span class='ocrx_word' id='word_1_72' title='bbox 200 1028 339 1090; x_wconf 68' lang='lat' dir='ltr'>sunt</span> <span class='ocrx_word' id='word_1_73' title='bbox 354 1038 419 1091; x_wconf 80' lang='lat' dir='ltr'>in</span> <span class='ocrx_word' id='word_1_74' title='bbox 453 1030 810 1105; x_wconf 70' lang='lat' dir='ltr'>monasterio,</span> <span class='ocrx_word' id='word_1_75' title='bbox 854 1041 902 1094; x_wconf 92' lang='lat' dir='ltr'>si</span> <span class='ocrx_word' id='word_1_76' title='bbox 952 1041 1011 1095; x_wconf 89' lang='lat' dir='ltr'>in</span> <span class='ocrx_word' id='word_1_77' title='bbox 1049 1042 1302 1097; x_wconf 88' lang='lat' dir='ltr'>moribus</span> <span class='ocrx_word' id='word_1_78' title='bbox 1332 1044 1434 1097; x_wconf 89' lang='lat' dir='ltr'>viri</span> <span class='ocrx_word' id='word_1_79' title='bbox 1463 1060 1586 1099; x_wconf 85' lang='lat' dir='ltr'>esse</span> <span class='ocrx_word' id='word_1_80' title='bbox 1615 1045 1813 1099; x_wconf 86' lang='lat' dir='ltr'>nolue-</span> 
     </span>
    </p>
   </div>
   <div class='ocr_carea' id='block_1_12' title="bbox 200 1120 1813 1202">
    <p class='ocr_par' dir='ltr' id='par_1_12' title="bbox 200 1120 1813 1202">
     <span class='ocr_line' id='line_1_12' title="bbox 200 1120 1813 1202; baseline 0.004 -22"><span class='ocrx_word' id='word_1_81' title='bbox 200 1125 337 1190; x_wconf 66' lang='grc' dir='ltr'>ΗΜ,</span> <span class='ocrx_word' id='word_1_82' title='bbox 374 1120 558 1181; x_wconf 70' lang='lat' dir='ltr'>virilis</span> <span class='ocrx_word' id='word_1_83' title='bbox 599 1128 732 1183; x_wconf 64' lang='lat' dir='ltr'>tatas</span> <span class='ocrx_word' id='word_1_84' title='bbox 759 1128 902 1183; x_wconf 83' lang='lat' dir='ltr'>nihil</span> <span class='ocrx_word' id='word_1_85' title='bbox 951 1130 1034 1184; x_wconf 88' lang='lat' dir='ltr'>eis</span> <span class='ocrx_word' id='word_1_86' title='bbox 1076 1122 1367 1202; x_wconf 76' lang='lat' dir='ltr'>profuerit,</span> <span class='ocrx_word' id='word_1_87' title='bbox 1402 1136 1465 1187; x_wconf 90' lang='lat' dir='ltr'>ut</span> <span class='ocrx_word' id='word_1_88' title='bbox 1495 1146 1529 1187; x_wconf 86' lang='lat' dir='ltr'>a</span> <span class='ocrx_word' id='word_1_89' title='bbox 1558 1134 1813 1188; x_wconf 86' lang='lat' dir='ltr'>custodia</span> 
     </span>
    </p>
   </div>
   <div class='ocr_carea' id='block_1_13' title="bbox 198 1210 1809 1293">
    <p class='ocr_par' dir='ltr' id='par_1_13' title="bbox 198 1210 1809 1293">
     <span class='ocr_line' id='line_1_13' title="bbox 198 1210 1809 1293; baseline 0.005 -24"><span class='ocrx_word' id='word_1_90' title='bbox 198 1215 504 1271; x_wconf 71' lang='lat' dir='ltr'>solvantur</span> <span class='ocrx_word' id='word_1_91' title='bbox 534 1234 547 1270; x_wconf 88' lang='lat'><strong><em>:</em></strong></span> <span class='ocrx_word' id='word_1_92' title='bbox 572 1210 629 1271; x_wconf 85' lang='lat' dir='ltr'>in</span> <span class='ocrx_word' id='word_1_93' title='bbox 656 1229 785 1289; x_wconf 81' lang='lat' dir='ltr'>qua,</span> <span class='ocrx_word' id='word_1_94' title='bbox 819 1220 913 1290; x_wconf 87' lang='lat' dir='ltr'>qui</span> <span class='ocrx_word' id='word_1_95' title='bbox 962 1219 1177 1290; x_wconf 88' lang='lat' dir='ltr'>positus</span> <span class='ocrx_word' id='word_1_96' title='bbox 1233 1222 1423 1287; x_wconf 84' lang='lat' dir='ltr'>fuerit,</span> <span class='ocrx_word' id='word_1_97' title='bbox 1475 1223 1721 1293; x_wconf 88' lang='lat' dir='ltr'>primum</span> <span class='ocrx_word' id='word_1_98' title='bbox 1753 1223 1809 1277; x_wconf 89' lang='lat' dir='ltr'>in</span> 
     </span>
    </p>
   </div>
   <div class='ocr_carea' id='block_1_14' title="bbox 198 1303 1809 1381">
    <p class='ocr_par' dir='ltr' id='par_1_14' title="bbox 198 1303 1809 1381">
     <span class='ocr_line' id='line_1_14' title="bbox 198 1303 1809 1381; baseline 0.005 -23"><span class='ocrx_word' id='word_1_99' title='bbox 198 1303 544 1359; x_wconf 69' lang='lat' dir='ltr'>dormitorio</span> <span class='ocrx_word' id='word_1_100' title='bbox 572 1307 748 1360; x_wconf 79' lang='lat' dir='ltr'>lectus</span> <span class='ocrx_word' id='word_1_101' title='bbox 786 1309 914 1377; x_wconf 67' lang='lat' dir='ltr'>ers</span> <span class='ocrx_word' id='word_1_102' title='bbox 951 1314 1038 1362; x_wconf 90' lang='lat' dir='ltr'>est</span> <span class='ocrx_word' id='word_1_103' title='bbox 1086 1318 1259 1381; x_wconf 89' lang='lat' dir='ltr'>pr0pe</span> <span class='ocrx_word' id='word_1_104' title='bbox 1306 1311 1513 1365; x_wconf 87' lang='lat' dir='ltr'>lectum</span> <span class='ocrx_word' id='word_1_105' title='bbox 1562 1312 1809 1366; x_wconf 78' lang='lat' dir='ltr'>custodis</span> 
     </span>
    </p>
   </div>
   <div class='ocr_carea' id='block_1_15' title="bbox 199 1393 1811 1470">
    <p class='ocr_par' dir='ltr' id='par_1_15' title="bbox 199 1393 1811 1470">
     <span class='ocr_line' id='line_1_15' title="bbox 199 1393 1811 1470; baseline 0.006 -24"><span class='ocrx_word' id='word_1_106' title='bbox 199 1393 310 1455; x_wconf 77' lang='lat' dir='ltr'>sui,</span> <span class='ocrx_word' id='word_1_107' title='bbox 331 1394 405 1447; x_wconf 85' lang='lat' dir='ltr'>ad</span> <span class='ocrx_word' id='word_1_108' title='bbox 431 1404 603 1464; x_wconf 83' lang='lat' dir='ltr'><strong>quem</strong></span> <span class='ocrx_word' id='word_1_109' title='bbox 622 1395 834 1467; x_wconf 84' lang='lat' dir='ltr'>absque</span> <span class='ocrx_word' id='word_1_110' title='bbox 858 1397 955 1451; x_wconf 82' lang='lat' dir='ltr'>illo</span> <span class='ocrx_word' id='word_1_111' title='bbox 984 1412 1087 1451; x_wconf 90' lang='lat' dir='ltr'>nec</span> <span class='ocrx_word' id='word_1_112' title='bbox 1137 1400 1354 1453; x_wconf 77' lang='lat' dir='ltr'>accedit</span> <span class='ocrx_word' id='word_1_113' title='bbox 1402 1408 1673 1470; x_wconf 79' lang='lat' dir='ltr'><strong>unquam,</strong></span> <span class='ocrx_word' id='word_1_114' title='bbox 1707 1412 1811 1455; x_wconf 85' lang='lat' dir='ltr'>nec</span> 
     </span>
    </p>
   </div>
   <div class='ocr_carea' id='block_1_16' title="bbox 197 1481 1811 1559">
    <p class='ocr_par' dir='ltr' id='par_1_16' title="bbox 197 1481 1811 1559">
     <span class='ocr_line' id='line_1_16' title="bbox 197 1481 1811 1559; baseline 0.004 -23"><span class='ocrx_word' id='word_1_115' title='bbox 197 1481 437 1536; x_wconf 77' lang='lat' dir='ltr'>recedit.</span> <span class='ocrx_word' id='word_1_116' title='bbox 490 1482 558 1537; x_wconf 83' lang='lat' dir='ltr'>In</span> <span class='ocrx_word' id='word_1_117' title='bbox 586 1491 747 1539; x_wconf 84' lang='lat' dir='ltr'>nocte</span> <span class='ocrx_word' id='word_1_118' title='bbox 801 1498 930 1540; x_wconf 85' lang='lat' dir='ltr'>vero</span> <span class='ocrx_word' id='word_1_119' title='bbox 980 1500 1315 1559; x_wconf 88' lang='lat' dir='ltr'>quocunque</span> <span class='ocrx_word' id='word_1_120' title='bbox 1359 1490 1671 1555; x_wconf 84' lang='lat' dir='ltr'>incesserit,</span> <span class='ocrx_word' id='word_1_121' title='bbox 1724 1491 1811 1543; x_wconf 86' lang='lat' dir='ltr'>vel</span> 
     </span>
    </p>
   </div>
   <div class='ocr_carea' id='block_1_17' title="bbox 200 1572 1803 1645">
    <p class='ocr_par' dir='ltr' id='par_1_17' title="bbox 200 1572 1803 1645">
     <span class='ocr_line' id='line_1_17' title="bbox 200 1572 1803 1645; baseline 0.005 -21"><span class='ocrx_word' id='word_1_122' title='bbox 200 1572 377 1625; x_wconf 82' lang='lat' dir='ltr'>etiam</span> <span class='ocrx_word' id='word_1_123' title='bbox 400 1578 539 1626; x_wconf 85' lang='lat' dir='ltr'>ante</span> <span class='ocrx_word' id='word_1_124' title='bbox 566 1575 1014 1645; x_wconf 84' lang='lat' dir='ltr'>completorium,</span> <span class='ocrx_word' id='word_1_125' title='bbox 1078 1577 1125 1630; x_wconf 89' lang='lat' dir='ltr'>si</span> <span class='ocrx_word' id='word_1_126' title='bbox 1175 1577 1339 1631; x_wconf 84' lang='lat' dir='ltr'>solito</span> <span class='ocrx_word' id='word_1_127' title='bbox 1388 1578 1570 1631; x_wconf 90' lang='lat' dir='ltr'>serius</span> <span class='ocrx_word' id='word_1_128' title='bbox 1616 1579 1803 1641; x_wconf 83' lang='lat' dir='ltr'>fuerit,</span> 
     </span>
    </p>
   </div>
   <div class='ocr_carea' id='block_1_18' title="bbox 200 1661 1809 1733">
    <p class='ocr_par' dir='ltr' id='par_1_18' title="bbox 200 1661 1809 1733">
     <span class='ocr_line' id='line_1_18' title="bbox 200 1661 1809 1733; baseline 0.005 -20"><span class='ocrx_word' id='word_1_129' title='bbox 200 1661 283 1714; x_wconf 82' lang='lat' dir='ltr'>vel</span> <span class='ocrx_word' id='word_1_130' title='bbox 304 1668 443 1733; x_wconf 82' lang='lat' dir='ltr'>post</span> <span class='ocrx_word' id='word_1_131' title='bbox 471 1662 739 1729; x_wconf 80' lang='lat' dir='ltr'>sonitum,</span> <span class='ocrx_word' id='word_1_132' title='bbox 771 1664 819 1717; x_wconf 91' lang='lat' dir='ltr'>si</span> <span class='ocrx_word' id='word_1_133' title='bbox 840 1664 979 1718; x_wconf 86' lang='lat' dir='ltr'>adeo</span> <span class='ocrx_word' id='word_1_134' title='bbox 1010 1678 1177 1719; x_wconf 89' lang='lat' dir='ltr'>mane</span> <span class='ocrx_word' id='word_1_135' title='bbox 1214 1667 1340 1732; x_wconf 89' lang='lat' dir='ltr'>erit,</span> <span class='ocrx_word' id='word_1_136' title='bbox 1374 1667 1445 1720; x_wconf 87' lang='lat' dir='ltr'>ad</span> <span class='ocrx_word' id='word_1_137' title='bbox 1478 1667 1809 1721; x_wconf 83' lang='lat' dir='ltr'>mandatum</span> 
     </span>
    </p>
   </div>
   <div class='ocr_carea' id='block_1_19' title="bbox 1892 510 3493 581">
    <p class='ocr_par' dir='ltr' id='par_1_19' title="bbox 1892 510 3493 581">
     <span class='ocr_line' id='line_1_19' title="bbox 1892 510 3493 581; baseline 0.005 -17"><span class='ocrx_word' id='word_1_138' title='bbox 1892 512 1957 564; x_wconf 79' lang='lat' dir='ltr'>In</span> <span class='ocrx_word' id='word_1_139' title='bbox 1979 512 2227 581; x_wconf 89' lang='lat' dir='ltr'>qualibet</span> <span class='ocrx_word' id='word_1_140' title='bbox 2267 510 2640 581; x_wconf 84' lang='lat' dir='ltr'>processione,</span> <span class='ocrx_word' id='word_1_141' title='bbox 2684 518 2805 581; x_wconf 76' lang='lat' dir='ltr'>qnae</span> <span class='ocrx_word' id='word_1_142' title='bbox 2832 512 2979 565; x_wconf 84' lang='lat' dir='ltr'>circa</span> <span class='ocrx_word' id='word_1_143' title='bbox 3026 513 3111 567; x_wconf 72' lang='lat' dir='ltr'>vel</span> <span class='ocrx_word' id='word_1_144' title='bbox 3141 518 3299 569; x_wconf 81' lang='lat' dir='ltr'>extra</span> <span class='ocrx_word' id='word_1_145' title='bbox 3333 518 3493 572; x_wconf 77' lang='lat' dir='ltr'>clau-</span> 
     </span>
    </p>
   </div>
   <div class='ocr_carea' id='block_1_20' title="bbox 1891 599 3491 670">
    <p class='ocr_par' dir='ltr' id='par_1_20' title="bbox 1891 599 3491 670">
     <span class='ocr_line' id='line_1_20' title="bbox 1891 599 3491 670; baseline 0.004 -17"><span class='ocrx_word' id='word_1_146' title='bbox 1891 605 2070 653; x_wconf 85' lang='lat' dir='ltr'>strum</span> <span class='ocrx_word' id='word_1_147' title='bbox 2099 600 2308 670; x_wconf 86' lang='lat' dir='ltr'>agitur,</span> <span class='ocrx_word' id='word_1_148' title='bbox 2340 604 2374 652; x_wconf 83' lang='lat' dir='ltr'>a</span> <span class='ocrx_word' id='word_1_149' title='bbox 2401 600 2631 653; x_wconf 89' lang='lat' dir='ltr'>custode</span> <span class='ocrx_word' id='word_1_150' title='bbox 2661 614 2762 653; x_wconf 91' lang='lat' dir='ltr'>suo</span> <span class='ocrx_word' id='word_1_151' title='bbox 2792 599 2837 653; x_wconf 89' lang='lat' dir='ltr'>si</span> <span class='ocrx_word' id='word_1_152' title='bbox 2859 606 2947 653; x_wconf 91' lang='lat' dir='ltr'>est</span> <span class='ocrx_word' id='word_1_153' title='bbox 2968 610 3289 670; x_wconf 88' lang='lat' dir='ltr'>conversus,</span> <span class='ocrx_word' id='word_1_154' title='bbox 3321 606 3491 660; x_wconf 85' lang='lat' dir='ltr'>alicui</span> 
     </span>
    </p>
   </div>
   <div class='ocr_carea' id='block_1_21' title="bbox 1891 687 3494 759">
    <p class='ocr_par' dir='ltr' id='par_1_21' title="bbox 1891 687 3494 759">
     <span class='ocr_line' id='line_1_21' title="bbox 1891 687 3494 759; baseline 0.004 -18"><span class='ocrx_word' id='word_1_155' title='bbox 1891 687 2140 743; x_wconf 83' lang='lat' dir='ltr'>litterato</span> <span class='ocrx_word' id='word_1_156' title='bbox 2162 688 2402 741; x_wconf 84' lang='lat' dir='ltr'>maxime</span> <span class='ocrx_word' id='word_1_157' title='bbox 2428 693 2658 759; x_wconf 82' lang='lat' dir='ltr'>propter</span> <span class='ocrx_word' id='word_1_158' title='bbox 2670 695 2897 742; x_wconf 85' lang='lat' dir='ltr'>cantum</span> <span class='ocrx_word' id='word_1_159' title='bbox 2914 692 3324 759; x_wconf 75' lang='lat' dir='ltr'>commodatur,</span> <span class='ocrx_word' id='word_1_160' title='bbox 3346 693 3494 747; x_wconf 78' lang='lat' dir='ltr'>sicut</span> 
     </span>
    </p>
   </div>
   <div class='ocr_carea' id='block_1_22' title="bbox 1894 778 3485 850">
    <p class='ocr_par' dir='ltr' id='par_1_22' title="bbox 1894 778 3485 850">
     <span class='ocr_line' id='line_1_22' title="bbox 1894 778 3485 850; baseline 0.005 -21"><span class='ocrx_word' id='word_1_161' title='bbox 1894 784 1951 830; x_wconf 87' lang='lat' dir='ltr'>et</span> <span class='ocrx_word' id='word_1_162' title='bbox 1978 778 2092 844; x_wconf 86' lang='lat' dir='ltr'>ille,</span> <span class='ocrx_word' id='word_1_163' title='bbox 2135 778 2231 848; x_wconf 90' lang='lat' dir='ltr'>qui</span> <span class='ocrx_word' id='word_1_164' title='bbox 2260 778 2547 831; x_wconf 85' lang='lat' dir='ltr'>custodem</span> <span class='ocrx_word' id='word_1_165' title='bbox 2581 778 2752 831; x_wconf 88' lang='lat' dir='ltr'>habet</span> <span class='ocrx_word' id='word_1_166' title='bbox 2777 778 2847 831; x_wconf 92' lang='lat' dir='ltr'>de</span> <span class='ocrx_word' id='word_1_167' title='bbox 2877 779 3259 849; x_wconf 81' lang='lat' dir='ltr'>superioribus</span> <span class='ocrx_word' id='word_1_168' title='bbox 3286 792 3485 850; x_wconf 86' lang='lat' dir='ltr'>unum,</span> 
     </span>
    </p>
   </div>
   <div class='ocr_carea' id='block_1_23' title="bbox 1896 864 3491 937">
    <p class='ocr_par' dir='ltr' id='par_1_23' title="bbox 1896 864 3491 937">
     <span class='ocr_line' id='line_1_23' title="bbox 1896 864 3491 937; baseline 0.005 -18"><span class='ocrx_word' id='word_1_169' title='bbox 1896 866 1990 937; x_wconf 89' lang='lat' dir='ltr'>qui</span> <span class='ocrx_word' id='word_1_170' title='bbox 2020 867 2096 920; x_wconf 92' lang='lat' dir='ltr'>sit</span> <span class='ocrx_word' id='word_1_171' title='bbox 2115 866 2394 920; x_wconf 83' lang='lat' dir='ltr'>inferioris</span> <span class='ocrx_word' id='word_1_172' title='bbox 2423 866 2655 932; x_wconf 86' lang='lat' dir='ltr'>ordinis,</span> <span class='ocrx_word' id='word_1_173' title='bbox 2675 869 3264 925; x_wconf 70' lang='lat' dir='ltr'>estcommen&#39;dandus.</span> <span class='ocrx_word' id='word_1_174' title='bbox 3299 864 3491 927; x_wconf 83' lang='lat' dir='ltr'>Posito</span> 
     </span>
    </p>
   </div>
   <div class='ocr_carea' id='block_1_24' title="bbox 1895 955 3491 1031">
    <p class='ocr_par' dir='ltr' id='par_1_24' title="bbox 1895 955 3491 1031">
     <span class='ocr_line' id='line_1_24' title="bbox 1895 955 3491 1031; baseline 0.005 -23"><span class='ocrx_word' id='word_1_175' title='bbox 1895 955 1952 1008; x_wconf 87' lang='lat' dir='ltr'>in</span> <span class='ocrx_word' id='word_1_176' title='bbox 1984 956 2241 1010; x_wconf 85' lang='lat' dir='ltr'>custodia</span> <span class='ocrx_word' id='word_1_177' title='bbox 2281 956 2517 1009; x_wconf 85' lang='lat' dir='ltr'>diacono</span> <span class='ocrx_word' id='word_1_178' title='bbox 2573 956 2657 1009; x_wconf 89' lang='lat' dir='ltr'>vel</span> <span class='ocrx_word' id='word_1_179' title='bbox 2702 956 3066 1024; x_wconf 77' lang='lat' dir='ltr'>Subdiacono,</span> <span class='ocrx_word' id='word_1_180' title='bbox 3114 960 3163 1012; x_wconf 87' lang='lat' dir='ltr'>si</span> <span class='ocrx_word' id='word_1_181' title='bbox 3215 960 3327 1014; x_wconf 87' lang='lat' dir='ltr'>tale</span> <span class='ocrx_word' id='word_1_182' title='bbox 3354 959 3491 1031; x_wconf 90' lang='lat' dir='ltr'>quid</span> 
     </span>
    </p>
   </div>
   <div class='ocr_carea' id='block_1_25' title="bbox 1893 1044 3493 1120">
    <p class='ocr_par' dir='ltr' id='par_1_25' title="bbox 1893 1044 3493 1120">
     <span class='ocr_line' id='line_1_25' title="bbox 1893 1044 3493 1120; baseline 0.004 -23"><span class='ocrx_word' id='word_1_183' title='bbox 1893 1044 2210 1115; x_wconf 83' lang='lat' dir='ltr'>contigerit,</span> <span class='ocrx_word' id='word_1_184' title='bbox 2242 1048 2305 1098; x_wconf 91' lang='lat' dir='ltr'>ut</span> <span class='ocrx_word' id='word_1_185' title='bbox 2334 1045 2405 1098; x_wconf 91' lang='lat' dir='ltr'>ad</span> <span class='ocrx_word' id='word_1_186' title='bbox 2438 1044 2667 1097; x_wconf 87' lang='lat' dir='ltr'>missam</span> <span class='ocrx_word' id='word_1_187' title='bbox 2698 1045 2885 1114; x_wconf 80' lang='lat' dir='ltr'>legere</span> <span class='ocrx_word' id='word_1_188' title='bbox 2908 1051 3019 1099; x_wconf 85' lang='lat' dir='ltr'>non</span> <span class='ocrx_word' id='word_1_189' title='bbox 3035 1048 3229 1117; x_wconf 77' lang='lat' dir='ltr'>possit,</span> <span class='ocrx_word' id='word_1_190' title='bbox 3263 1054 3493 1120; x_wconf 85' lang='lat' dir='ltr'>propter</span> 
     </span>
    </p>
   </div>
   <div class='ocr_carea' id='block_1_26' title="bbox 1892 1132 3491 1205">
    <p class='ocr_par' dir='ltr' id='par_1_26' title="bbox 1892 1132 3491 1205">
     <span class='ocr_line' id='line_1_26' title="bbox 1892 1132 3491 1205; baseline 0.003 -16"><span class='ocrx_word' id='word_1_191' title='bbox 1892 1137 1997 1189; x_wconf 90' lang='lat' dir='ltr'>hoc</span> <span class='ocrx_word' id='word_1_192' title='bbox 2021 1151 2123 1188; x_wconf 89' lang='lat' dir='ltr'>nec</span> <span class='ocrx_word' id='word_1_193' title='bbox 2149 1132 2337 1197; x_wconf 85' lang='lat' dir='ltr'>verbo,</span> <span class='ocrx_word' id='word_1_194' title='bbox 2370 1142 2472 1187; x_wconf 85' lang='lat' dir='ltr'>nec</span> <span class='ocrx_word' id='word_1_195' title='bbox 2518 1134 2679 1202; x_wconf 83' lang='lat' dir='ltr'>signo</span> <span class='ocrx_word' id='word_1_196' title='bbox 2710 1145 3051 1205; x_wconf 75' lang='lat' dir='ltr'>quequam</span> <span class='ocrx_word' id='word_1_197' title='bbox 3097 1136 3189 1190; x_wconf 73' lang='lat' dir='ltr'>Sui</span> <span class='ocrx_word' id='word_1_198' title='bbox 3247 1137 3491 1193; x_wconf 76' lang='lat' dir='ltr'>similem</span> 
     </span>
    </p>
   </div>
   <div class='ocr_carea' id='block_1_27' title="bbox 1892 1222 3493 1295">
    <p class='ocr_par' dir='ltr' id='par_1_27' title="bbox 1892 1222 3493 1295">
     <span class='ocr_line' id='line_1_27' title="bbox 1892 1222 3493 1295; baseline 0.004 -18"><span class='ocrx_word' id='word_1_199' title='bbox 1892 1224 2155 1295; x_wconf 80' lang='lat' dir='ltr'>appellat,</span> <span class='ocrx_word' id='word_1_200' title='bbox 2183 1227 2248 1276; x_wconf 93' lang='lat' dir='ltr'>ut</span> <span class='ocrx_word' id='word_1_201' title='bbox 2276 1239 2376 1293; x_wconf 87' lang='lat' dir='ltr'>pro</span> <span class='ocrx_word' id='word_1_202' title='bbox 2408 1236 2467 1276; x_wconf 90' lang='lat' dir='ltr'>se</span> <span class='ocrx_word' id='word_1_203' title='bbox 2497 1222 2684 1291; x_wconf 81' lang='lat' dir='ltr'>legat;</span> <span class='ocrx_word' id='word_1_204' title='bbox 2718 1222 2815 1275; x_wconf 79' lang='lat' dir='ltr'>sed</span> <span class='ocrx_word' id='word_1_205' title='bbox 2856 1224 2978 1293; x_wconf 84' lang='lat' dir='ltr'>ejus</span> <span class='ocrx_word' id='word_1_206' title='bbox 3004 1225 3223 1279; x_wconf 81' lang='lat' dir='ltr'>custodi</span> <span class='ocrx_word' id='word_1_207' title='bbox 3254 1236 3381 1281; x_wconf 85' lang='lat' dir='ltr'>cum</span> <span class='ocrx_word' id='word_1_208' title='bbox 3410 1232 3493 1284; x_wconf 74' lang='lat' dir='ltr'>te-</span> 
     </span>
    </p>
   </div>
   <div class='ocr_carea' id='block_1_28' title="bbox 1892 1311 3491 1387">
    <p class='ocr_par' dir='ltr' id='par_1_28' title="bbox 1892 1311 3491 1387">
     <span class='ocr_line' id='line_1_28' title="bbox 1892 1311 3491 1387; baseline 0.004 -22"><span class='ocrx_word' id='word_1_209' title='bbox 1892 1312 2155 1365; x_wconf 87' lang='lat' dir='ltr'>stimonio</span> <span class='ocrx_word' id='word_1_210' title='bbox 2175 1312 2263 1365; x_wconf 88' lang='lat' dir='ltr'>sui</span> <span class='ocrx_word' id='word_1_211' title='bbox 2285 1311 2531 1365; x_wconf 86' lang='lat' dir='ltr'>custodis</span> <span class='ocrx_word' id='word_1_212' title='bbox 2562 1326 2680 1364; x_wconf 89' lang='lat' dir='ltr'>rem</span> <span class='ocrx_word' id='word_1_213' title='bbox 2708 1311 3025 1377; x_wconf 89' lang='lat' dir='ltr'>innotescit,</span> <span class='ocrx_word' id='word_1_214' title='bbox 3058 1316 3124 1366; x_wconf 85' lang='lat' dir='ltr'>ut</span> <span class='ocrx_word' id='word_1_215' title='bbox 3150 1313 3312 1368; x_wconf 66' lang='lat' dir='ltr'>fratri</span> <span class='ocrx_word' id='word_1_216' title='bbox 3340 1317 3491 1387; x_wconf 85' lang='lat' dir='ltr'>ejus-</span> 
     </span>
    </p>
   </div>
   <div class='ocr_carea' id='block_1_29' title="bbox 1893 1400 3494 1473">
    <p class='ocr_par' dir='ltr' id='par_1_29' title="bbox 1893 1400 3494 1473">
     <span class='ocr_line' id='line_1_29' title="bbox 1893 1400 3494 1473; baseline 0.002 -18"><span class='ocrx_word' id='word_1_217' title='bbox 1893 1402 2022 1455; x_wconf 88' lang='lat' dir='ltr'>dem</span> <span class='ocrx_word' id='word_1_218' title='bbox 2051 1400 2264 1454; x_wconf 82' lang='lat' dir='ltr'>ordinis</span> <span class='ocrx_word' id='word_1_219' title='bbox 2308 1401 2573 1470; x_wconf 86' lang='lat' dir='ltr'>loquatur</span> <span class='ocrx_word' id='word_1_220' title='bbox 2608 1416 2709 1470; x_wconf 91' lang='lat' dir='ltr'>pro</span> <span class='ocrx_word' id='word_1_221' title='bbox 2731 1400 3114 1455; x_wconf 84' lang='lat' dir='ltr'>vicissitudine</span> <span class='ocrx_word' id='word_1_222' title='bbox 3144 1403 3386 1473; x_wconf 78' lang='lat' dir='ltr'>legendi.</span> <span class='ocrx_word' id='word_1_223' title='bbox 3419 1406 3494 1459; x_wconf 70' lang='lat' dir='ltr'>At</span> 
     </span>
    </p>
   </div>
   <div class='ocr_carea' id='block_1_30' title="bbox 1894 1489 3495 1560">
    <p class='ocr_par' dir='ltr' id='par_1_30' title="bbox 1894 1489 3495 1560">
     <span class='ocr_line' id='line_1_30' title="bbox 1894 1489 3495 1560; baseline 0.002 -16"><span class='ocrx_word' id='word_1_224' title='bbox 1894 1491 1941 1545; x_wconf 87' lang='lat' dir='ltr'>si</span> <span class='ocrx_word' id='word_1_225' title='bbox 1965 1492 2071 1544; x_wconf 85' lang='lat' dir='ltr'>hoc</span> <span class='ocrx_word' id='word_1_226' title='bbox 2098 1495 2354 1560; x_wconf 86' lang='lat' dir='ltr'>tempore</span> <span class='ocrx_word' id='word_1_227' title='bbox 2385 1500 2496 1543; x_wconf 88' lang='lat' dir='ltr'>non</span> <span class='ocrx_word' id='word_1_228' title='bbox 2532 1489 2787 1557; x_wconf 87' lang='lat' dir='ltr'>voluerit,</span> <span class='ocrx_word' id='word_1_229' title='bbox 2821 1491 3097 1545; x_wconf 83' lang='lat' dir='ltr'>maturius</span> <span class='ocrx_word' id='word_1_230' title='bbox 3120 1493 3389 1547; x_wconf 82' lang='lat' dir='ltr'>admonet</span> <span class='ocrx_word' id='word_1_231' title='bbox 3406 1500 3495 1547; x_wconf 84' lang='lat' dir='ltr'>ar-</span> 
     </span>
    </p>
   </div>
   <div class='ocr_carea' id='block_1_31' title="bbox 1893 1578 3493 1651">
    <p class='ocr_par' dir='ltr' id='par_1_31' title="bbox 1893 1578 3493 1651">
     <span class='ocr_line' id='line_1_31' title="bbox 1893 1578 3493 1651; baseline 0.003 -19"><span class='ocrx_word' id='word_1_232' title='bbox 1893 1579 2157 1643; x_wconf 85' lang='lat' dir='ltr'>marium,</span> <span class='ocrx_word' id='word_1_233' title='bbox 2190 1584 2254 1631; x_wconf 90' lang='lat' dir='ltr'>ut</span> <span class='ocrx_word' id='word_1_234' title='bbox 2281 1579 2402 1649; x_wconf 88' lang='lat' dir='ltr'>ipse</span> <span class='ocrx_word' id='word_1_235' title='bbox 2423 1578 2755 1647; x_wconf 88' lang='lat' dir='ltr'>tempestive</span> <span class='ocrx_word' id='word_1_236' title='bbox 2788 1579 3077 1648; x_wconf 82' lang='lat' dir='ltr'>provideat</span> <span class='ocrx_word' id='word_1_237' title='bbox 3133 1580 3224 1634; x_wconf 86' lang='lat' dir='ltr'>cui</span> <span class='ocrx_word' id='word_1_238' title='bbox 3269 1581 3493 1651; x_wconf 79' lang='lat' dir='ltr'>legendi</span> 
     </span>
    </p>
   </div>
   <div class='ocr_carea' id='block_1_32' title="bbox 1892 1666 3494 1737">
    <p class='ocr_par' dir='ltr' id='par_1_32' title="bbox 1892 1666 3494 1737">
     <span class='ocr_line' id='line_1_32' title="bbox 1892 1666 3494 1737; baseline 0.002 -16"><span class='ocrx_word' id='word_1_239' title='bbox 1892 1678 2099 1721; x_wconf 83' lang='lat' dir='ltr'>munus</span> <span class='ocrx_word' id='word_1_240' title='bbox 2131 1666 2409 1737; x_wconf 80' lang='lat' dir='ltr'>injungat.</span> <span class='ocrx_word' id='word_1_241' title='bbox 2445 1667 2716 1719; x_wconf 85' lang='lat' dir='ltr'>Lecturus</span> <span class='ocrx_word' id='word_1_242' title='bbox 2746 1671 2936 1720; x_wconf 83' lang='lat' dir='ltr'>autem</span> <span class='ocrx_word' id='word_1_243' title='bbox 2966 1683 3001 1720; x_wconf 90' lang='lat' dir='ltr'>a</span> <span class='ocrx_word' id='word_1_244' title='bbox 3024 1676 3125 1721; x_wconf 83' lang='lat' dir='ltr'>suo</span> <span class='ocrx_word' id='word_1_245' title='bbox 3153 1670 3385 1723; x_wconf 80' lang='lat' dir='ltr'>custode</span> <span class='ocrx_word' id='word_1_246' title='bbox 3420 1671 3494 1724; x_wconf 72' lang='lat' dir='ltr'>ad</span> 
     </span>
    </p>
   </div>
   <div class='ocr_carea' id='block_1_33' title="bbox 200 1752 3494 1838">
    <p class='ocr_par' dir='ltr' id='par_1_33' title="bbox 200 1752 3494 1838">
     <span class='ocr_line' id='line_1_33' title="bbox 200 1752 3494 1838; baseline 0.002 -34"><span class='ocrx_word' id='word_1_247' title='bbox 200 1758 453 1838; x_wconf 67' lang='lat' dir='ltr'>quoque,</span> <span class='ocrx_word' id='word_1_248' title='bbox 467 1752 514 1805; x_wconf 88' lang='lat' dir='ltr'>si</span> <span class='ocrx_word' id='word_1_249' title='bbox 530 1764 597 1805; x_wconf 90' lang='lat' dir='ltr'>eo</span> <span class='ocrx_word' id='word_1_250' title='bbox 616 1752 846 1823; x_wconf 84' lang='lat' dir='ltr'>indiget,</span> <span class='ocrx_word' id='word_1_251' title='bbox 872 1752 1018 1808; x_wconf 86' lang='lat' dir='ltr'>sicut</span> <span class='ocrx_word' id='word_1_252' title='bbox 1036 1770 1182 1825; x_wconf 71' lang='lat' dir='ltr'>saepe</span> <span class='ocrx_word' id='word_1_253' title='bbox 1209 1755 1268 1808; x_wconf 88' lang='lat' dir='ltr'>in</span> <span class='ocrx_word' id='word_1_254' title='bbox 1287 1756 1488 1825; x_wconf 88' lang='lat' dir='ltr'>hyeme</span> <span class='ocrx_word' id='word_1_255' title='bbox 1510 1757 1804 1826; x_wconf 87' lang='lat' dir='ltr'>contingit.</span> <span class='ocrx_word' id='word_1_256' title='bbox 1823 1780 1870 1838; x_wconf 85' lang='lat' dir='ltr'><strong>B</strong></span> <span class='ocrx_word' id='word_1_257' title='bbox 1889 1754 2216 1807; x_wconf 85' lang='lat' dir='ltr'>vestiarium</span> <span class='ocrx_word' id='word_1_258' title='bbox 2242 1760 2328 1807; x_wconf 86' lang='lat' dir='ltr'>est</span> <span class='ocrx_word' id='word_1_259' title='bbox 2355 1754 2663 1818; x_wconf 87' lang='lat' dir='ltr'>ducendus,</span> <span class='ocrx_word' id='word_1_260' title='bbox 2694 1760 2752 1807; x_wconf 90' lang='lat' dir='ltr'>et</span> <span class='ocrx_word' id='word_1_261' title='bbox 2771 1762 2871 1824; x_wconf 82' lang='lat' dir='ltr'>per</span> <span class='ocrx_word' id='word_1_262' title='bbox 2891 1755 3223 1824; x_wconf 79' lang='lat' dir='ltr'>adjuvamen</span> <span class='ocrx_word' id='word_1_263' title='bbox 3264 1757 3494 1812; x_wconf 65' lang='lat' dir='ltr'>seriitos</span> 
     </span>
    </p>
   </div>
   <div class='ocr_carea' id='block_1_34' title="bbox 200 1832 1809 1913">
    <p class='ocr_par' dir='ltr' id='par_1_34' title="bbox 200 1832 1809 1913">
     <span class='ocr_line' id='line_1_34' title="bbox 200 1832 1809 1913; baseline 0.004 -21"><span class='ocrx_word' id='word_1_264' title='bbox 200 1832 393 1909; x_wconf 69' lang='lat' dir='ltr'>portat</span> <span class='ocrx_word' id='word_1_265' title='bbox 418 1845 555 1894; x_wconf 84' lang='lat' dir='ltr'>ante</span> <span class='ocrx_word' id='word_1_266' title='bbox 577 1850 638 1894; x_wconf 89' lang='lat' dir='ltr'>se</span> <span class='ocrx_word' id='word_1_267' title='bbox 664 1841 961 1906; x_wconf 81' lang='lat' dir='ltr'>laternam,</span> <span class='ocrx_word' id='word_1_268' title='bbox 975 1844 1208 1897; x_wconf 88' lang='lat' dir='ltr'>custode</span> <span class='ocrx_word' id='word_1_269' title='bbox 1231 1844 1589 1913; x_wconf 80' lang='lat' dir='ltr'>praevidente,</span> <span class='ocrx_word' id='word_1_270' title='bbox 1606 1848 1669 1898; x_wconf 88' lang='lat' dir='ltr'>ut</span> <span class='ocrx_word' id='word_1_271' title='bbox 1682 1859 1809 1898; x_wconf 85' lang='lat' dir='ltr'>can-</span> 
     </span>
    </p>
   </div>
   <div class='ocr_carea' id='block_1_35' title="bbox 200 1925 1810 2003">
    <p class='ocr_par' dir='ltr' id='par_1_35' title="bbox 200 1925 1810 2003">
     <span class='ocr_line' id='line_1_35' title="bbox 200 1925 1810 2003; baseline 0.004 -23"><span class='ocrx_word' id='word_1_272' title='bbox 200 1925 386 1981; x_wconf 72' lang='lat' dir='ltr'>delum</span> <span class='ocrx_word' id='word_1_273' title='bbox 416 1928 628 1983; x_wconf 79' lang='lat' dir='ltr'>habeat</span> <span class='ocrx_word' id='word_1_274' title='bbox 655 1937 912 2001; x_wconf 80' lang='lat' dir='ltr'>semper:</span> <span class='ocrx_word' id='word_1_275' title='bbox 943 1928 1000 1984; x_wconf 91' lang='lat' dir='ltr'>in</span> <span class='ocrx_word' id='word_1_276' title='bbox 1030 1931 1321 1985; x_wconf 82' lang='lat' dir='ltr'>refectori‘o</span> <span class='ocrx_word' id='word_1_277' title='bbox 1347 1944 1472 1986; x_wconf 88' lang='lat' dir='ltr'>eam</span> <span class='ocrx_word' id='word_1_278' title='bbox 1502 1933 1810 2003; x_wconf 79' lang='lat' dir='ltr'>exstinguit</span> 
     </span>
    </p>
   </div>
   <div class='ocr_carea' id='block_1_36' title="bbox 200 2008 1807 2092">
    <p class='ocr_par' dir='ltr' id='par_1_36' title="bbox 200 2008 1807 2092">
     <span class='ocr_line' id='line_1_36' title="bbox 200 2008 1807 2092; baseline 0.004 -22"><span class='ocrx_word' id='word_1_279' title='bbox 200 2022 259 2070; x_wconf 68' lang='lat' dir='ltr'>et</span> <span class='ocrx_word' id='word_1_280' title='bbox 286 2024 470 2087; x_wconf 81' lang='lat' dir='ltr'>super</span> <span class='ocrx_word' id='word_1_281' title='bbox 504 2008 813 2072; x_wconf 78' lang='lat' dir='ltr'>scabelium</span> <span class='ocrx_word' id='word_1_282' title='bbox 841 2020 1045 2089; x_wconf 88' lang='lat' dir='ltr'>pedum</span> <span class='ocrx_word' id='word_1_283' title='bbox 1069 2028 1298 2074; x_wconf 85' lang='lat' dir='ltr'>suorum</span> <span class='ocrx_word' id='word_1_284' title='bbox 1331 2021 1509 2092; x_wconf 88' lang='lat' dir='ltr'>ponit.</span> <span class='ocrx_word' id='word_1_285' title='bbox 1537 2019 1619 2075; x_wconf 91' lang='lat' dir='ltr'>Ibi</span> <span class='ocrx_word' id='word_1_286' title='bbox 1657 2037 1807 2076; x_wconf 92' lang='lat' dir='ltr'>sem-</span> 
     </span>
    </p>
   </div>
   <div class='ocr_carea' id='block_1_37' title="bbox 201 2098 1811 2178">
    <p class='ocr_par' dir='ltr' id='par_1_37' title="bbox 201 2098 1811 2178">
     <span class='ocr_line' id='line_1_37' title="bbox 201 2098 1811 2178; baseline 0.004 -20"><span class='ocrx_word' id='word_1_287' title='bbox 201 2114 301 2175; x_wconf 67' lang='lat' dir='ltr'>per</span> <span class='ocrx_word' id='word_1_288' title='bbox 327 2105 413 2159; x_wconf 80' lang='lat' dir='ltr'>ita</span> <span class='ocrx_word' id='word_1_289' title='bbox 441 2098 750 2161; x_wconf 74' lang='lat' dir='ltr'>intermixti</span> <span class='ocrx_word' id='word_1_290' title='bbox 779 2118 901 2162; x_wconf 78' lang='lat' dir='ltr'>esse</span> <span class='ocrx_word' id='word_1_291' title='bbox 918 2108 1125 2162; x_wconf 88' lang='lat' dir='ltr'>debent</span> <span class='ocrx_word' id='word_1_292' title='bbox 1140 2110 1392 2178; x_wconf 85' lang='lat' dir='ltr'>juvenes,</span> <span class='ocrx_word' id='word_1_293' title='bbox 1427 2115 1491 2164; x_wconf 90' lang='lat' dir='ltr'>ut</span> <span class='ocrx_word' id='word_1_294' title='bbox 1508 2110 1655 2164; x_wconf 84' lang='lat' dir='ltr'>inter</span> <span class='ocrx_word' id='word_1_295' title='bbox 1668 2110 1811 2164; x_wconf 83' lang='lat' dir='ltr'>duos</span> 
     </span>
    </p>
   </div>
   <div class='ocr_carea' id='block_1_38' title="bbox 195 2188 1805 2265">
    <p class='ocr_par' dir='ltr' id='par_1_38' title="bbox 195 2188 1805 2265">
     <span class='ocr_line' id='line_1_38' title="bbox 195 2188 1805 2265; baseline 0.004 -18"><span class='ocrx_word' id='word_1_296' title='bbox 195 2195 460 2262; x_wconf 82' lang='lat' dir='ltr'>juvenes,</span> <span class='ocrx_word' id='word_1_297' title='bbox 482 2194 584 2250; x_wconf 82' lang='lat' dir='ltr'>alii</span> <span class='ocrx_word' id='word_1_298' title='bbox 610 2196 723 2250; x_wconf 85' lang='lat' dir='ltr'>duo</span> <span class='ocrx_word' id='word_1_299' title='bbox 750 2196 954 2251; x_wconf 73' lang='lat' dir='ltr'>fratres</span> <span class='ocrx_word' id='word_1_300' title='bbox 975 2196 1224 2262; x_wconf 71' lang='lat' dir='ltr'>Sedeant,</span> <span class='ocrx_word' id='word_1_301' title='bbox 1262 2206 1328 2251; x_wconf 85' lang='lat' dir='ltr'>ea</span> <span class='ocrx_word' id='word_1_302' title='bbox 1378 2188 1591 2253; x_wconf 81' lang='lat' dir='ltr'>scilicet</span> <span class='ocrx_word' id='word_1_303' title='bbox 1617 2206 1805 2265; x_wconf 83' lang='lat' dir='ltr'>causa,</span> 
     </span>
    </p>
   </div>
   <div class='ocr_carea' id='block_1_39' title="bbox 202 2283 1496 2351">
    <p class='ocr_par' dir='ltr' id='par_1_39' title="bbox 202 2283 1496 2351">
     <span class='ocr_line' id='line_1_39' title="bbox 202 2283 1496 2351; baseline 0.004 -15"><span class='ocrx_word' id='word_1_304' title='bbox 202 2288 266 2337; x_wconf 90' lang='lat' dir='ltr'>ut</span> <span class='ocrx_word' id='word_1_305' title='bbox 292 2283 343 2337; x_wconf 88' lang='lat' dir='ltr'>si</span> <span class='ocrx_word' id='word_1_306' title='bbox 365 2283 516 2337; x_wconf 88' lang='lat' dir='ltr'>forte</span> <span class='ocrx_word' id='word_1_307' title='bbox 545 2301 693 2339; x_wconf 90' lang='lat' dir='ltr'>unus</span> <span class='ocrx_word' id='word_1_308' title='bbox 713 2285 982 2351; x_wconf 84' lang='lat' dir='ltr'>discedat,</span> <span class='ocrx_word' id='word_1_309' title='bbox 1014 2287 1160 2340; x_wconf 86' lang='lat' dir='ltr'>alter</span> <span class='ocrx_word' id='word_1_310' title='bbox 1191 2294 1496 2341; x_wconf 86' lang='lat' dir='ltr'>remaneat.</span> 
     </span>
    </p>
   </div>
   <div class='ocr_carea' id='block_1_40' title="bbox 271 2372 1809 2448">
    <p class='ocr_par' dir='ltr' id='par_1_40' title="bbox 271 2372 1809 2448">
     <span class='ocr_line' id='line_1_40' title="bbox 271 2372 1809 2448; baseline 0.003 -22"><span class='ocrx_word' id='word_1_311' title='bbox 271 2372 481 2426; x_wconf 73' lang='lat' dir='ltr'>Custos</span> <span class='ocrx_word' id='word_1_312' title='bbox 522 2374 571 2427; x_wconf 71' lang='grc' dir='ltr'>εἰ</span> <span class='ocrx_word' id='word_1_313' title='bbox 608 2384 737 2428; x_wconf 87' lang='lat' dir='ltr'>eum</span> <span class='ocrx_word' id='word_1_314' title='bbox 758 2375 983 2429; x_wconf 83' lang='lat' dir='ltr'>duxerit</span> <span class='ocrx_word' id='word_1_315' title='bbox 1012 2376 1082 2429; x_wconf 88' lang='lat' dir='ltr'>ad</span> <span class='ocrx_word' id='word_1_316' title='bbox 1104 2378 1467 2441; x_wconf 86' lang='lat' dir='ltr'>necessarias,</span> <span class='ocrx_word' id='word_1_317' title='bbox 1510 2382 1809 2448; x_wconf 84' lang='lat' dir='ltr'>postquam</span> 
     </span>
    </p>
   </div>
   <div class='ocr_carea' id='block_1_41' title="bbox 201 2461 1809 2534">
    <p class='ocr_par' dir='ltr' id='par_1_41' title="bbox 201 2461 1809 2534">
     <span class='ocr_line' id='line_1_41' title="bbox 201 2461 1809 2534; baseline 0.003 -19"><span class='ocrx_word' id='word_1_318' title='bbox 201 2461 323 2531; x_wconf 71' lang='lat' dir='ltr'>ipse</span> <span class='ocrx_word' id='word_1_319' title='bbox 346 2463 682 2524; x_wconf 75' lang='lat' dir='ltr'>surrexerit.</span> <span class='ocrx_word' id='word_1_320' title='bbox 709 2464 924 2533; x_wconf 82' lang='lat' dir='ltr'>jugiter</span> <span class='ocrx_word' id='word_1_321' title='bbox 948 2464 1198 2534; x_wconf 87' lang='lat' dir='ltr'>quidem,</span> <span class='ocrx_word' id='word_1_322' title='bbox 1238 2466 1338 2519; x_wconf 87' lang='lat' dir='ltr'>sed</span> <span class='ocrx_word' id='word_1_323' title='bbox 1388 2466 1639 2520; x_wconf 84' lang='lat' dir='ltr'>modeste</span> <span class='ocrx_word' id='word_1_324' title='bbox 1680 2470 1809 2520; x_wconf 83' lang='lat' dir='ltr'>eum</span> 
     </span>
    </p>
   </div>
   <div class='ocr_carea' id='block_1_42' title="bbox 201 2548 1805 2624">
    <p class='ocr_par' dir='ltr' id='par_1_42' title="bbox 201 2548 1805 2624">
     <span class='ocr_line' id='line_1_42' title="bbox 201 2548 1805 2624; baseline 0.003 -20"><span class='ocrx_word' id='word_1_325' title='bbox 201 2548 480 2614; x_wconf 72' lang='lat' dir='ltr'>intuetur,</span> <span class='ocrx_word' id='word_1_326' title='bbox 504 2557 1004 2624; x_wconf 82' lang='lat' dir='ltr'>quantumcunque</span> <span class='ocrx_word' id='word_1_327' title='bbox 1032 2559 1089 2607; x_wconf 88' lang='lat' dir='ltr'>et</span> <span class='ocrx_word' id='word_1_328' title='bbox 1117 2554 1336 2608; x_wconf 87' lang='lat' dir='ltr'>laterna</span> <span class='ocrx_word' id='word_1_329' title='bbox 1353 2559 1463 2609; x_wconf 89' lang='lat' dir='ltr'>stet</span> <span class='ocrx_word' id='word_1_330' title='bbox 1492 2562 1623 2609; x_wconf 85' lang='lat' dir='ltr'>ante</span> <span class='ocrx_word' id='word_1_331' title='bbox 1655 2564 1805 2609; x_wconf 79' lang='lat' dir='ltr'>eum.</span> 
     </span>
    </p>
   </div>
   <div class='ocr_carea' id='block_1_43' title="bbox 202 2638 1811 2714">
    <p class='ocr_par' dir='ltr' id='par_1_43' title="bbox 202 2638 1811 2714">
     <span class='ocr_line' id='line_1_43' title="bbox 202 2638 1811 2714; baseline 0.004 -22"><span class='ocrx_word' id='word_1_332' title='bbox 202 2638 260 2692; x_wconf 72' lang='lat' dir='ltr'>Si</span> <span class='ocrx_word' id='word_1_333' title='bbox 281 2646 417 2693; x_wconf 74' lang='lat' dir='ltr'>vero</span> <span class='ocrx_word' id='word_1_334' title='bbox 437 2640 495 2693; x_wconf 82' lang='lat' dir='ltr'>in</span> <span class='ocrx_word' id='word_1_335' title='bbox 534 2646 697 2696; x_wconf 82' lang='lat' dir='ltr'>nocte</span> <span class='ocrx_word' id='word_1_336' title='bbox 722 2650 865 2712; x_wconf 79' lang='lat' dir='ltr'>opus</span> <span class='ocrx_word' id='word_1_337' title='bbox 892 2642 1155 2697; x_wconf 83' lang='lat' dir='ltr'>habuerit</span> <span class='ocrx_word' id='word_1_338' title='bbox 1189 2659 1443 2714; x_wconf 83' lang='lat' dir='ltr'>surgere.</span> <span class='ocrx_word' id='word_1_339' title='bbox 1489 2645 1692 2697; x_wconf 73' lang='lat' dir='ltr'>eXcitat</span> <span class='ocrx_word' id='word_1_340' title='bbox 1710 2660 1811 2698; x_wconf 92' lang='lat' dir='ltr'>cu-</span> 
     </span>
    </p>
   </div>
   <div class='ocr_carea' id='block_1_44' title="bbox 200 2728 1809 2803">
    <p class='ocr_par' dir='ltr' id='par_1_44' title="bbox 200 2728 1809 2803">
     <span class='ocr_line' id='line_1_44' title="bbox 200 2728 1809 2803; baseline 0.003 -22"><span class='ocrx_word' id='word_1_341' title='bbox 200 2728 446 2793; x_wconf 77' lang='lat' dir='ltr'>stodem,</span> <span class='ocrx_word' id='word_1_342' title='bbox 480 2730 778 2799; x_wconf 77' lang='lat' dir='ltr'>capitalem</span> <span class='ocrx_word' id='word_1_343' title='bbox 807 2730 890 2783; x_wconf 88' lang='lat' dir='ltr'>vel</span> <span class='ocrx_word' id='word_1_344' title='bbox 918 2731 1132 2801; x_wconf 86' lang='lat' dir='ltr'>aliquid</span> <span class='ocrx_word' id='word_1_345' title='bbox 1160 2732 1230 2786; x_wconf 86' lang='lat' dir='ltr'>de</span> <span class='ocrx_word' id='word_1_346' title='bbox 1278 2732 1638 2803; x_wconf 81' lang='lat' dir='ltr'>Operimentis</span> <span class='ocrx_word' id='word_1_347' title='bbox 1689 2734 1809 2802; x_wconf 84' lang='lat' dir='ltr'>ejus</span> 
     </span>
    </p>
   </div>
   <div class='ocr_carea' id='block_1_45' title="bbox 200 2818 1808 2892">
    <p class='ocr_par' dir='ltr' id='par_1_45' title="bbox 200 2818 1808 2892">
     <span class='ocr_line' id='line_1_45' title="bbox 200 2818 1808 2892; baseline -0.009 -4"><span class='ocrx_word' id='word_1_348' title='bbox 200 2818 528 2887; x_wconf 66' lang='grc' dir='ltr'>ίίινεεηάος</span> <span class='ocrx_word' id='word_1_349' title='bbox 562 2819 815 2873; x_wconf 77' lang='lat' dir='ltr'>accendit</span> <span class='ocrx_word' id='word_1_350' title='bbox 864 2820 984 2892; x_wconf 77' lang='lat' dir='ltr'>ipse</span> <span class='ocrx_word' id='word_1_351' title='bbox 1013 2823 1289 2876; x_wconf 85' lang='lat' dir='ltr'>latemam</span> <span class='ocrx_word' id='word_1_352' title='bbox 1319 2827 1375 2875; x_wconf 90' lang='lat' dir='ltr'>et</span> <span class='ocrx_word' id='word_1_353' title='bbox 1398 2822 1579 2892; x_wconf 74' lang='lat' dir='ltr'>pergit</span> <span class='ocrx_word' id='word_1_354' title='bbox 1609 2822 1679 2875; x_wconf 89' lang='lat' dir='ltr'>ad</span> <span class='ocrx_word' id='word_1_355' title='bbox 1706 2834 1808 2875; x_wconf 89' lang='lat' dir='ltr'>ne-</span> 
     </span>
    </p>
   </div>
   <div class='ocr_carea' id='block_1_46' title="bbox 1890 1842 3491 1906">
    <p class='ocr_par' dir='ltr' id='par_1_46' title="bbox 1890 1842 3491 1906">
     <span class='ocr_line' id='line_1_46' title="bbox 1890 1842 3491 1906; baseline 0.003 -10"><span class='ocrx_word' id='word_1_356' title='bbox 1890 1850 2018 1896; x_wconf 82' lang='lat' dir='ltr'>rum</span> <span class='ocrx_word' id='word_1_357' title='bbox 2045 1842 2385 1897; x_wconf 78' lang='lat' dir='ltr'>vestiendus.</span> <span class='ocrx_word' id='word_1_358' title='bbox 2410 1843 2592 1906; x_wconf 84' lang='lat' dir='ltr'>Quem</span> <span class='ocrx_word' id='word_1_359' title='bbox 2632 1846 2689 1897; x_wconf 84' lang='lat' dir='ltr'>et</span> <span class='ocrx_word' id='word_1_360' title='bbox 2722 1842 2890 1896; x_wconf 88' lang='lat' dir='ltr'>alicui</span> <span class='ocrx_word' id='word_1_361' title='bbox 2934 1843 3011 1897; x_wconf 88' lang='lat' dir='ltr'>ibi</span> <span class='ocrx_word' id='word_1_362' title='bbox 3049 1843 3491 1901; x_wconf 72' lang='lat' dir='ltr'>ministrantium</span> 
     </span>
    </p>
   </div>
   <div class='ocr_carea' id='block_1_47' title="bbox 1889 1928 3492 2003">
    <p class='ocr_par' dir='ltr' id='par_1_47' title="bbox 1889 1928 3492 2003">
     <span class='ocr_line' id='line_1_47' title="bbox 1889 1928 3492 2003; baseline 0.004 -18"><span class='ocrx_word' id='word_1_363' title='bbox 1889 1931 2213 1998; x_wconf 73' lang='lat' dir='ltr'>Committit,</span> <span class='ocrx_word' id='word_1_364' title='bbox 2248 1942 2426 2003; x_wconf 90' lang='lat' dir='ltr'>usque</span> <span class='ocrx_word' id='word_1_365' title='bbox 2447 1932 2582 1986; x_wconf 90' lang='lat' dir='ltr'>dum</span> <span class='ocrx_word' id='word_1_366' title='bbox 2615 1936 2841 2003; x_wconf 79' lang='lat' dir='ltr'>peracto</span> <span class='ocrx_word' id='word_1_367' title='bbox 2867 1938 2968 1986; x_wconf 84' lang='lat' dir='ltr'>suo</span> <span class='ocrx_word' id='word_1_368' title='bbox 2994 1932 3178 1988; x_wconf 78' lang='lat' dir='ltr'>ofﬁcio</span> <span class='ocrx_word' id='word_1_369' title='bbox 3205 1928 3411 1990; x_wconf 82' lang='lat' dir='ltr'>iterum</span> <span class='ocrx_word' id='word_1_370' title='bbox 3431 1938 3492 1991; x_wconf 77' lang='lat' dir='ltr'>se</span> 
     </span>
    </p>
   </div>
   <div class='ocr_carea' id='block_1_48' title="bbox 1890 2020 2201 2074">
    <p class='ocr_par' dir='ltr' id='par_1_48' title="bbox 1890 2020 2201 2074">
     <span class='ocr_line' id='line_1_48' title="bbox 1890 2020 2201 2074; baseline 0.003 -1"><span class='ocrx_word' id='word_1_371' title='bbox 1890 2020 2201 2074; x_wconf 84' lang='lat' dir='ltr'>disvestiat.</span> 
     </span>
    </p>
   </div>
   <div class='ocr_carea' id='block_1_49' title="bbox 1965 2109 3492 2181">
    <p class='ocr_par' dir='ltr' id='par_1_49' title="bbox 1965 2109 3492 2181">
     <span class='ocr_line' id='line_1_49' title="bbox 1965 2109 3492 2181; baseline 0.001 -18"><span class='ocrx_word' id='word_1_372' title='bbox 1965 2109 2185 2179; x_wconf 83' lang='lat' dir='ltr'>Singuli</span> <span class='ocrx_word' id='word_1_373' title='bbox 2216 2115 2406 2163; x_wconf 87' lang='lat' dir='ltr'>autem</span> <span class='ocrx_word' id='word_1_374' title='bbox 2434 2110 2597 2173; x_wconf 83' lang='lat' dir='ltr'>tales,</span> <span class='ocrx_word' id='word_1_375' title='bbox 2623 2109 2669 2162; x_wconf 89' lang='lat' dir='ltr'>si</span> <span class='ocrx_word' id='word_1_376' title='bbox 2692 2111 2779 2176; x_wconf 86' lang='lat' dir='ltr'>(ut</span> <span class='ocrx_word' id='word_1_377' title='bbox 2797 2109 3019 2177; x_wconf 82' lang='lat' dir='ltr'>dicitur)</span> <span class='ocrx_word' id='word_1_378' title='bbox 3046 2110 3492 2181; x_wconf 70' lang='lat' dir='ltr'>tergonbussuis</span> 
     </span>
    </p>
   </div>
   <div class='ocr_carea' id='block_1_50' title="bbox 1892 2190 3490 2270">
    <p class='ocr_par' dir='ltr' id='par_1_50' title="bbox 1892 2190 3490 2270">
     <span class='ocr_line' id='line_1_50' title="bbox 1892 2190 3490 2270; baseline 0.003 -20"><span class='ocrx_word' id='word_1_379' title='bbox 1892 2190 2170 2251; x_wconf 67' lang='lat' dir='ltr'>Voluerint</span> <span class='ocrx_word' id='word_1_380' title='bbox 2197 2213 2319 2252; x_wconf 88' lang='lat' dir='ltr'>esse</span> <span class='ocrx_word' id='word_1_381' title='bbox 2349 2198 2685 2262; x_wconf 88' lang='lat' dir='ltr'>consultum,</span> <span class='ocrx_word' id='word_1_382' title='bbox 2731 2203 2869 2251; x_wconf 87' lang='lat' dir='ltr'>tunc</span> <span class='ocrx_word' id='word_1_383' title='bbox 2897 2204 3256 2270; x_wconf 76' lang='lat' dir='ltr'>summepere</span> <span class='ocrx_word' id='word_1_384' title='bbox 3273 2202 3490 2267; x_wconf 71' lang='lat' dir='ltr'>cavent,</span> 
     </span>
    </p>
   </div>
   <div class='ocr_carea' id='block_1_51' title="bbox 1891 2286 3496 2357">
    <p class='ocr_par' dir='ltr' id='par_1_51' title="bbox 1891 2286 3496 2357">
     <span class='ocr_line' id='line_1_51' title="bbox 1891 2286 3496 2357; baseline 0.003 -18"><span class='ocrx_word' id='word_1_385' title='bbox 1891 2286 1949 2339; x_wconf 90' lang='lat' dir='ltr'>in</span> <span class='ocrx_word' id='word_1_386' title='bbox 1980 2287 2134 2340; x_wconf 91' lang='lat' dir='ltr'>omni</span> <span class='ocrx_word' id='word_1_387' title='bbox 2159 2287 2300 2353; x_wconf 86' lang='lat' dir='ltr'>loco,</span> <span class='ocrx_word' id='word_1_388' title='bbox 2338 2303 2409 2341; x_wconf 90' lang='lat' dir='ltr'>ne</span> <span class='ocrx_word' id='word_1_389' title='bbox 2432 2286 2643 2357; x_wconf 87' lang='lat' dir='ltr'>absque</span> <span class='ocrx_word' id='word_1_390' title='bbox 2665 2286 2973 2341; x_wconf 74' lang='lat' dir='ltr'>mediatore</span> <span class='ocrx_word' id='word_1_391' title='bbox 3002 2292 3153 2342; x_wconf 77' lang='lat' dir='ltr'>stent</span> <span class='ocrx_word' id='word_1_392' title='bbox 3168 2288 3357 2357; x_wconf 87' lang='lat' dir='ltr'>simul,</span> <span class='ocrx_word' id='word_1_393' title='bbox 3394 2290 3496 2345; x_wconf 64' lang='lat' dir='ltr'>aut</span> 
     </span>
    </p>
   </div>
   <div class='ocr_carea' id='block_1_52' title="bbox 1890 2376 3493 2448">
    <p class='ocr_par' dir='ltr' id='par_1_52' title="bbox 1890 2376 3493 2448">
     <span class='ocr_line' id='line_1_52' title="bbox 1890 2376 3493 2448; baseline 0.002 -18"><span class='ocrx_word' id='word_1_394' title='bbox 1890 2376 2142 2442; x_wconf 75' lang='lat' dir='ltr'>Sedeant,</span> <span class='ocrx_word' id='word_1_395' title='bbox 2169 2377 2254 2430; x_wconf 81' lang='lat' dir='ltr'>vel</span> <span class='ocrx_word' id='word_1_396' title='bbox 2272 2393 2333 2431; x_wconf 92' lang='lat' dir='ltr'>se</span> <span class='ocrx_word' id='word_1_397' title='bbox 2352 2377 2423 2430; x_wconf 83' lang='lat' dir='ltr'>ad</span> <span class='ocrx_word' id='word_1_398' title='bbox 2440 2377 2674 2431; x_wconf 89' lang='lat' dir='ltr'>invicem</span> <span class='ocrx_word' id='word_1_399' title='bbox 2694 2377 2947 2448; x_wconf 83' lang='lat' dir='ltr'>pingant,</span> <span class='ocrx_word' id='word_1_400' title='bbox 2970 2382 3070 2431; x_wconf 86' lang='lat' dir='ltr'>aut</span> <span class='ocrx_word' id='word_1_401' title='bbox 3090 2378 3493 2433; x_wconf 62' lang='lat' dir='ltr'>vestimentum</span> 
     </span>
    </p>
   </div>
   <div class='ocr_carea' id='block_1_53' title="bbox 1892 2466 3493 2537">
    <p class='ocr_par' dir='ltr' id='par_1_53' title="bbox 1892 2466 3493 2537">
     <span class='ocr_line' id='line_1_53' title="bbox 1892 2466 3493 2537; baseline 0.002 -17"><span class='ocrx_word' id='word_1_402' title='bbox 1892 2466 2080 2536; x_wconf 86' lang='lat' dir='ltr'>aliquo</span> <span class='ocrx_word' id='word_1_403' title='bbox 2131 2466 2297 2520; x_wconf 92' lang='lat' dir='ltr'>modo</span> <span class='ocrx_word' id='word_1_404' title='bbox 2327 2470 2585 2536; x_wconf 77' lang='lat' dir='ltr'>tangant,</span> <span class='ocrx_word' id='word_1_405' title='bbox 2618 2472 2679 2520; x_wconf 83' lang='lat' dir='ltr'>et</span> <span class='ocrx_word' id='word_1_406' title='bbox 2705 2471 2770 2520; x_wconf 89' lang='lat' dir='ltr'>ut</span> <span class='ocrx_word' id='word_1_407' title='bbox 2796 2474 3086 2537; x_wconf 85' lang='lat' dir='ltr'>nunquam</span> <span class='ocrx_word' id='word_1_408' title='bbox 3136 2468 3282 2522; x_wconf 85' lang='lat' dir='ltr'>alter</span> <span class='ocrx_word' id='word_1_409' title='bbox 3326 2468 3493 2523; x_wconf 68' lang='lat' dir='ltr'>alter!</span> 
     </span>
    </p>
   </div>
   <div class='ocr_carea' id='block_1_54' title="bbox 1886 2554 3494 2628">
    <p class='ocr_par' dir='ltr' id='par_1_54' title="bbox 1886 2554 3494 2628">
     <span class='ocr_line' id='line_1_54' title="bbox 1886 2554 3494 2628; baseline 0.004 -22"><span class='ocrx_word' id='word_1_410' title='bbox 1886 2554 2082 2624; x_wconf 86' lang='lat' dir='ltr'>juveni</span> <span class='ocrx_word' id='word_1_411' title='bbox 2108 2554 2226 2608; x_wconf 85' lang='lat' dir='ltr'>sive</span> <span class='ocrx_word' id='word_1_412' title='bbox 2255 2555 2313 2608; x_wconf 88' lang='lat' dir='ltr'>in</span> <span class='ocrx_word' id='word_1_413' title='bbox 2338 2555 2593 2609; x_wconf 89' lang='lat' dir='ltr'>custodia</span> <span class='ocrx_word' id='word_1_414' title='bbox 2624 2555 2803 2625; x_wconf 87' lang='lat' dir='ltr'>posito</span> <span class='ocrx_word' id='word_1_415' title='bbox 2833 2556 2947 2610; x_wconf 83' lang='lat' dir='ltr'>sive</span> <span class='ocrx_word' id='word_1_416' title='bbox 2975 2564 3107 2621; x_wconf 88' lang='lat' dir='ltr'>non,</span> <span class='ocrx_word' id='word_1_417' title='bbox 3134 2555 3360 2627; x_wconf 81' lang='lat' dir='ltr'>aliquod</span> <span class='ocrx_word' id='word_1_418' title='bbox 3383 2558 3494 2628; x_wconf 80' lang='lat' dir='ltr'>sig-</span> 
     </span>
    </p>
   </div>
   <div class='ocr_carea' id='block_1_55' title="bbox 1892 2643 3493 2707">
    <p class='ocr_par' dir='ltr' id='par_1_55' title="bbox 1892 2643 3493 2707">
     <span class='ocr_line' id='line_1_55' title="bbox 1892 2643 3493 2707; baseline 0.003 -11"><span class='ocrx_word' id='word_1_419' title='bbox 1892 2659 2029 2696; x_wconf 91' lang='lat' dir='ltr'>num</span> <span class='ocrx_word' id='word_1_420' title='bbox 2059 2644 2144 2697; x_wconf 90' lang='lat' dir='ltr'>vel</span> <span class='ocrx_word' id='word_1_421' title='bbox 2198 2644 2369 2697; x_wconf 85' lang='lat' dir='ltr'>etiam</span> <span class='ocrx_word' id='word_1_422' title='bbox 2409 2643 2638 2697; x_wconf 88' lang='lat' dir='ltr'>nutibus</span> <span class='ocrx_word' id='word_1_423' title='bbox 2688 2644 2979 2697; x_wconf 89' lang='lat' dir='ltr'>oculorum</span> <span class='ocrx_word' id='word_1_424' title='bbox 3027 2644 3227 2707; x_wconf 80' lang='lat' dir='ltr'>facere,</span> <span class='ocrx_word' id='word_1_425' title='bbox 3279 2647 3366 2700; x_wconf 92' lang='lat' dir='ltr'>vel</span> <span class='ocrx_word' id='word_1_426' title='bbox 3418 2644 3493 2701; x_wconf 82' lang='lat' dir='ltr'>ad</span> 
     </span>
    </p>
   </div>
   <div class='ocr_carea' id='block_1_56' title="bbox 1894 2732 3493 2802">
    <p class='ocr_par' dir='ltr' id='par_1_56' title="bbox 1894 2732 3493 2802">
     <span class='ocr_line' id='line_1_56' title="bbox 1894 2732 3493 2802; baseline 0.003 -17"><span class='ocrx_word' id='word_1_427' title='bbox 1894 2740 2022 2785; x_wconf 88' lang='lat' dir='ltr'>eum</span> <span class='ocrx_word' id='word_1_428' title='bbox 2047 2732 2357 2797; x_wconf 73' lang='lat' dir='ltr'>subridere,</span> <span class='ocrx_word' id='word_1_429' title='bbox 2389 2733 2475 2786; x_wconf 89' lang='lat' dir='ltr'>vel</span> <span class='ocrx_word' id='word_1_430' title='bbox 2495 2732 2739 2802; x_wconf 74' lang='lat' dir='ltr'>aliquam</span> <span class='ocrx_word' id='word_1_431' title='bbox 2763 2733 3202 2787; x_wconf 80' lang='lat' dir='ltr'>familiaritatem</span> <span class='ocrx_word' id='word_1_432' title='bbox 3223 2735 3493 2790; x_wconf 78' lang='lat' dir='ltr'>simulare</span> 
     </span>
    </p>
   </div>
   <div class='ocr_carea' id='block_1_57' title="bbox 1888 2810 3491 2892">
    <p class='ocr_par' dir='ltr' id='par_1_57' title="bbox 1888 2810 3491 2892">
     <span class='ocr_line' id='line_1_57' title="bbox 1888 2810 3491 2892; baseline 0.002 -19"><span class='ocrx_word' id='word_1_433' title='bbox 1888 2825 2211 2892; x_wconf 76' lang='lat' dir='ltr'>praesumat,</span> <span class='ocrx_word' id='word_1_434' title='bbox 2237 2826 2336 2874; x_wconf 88' lang='lat' dir='ltr'>aut</span> <span class='ocrx_word' id='word_1_435' title='bbox 2355 2810 2523 2874; x_wconf 86' lang='lat' dir='ltr'>etiam</span> <span class='ocrx_word' id='word_1_436' title='bbox 2573 2820 2652 2874; x_wconf 88' lang='lat' dir='ltr'>sic</span> <span class='ocrx_word' id='word_1_437' title='bbox 2688 2821 2899 2885; x_wconf 85' lang='lat' dir='ltr'>sedeat,</span> <span class='ocrx_word' id='word_1_438' title='bbox 2953 2820 3017 2874; x_wconf 87' lang='lat' dir='ltr'>ut</span> <span class='ocrx_word' id='word_1_439' title='bbox 3059 2821 3203 2876; x_wconf 84' lang='lat' dir='ltr'>alter</span> <span class='ocrx_word' id='word_1_440' title='bbox 3247 2822 3491 2878; x_wconf 73' lang='lat' dir='ltr'>alterum</span> 
     </span>
    </p>
   </div>
   <div class='ocr_carea' id='block_1_58' title="bbox 201 2907 3491 2981">
    <p class='ocr_par' dir='ltr' id='par_1_58' title="bbox 201 2907 3491 2981">
     <span class='ocr_line' id='line_1_58' title="bbox 201 2907 3491 2981; baseline 0.002 -22"><span class='ocrx_word' id='word_1_441' title='bbox 201 2907 501 2972; x_wconf 80' lang='lat' dir='ltr'>cessarias,</span> <span class='ocrx_word' id='word_1_442' title='bbox 528 2916 633 2961; x_wconf 82' lang='lat' dir='ltr'>nec</span> <span class='ocrx_word' id='word_1_443' title='bbox 661 2914 791 2962; x_wconf 83' lang='lat' dir='ltr'>ante</span> <span class='ocrx_word' id='word_1_444' title='bbox 820 2922 853 2962; x_wconf 89' lang='lat' dir='ltr'>a</span> <span class='ocrx_word' id='word_1_445' title='bbox 881 2912 1110 2965; x_wconf 90' lang='lat' dir='ltr'>custode</span> <span class='ocrx_word' id='word_1_446' title='bbox 1126 2911 1694 2981; x_wconf 74' lang='lat' dir='ltr'>eXStinguitur,quam</span> <span class='ocrx_word' id='word_1_447' title='bbox 1711 2912 1807 2965; x_wconf 90' lang='lat' dir='ltr'>ille</span> <span class='ocrx_word' id='word_1_448' title='bbox 1892 2910 2065 2963; x_wconf 82' lang='lat' dir='ltr'>versis</span> <span class='ocrx_word' id='word_1_449' title='bbox 2094 2910 2165 2963; x_wconf 88' lang='lat' dir='ltr'>ad</span> <span class='ocrx_word' id='word_1_450' title='bbox 2190 2909 2424 2963; x_wconf 88' lang='lat' dir='ltr'>invicem</span> <span class='ocrx_word' id='word_1_451' title='bbox 2454 2908 2699 2963; x_wconf 87' lang='lat' dir='ltr'>vultibus</span> <span class='ocrx_word' id='word_1_452' title='bbox 2731 2910 2937 2964; x_wconf 88' lang='lat' dir='ltr'>intueri</span> <span class='ocrx_word' id='word_1_453' title='bbox 2966 2911 3164 2964; x_wconf 84' lang='lat' dir='ltr'>valeat.</span> <span class='ocrx_word' id='word_1_454' title='bbox 3191 2912 3338 2965; x_wconf 86' lang='lat' dir='ltr'>Nam</span> <span class='ocrx_word' id='word_1_455' title='bbox 3368 2911 3491 2967; x_wconf 61' lang='lat' dir='ltr'>haec</span> 
     </span>
    </p>
   </div>
   <div class='ocr_carea' id='block_1_59' title="bbox 202 2997 3493 3071">
    <p class='ocr_par' dir='ltr' id='par_1_59' title="bbox 202 2997 3493 3071">
     <span class='ocr_line' id='line_1_59' title="bbox 202 2997 3493 3071; baseline 0.002 -22"><span class='ocrx_word' id='word_1_456' title='bbox 202 2997 531 3052; x_wconf 69' lang='lat' dir='ltr'>callocetur.</span> <span class='ocrx_word' id='word_1_457' title='bbox 564 2998 689 3052; x_wconf 80' lang='lat' dir='ltr'>Alio</span> <span class='ocrx_word' id='word_1_458' title='bbox 735 2999 908 3053; x_wconf 89' lang='lat' dir='ltr'>etiam</span> <span class='ocrx_word' id='word_1_459' title='bbox 956 3005 1211 3071; x_wconf 88' lang='lat' dir='ltr'>tempore</span> <span class='ocrx_word' id='word_1_460' title='bbox 1256 3000 1377 3071; x_wconf 84' lang='lat' dir='ltr'>ipse</span> <span class='ocrx_word' id='word_1_461' title='bbox 1412 3001 1635 3070; x_wconf 89' lang='lat' dir='ltr'>juvenis</span> <span class='ocrx_word' id='word_1_462' title='bbox 1681 3016 1804 3055; x_wconf 90' lang='lat' dir='ltr'>eam</span> <span class='ocrx_word' id='word_1_463' title='bbox 1833 3042 1869 3071; x_wconf 40' lang='grc' dir='ltr'><strong>Α</strong></span> <span class='ocrx_word' id='word_1_464' title='bbox 1890 3002 1947 3051; x_wconf 87' lang='lat' dir='ltr'>et</span> <span class='ocrx_word' id='word_1_465' title='bbox 1973 2997 2084 3050; x_wconf 85' lang='lat' dir='ltr'>alia</span> <span class='ocrx_word' id='word_1_466' title='bbox 2113 2998 2436 3067; x_wconf 87' lang='lat' dir='ltr'>hujusmodi</span> <span class='ocrx_word' id='word_1_467' title='bbox 2462 2998 2849 3068; x_wconf 72' lang='lat' dir='ltr'>unusquiSque</span> <span class='ocrx_word' id='word_1_468' title='bbox 2897 2998 2956 3052; x_wconf 88' lang='lat' dir='ltr'>in</span> <span class='ocrx_word' id='word_1_469' title='bbox 2994 2999 3237 3054; x_wconf 84' lang='lat' dir='ltr'>alterum</span> <span class='ocrx_word' id='word_1_470' title='bbox 3258 3007 3325 3054; x_wconf 64' lang='lat' dir='ltr'>es</span> <span class='ocrx_word' id='word_1_471' title='bbox 3353 3008 3493 3057; x_wconf 65' lang='lat' dir='ltr'>com</span> 
     </span>
    </p>
   </div>
   <div class='ocr_carea' id='block_1_60' title="bbox 200 3058 3488 3177">
    <p class='ocr_par' dir='ltr' id='par_1_60' title="bbox 200 3058 3488 3177">
     <span class='ocr_line' id='line_1_60' title="bbox 200 3058 3488 3177; baseline 0.002 -39"><span class='ocrx_word' id='word_1_472' title='bbox 200 3092 428 3157; x_wconf 65' lang='lat' dir='ltr'>seraper</span> <span class='ocrx_word' id='word_1_473' title='bbox 446 3087 706 3141; x_wconf 76' lang='lat' dir='ltr'>accendit</span> <span class='ocrx_word' id='word_1_474' title='bbox 726 3093 783 3142; x_wconf 91' lang='lat' dir='ltr'>et</span> <span class='ocrx_word' id='word_1_475' title='bbox 805 3058 1128 3160; x_wconf 70' lang='lat' dir='ltr'>exstinguit,</span> <span class='ocrx_word' id='word_1_476' title='bbox 1170 3058 1297 3143; x_wconf 44' lang='lat' dir='ltr'>nisi.</span> <span class='ocrx_word' id='word_1_477' title='bbox 1325 3058 1451 3160; x_wconf 69' lang='lat' dir='ltr'>post</span> <span class='ocrx_word' id='word_1_478' title='bbox 1496 3091 1806 3161; x_wconf 87' lang='lat' dir='ltr'>completo-</span> <span class='ocrx_word' id='word_1_479' title='bbox 1828 3058 2498 3141; x_wconf 44' lang='lat' dir='ltr'>Csiuetudinevreclamat.</span> <span class='ocrx_word' id='word_1_480' title='bbox 2530 3058 2823 3141; x_wconf 70' lang='lat' dir='ltr'>Reclamat</span> <span class='ocrx_word' id='word_1_481' title='bbox 2877 3095 3100 3158; x_wconf 77' lang='lat' dir='ltr'>qucque</span> <span class='ocrx_word' id='word_1_482' title='bbox 3145 3089 3204 3143; x_wconf 84' lang='lat' dir='ltr'>in</span> <span class='ocrx_word' id='word_1_483' title='bbox 3245 3090 3488 3177; x_wconf 47' lang='lat' dir='ltr'>quemli&#39;f</span> 
     </span>
    </p>
   </div>
   <div class='ocr_carea' id='block_1_61' title="bbox 201 3174 3484 3247">
    <p class='ocr_par' dir='ltr' id='par_1_61' title="bbox 201 3174 3484 3247">
     <span class='ocr_line' id='line_1_61' title="bbox 201 3174 3484 3247; baseline 0.002 -21"><span class='ocrx_word' id='word_1_484' title='bbox 201 3175 349 3230; x_wconf 55' lang='lat' dir='ltr'>tim</span> <span class='ocrx_word' id='word_1_485' title='bbox 382 3180 442 3230; x_wconf 68' lang='lat' dir='ltr'>et</span> <span class='ocrx_word' id='word_1_486' title='bbox 473 3180 603 3247; x_wconf 76' lang='lat' dir='ltr'>post</span> <span class='ocrx_word' id='word_1_487' title='bbox 630 3178 972 3234; x_wconf 78' lang='lat' dir='ltr'>matutinum</span> <span class='ocrx_word' id='word_1_488' title='bbox 1004 3196 1013 3234; x_wconf 75' lang='grc' dir='ltr'><strong><em>τ</em></strong></span> <span class='ocrx_word' id='word_1_489' title='bbox 1044 3186 1181 3234; x_wconf 83' lang='lat' dir='ltr'>tunc</span> <span class='ocrx_word' id='word_1_490' title='bbox 1202 3197 1235 3233; x_wconf 77' lang='grc' dir='ltr'>θ,</span> <span class='ocrx_word' id='word_1_491' title='bbox 1259 3179 1488 3234; x_wconf 79' lang='lat' dir='ltr'>custode</span> <span class='ocrx_word' id='word_1_492' title='bbox 1505 3184 1591 3234; x_wconf 82' lang='lat' dir='ltr'>est</span> <span class='ocrx_word' id='word_1_493' title='bbox 1615 3192 1807 3234; x_wconf 79' lang='lat' dir='ltr'>accen-</span> <span class='ocrx_word' id='word_1_494' title='bbox 1887 3174 1983 3228; x_wconf 86' lang='lat' dir='ltr'>bet</span> <span class='ocrx_word' id='word_1_495' title='bbox 2011 3174 2456 3229; x_wconf 80' lang='lat' dir='ltr'>familiaritatem</span> <span class='ocrx_word' id='word_1_496' title='bbox 2499 3175 2747 3246; x_wconf 79' lang='lat' dir='ltr'>aliquam</span> <span class='ocrx_word' id='word_1_497' title='bbox 2784 3177 2856 3230; x_wconf 90' lang='lat' dir='ltr'>ad</span> <span class='ocrx_word' id='word_1_498' title='bbox 2903 3193 2963 3230; x_wconf 91' lang='lat' dir='ltr'>se</span> <span class='ocrx_word' id='word_1_499' title='bbox 3012 3177 3336 3241; x_wconf 81' lang='lat' dir='ltr'>habentem,</span> <span class='ocrx_word' id='word_1_500' title='bbox 3396 3174 3484 3235; x_wconf 82' lang='lat' dir='ltr'>vel</span> 
     </span>
    </p>
   </div>
   <div class='ocr_carea' id='block_1_62' title="bbox 201 3260 3483 3334">
    <p class='ocr_par' dir='ltr' id='par_1_62' title="bbox 201 3260 3483 3334">
     <span class='ocr_line' id='line_1_62' title="bbox 201 3260 3483 3334; baseline 0.002 -17"><span class='ocrx_word' id='word_1_501' title='bbox 201 3263 408 3325; x_wconf 74' lang='lat' dir='ltr'>denda,</span> <span class='ocrx_word' id='word_1_502' title='bbox 442 3260 746 3334; x_wconf 80' lang='lat' dir='ltr'>etquandc</span> <span class='ocrx_word' id='word_1_503' title='bbox 797 3283 856 3321; x_wconf 93' lang='lat' dir='ltr'>se</span> <span class='ocrx_word' id='word_1_504' title='bbox 902 3268 1202 3322; x_wconf 77' lang='lat' dir='ltr'>recoilorat</span> <span class='ocrx_word' id='word_1_505' title='bbox 1248 3260 1320 3321; x_wconf 90' lang='lat' dir='ltr'>ad</span> <span class='ocrx_word' id='word_1_506' title='bbox 1384 3268 1802 3333; x_wconf 87' lang='lat' dir='ltr'>dormiendum,</span> <span class='ocrx_word' id='word_1_507' title='bbox 1889 3260 2194 3333; x_wconf 86' lang='lat' dir='ltr'>quidquam</span> <span class='ocrx_word' id='word_1_508' title='bbox 2224 3279 2351 3317; x_wconf 89' lang='lat' dir='ltr'>cum</span> <span class='ocrx_word' id='word_1_509' title='bbox 2378 3272 2443 3317; x_wconf 87' lang='lat' dir='ltr'>eo</span> <span class='ocrx_word' id='word_1_510' title='bbox 2473 3263 2797 3334; x_wconf 81' lang='lat' dir='ltr'>loquentem</span> <span class='ocrx_word' id='word_1_511' title='bbox 2821 3266 3050 3320; x_wconf 78' lang='lat' dir='ltr'>custode</span> <span class='ocrx_word' id='word_1_512' title='bbox 3076 3270 3181 3321; x_wconf 79' lang='lat' dir='ltr'>suo</span> <span class='ocrx_word' id='word_1_513' title='bbox 3220 3270 3332 3322; x_wconf 77' lang='lat' dir='ltr'>non</span> <span class='ocrx_word' id='word_1_514' title='bbox 3369 3278 3483 3324; x_wconf 58' lang='lat' dir='ltr'>auu-</span> 
     </span>
    </p>
   </div>
   <div class='ocr_carea' id='block_1_63' title="bbox 198 3348 3491 3425">
    <p class='ocr_par' dir='ltr' id='par_1_63' title="bbox 198 3348 3491 3425">
     <span class='ocr_line' id='line_1_63' title="bbox 198 3348 3491 3425; baseline 0.006 -31"><span class='ocrx_word' id='word_1_515' title='bbox 198 3352 409 3407; x_wconf 56' lang='lat' dir='ltr'>mmm</span> <span class='ocrx_word' id='word_1_516' title='bbox 440 3355 870 3425; x_wconf 41' lang='lat' dir='ltr'>exstinguenda</span> <span class='ocrx_word' id='word_1_517' title='bbox 902 3357 962 3412; x_wconf 64' lang='lat' dir='ltr'>Si</span> <span class='ocrx_word' id='word_1_518' title='bbox 988 3368 1118 3412; x_wconf 68' lang='lat' dir='ltr'>eum</span> <span class='ocrx_word' id='word_1_519' title='bbox 1165 3358 1223 3411; x_wconf 74' lang='lat' dir='ltr'>in</span> <span class='ocrx_word' id='word_1_520' title='bbox 1271 3356 1560 3411; x_wconf 72' lang='lat' dir='ltr'>ecclesiam</span> <span class='ocrx_word' id='word_1_521' title='bbox 1614 3354 1699 3412; x_wconf 70' lang='lat' dir='ltr'>vel</span> <span class='ocrx_word' id='word_1_522' title='bbox 1748 3358 1805 3411; x_wconf 71' lang='lat' dir='ltr'>in</span> <span class='ocrx_word' id='word_1_523' title='bbox 1888 3351 2095 3406; x_wconf 89' lang='lat' dir='ltr'>diente.</span> <span class='ocrx_word' id='word_1_524' title='bbox 2120 3352 2420 3407; x_wconf 87' lang='lat' dir='ltr'>Custodem</span> <span class='ocrx_word' id='word_1_525' title='bbox 2443 3356 2573 3405; x_wconf 67' lang='lat' dir='ltr'>varo</span> <span class='ocrx_word' id='word_1_526' title='bbox 2603 3352 2673 3406; x_wconf 91' lang='lat' dir='ltr'>de</span> <span class='ocrx_word' id='word_1_527' title='bbox 2711 3353 2817 3406; x_wconf 89' lang='lat' dir='ltr'>hoc</span> <span class='ocrx_word' id='word_1_528' title='bbox 2854 3356 3078 3408; x_wconf 85' lang='lat' dir='ltr'>tantum</span> <span class='ocrx_word' id='word_1_529' title='bbox 3118 3348 3407 3424; x_wconf 83' lang='lat' dir='ltr'>inclamat,</span> <span class='ocrx_word' id='word_1_530' title='bbox 3440 3358 3491 3414; x_wconf 77' lang='lat' dir='ltr'>si</span> 
     </span>
    </p>
   </div>
   <div class='ocr_carea' id='block_1_64' title="bbox 199 3440 3482 3517">
    <p class='ocr_par' dir='ltr' id='par_1_64' title="bbox 199 3440 3482 3517">
     <span class='ocr_line' id='line_1_64' title="bbox 199 3440 3482 3517; baseline 0.003 -27"><span class='ocrx_word' id='word_1_531' title='bbox 199 3442 571 3497; x_wconf 60' lang='lat' dir='ltr'>retecta-ium</span> <span class='ocrx_word' id='word_1_532' title='bbox 591 3444 831 3509; x_wconf 71' lang='lat' dir='ltr'>duxerit,</span> <span class='ocrx_word' id='word_1_533' title='bbox 879 3453 991 3500; x_wconf 71' lang='lat' dir='ltr'>non</span> <span class='ocrx_word' id='word_1_534' title='bbox 1029 3463 1158 3501; x_wconf 75' lang='lat' dir='ltr'>eum</span> <span class='ocrx_word' id='word_1_535' title='bbox 1192 3444 1420 3515; x_wconf 67' lang='lat' dir='ltr'>deserit,</span> <span class='ocrx_word' id='word_1_536' title='bbox 1462 3460 1641 3517; x_wconf 73' lang='lat' dir='ltr'>usque</span> <span class='ocrx_word' id='word_1_537' title='bbox 1670 3447 1804 3501; x_wconf 71' lang='lat' dir='ltr'>dum</span> <span class='ocrx_word' id='word_1_538' title='bbox 1888 3453 2015 3493; x_wconf 86' lang='lat' dir='ltr'>eum</span> <span class='ocrx_word' id='word_1_539' title='bbox 2046 3440 2169 3494; x_wconf 89' lang='lat' dir='ltr'>sine</span> <span class='ocrx_word' id='word_1_540' title='bbox 2196 3440 2451 3494; x_wconf 88' lang='lat' dir='ltr'>custodia</span> <span class='ocrx_word' id='word_1_541' title='bbox 2478 3440 2732 3504; x_wconf 85' lang='lat' dir='ltr'>dimittit,</span> <span class='ocrx_word' id='word_1_542' title='bbox 2766 3442 2848 3494; x_wconf 86' lang='lat' dir='ltr'>vel</span> <span class='ocrx_word' id='word_1_543' title='bbox 2869 3442 2917 3495; x_wconf 90' lang='lat' dir='ltr'>si</span> <span class='ocrx_word' id='word_1_544' title='bbox 2945 3454 3116 3513; x_wconf 86' lang='lat' dir='ltr'>quam</span> <span class='ocrx_word' id='word_1_545' title='bbox 3144 3444 3203 3498; x_wconf 84' lang='lat' dir='ltr'>in</span> <span class='ocrx_word' id='word_1_546' title='bbox 3232 3450 3364 3500; x_wconf 80' lang='lat' dir='ltr'>eum</span> <span class='ocrx_word' id='word_1_547' title='bbox 3385 3458 3482 3501; x_wconf 41' lang='lat' dir='ltr'>aus</span> 
     </span>
    </p>
   </div>
   <div class='ocr_carea' id='block_1_65' title="bbox 200 3529 3488 3603">
    <p class='ocr_par' dir='ltr' id='par_1_65' title="bbox 200 3529 3488 3603">
     <span class='ocr_line' id='line_1_65' title="bbox 200 3529 3488 3603; baseline 0.002 -18"><span class='ocrx_word' id='word_1_548' title='bbox 200 3532 271 3585; x_wconf 86' lang='lat' dir='ltr'>sit</span> <span class='ocrx_word' id='word_1_549' title='bbox 287 3532 349 3585; x_wconf 89' lang='lat' dir='ltr'>in</span> <span class='ocrx_word' id='word_1_550' title='bbox 379 3533 685 3603; x_wconf 71' lang='lat' dir='ltr'>praesentia</span> <span class='ocrx_word' id='word_1_551' title='bbox 711 3541 1037 3590; x_wconf 89' lang='lat' dir='ltr'>conventus.</span> <span class='ocrx_word' id='word_1_552' title='bbox 1070 3536 1130 3591; x_wconf 90' lang='lat' dir='ltr'>Si</span> <span class='ocrx_word' id='word_1_553' title='bbox 1159 3541 1387 3590; x_wconf 85' lang='lat' dir='ltr'>notatus</span> <span class='ocrx_word' id='word_1_554' title='bbox 1416 3534 1587 3589; x_wconf 81' lang='lat' dir='ltr'>fuerit</span> <span class='ocrx_word' id='word_1_555' title='bbox 1607 3534 1674 3589; x_wconf 87' lang='lat' dir='ltr'>ad</span> <span class='ocrx_word' id='word_1_556' title='bbox 1710 3552 1803 3590; x_wconf 91' lang='lat' dir='ltr'>co-</span> <span class='ocrx_word' id='word_1_557' title='bbox 1886 3530 2201 3584; x_wconf 73' lang='lat' dir='ltr'>Stéritatem</span> <span class='ocrx_word' id='word_1_558' title='bbox 2231 3536 2468 3593; x_wconf 65' lang='lat' dir='ltr'>Exercet.</span> <span class='ocrx_word' id='word_1_559' title='bbox 2521 3529 2619 3584; x_wconf 66' lang='lat' dir='ltr'>tibi</span> <span class='ocrx_word' id='word_1_560' title='bbox 2670 3530 3083 3586; x_wconf 64' lang='lat' dir='ltr'>humanitatem</span> <span class='ocrx_word' id='word_1_561' title='bbox 3120 3533 3174 3587; x_wconf 72' lang='lat' dir='ltr'>ei</span> <span class='ocrx_word' id='word_1_562' title='bbox 3223 3534 3488 3591; x_wconf 76' lang='lat' dir='ltr'>exhibere</span> 
     </span>
    </p>
   </div>
   <div class='ocr_carea' id='block_1_66' title="bbox 199 3618 3487 3695">
    <p class='ocr_par' dir='ltr' id='par_1_66' title="bbox 199 3618 3487 3695">
     <span class='ocr_line' id='line_1_66' title="bbox 199 3618 3487 3695; baseline 0.003 -26"><span class='ocrx_word' id='word_1_563' title='bbox 199 3622 458 3692; x_wconf 65' lang='lat' dir='ltr'>quinam,</span> <span class='ocrx_word' id='word_1_564' title='bbox 493 3626 627 3676; x_wconf 78' lang='lat' dir='ltr'>ante</span> <span class='ocrx_word' id='word_1_565' title='bbox 653 3624 901 3678; x_wconf 77' lang='lat' dir='ltr'>sonitum</span> <span class='ocrx_word' id='word_1_566' title='bbox 931 3641 1044 3679; x_wconf 79' lang='lat' dir='ltr'>non</span> <span class='ocrx_word' id='word_1_567' title='bbox 1073 3624 1224 3679; x_wconf 75' lang='lat' dir='ltr'>venit</span> <span class='ocrx_word' id='word_1_568' title='bbox 1251 3626 1308 3679; x_wconf 80' lang='lat' dir='ltr'>in</span> <span class='ocrx_word' id='word_1_569' title='bbox 1336 3640 1481 3678; x_wconf 80' lang='lat' dir='ltr'>eam.</span> <span class='ocrx_word' id='word_1_570' title='bbox 1507 3624 1649 3679; x_wconf 83' lang='lat' dir='ltr'>Cum</span> <span class='ocrx_word' id='word_1_571' title='bbox 1674 3626 1805 3678; x_wconf 81' lang='lat' dir='ltr'>nul-</span> <span class='ocrx_word' id='word_1_572' title='bbox 1885 3618 2133 3673; x_wconf 89' lang='lat' dir='ltr'>deberet.</span> <span class='ocrx_word' id='word_1_573' title='bbox 2177 3620 2384 3673; x_wconf 88' lang='lat' dir='ltr'>Cavere</span> <span class='ocrx_word' id='word_1_574' title='bbox 2418 3618 2586 3672; x_wconf 86' lang='lat' dir='ltr'>habet</span> <span class='ocrx_word' id='word_1_575' title='bbox 2605 3618 2993 3690; x_wconf 86' lang='lat' dir='ltr'>unusquisque</span> <span class='ocrx_word' id='word_1_576' title='bbox 3012 3638 3227 3690; x_wconf 91' lang='lat' dir='ltr'>eorum,</span> <span class='ocrx_word' id='word_1_577' title='bbox 3259 3625 3395 3695; x_wconf 86' lang='lat' dir='ltr'>quin</span> <span class='ocrx_word' id='word_1_578' title='bbox 3426 3624 3487 3680; x_wconf 80' lang='lat' dir='ltr'>in</span> 
     </span>
    </p>
   </div>
   <div class='ocr_carea' id='block_1_67' title="bbox 200 3707 3480 3784">
    <p class='ocr_par' dir='ltr' id='par_1_67' title="bbox 200 3707 3480 3784">
     <span class='ocr_line' id='line_1_67' title="bbox 200 3707 3480 3784; baseline 0.003 -26"><span class='ocrx_word' id='word_1_579' title='bbox 200 3710 251 3764; x_wconf 72' lang='lat' dir='ltr'>to</span> <span class='ocrx_word' id='word_1_580' title='bbox 273 3712 391 3765; x_wconf 73' lang='lat' dir='ltr'>alio</span> <span class='ocrx_word' id='word_1_581' title='bbox 413 3712 526 3764; x_wconf 76' lang='lat' dir='ltr'>nisi</span> <span class='ocrx_word' id='word_1_582' title='bbox 554 3720 682 3765; x_wconf 76' lang='lat' dir='ltr'>cum</span> <span class='ocrx_word' id='word_1_583' title='bbox 717 3712 948 3767; x_wconf 68' lang='lat' dir='ltr'>custode</span> <span class='ocrx_word' id='word_1_584' title='bbox 976 3714 1120 3768; x_wconf 76' lang='lat' dir='ltr'>hanc</span> <span class='ocrx_word' id='word_1_585' title='bbox 1168 3714 1335 3768; x_wconf 72' lang='lat' dir='ltr'>debet,</span> <span class='ocrx_word' id='word_1_586' title='bbox 1361 3713 1564 3778; x_wconf 74' lang='lat' dir='ltr'>facere,</span> <span class='ocrx_word' id='word_1_587' title='bbox 1611 3713 1707 3784; x_wconf 79' lang='lat' dir='ltr'>qui</span> <span class='ocrx_word' id='word_1_588' title='bbox 1748 3719 1802 3767; x_wconf 81' lang='lat' dir='ltr'>et</span> <span class='ocrx_word' id='word_1_589' title='bbox 1884 3708 2131 3762; x_wconf 90' lang='lat' dir='ltr'>claustro</span> <span class='ocrx_word' id='word_1_590' title='bbox 2151 3722 2276 3762; x_wconf 87' lang='lat' dir='ltr'>cum</span> <span class='ocrx_word' id='word_1_591' title='bbox 2304 3707 2532 3772; x_wconf 83' lang='lat' dir='ltr'>tabulis,</span> <span class='ocrx_word' id='word_1_592' title='bbox 2566 3707 2647 3761; x_wconf 87' lang='lat' dir='ltr'>illi</span> <span class='ocrx_word' id='word_1_593' title='bbox 2676 3708 2862 3778; x_wconf 81' lang='lat' dir='ltr'>gratia</span> <span class='ocrx_word' id='word_1_594' title='bbox 2888 3709 3165 3765; x_wconf 73' lang='lat' dir='ltr'>scribendi</span> <span class='ocrx_word' id='word_1_595' title='bbox 3181 3713 3480 3781; x_wconf 86' lang='lat' dir='ltr'>concessis,</span> 
     </span>
    </p>
   </div>
   <div class='ocr_carea' id='block_1_68' title="bbox 199 3797 3488 3876">
    <p class='ocr_par' dir='ltr' id='par_1_68' title="bbox 199 3797 3488 3876">
     <span class='ocr_line' id='line_1_68' title="bbox 199 3797 3488 3876; baseline 0.002 -24"><span class='ocrx_word' id='word_1_596' title='bbox 199 3808 326 3853; x_wconf 84' lang='lat' dir='ltr'>eum</span> <span class='ocrx_word' id='word_1_597' title='bbox 352 3799 665 3870; x_wconf 85' lang='lat' dir='ltr'>diligenter</span> <span class='ocrx_word' id='word_1_598' title='bbox 694 3800 769 3855; x_wconf 89' lang='lat' dir='ltr'>ibi</span> <span class='ocrx_word' id='word_1_599' title='bbox 792 3807 850 3856; x_wconf 89' lang='lat' dir='ltr'>et</span> <span class='ocrx_word' id='word_1_600' title='bbox 869 3802 1076 3873; x_wconf 89' lang='lat' dir='ltr'>ubique</span> <span class='ocrx_word' id='word_1_601' title='bbox 1104 3800 1271 3857; x_wconf 86' lang='lat' dir='ltr'>debet</span> <span class='ocrx_word' id='word_1_602' title='bbox 1299 3803 1601 3866; x_wconf 89' lang='lat' dir='ltr'>custodire,</span> <span class='ocrx_word' id='word_1_603' title='bbox 1636 3818 1700 3855; x_wconf 87' lang='lat' dir='ltr'>ac</span> <span class='ocrx_word' id='word_1_604' title='bbox 1731 3803 1801 3856; x_wconf 89' lang='lat' dir='ltr'>de</span> <span class='ocrx_word' id='word_1_605' title='bbox 1884 3814 1918 3851; x_wconf 86' lang='lat' dir='ltr'>a</span> <span class='ocrx_word' id='word_1_606' title='bbox 1948 3798 2219 3852; x_wconf 81' lang='lat' dir='ltr'>circatore</span> <span class='ocrx_word' id='word_1_607' title='bbox 2249 3797 2665 3862; x_wconf 87' lang='lat' dir='ltr'>obambulante,</span> <span class='ocrx_word' id='word_1_608' title='bbox 2699 3798 3039 3870; x_wconf 75' lang='lat' dir='ltr'>easdemque</span> <span class='ocrx_word' id='word_1_609' title='bbox 3063 3801 3285 3857; x_wconf 85' lang='lat' dir='ltr'>tabulas</span> <span class='ocrx_word' id='word_1_610' title='bbox 3314 3804 3488 3876; x_wconf 84' lang='lat' dir='ltr'>inspi-</span> 
     </span>
    </p>
   </div>
   <div class='ocr_carea' id='block_1_69' title="bbox 196 3890 1800 3963">
    <p class='ocr_par' dir='ltr' id='par_1_69' title="bbox 196 3890 1800 3963">
     <span class='ocr_line' id='line_1_69' title="bbox 196 3890 1800 3963; baseline 0.002 -22"><span class='ocrx_word' id='word_1_611' title='bbox 196 3890 567 3959; x_wconf 76' lang='lat' dir='ltr'>negligentiis</span> <span class='ocrx_word' id='word_1_612' title='bbox 599 3891 716 3944; x_wconf 90' lang='lat' dir='ltr'>suis</span> <span class='ocrx_word' id='word_1_613' title='bbox 747 3891 963 3962; x_wconf 87' lang='lat' dir='ltr'>jugiter</span> <span class='ocrx_word' id='word_1_614' title='bbox 990 3893 1373 3963; x_wconf 83' lang='lat' dir='ltr'>proclamare;</span> <span class='ocrx_word' id='word_1_615' title='bbox 1424 3892 1574 3963; x_wconf 78' lang='lat' dir='ltr'>quia,</span> <span class='ocrx_word' id='word_1_616' title='bbox 1632 3892 1800 3962; x_wconf 89' lang='lat' dir='ltr'>quid-</span> 
     </span>
    </p>
   </div>
   <div class='ocr_carea' id='block_1_70' title="bbox 195 3976 1796 4051">
    <p class='ocr_par' dir='ltr' id='par_1_70' title="bbox 195 3976 1796 4051">
     <span class='ocr_line' id='line_1_70' title="bbox 195 3976 1796 4051; baseline -0.001 -17"><span class='ocrx_word' id='word_1_617' title='bbox 195 3978 329 4049; x_wconf 81' lang='lat' dir='ltr'>quid</span> <span class='ocrx_word' id='word_1_618' title='bbox 359 3992 434 4032; x_wconf 88' lang='lat' dir='ltr'>eo</span> <span class='ocrx_word' id='word_1_619' title='bbox 455 3978 730 4049; x_wconf 65' lang='lat' dir='ltr'>praesente</span> <span class='ocrx_word' id='word_1_620' title='bbox 777 3976 1098 4051; x_wconf 83' lang='lat' dir='ltr'>deliquerit,</span> <span class='ocrx_word' id='word_1_621' title='bbox 1131 3986 1315 4036; x_wconf 91' lang='lat' dir='ltr'>totum</span> <span class='ocrx_word' id='word_1_622' title='bbox 1344 3981 1427 4035; x_wconf 88' lang='lat' dir='ltr'>illi</span> <span class='ocrx_word' id='word_1_623' title='bbox 1463 3980 1796 4051; x_wconf 82' lang='lat' dir='ltr'>imputatur,</span> 
     </span>
    </p>
   </div>
   <div class='ocr_carea' id='block_1_71' title="bbox 194 4065 1798 4138">
    <p class='ocr_par' dir='ltr' id='par_1_71' title="bbox 194 4065 1798 4138">
     <span class='ocr_line' id='line_1_71' title="bbox 194 4065 1798 4138; baseline 0.002 -19"><span class='ocrx_word' id='word_1_624' title='bbox 194 4065 239 4118; x_wconf 87' lang='lat' dir='ltr'>si</span> <span class='ocrx_word' id='word_1_625' title='bbox 265 4066 341 4120; x_wconf 77' lang='lat' dir='ltr'>ab</span> <span class='ocrx_word' id='word_1_626' title='bbox 368 4076 443 4120; x_wconf 86' lang='lat' dir='ltr'>eo</span> <span class='ocrx_word' id='word_1_627' title='bbox 463 4072 635 4138; x_wconf 78' lang='lat' dir='ltr'>super</span> <span class='ocrx_word' id='word_1_628' title='bbox 661 4068 768 4123; x_wconf 87' lang='lat' dir='ltr'>hoc</span> <span class='ocrx_word' id='word_1_629' title='bbox 804 4076 919 4123; x_wconf 77' lang='lat' dir='ltr'>non</span> <span class='ocrx_word' id='word_1_630' title='bbox 946 4068 1301 4125; x_wconf 83' lang='lat' dir='ltr'>inclamatur.</span> <span class='ocrx_word' id='word_1_631' title='bbox 1335 4070 1420 4124; x_wconf 88' lang='lat' dir='ltr'>Ad</span> <span class='ocrx_word' id='word_1_632' title='bbox 1449 4072 1566 4124; x_wconf 88' lang='lat' dir='ltr'>tres</span> <span class='ocrx_word' id='word_1_633' title='bbox 1588 4069 1798 4123; x_wconf 55' lang='lat' dir='ltr'>oratio-s</span> 
     </span>
    </p>
   </div>
   <div class='ocr_carea' id='block_1_72' title="bbox 194 4156 1799 4229">
    <p class='ocr_par' dir='ltr' id='par_1_72' title="bbox 194 4156 1799 4229">
     <span class='ocr_line' id='line_1_72' title="bbox 194 4156 1799 4229; baseline 0.001 -20"><span class='ocrx_word' id='word_1_634' title='bbox 194 4162 311 4217; x_wconf 75' lang='lat' dir='ltr'>nes.</span> <span class='ocrx_word' id='word_1_635' title='bbox 355 4161 490 4226; x_wconf 66' lang='lat' dir='ltr'>quae</span> <span class='ocrx_word' id='word_1_636' title='bbox 509 4156 617 4211; x_wconf 85' lang='lat' dir='ltr'>rite</span> <span class='ocrx_word' id='word_1_637' title='bbox 638 4156 781 4211; x_wconf 79' lang='lat' dir='ltr'>fiunt</span> <span class='ocrx_word' id='word_1_638' title='bbox 809 4164 941 4213; x_wconf 83' lang='lat' dir='ltr'>ante</span> <span class='ocrx_word' id='word_1_639' title='bbox 967 4165 1289 4227; x_wconf 80' lang='lat' dir='ltr'>nocturnos,</span> <span class='ocrx_word' id='word_1_640' title='bbox 1322 4164 1378 4213; x_wconf 87' lang='lat' dir='ltr'>et</span> <span class='ocrx_word' id='word_1_641' title='bbox 1405 4159 1476 4213; x_wconf 87' lang='lat' dir='ltr'>ad</span> <span class='ocrx_word' id='word_1_642' title='bbox 1506 4158 1651 4224; x_wconf 87' lang='lat' dir='ltr'>illas,</span> <span class='ocrx_word' id='word_1_643' title='bbox 1677 4170 1799 4229; x_wconf 56' lang='lat' dir='ltr'>qua!</span> 
     </span>
    </p>
   </div>
   <div class='ocr_carea' id='block_1_73' title="bbox 194 4244 1799 4320">
    <p class='ocr_par' dir='ltr' id='par_1_73' title="bbox 194 4244 1799 4320">
     <span class='ocr_line' id='line_1_73' title="bbox 194 4244 1799 4320; baseline 0.002 -23"><span class='ocrx_word' id='word_1_644' title='bbox 194 4250 325 4298; x_wconf 60' lang='lat' dir='ltr'>nite</span> <span class='ocrx_word' id='word_1_645' title='bbox 365 4244 617 4315; x_wconf 75' lang='lat' dir='ltr'>primam</span> <span class='ocrx_word' id='word_1_646' title='bbox 670 4245 751 4300; x_wconf 68' lang='lat' dir='ltr'>Vel</span> <span class='ocrx_word' id='word_1_647' title='bbox 796 4252 928 4302; x_wconf 87' lang='lat' dir='ltr'>ante</span> <span class='ocrx_word' id='word_1_648' title='bbox 954 4249 1202 4315; x_wconf 80' lang='lat' dir='ltr'>tertiam,</span> <span class='ocrx_word' id='word_1_649' title='bbox 1237 4252 1294 4303; x_wconf 88' lang='lat' dir='ltr'>et</span> <span class='ocrx_word' id='word_1_650' title='bbox 1340 4253 1467 4320; x_wconf 86' lang='lat' dir='ltr'>post</span> <span class='ocrx_word' id='word_1_651' title='bbox 1493 4247 1799 4319; x_wconf 64' lang='lat' dir='ltr'>completo-&#39;-</span> 
     </span>
    </p>
   </div>
   <div class='ocr_carea' id='block_1_74' title="bbox 1882 3885 3484 3965">
    <p class='ocr_par' dir='ltr' id='par_1_74' title="bbox 1882 3885 3484 3965">
     <span class='ocr_line' id='line_1_74' title="bbox 1882 3885 3484 3965; baseline 0.005 -24"><span class='ocrx_word' id='word_1_652' title='bbox 1882 3887 2082 3945; x_wconf 86' lang='lat' dir='ltr'>ciente.</span> <span class='ocrx_word' id='word_1_653' title='bbox 2108 3886 2318 3957; x_wconf 87' lang='lat' dir='ltr'>aliquid</span> <span class='ocrx_word' id='word_1_654' title='bbox 2341 3887 2454 3940; x_wconf 89' lang='lat' dir='ltr'>tale</span> <span class='ocrx_word' id='word_1_655' title='bbox 2470 3885 2801 3958; x_wconf 87' lang='lat' dir='ltr'>inscriptum</span> <span class='ocrx_word' id='word_1_656' title='bbox 2823 3889 3001 3958; x_wconf 85' lang='lat' dir='ltr'>possit</span> <span class='ocrx_word' id='word_1_657' title='bbox 3025 3890 3285 3959; x_wconf 69' lang='lat' dir='ltr'>inVeniri,</span> <span class='ocrx_word' id='word_1_658' title='bbox 3307 3902 3343 3947; x_wconf 80' lang='lat' dir='ltr'>a</span> <span class='ocrx_word' id='word_1_659' title='bbox 3373 3902 3484 3965; x_wconf 82' lang='lat' dir='ltr'>quo</span> 
     </span>
    </p>
   </div>
   <div class='ocr_carea' id='block_1_75' title="bbox 1881 3974 3484 4049">
    <p class='ocr_par' dir='ltr' id='par_1_75' title="bbox 1881 3974 3484 4049">
     <span class='ocr_line' id='line_1_75' title="bbox 1881 3974 3484 4049; baseline 0.005 -20"><span class='ocrx_word' id='word_1_660' title='bbox 1881 3975 2087 4045; x_wconf 87' lang='lat' dir='ltr'>dignus</span> <span class='ocrx_word' id='word_1_661' title='bbox 2115 3975 2190 4028; x_wconf 88' lang='lat' dir='ltr'>sit</span> <span class='ocrx_word' id='word_1_662' title='bbox 2219 3974 2530 4029; x_wconf 85' lang='lat' dir='ltr'>inclamari.</span> <span class='ocrx_word' id='word_1_663' title='bbox 2557 3974 2667 4028; x_wconf 83' lang='lat' dir='ltr'>Sed</span> <span class='ocrx_word' id='word_1_664' title='bbox 2689 3978 2773 4028; x_wconf 88' lang='lat' dir='ltr'>est</span> <span class='ocrx_word' id='word_1_665' title='bbox 2792 3975 3082 4031; x_wconf 80' lang='lat' dir='ltr'>sciendum</span> <span class='ocrx_word' id='word_1_666' title='bbox 3114 3978 3263 4049; x_wconf 81' lang='lat' dir='ltr'>quod</span> <span class='ocrx_word' id='word_1_667' title='bbox 3292 3980 3484 4037; x_wconf 84' lang='lat' dir='ltr'>nullus</span> 
     </span>
    </p>
   </div>
   <div class='ocr_carea' id='block_1_76' title="bbox 1882 4052 3483 4130">
    <p class='ocr_par' dir='ltr' id='par_1_76' title="bbox 1882 4052 3483 4130">
     <span class='ocr_line' id='line_1_76' title="bbox 1882 4052 3483 4130; baseline 0.004 -12"><span class='ocrx_word' id='word_1_668' title='bbox 1882 4078 2077 4118; x_wconf 91' lang='lat' dir='ltr'>eorum</span> <span class='ocrx_word' id='word_1_669' title='bbox 2107 4074 2353 4128; x_wconf 88' lang='lat' dir='ltr'>carnem,</span> <span class='ocrx_word' id='word_1_670' title='bbox 2394 4061 2503 4116; x_wconf 89' lang='lat' dir='ltr'>nisi</span> <span class='ocrx_word' id='word_1_671' title='bbox 2538 4060 2677 4116; x_wconf 86' lang='lat' dir='ltr'>adeo</span> <span class='ocrx_word' id='word_1_672' title='bbox 2720 4052 2996 4130; x_wconf 80' lang='lat' dir='ltr'>infirmus,</span> <span class='ocrx_word' id='word_1_673' title='bbox 3045 4065 3213 4121; x_wconf 87' lang='lat' dir='ltr'>debet</span> <span class='ocrx_word' id='word_1_674' title='bbox 3240 4064 3483 4125; x_wconf 65' lang='lat' dir='ltr'>mandua</span> 
     </span>
    </p>
   </div>
   <div class='ocr_carea' id='block_1_77' title="bbox 1881 4148 3479 4222">
    <p class='ocr_par' dir='ltr' id='par_1_77' title="bbox 1881 4148 3479 4222">
     <span class='ocr_line' id='line_1_77' title="bbox 1881 4148 3479 4222; baseline 0.005 -16"><span class='ocrx_word' id='word_1_675' title='bbox 1881 4169 2027 4217; x_wconf 89' lang='lat' dir='ltr'>care,</span> <span class='ocrx_word' id='word_1_676' title='bbox 2080 4168 2262 4222; x_wconf 89' lang='lat' dir='ltr'>neque</span> <span class='ocrx_word' id='word_1_677' title='bbox 2310 4148 2588 4215; x_wconf 86' lang='lat' dir='ltr'>balneare,</span> <span class='ocrx_word' id='word_1_678' title='bbox 2653 4150 2768 4204; x_wconf 84' lang='lat' dir='ltr'>sive</span> <span class='ocrx_word' id='word_1_679' title='bbox 2813 4152 3149 4222; x_wconf 82' lang='lat' dir='ltr'>sanguinem</span> <span class='ocrx_word' id='word_1_680' title='bbox 3203 4157 3479 4214; x_wconf 82' lang='lat' dir='ltr'>minuere.</span> 
     </span>
    </p>
   </div>
   <div class='ocr_carea' id='block_1_78' title="bbox 1883 4239 3478 4317">
    <p class='ocr_par' dir='ltr' id='par_1_78' title="bbox 1883 4239 3478 4317">
     <span class='ocr_line' id='line_1_78' title="bbox 1883 4239 3478 4317; baseline 0.005 -23"><span class='ocrx_word' id='word_1_681' title='bbox 1883 4239 2042 4305; x_wconf 88' lang='lat' dir='ltr'>Quod</span> <span class='ocrx_word' id='word_1_682' title='bbox 2063 4240 2110 4294; x_wconf 92' lang='lat' dir='ltr'>si</span> <span class='ocrx_word' id='word_1_683' title='bbox 2130 4239 2296 4293; x_wconf 87' lang='lat' dir='ltr'>alicui</span> <span class='ocrx_word' id='word_1_684' title='bbox 2319 4248 2419 4309; x_wconf 88' lang='lat' dir='ltr'>pro</span> <span class='ocrx_word' id='word_1_685' title='bbox 2440 4239 2770 4293; x_wconf 84' lang='lat' dir='ltr'>inﬁrmitate</span> <span class='ocrx_word' id='word_1_686' title='bbox 2792 4241 3118 4296; x_wconf 84' lang='lat' dir='ltr'>conceditur</span> <span class='ocrx_word' id='word_1_687' title='bbox 3144 4246 3478 4317; x_wconf 79' lang='lat' dir='ltr'>sanguinem</span> 
     </span>
    </p>
   </div>
   <div class='ocr_carea' id='block_1_79' title="bbox 190 4320 3478 4409">
    <p class='ocr_par' dir='ltr' id='par_1_79' title="bbox 190 4320 3478 4409">
     <span class='ocr_line' id='line_1_79' title="bbox 190 4320 3478 4409; baseline 0.001 -21"><span class='ocrx_word' id='word_1_688' title='bbox 190 4320 341 4387; x_wconf 77' lang='lat' dir='ltr'>rium</span> <span class='ocrx_word' id='word_1_689' title='bbox 370 4334 545 4401; x_wconf 66' lang='lat' dir='ltr'>nunc,</span> <span class='ocrx_word' id='word_1_690' title='bbox 566 4335 637 4389; x_wconf 81' lang='lat' dir='ltr'>ad</span> <span class='ocrx_word' id='word_1_691' title='bbox 667 4334 924 4391; x_wconf 84' lang='lat' dir='ltr'>litaniam</span> <span class='ocrx_word' id='word_1_692' title='bbox 947 4344 1168 4409; x_wconf 85' lang='lat' dir='ltr'>quoque</span> <span class='ocrx_word' id='word_1_693' title='bbox 1202 4343 1329 4409; x_wconf 90' lang='lat' dir='ltr'>post</span> <span class='ocrx_word' id='word_1_694' title='bbox 1359 4337 1620 4409; x_wconf 88' lang='lat' dir='ltr'>primam,</span> <span class='ocrx_word' id='word_1_695' title='bbox 1649 4351 1800 4390; x_wconf 87' lang='lat' dir='ltr'>nun-</span> <span class='ocrx_word' id='word_1_696' title='bbox 1854 4329 2156 4409; x_wconf 34' lang='lat' dir='ltr'>.minuere,</span> <span class='ocrx_word' id='word_1_697' title='bbox 2180 4328 2251 4382; x_wconf 87' lang='lat' dir='ltr'>ad</span> <span class='ocrx_word' id='word_1_698' title='bbox 2281 4328 2591 4399; x_wconf 85' lang='lat' dir='ltr'>proximam</span> <span class='ocrx_word' id='word_1_699' title='bbox 2635 4328 2830 4381; x_wconf 85' lang='lat' dir='ltr'>horam</span> <span class='ocrx_word' id='word_1_700' title='bbox 2868 4334 3092 4401; x_wconf 83' lang='lat' dir='ltr'>accepta</span> <span class='ocrx_word' id='word_1_701' title='bbox 3136 4340 3265 4388; x_wconf 85' lang='lat' dir='ltr'>cum</span> <span class='ocrx_word' id='word_1_702' title='bbox 3315 4336 3478 4406; x_wconf 80' lang='lat' dir='ltr'>signo</span> 
     </span>
    </p>
   </div>
   <div class='ocr_carea' id='block_1_80' title="bbox 191 4412 3482 4497">
    <p class='ocr_par' dir='ltr' id='par_1_80' title="bbox 191 4412 3482 4497">
     <span class='ocr_line' id='line_1_80' title="bbox 191 4412 3482 4497; baseline 0.002 -22"><span class='ocrx_word' id='word_1_703' title='bbox 191 4432 364 4492; x_wconf 86' lang='lat' dir='ltr'>quam</span> <span class='ocrx_word' id='word_1_704' title='bbox 399 4423 477 4476; x_wconf 85' lang='lat' dir='ltr'>ab</span> <span class='ocrx_word' id='word_1_705' title='bbox 521 4422 757 4479; x_wconf 82' lang='lat' dir='ltr'>invicem</span> <span class='ocrx_word' id='word_1_706' title='bbox 810 4432 1175 4497; x_wconf 82' lang='lat' dir='ltr'>separantur;</span> <span class='ocrx_word' id='word_1_707' title='bbox 1209 4427 1307 4481; x_wconf 87' lang='lat' dir='ltr'>sed</span> <span class='ocrx_word' id='word_1_708' title='bbox 1337 4426 1441 4481; x_wconf 90' lang='lat' dir='ltr'>sub</span> <span class='ocrx_word' id='word_1_709' title='bbox 1473 4426 1668 4480; x_wconf 80' lang='lat' dir='ltr'>litania</span> <span class='ocrx_word' id='word_1_710' title='bbox 1697 4412 2176 4479; x_wconf 86' lang='lat' dir='ltr'>cn-Dminuendi</span> <span class='ocrx_word' id='word_1_711' title='bbox 2198 4418 2427 4472; x_wconf 81' lang='lat' dir='ltr'>licentia</span> <span class='ocrx_word' id='word_1_712' title='bbox 2448 4416 2506 4470; x_wconf 90' lang='lat' dir='ltr'>in</span> <span class='ocrx_word' id='word_1_713' title='bbox 2536 4416 2808 4471; x_wconf 87' lang='lat' dir='ltr'>minorem</span> <span class='ocrx_word' id='word_1_714' title='bbox 2846 4419 3079 4473; x_wconf 89' lang='lat' dir='ltr'>chorum</span> <span class='ocrx_word' id='word_1_715' title='bbox 3116 4422 3345 4490; x_wconf 86' lang='lat' dir='ltr'>secedit,</span> <span class='ocrx_word' id='word_1_716' title='bbox 3378 4424 3482 4481; x_wconf 85' lang='lat' dir='ltr'>ibi-</span> 
     </span>
    </p>
   </div>
   <div class='ocr_carea' id='block_1_81' title="bbox 189 4504 1799 4585">
    <p class='ocr_par' dir='ltr' id='par_1_81' title="bbox 189 4504 1799 4585">
     <span class='ocr_line' id='line_1_81' title="bbox 189 4504 1799 4585; baseline 0.002 -21"><span class='ocrx_word' id='word_1_717' title='bbox 189 4504 444 4566; x_wconf 71' lang='lat' dir='ltr'>stoditus’</span> <span class='ocrx_word' id='word_1_718' title='bbox 472 4512 712 4582; x_wconf 47' lang='grc' dir='ltr'>μοιεά</span> <span class='ocrx_word' id='word_1_719' title='bbox 739 4514 1026 4569; x_wconf 87' lang='lat' dir='ltr'>sinistram</span> <span class='ocrx_word' id='word_1_720' title='bbox 1047 4514 1312 4570; x_wconf 88' lang='lat' dir='ltr'>custodis.</span> <span class='ocrx_word' id='word_1_721' title='bbox 1349 4514 1409 4570; x_wconf 87' lang='lat' dir='ltr'>Si</span> <span class='ocrx_word' id='word_1_722' title='bbox 1432 4515 1652 4585; x_wconf 88' lang='lat' dir='ltr'>juvenis</span> <span class='ocrx_word' id='word_1_723' title='bbox 1686 4520 1799 4568; x_wconf 83' lang='lat' dir='ltr'>stat</span> 
     </span>
    </p>
   </div>
   <div class='ocr_carea' id='block_1_82' title="bbox 188 4599 1799 4676">
    <p class='ocr_par' dir='ltr' id='par_1_82' title="bbox 188 4599 1799 4676">
     <span class='ocr_line' id='line_1_82' title="bbox 188 4599 1799 4676; baseline 0.002 -23"><span class='ocrx_word' id='word_1_724' title='bbox 188 4599 246 4653; x_wconf 87' lang='lat' dir='ltr'>in</span> <span class='ocrx_word' id='word_1_725' title='bbox 272 4608 399 4655; x_wconf 83' lang='lat' dir='ltr'>uno</span> <span class='ocrx_word' id='word_1_726' title='bbox 423 4601 616 4667; x_wconf 77' lang='lat' dir='ltr'>choro,</span> <span class='ocrx_word' id='word_1_727' title='bbox 646 4607 704 4657; x_wconf 85' lang='lat' dir='ltr'>et</span> <span class='ocrx_word' id='word_1_728' title='bbox 731 4606 919 4658; x_wconf 84' lang='lat' dir='ltr'>custos</span> <span class='ocrx_word' id='word_1_729' title='bbox 946 4605 1006 4658; x_wconf 87' lang='lat' dir='ltr'>in</span> <span class='ocrx_word' id='word_1_730' title='bbox 1034 4603 1231 4670; x_wconf 84' lang='lat' dir='ltr'>altero,</span> <span class='ocrx_word' id='word_1_731' title='bbox 1274 4604 1499 4676; x_wconf 90' lang='lat' dir='ltr'>juvenis</span> <span class='ocrx_word' id='word_1_732' title='bbox 1545 4602 1711 4658; x_wconf 82' lang='lat' dir='ltr'>debet</span> <span class='ocrx_word' id='word_1_733' title='bbox 1738 4603 1799 4656; x_wconf 87' lang='lat' dir='ltr'>in</span> 
     </span>
    </p>
   </div>
   <div class='ocr_carea' id='block_1_83' title="bbox 186 4689 1795 4764">
    <p class='ocr_par' dir='ltr' id='par_1_83' title="bbox 186 4689 1795 4764">
     <span class='ocr_line' id='line_1_83' title="bbox 186 4689 1795 4764; baseline 0.002 -22"><span class='ocrx_word' id='word_1_734' title='bbox 186 4689 450 4743; x_wconf 72' lang='lat' dir='ltr'>custodis</span> <span class='ocrx_word' id='word_1_735' title='bbox 460 4690 647 4759; x_wconf 78' lang='lat' dir='ltr'>vigilia</span> <span class='ocrx_word' id='word_1_736' title='bbox 655 4691 908 4762; x_wconf 83' lang='lat' dir='ltr'>vigilare,</span> <span class='ocrx_word' id='word_1_737' title='bbox 932 4693 1156 4764; x_wconf 87' lang='lat' dir='ltr'>quando</span> <span class='ocrx_word' id='word_1_738' title='bbox 1167 4693 1487 4747; x_wconf 74' lang='lat' dir='ltr'>defunctum</span> <span class='ocrx_word' id='word_1_739' title='bbox 1503 4691 1795 4746; x_wconf 89' lang='lat' dir='ltr'>habemus.</span> 
     </span>
    </p>
   </div>
   <div class='ocr_carea' id='block_1_84' title="bbox 256 4778 1798 4854">
    <p class='ocr_par' dir='ltr' id='par_1_84' title="bbox 256 4778 1798 4854">
     <span class='ocr_line' id='line_1_84' title="bbox 256 4778 1798 4854; baseline 0.003 -23"><span class='ocrx_word' id='word_1_740' title='bbox 256 4778 513 4842; x_wconf 76' lang='lat' dir='ltr'>Quando</span> <span class='ocrx_word' id='word_1_741' title='bbox 564 4779 887 4850; x_wconf 76' lang='lat' dir='ltr'>proceditur</span> <span class='ocrx_word' id='word_1_742' title='bbox 936 4782 1008 4836; x_wconf 90' lang='lat' dir='ltr'>ad</span> <span class='ocrx_word' id='word_1_743' title='bbox 1058 4792 1263 4854; x_wconf 89' lang='lat' dir='ltr'>aquam</span> <span class='ocrx_word' id='word_1_744' title='bbox 1317 4779 1691 4848; x_wconf 81' lang='lat' dir='ltr'>benedictam,</span> <span class='ocrx_word' id='word_1_745' title='bbox 1726 4780 1798 4835; x_wconf 88' lang='lat' dir='ltr'>ad</span> 
     </span>
    </p>
   </div>
   <div class='ocr_carea' id='block_1_85' title="bbox 185 4867 1799 4943">
    <p class='ocr_par' dir='ltr' id='par_1_85' title="bbox 185 4867 1799 4943">
     <span class='ocr_line' id='line_1_85' title="bbox 185 4867 1799 4943; baseline 0.002 -23"><span class='ocrx_word' id='word_1_746' title='bbox 185 4867 656 4922; x_wconf 71' lang='lat' dir='ltr'>mmmanionem</span> <span class='ocrx_word' id='word_1_747' title='bbox 686 4876 743 4923; x_wconf 83' lang='lat' dir='ltr'>et</span> <span class='ocrx_word' id='word_1_748' title='bbox 765 4870 835 4924; x_wconf 80' lang='lat' dir='ltr'>ad</span> <span class='ocrx_word' id='word_1_749' title='bbox 865 4872 1299 4943; x_wconf 81' lang='lat' dir='ltr'>procesSioncm,</span> <span class='ocrx_word' id='word_1_750' title='bbox 1350 4871 1397 4925; x_wconf 89' lang='lat' dir='ltr'>si</span> <span class='ocrx_word' id='word_1_751' title='bbox 1435 4870 1639 4926; x_wconf 82' lang='lat' dir='ltr'>diversi</span> <span class='ocrx_word' id='word_1_752' title='bbox 1666 4874 1799 4924; x_wconf 89' lang='lat' dir='ltr'>sunt</span> 
     </span>
    </p>
   </div>
   <div class='ocr_carea' id='block_1_86' title="bbox 183 4955 1803 5028">
    <p class='ocr_par' dir='ltr' id='par_1_86' title="bbox 183 4955 1803 5028">
     <span class='ocr_line' id='line_1_86' title="bbox 183 4955 1803 5028; baseline 0.004 -19"><span class='ocrx_word' id='word_1_753' title='bbox 183 4955 243 5011; x_wconf 78' lang='lat' dir='ltr'>in</span> <span class='ocrx_word' id='word_1_754' title='bbox 273 4956 508 5023; x_wconf 83' lang='lat' dir='ltr'>ordine,</span> <span class='ocrx_word' id='word_1_755' title='bbox 540 4956 939 5014; x_wconf 79' lang='lat' dir='ltr'>custodiendus</span> <span class='ocrx_word' id='word_1_756' title='bbox 967 4960 1219 5015; x_wconf 87' lang='lat' dir='ltr'>ascendit</span> <span class='ocrx_word' id='word_1_757' title='bbox 1260 4959 1346 5015; x_wconf 86' lang='lat' dir='ltr'>vel</span> <span class='ocrx_word' id='word_1_758' title='bbox 1379 4958 1684 5028; x_wconf 89' lang='lat' dir='ltr'>descendit,</span> <span class='ocrx_word' id='word_1_759' title='bbox 1709 4972 1803 5015; x_wconf 44' lang='lat' dir='ltr'>cui</span> 
     </span>
    </p>
   </div>
   <div class='ocr_carea' id='block_1_87' title="bbox 185 5048 1801 5121">
    <p class='ocr_par' dir='ltr' id='par_1_87' title="bbox 185 5048 1801 5121">
     <span class='ocr_line' id='line_1_87' title="bbox 185 5048 1801 5121; baseline 0.002 -22"><span class='ocrx_word' id='word_1_760' title='bbox 185 5048 307 5099; x_wconf 80' lang='lat' dir='ltr'>stos</span> <span class='ocrx_word' id='word_1_761' title='bbox 327 5052 470 5099; x_wconf 73' lang='lat' dir='ltr'>vero</span> <span class='ocrx_word' id='word_1_762' title='bbox 493 5054 606 5101; x_wconf 77' lang='lat' dir='ltr'>non</span> <span class='ocrx_word' id='word_1_763' title='bbox 637 5052 821 5102; x_wconf 85' lang='lat' dir='ltr'>mutat</span> <span class='ocrx_word' id='word_1_764' title='bbox 873 5048 1130 5105; x_wconf 78' lang='lat' dir='ltr'>Ordinem</span> <span class='ocrx_word' id='word_1_765' title='bbox 1186 5057 1371 5116; x_wconf 85' lang='lat' dir='ltr'>suum,</span> <span class='ocrx_word' id='word_1_766' title='bbox 1412 5048 1522 5105; x_wconf 83' lang='lat' dir='ltr'>nisi</span> <span class='ocrx_word' id='word_1_767' title='bbox 1572 5050 1801 5121; x_wconf 82' lang='lat' dir='ltr'>propter</span> 
     </span>
    </p>
   </div>
   <div class='ocr_carea' id='block_1_88' title="bbox 183 5130 1801 5211">
    <p class='ocr_par' dir='ltr' id='par_1_88' title="bbox 183 5130 1801 5211">
     <span class='ocr_line' id='line_1_88' title="bbox 183 5130 1801 5211; baseline 0.004 -24"><span class='ocrx_word' id='word_1_768' title='bbox 183 5134 350 5190; x_wconf 77' lang='lat' dir='ltr'>illum</span> <span class='ocrx_word' id='word_1_769' title='bbox 382 5134 489 5206; x_wconf 77' lang='lat' dir='ltr'>qui</span> <span class='ocrx_word' id='word_1_770' title='bbox 516 5132 660 5191; x_wconf 68' lang='lat' dir='ltr'>forte</span> <span class='ocrx_word' id='word_1_771' title='bbox 681 5145 782 5209; x_wconf 83' lang='lat' dir='ltr'>pro</span> <span class='ocrx_word' id='word_1_772' title='bbox 812 5130 1003 5211; x_wconf 76' lang='lat' dir='ltr'>aliquo</span> <span class='ocrx_word' id='word_1_773' title='bbox 1032 5148 1259 5195; x_wconf 60' lang='lat' dir='ltr'>eicessu</span> <span class='ocrx_word' id='word_1_774' title='bbox 1292 5140 1349 5194; x_wconf 90' lang='lat' dir='ltr'>in</span> <span class='ocrx_word' id='word_1_775' title='bbox 1381 5141 1582 5195; x_wconf 85' lang='lat' dir='ltr'>ultimo</span> <span class='ocrx_word' id='word_1_776' title='bbox 1604 5145 1690 5193; x_wconf 90' lang='lat' dir='ltr'>est</span> <span class='ocrx_word' id='word_1_777' title='bbox 1706 5148 1801 5211; x_wconf 87' lang='lat' dir='ltr'>po-</span> 
     </span>
    </p>
   </div>
   <div class='ocr_carea' id='block_1_89' title="bbox 184 5220 1799 5301">
    <p class='ocr_par' dir='ltr' id='par_1_89' title="bbox 184 5220 1799 5301">
     <span class='ocr_line' id='line_1_89' title="bbox 184 5220 1799 5301; baseline 0.002 -24"><span class='ocrx_word' id='word_1_778' title='bbox 184 5226 357 5279; x_wconf 82' lang='lat' dir='ltr'>situs.</span> <span class='ocrx_word' id='word_1_779' title='bbox 398 5220 562 5288; x_wconf 76' lang='lat' dir='ltr'>Quod</span> <span class='ocrx_word' id='word_1_780' title='bbox 590 5225 636 5279; x_wconf 83' lang='lat' dir='ltr'>si</span> <span class='ocrx_word' id='word_1_781' title='bbox 663 5226 788 5298; x_wconf 86' lang='lat' dir='ltr'>quis</span> <span class='ocrx_word' id='word_1_782' title='bbox 824 5234 1197 5299; x_wconf 77' lang='lat' dir='ltr'>promeretur,</span> <span class='ocrx_word' id='word_1_783' title='bbox 1244 5228 1498 5301; x_wconf 75' lang='lat' dir='ltr'>quamvis</span> <span class='ocrx_word' id='word_1_784' title='bbox 1539 5229 1799 5283; x_wconf 85' lang='lat' dir='ltr'>eumdem</span> 
     </span>
    </p>
   </div>
   <div class='ocr_carea' id='block_1_90' title="bbox 185 5308 1801 5389">
    <p class='ocr_par' dir='ltr' id='par_1_90' title="bbox 185 5308 1801 5389">
     <span class='ocr_line' id='line_1_90' title="bbox 185 5308 1801 5389; baseline 0.002 -23"><span class='ocrx_word' id='word_1_785' title='bbox 185 5314 459 5367; x_wconf 69' lang='lat' dir='ltr'>ordinem</span> <span class='ocrx_word' id='word_1_786' title='bbox 478 5321 581 5384; x_wconf 83' lang='lat' dir='ltr'>per</span> <span class='ocrx_word' id='word_1_787' title='bbox 600 5316 791 5369; x_wconf 83' lang='lat' dir='ltr'>omnia</span> <span class='ocrx_word' id='word_1_788' title='bbox 812 5314 1036 5382; x_wconf 81' lang='lat' dir='ltr'>habeat,</span> <span class='ocrx_word' id='word_1_789' title='bbox 1070 5319 1165 5389; x_wconf 83' lang='lat' dir='ltr'>qui</span> <span class='ocrx_word' id='word_1_790' title='bbox 1196 5312 1264 5372; x_wconf 89' lang='lat' dir='ltr'>de</span> <span class='ocrx_word' id='word_1_791' title='bbox 1294 5314 1493 5373; x_wconf 78' lang='lat' dir='ltr'>ultimo</span> <span class='ocrx_word' id='word_1_792' title='bbox 1526 5326 1698 5388; x_wconf 75' lang='lat' dir='ltr'>snpra</span> <span class='ocrx_word' id='word_1_793' title='bbox 1712 5308 1801 5370; x_wconf 85' lang='lat' dir='ltr'>di-</span> 
     </span>
    </p>
   </div>
   <div class='ocr_carea' id='block_1_91' title="bbox 185 5396 1800 5477">
    <p class='ocr_par' dir='ltr' id='par_1_91' title="bbox 185 5396 1800 5477">
     <span class='ocr_line' id='line_1_91' title="bbox 185 5396 1800 5477; baseline 0.001 -20"><span class='ocrx_word' id='word_1_794' title='bbox 185 5396 315 5457; x_wconf 74' lang='lat' dir='ltr'>ctus</span> <span class='ocrx_word' id='word_1_795' title='bbox 374 5406 484 5468; x_wconf 84' lang='lat' dir='ltr'>est,</span> <span class='ocrx_word' id='word_1_796' title='bbox 519 5403 793 5472; x_wconf 76' lang='lat' dir='ltr'>gravioris</span> <span class='ocrx_word' id='word_1_797' title='bbox 821 5398 995 5477; x_wconf 67' lang='lat' dir='ltr'>culpa:</span> <span class='ocrx_word' id='word_1_798' title='bbox 1027 5413 1220 5462; x_wconf 83' lang='lat' dir='ltr'>tamen</span> <span class='ocrx_word' id='word_1_799' title='bbox 1245 5408 1463 5462; x_wconf 73' lang='lat' dir='ltr'>vincuio</span> <span class='ocrx_word' id='word_1_800' title='bbox 1510 5415 1800 5476; x_wconf 86' lang='lat' dir='ltr'>nunquam</span> 
     </span>
    </p>
   </div>
   <div class='ocr_carea' id='block_1_92' title="bbox 185 5488 1796 5567">
    <p class='ocr_par' dir='ltr' id='par_1_92' title="bbox 185 5488 1796 5567">
     <span class='ocr_line' id='line_1_92' title="bbox 185 5488 1796 5567; baseline 0.003 -23"><span class='ocrx_word' id='word_1_801' title='bbox 185 5488 611 5561; x_wconf 72' lang='lat' dir='ltr'>constringitur</span> <span class='ocrx_word' id='word_1_802' title='bbox 640 5509 654 5559; x_wconf 89' lang='lat'><strong>;</strong></span> <span class='ocrx_word' id='word_1_803' title='bbox 695 5494 793 5548; x_wconf 83' lang='lat' dir='ltr'>sed</span> <span class='ocrx_word' id='word_1_804' title='bbox 812 5497 1007 5550; x_wconf 80' lang='lat' dir='ltr'>statim</span> <span class='ocrx_word' id='word_1_805' title='bbox 1035 5503 1103 5552; x_wconf 78' lang='lat' dir='ltr'>ut</span> <span class='ocrx_word' id='word_1_806' title='bbox 1126 5494 1238 5551; x_wconf 72' lang='lat' dir='ltr'>tale</span> <span class='ocrx_word' id='word_1_807' title='bbox 1262 5496 1397 5567; x_wconf 84' lang='lat' dir='ltr'>quid</span> <span class='ocrx_word' id='word_1_808' title='bbox 1436 5494 1796 5561; x_wconf 78' lang='lat' dir='ltr'>commiserit,</span> 
     </span>
    </p>
   </div>
   <div class='ocr_carea' id='block_1_93' title="bbox 182 5573 1802 5659">
    <p class='ocr_par' dir='ltr' id='par_1_93' title="bbox 182 5573 1802 5659">
     <span class='ocr_line' id='line_1_93' title="bbox 182 5573 1802 5659; baseline 0.001 -22"><span class='ocrx_word' id='word_1_809' title='bbox 182 5576 427 5638; x_wconf 65' lang='lat' dir='ltr'>auibus</span> <span class='ocrx_word' id='word_1_810' title='bbox 448 5574 515 5638; x_wconf 74' lang='lat' dir='ltr'>et</span> <span class='ocrx_word' id='word_1_811' title='bbox 540 5573 735 5639; x_wconf 63' lang='lat' dir='ltr'>nantis</span> <span class='ocrx_word' id='word_1_812' title='bbox 752 5574 1077 5643; x_wconf 69' lang='lat' dir='ltr'>verberibus</span> <span class='ocrx_word' id='word_1_813' title='bbox 1102 5576 1423 5659; x_wconf 74' lang='lat' dir='ltr'>corripitur.</span> <span class='ocrx_word' id='word_1_814' title='bbox 1467 5578 1605 5641; x_wconf 72' lang='lat' dir='ltr'>rdeo</span> <span class='ocrx_word' id='word_1_815' title='bbox 1652 5589 1802 5640; x_wconf 71' lang='lat' dir='ltr'>nun-</span> 
     </span>
    </p>
   </div>
   <div class='ocr_carea' id='block_1_94' title="bbox 1880 4506 3477 4580">
    <p class='ocr_par' dir='ltr' id='par_1_94' title="bbox 1880 4506 3477 4580">
     <span class='ocr_line' id='line_1_94' title="bbox 1880 4506 3477 4580; baseline 0.014 -31"><span class='ocrx_word' id='word_1_816' title='bbox 1880 4522 1988 4580; x_wconf 37' lang='lat' dir='ltr'>q‘ue</span> <span class='ocrx_word' id='word_1_817' title='bbox 2015 4522 2192 4579; x_wconf 79' lang='lat' dir='ltr'>usque</span> <span class='ocrx_word' id='word_1_818' title='bbox 2221 4507 2278 4559; x_wconf 88' lang='lat' dir='ltr'>in</span> <span class='ocrx_word' id='word_1_819' title='bbox 2308 4506 2457 4560; x_wconf 88' lang='lat' dir='ltr'>diem</span> <span class='ocrx_word' id='word_1_820' title='bbox 2498 4506 2731 4559; x_wconf 90' lang='lat' dir='ltr'>tertium</span> <span class='ocrx_word' id='word_1_821' title='bbox 2781 4507 3045 4577; x_wconf 87' lang='lat' dir='ltr'>persistit.</span> <span class='ocrx_word' id='word_1_822' title='bbox 3093 4511 3359 4568; x_wconf 82' lang='lat' dir='ltr'>Attamen</span> <span class='ocrx_word' id='word_1_823' title='bbox 3404 4510 3477 4571; x_wconf 88' lang='lat' dir='ltr'>ad</span> 
     </span>
    </p>
   </div>
   <div class='ocr_carea' id='block_1_95' title="bbox 1878 4595 3476 4667">
    <p class='ocr_par' dir='ltr' id='par_1_95' title="bbox 1878 4595 3476 4667">
     <span class='ocr_line' id='line_1_95' title="bbox 1878 4595 3476 4667; baseline 0.005 -15"><span class='ocrx_word' id='word_1_824' title='bbox 1878 4604 1994 4652; x_wconf 77' lang='lat' dir='ltr'>tnes</span> <span class='ocrx_word' id='word_1_825' title='bbox 2013 4598 2296 4652; x_wconf 89' lang='lat' dir='ltr'>orationes</span> <span class='ocrx_word' id='word_1_826' title='bbox 2336 4600 2463 4667; x_wconf 92' lang='lat' dir='ltr'>post</span> <span class='ocrx_word' id='word_1_827' title='bbox 2481 4595 2908 4666; x_wconf 85' lang='lat' dir='ltr'>completorium</span> <span class='ocrx_word' id='word_1_828' title='bbox 2933 4602 2991 4651; x_wconf 90' lang='lat' dir='ltr'>et</span> <span class='ocrx_word' id='word_1_829' title='bbox 3019 4599 3089 4653; x_wconf 78' lang='lat' dir='ltr'>ad</span> <span class='ocrx_word' id='word_1_830' title='bbox 3118 4599 3476 4661; x_wconf 88' lang='lat' dir='ltr'>intervallum</span> 
     </span>
    </p>
   </div>
   <div class='ocr_carea' id='block_1_96' title="bbox 1882 4684 3476 4755">
    <p class='ocr_par' dir='ltr' id='par_1_96' title="bbox 1882 4684 3476 4755">
     <span class='ocr_line' id='line_1_96' title="bbox 1882 4684 3476 4755; baseline 0.006 -13"><span class='ocrx_word' id='word_1_831' title='bbox 1882 4687 2211 4742; x_wconf 89' lang='lat' dir='ltr'>nocturnale</span> <span class='ocrx_word' id='word_1_832' title='bbox 2241 4686 2297 4739; x_wconf 90' lang='lat' dir='ltr'>in</span> <span class='ocrx_word' id='word_1_833' title='bbox 2329 4684 2530 4755; x_wconf 86' lang='lat' dir='ltr'>majori</span> <span class='ocrx_word' id='word_1_834' title='bbox 2584 4685 2755 4739; x_wconf 87' lang='lat' dir='ltr'>choro</span> <span class='ocrx_word' id='word_1_835' title='bbox 2804 4702 2870 4739; x_wconf 80' lang='lat' dir='ltr'>ex</span> <span class='ocrx_word' id='word_1_836' title='bbox 2907 4691 3311 4747; x_wconf 88' lang='lat' dir='ltr'>consuetudine</span> <span class='ocrx_word' id='word_1_837' title='bbox 3360 4704 3476 4750; x_wconf 85' lang='lat' dir='ltr'>non</span> 
     </span>
    </p>
   </div>
   <div class='ocr_carea' id='block_1_97' title="bbox 1880 4774 3475 4844">
    <p class='ocr_par' dir='ltr' id='par_1_97' title="bbox 1880 4774 3475 4844">
     <span class='ocr_line' id='line_1_97' title="bbox 1880 4774 3475 4844; baseline 0.006 -13"><span class='ocrx_word' id='word_1_838' title='bbox 1880 4776 2078 4843; x_wconf 86' lang='lat' dir='ltr'>deerit,</span> <span class='ocrx_word' id='word_1_839' title='bbox 2097 4774 2169 4829; x_wconf 88' lang='lat' dir='ltr'>ad</span> <span class='ocrx_word' id='word_1_840' title='bbox 2185 4775 2242 4829; x_wconf 89' lang='lat' dir='ltr'>S.</span> <span class='ocrx_word' id='word_1_841' title='bbox 2270 4774 2508 4829; x_wconf 85' lang='lat' dir='ltr'>Mariam</span> <span class='ocrx_word' id='word_1_842' title='bbox 2540 4784 2762 4844; x_wconf 86' lang='lat' dir='ltr'>quoque</span> <span class='ocrx_word' id='word_1_843' title='bbox 2795 4776 2996 4829; x_wconf 85' lang='lat' dir='ltr'>sedens</span> <span class='ocrx_word' id='word_1_844' title='bbox 3042 4777 3101 4831; x_wconf 85' lang='lat' dir='ltr'>in</span> <span class='ocrx_word' id='word_1_845' title='bbox 3144 4794 3247 4835; x_wconf 89' lang='lat' dir='ltr'>suo</span> <span class='ocrx_word' id='word_1_846' title='bbox 3279 4783 3475 4841; x_wconf 88' lang='lat' dir='ltr'>ordine</span> 
     </span>
    </p>
   </div>
   <div class='ocr_carea' id='block_1_98' title="bbox 1879 4861 3477 4935">
    <p class='ocr_par' dir='ltr' id='par_1_98' title="bbox 1879 4861 3477 4935">
     <span class='ocr_line' id='line_1_98' title="bbox 1879 4861 3477 4935; baseline 0.005 -15"><span class='ocrx_word' id='word_1_847' title='bbox 1879 4882 1993 4920; x_wconf 88' lang='lat' dir='ltr'>non</span> <span class='ocrx_word' id='word_1_848' title='bbox 2020 4865 2251 4919; x_wconf 89' lang='lat' dir='ltr'>indutus</span> <span class='ocrx_word' id='word_1_849' title='bbox 2279 4861 2512 4933; x_wconf 80' lang='lat' dir='ltr'>capelle,</span> <span class='ocrx_word' id='word_1_850' title='bbox 2543 4862 2642 4916; x_wconf 84' lang='lat' dir='ltr'>sed</span> <span class='ocrx_word' id='word_1_851' title='bbox 2663 4868 2934 4932; x_wconf 84' lang='lat' dir='ltr'>quantum</span> <span class='ocrx_word' id='word_1_852' title='bbox 2950 4868 3135 4935; x_wconf 84' lang='lat' dir='ltr'>potest</span> <span class='ocrx_word' id='word_1_853' title='bbox 3154 4864 3477 4928; x_wconf 59' lang='lat' dir='ltr'>oculostana</span> 
     </span>
    </p>
   </div>
   <div class='ocr_carea' id='block_1_99' title="bbox 1880 4946 3471 5027">
    <p class='ocr_par' dir='ltr' id='par_1_99' title="bbox 1880 4946 3471 5027">
     <span class='ocr_line' id='line_1_99' title="bbox 1880 4946 3471 5027; baseline 0.004 -17"><span class='ocrx_word' id='word_1_854' title='bbox 1880 4961 2003 5010; x_wconf 90' lang='lat' dir='ltr'>tum</span> <span class='ocrx_word' id='word_1_855' title='bbox 2031 4960 2223 5009; x_wconf 79' lang='lat' dir='ltr'>tnetur</span> <span class='ocrx_word' id='word_1_856' title='bbox 2248 4968 2283 5006; x_wconf 88' lang='lat' dir='ltr'>a</span> <span class='ocrx_word' id='word_1_857' title='bbox 2308 4946 2539 5006; x_wconf 86' lang='lat' dir='ltr'>lumine.</span> <span class='ocrx_word' id='word_1_858' title='bbox 2574 4952 2633 5005; x_wconf 85' lang='lat' dir='ltr'>Si</span> <span class='ocrx_word' id='word_1_859' title='bbox 2653 4958 2843 5006; x_wconf 87' lang='lat' dir='ltr'>autem</span> <span class='ocrx_word' id='word_1_860' title='bbox 2872 4953 2983 5008; x_wconf 85' lang='lat' dir='ltr'>alio</span> <span class='ocrx_word' id='word_1_861' title='bbox 3004 4961 3259 5027; x_wconf 82' lang='lat' dir='ltr'>tempore</span> <span class='ocrx_word' id='word_1_862' title='bbox 3282 4960 3362 5015; x_wconf 86' lang='lat' dir='ltr'>ita</span> <span class='ocrx_word' id='word_1_863' title='bbox 3382 4963 3471 5017; x_wconf 85' lang='lat' dir='ltr'>in-</span> 
     </span>
    </p>
   </div>
   <div class='ocr_carea' id='block_1_100' title="bbox 1882 5041 3464 5120">
    <p class='ocr_par' dir='ltr' id='par_1_100' title="bbox 1882 5041 3464 5120">
     <span class='ocr_line' id='line_1_100' title="bbox 1882 5041 3464 5120; baseline 0.004 -21"><span class='ocrx_word' id='word_1_864' title='bbox 1882 5048 2160 5107; x_wconf 79' lang='lat' dir='ltr'>ﬁrmatur,</span> <span class='ocrx_word' id='word_1_865' title='bbox 2197 5050 2261 5097; x_wconf 87' lang='lat' dir='ltr'>ut</span> <span class='ocrx_word' id='word_1_866' title='bbox 2314 5041 2384 5095; x_wconf 87' lang='lat' dir='ltr'>ad</span> <span class='ocrx_word' id='word_1_867' title='bbox 2432 5041 2773 5094; x_wconf 85' lang='lat' dir='ltr'>matutinum</span> <span class='ocrx_word' id='word_1_868' title='bbox 2831 5043 3138 5112; x_wconf 71' lang='lat' dir='ltr'>perdurare</span> <span class='ocrx_word' id='word_1_869' title='bbox 3202 5059 3464 5120; x_wconf 82' lang='lat' dir='ltr'>nequeat,</span> 
     </span>
    </p>
   </div>
   <div class='ocr_carea' id='block_1_101' title="bbox 1882 5126 3467 5207">
    <p class='ocr_par' dir='ltr' id='par_1_101' title="bbox 1882 5126 3467 5207">
     <span class='ocr_line' id='line_1_101' title="bbox 1882 5126 3467 5207; baseline 0.002 -18"><span class='ocrx_word' id='word_1_870' title='bbox 1882 5135 2014 5189; x_wconf 85' lang='lat' dir='ltr'>item</span> <span class='ocrx_word' id='word_1_871' title='bbox 2037 5146 2138 5204; x_wconf 78' lang='lat' dir='ltr'>per</span> <span class='ocrx_word' id='word_1_872' title='bbox 2156 5126 2517 5201; x_wconf 84' lang='lat' dir='ltr'>semetipsum</span> <span class='ocrx_word' id='word_1_873' title='bbox 2557 5130 2837 5184; x_wconf 87' lang='lat' dir='ltr'>licentiam</span> <span class='ocrx_word' id='word_1_874' title='bbox 2867 5132 3083 5201; x_wconf 63' lang='lat' dir='ltr'>quaerit,</span> <span class='ocrx_word' id='word_1_875' title='bbox 3110 5144 3166 5188; x_wconf 89' lang='lat' dir='ltr'>et</span> <span class='ocrx_word' id='word_1_876' title='bbox 3186 5133 3244 5189; x_wconf 88' lang='lat' dir='ltr'>in</span> <span class='ocrx_word' id='word_1_877' title='bbox 3265 5134 3467 5207; x_wconf 74' lang='lat' dir='ltr'>przedi-</span> 
     </span>
    </p>
   </div>
   <div class='ocr_carea' id='block_1_102' title="bbox 1883 5218 3473 5298">
    <p class='ocr_par' dir='ltr' id='par_1_102' title="bbox 1883 5218 3473 5298">
     <span class='ocr_line' id='line_1_102' title="bbox 1883 5218 3473 5298; baseline 0.003 -20"><span class='ocrx_word' id='word_1_878' title='bbox 1883 5230 2034 5278; x_wconf 88' lang='lat' dir='ltr'>ctum</span> <span class='ocrx_word' id='word_1_879' title='bbox 2064 5222 2293 5276; x_wconf 88' lang='lat' dir='ltr'>chorum</span> <span class='ocrx_word' id='word_1_880' title='bbox 2314 5219 2481 5284; x_wconf 82' lang='lat' dir='ltr'>vadit,</span> <span class='ocrx_word' id='word_1_881' title='bbox 2496 5224 2554 5273; x_wconf 89' lang='lat' dir='ltr'>et</span> <span class='ocrx_word' id='word_1_882' title='bbox 2577 5218 2634 5273; x_wconf 87' lang='lat' dir='ltr'>in</span> <span class='ocrx_word' id='word_1_883' title='bbox 2644 5226 2902 5289; x_wconf 82' lang='lat' dir='ltr'>sequenti</span> <span class='ocrx_word' id='word_1_884' title='bbox 2922 5226 3112 5275; x_wconf 85' lang='lat' dir='ltr'>tamen</span> <span class='ocrx_word' id='word_1_885' title='bbox 3133 5219 3224 5277; x_wconf 80' lang='lat' dir='ltr'>die</span> <span class='ocrx_word' id='word_1_886' title='bbox 3245 5232 3473 5298; x_wconf 82' lang='lat' dir='ltr'>propter</span> 
     </span>
    </p>
   </div>
   <div class='ocr_carea' id='block_1_103' title="bbox 1884 5309 3473 5385">
    <p class='ocr_par' dir='ltr' id='par_1_103' title="bbox 1884 5309 3473 5385">
     <span class='ocr_line' id='line_1_103' title="bbox 1884 5309 3473 5385; baseline 0.003 -18"><span class='ocrx_word' id='word_1_887' title='bbox 1884 5315 1988 5367; x_wconf 80' lang='lat' dir='ltr'>hoc</span> <span class='ocrx_word' id='word_1_888' title='bbox 2007 5312 2225 5366; x_wconf 83' lang='lat' dir='ltr'>veniam</span> <span class='ocrx_word' id='word_1_889' title='bbox 2255 5320 2366 5363; x_wconf 90' lang='lat' dir='ltr'>non</span> <span class='ocrx_word' id='word_1_890' title='bbox 2389 5309 2546 5381; x_wconf 87' lang='lat' dir='ltr'>petit.</span> <span class='ocrx_word' id='word_1_891' title='bbox 2589 5309 2647 5363; x_wconf 91' lang='lat' dir='ltr'>Si</span> <span class='ocrx_word' id='word_1_892' title='bbox 2688 5324 2815 5363; x_wconf 81' lang='lat' dir='ltr'>vero</span> <span class='ocrx_word' id='word_1_893' title='bbox 2867 5310 2924 5362; x_wconf 91' lang='lat' dir='ltr'>in</span> <span class='ocrx_word' id='word_1_894' title='bbox 2967 5327 3034 5363; x_wconf 86' lang='lat' dir='ltr'>ea</span> <span class='ocrx_word' id='word_1_895' title='bbox 3075 5319 3234 5385; x_wconf 66' lang='lat' dir='ltr'>nocte</span> <span class='ocrx_word' id='word_1_896' title='bbox 3264 5315 3332 5368; x_wconf 85' lang='lat' dir='ltr'>ad</span> <span class='ocrx_word' id='word_1_897' title='bbox 3374 5316 3473 5372; x_wconf 86' lang='lat' dir='ltr'>ali-</span> 
     </span>
    </p>
   </div>
   <div class='ocr_carea' id='block_1_104' title="bbox 1888 5398 3475 5475">
    <p class='ocr_par' dir='ltr' id='par_1_104' title="bbox 1888 5398 3475 5475">
     <span class='ocr_line' id='line_1_104' title="bbox 1888 5398 3475 5475; baseline -0.005 -17"><span class='ocrx_word' id='word_1_898' title='bbox 1888 5402 2036 5475; x_wconf 85' lang='lat' dir='ltr'>quod</span> <span class='ocrx_word' id='word_1_899' title='bbox 2066 5400 2489 5471; x_wconf 71' lang='lat' dir='ltr'>respOnSOrium</span> <span class='ocrx_word' id='word_1_900' title='bbox 2514 5398 2600 5451; x_wconf 81' lang='lat' dir='ltr'>est</span> <span class='ocrx_word' id='word_1_901' title='bbox 2627 5402 2871 5461; x_wconf 79' lang='lat' dir='ltr'>notatus,</span> <span class='ocrx_word' id='word_1_902' title='bbox 2906 5398 2963 5451; x_wconf 88' lang='lat' dir='ltr'>in</span> <span class='ocrx_word' id='word_1_903' title='bbox 2993 5399 3188 5467; x_wconf 80' lang='lat' dir='ltr'>majori</span> <span class='ocrx_word' id='word_1_904' title='bbox 3211 5404 3380 5460; x_wconf 84' lang='lat' dir='ltr'>choro</span> <span class='ocrx_word' id='word_1_905' title='bbox 3409 5407 3475 5460; x_wconf 82' lang='lat' dir='ltr'>il-</span> 
     </span>
    </p>
   </div>
   <div class='ocr_carea' id='block_1_105' title="bbox 1884 5483 3473 5559">
    <p class='ocr_par' dir='ltr' id='par_1_105' title="bbox 1884 5483 3473 5559">
     <span class='ocr_line' id='line_1_105' title="bbox 1884 5483 3473 5559; baseline 0.004 -14"><span class='ocrx_word' id='word_1_906' title='bbox 1884 5490 1980 5546; x_wconf 83' lang='lat' dir='ltr'>Iud</span> <span class='ocrx_word' id='word_1_907' title='bbox 2003 5488 2155 5543; x_wconf 87' lang='lat' dir='ltr'>canit</span> <span class='ocrx_word' id='word_1_908' title='bbox 2183 5484 2241 5542; x_wconf 86' lang='lat' dir='ltr'>et</span> <span class='ocrx_word' id='word_1_909' title='bbox 2272 5485 2565 5540; x_wconf 81' lang='lat' dir='ltr'>confestim</span> <span class='ocrx_word' id='word_1_910' title='bbox 2611 5484 2774 5544; x_wconf 84' lang='lat' dir='ltr'>redit.</span> <span class='ocrx_word' id='word_1_911' title='bbox 2828 5483 2924 5538; x_wconf 86' lang='lat' dir='ltr'>sed</span> <span class='ocrx_word' id='word_1_912' title='bbox 2955 5493 3246 5559; x_wconf 80' lang='lat' dir='ltr'>nunquam</span> <span class='ocrx_word' id='word_1_913' title='bbox 3285 5500 3473 5551; x_wconf 80' lang='lat' dir='ltr'>tamen</span> 
     </span>
    </p>
   </div>
   <div class='ocr_carea' id='block_1_106' title="bbox 1885 5573 3479 5653">
    <p class='ocr_par' dir='ltr' id='par_1_106' title="bbox 1885 5573 3479 5653">
     <span class='ocr_line' id='line_1_106' title="bbox 1885 5573 3479 5653; baseline 0.005 -18"><span class='ocrx_word' id='word_1_914' title='bbox 1885 5584 2153 5653; x_wconf 84' lang='lat' dir='ltr'>quartum</span> <span class='ocrx_word' id='word_1_915' title='bbox 2172 5573 2278 5632; x_wconf 78' lang='lat' dir='ltr'>aut</span> <span class='ocrx_word' id='word_1_916' title='bbox 2299 5574 2561 5630; x_wconf 77' lang='lat' dir='ltr'>octavum</span> <span class='ocrx_word' id='word_1_917' title='bbox 2579 5574 3002 5645; x_wconf 59' lang='lat' dir='ltr'>resp-anserina</span> <span class='ocrx_word' id='word_1_918' title='bbox 3016 5574 3231 5649; x_wconf 66' lang='lat' dir='ltr'>cantat,</span> <span class='ocrx_word' id='word_1_919' title='bbox 3245 5580 3353 5638; x_wconf 85' lang='lat' dir='ltr'>nisi</span> <span class='ocrx_word' id='word_1_920' title='bbox 3364 5584 3479 5643; x_wconf 71' lang='lat' dir='ltr'>sint</span> 
     </span>
    </p>
   </div>
  </div>
