3872 6164
437 274 571 333 1071

1460 269 1517 323 S.
1560 267 1950 323 GUILLELMI
1988 269 2294 324 ABBATIS
2331 270 2673 326 HIRSAUG.

3524 272 3634 330 l072

430 401 641 457 brevia.
673 399 834 464 Quod
861 397 910 451 si
941 397 1069 450 talis
1092 412 1221 451 eum
1246 396 1545 451 infirmitas
1565 397 1939 468 occupaverit,
1960 400 2090 460 utA
2107 399 2154 452 si
2187 416 2309 470 quae
2334 400 2478 454 forte
2516 399 2587 454 ab
2636 398 2825 468 aliquo
2876 411 3068 450 eorum
3108 395 3415 466 negligitur,
3454 413 3562 452 mox
3581 398 3640 453 ab

436 489 733 546 conventui
757 487 1030 542 interesse
1054 502 1167 539 non
1189 486 1385 556 possit,
1416 492 1551 540 tunc
1570 486 1636 540 ad
1660 486 2026 541 inﬁrmariam

433 578 517 631 ire
531 577 780 647 jubctur,
809 581 864 628 et
894 575 1008 628 illic
1028 590 1139 628 non
1173 573 1374 627 minori
1405 573 1716 643 diligentia,
1741 591 1804 627 ac
1825 574 1869 628 si
1883 582 2031 630 esset

433 667 494 719 in
524 670 820 731 conventu,
852 663 1276 733 custoditusque
1306 662 1475 716 etiam
1498 662 1574 715 ibi
1600 663 1874 717 laternam
1897 681 2028 735 por-

427 759 534 810 tat.

503 843 700 897 Adhuc
742 846 930 896 autem
966 841 1195 912 quidam
1229 841 1483 910 juvenes,
1517 840 1612 910 qui
1642 857 1674 894 a
1703 840 1905 910 majori
1932 856 2032 893 cu-

433 931 621 985 stodia
646 940 781 985 sunt
806 931 1009 997 soluti;
1050 929 1277 1000 quidam
1308 944 1459 992 vero,
1520 929 1614 1000 qui
1658 946 1944 1000 nunquam
1974 930 2033 982 in

432 1020 750 1075 custodiam
770 1026 904 1073 sunt
918 1018 1107 1089 positi,
1126 1018 1223 1071 sed
1239 1023 1430 1071 tamen
1443 1018 1761 1087 suspicione
1771 1018 2005 1087 juventu
2021 1047 2037 1057 -

431 1109 506 1164 tis
534 1110 642 1179 (cui
663 1109 947 1163 interdum
974 1124 1105 1161 rara
1135 1107 1272 1160 fides
1323 1112 1410 1160 est
1461 1107 1797 1175 adhibenda)
1831 1106 2035 1160 minori

431 1199 719 1264 custodire,
764 1215 832 1252 ea
877 1197 1196 1252 conditione
1225 1180 1620 1266 subjiciuntur,
1666 1202 1730 1250 ut
1756 1213 2036 1267 nusquam

432 1293 591 1343 extra
609 1292 945 1341 conventum
970 1286 1181 1356 absque
1209 1286 1439 1339 custode
1464 1287 1546 1339 ire
1567 1291 2035 1356 praesumantme-

439 1393 547 1448 que
608 1375 1000 1430 dormitorium
1054 1375 1201 1428 infra
1248 1375 1588 1428 matutinum
1655 1374 1774 1427 sine
1805 1374 2037 1428 laternis

435 1465 736 1519 ascendere
767 1465 1029 1519 audeant.
1055 1464 1139 1517 Ad
1179 1464 1285 1516 hoc
1312 1464 1493 1516 solum
1514 1468 1645 1516 ante
1684 1464 1859 1515 altare
1889 1464 2036 1533 quod

441 1558 529 1607 est
555 1569 731 1624 prope
758 1553 964 1606 ostium
996 1551 1260 1616 ecclesia},
1292 1557 1378 1604 tot
1404 1551 1633 1604 laternaa
1656 1567 1691 1603 a
1726 1552 2046 1608 camerario.

2108 487 2346 543 istorum
2378 489 2566 559 aliquo
2598 486 2924 558 imponitur.

2679 575 2912 630 CAPUT
2950 571 3157 630 XXIII.

2751 665 2820 717 De
2848 665 3118 716 armario.

2180 754 2680 823 (UD.)Praecentor,
2702 754 2798 825 qui
2836 758 2893 807 et
2923 751 3221 815 armarius,
3242 752 3455 805 armarii
3481 768 3654 807 nomen

2115 841 2376 908 obtinuit,
2410 860 2476 896 eo
2497 844 2645 914 quod
2677 844 2731 897 in
2756 844 2879 913 ejus
2907 858 3078 895 manu
3109 840 3253 895 solet
3270 856 3384 893 esse
3409 839 3657 894 bibliothe-

2117 947 2202 994 ca,
2227 949 2350 1002 qua:
2380 937 2437 985 et
2463 932 2573 985 alio
2594 932 2824 986 nomine
2853 930 3160 985 armarium
3181 929 3495 999 appellatur.
3515 933 3531 950 ‘
3551 929 3658 984 Haec

2117 1023 2203 1073 est
2232 1020 2571 1087 obedientia,
2605 1038 2772 1092 quam
2809 1037 2877 1074 ex
2897 1036 3050 1073 more
3080 1018 3270 1072 nullus
3304 1024 3545 1082 meretur,
3572 1017 3658 1071 nisi

2115 1109 2365 1167 nutritus
2420 1110 2511 1173 sit,
2559 1111 2642 1163 vel
2671 1110 2874 1180 aliquis
2913 1107 3147 1179 quilibet
3197 1107 3266 1161 ad
3308 1107 3405 1161 hoc
3456 1106 3659 1160 ofﬁcium

2119 1197 2375 1265 idoneus,
2399 1199 2545 1252 sicut
2572 1216 2601 1252 e
2619 1200 2899 1253 contrario
2928 1198 3054 1251 illas
3083 1195 3436 1258 obedientias,
3460 1211 3661 1265 quarum

2125 1303 2293 1357 supra
2325 1288 2554 1341 memini
2583 1294 2640 1342 et
2669 1289 2852 1342 adhuc
2889 1293 2976 1341 est
3001 1287 3227 1340 animus
3242 1284 3658 1347 meminisse,non

2119 1388 2425 1445 merentur,
2442 1377 2547 1431 nisi
2567 1377 2660 1447 qui
2672 1378 2791 1447 jam
2808 1383 2970 1431 aetate
2986 1374 3295 1445 majuscula
3312 1380 3409 1428 aut
3421 1373 3578 1427 clerici
3592 1390 3662 1427 ex-

2121 1466 2407 1529 stiterunt,
2432 1473 2489 1521 et
2509 1484 2609 1537 per
2636 1467 2801 1533 vices,
2831 1466 2876 1520 si
2904 1466 2999 1537 qui
3028 1465 3097 1518 de
3126 1463 3237 1517 alio
3260 1463 3573 1517 monasterio
3588 1463 3663 1516 ad-

2119 1555 2423 1619 venientes,
2452 1555 2774 1626 iterumque
2799 1556 2946 1626 apud
2971 1570 3072 1607 nos
3093 1553 3550 1622 proﬁtentes,tam
3566 1570 3666 1622 pro-

436 1648 495 1697 et
515 1643 760 1697 candelae
792 1659 825 1696 a
850 1642 1084 1696 sacrista
1122 1646 1255 1694 sunt
1284 1640 1574 1710 ponendae,
1599 1640 1816 1709 quotad
1836 1639 2034 1708 hujus-
2057 1635 2101 1693 B
2123 1641 2290 1696 babili
2332 1644 2755 1697 conversatione
2793 1641 3127 1713 aliquandiu
3156 1641 3303 1693 inter
3330 1655 3427 1692 nos
3453 1639 3661 1695 fuerunt.

435 1730 587 1784 modi
618 1729 1012 1783 necessitatem
1046 1727 1262 1798 possint
1288 1729 1563 1781 sufﬁcere.
1626 1727 1695 1780 Hi
1736 1727 1878 1780 tales
1924 1742 2036 1779 non

434 1818 681 1873 habeant
700 1819 978 1884 custodes,
1005 1818 1100 1871 sed
1132 1817 1392 1888 quotiens
1415 1816 1541 1886 quis
1571 1832 1766 1870 eorum
1811 1816 1879 1868 de
1911 1831 2040 1868 con-

433 1914 603 1962 ventu
633 1907 803 1963 habet
829 1907 930 1973 ire,
987 1906 1155 1960 alicui
1202 1906 1271 1959 ad
1320 1906 1426 1959 hoc
1469 1906 1668 1959 idoneo
1701 1911 1757 1959 et
1781 1904 2037 1975 expedito

435 1996 659 2066 signum
681 1997 868 2063 faciat,
901 1995 997 2066 qui
1018 2001 1076 2049 et
1104 2012 1231 2049 eum
1258 1994 1447 2048 statim
1490 1994 1650 2065 sequi
1688 2010 1798 2047 non
1829 1993 2033 2047 renuit.

437 2084 742 2140 Sciendum
763 2089 955 2139 autem
985 2083 1133 2154 quod
1156 2082 1295 2136 nulli
1311 2083 1603 2152 juvenum,
1637 2082 1753 2135 sive
1772 2082 1830 2135 in
1855 2085 2037 2134 custo-

433 2173 529 2228 dia
547 2174 640 2240 sit,
672 2174 787 2227 sive
809 2190 942 2235 non,
973 2172 1040 2225 ad
1066 2172 1312 2242 aliquam
1348 2171 1545 2224 cellam
1576 2170 1729 2223 solus
1763 2169 1884 2222 sine
1920 2168 2031 2221 alio

432 2262 798 2334 provectioris
820 2262 1000 2315 aetatis
1012 2261 1186 2314 fratre
1215 2260 1297 2313 ire
1334 2260 1422 2313 vel
1450 2259 1633 2312 redire
1662 2257 2026 2328 permittitur,

434 2352 569 2423 quia
624 2351 791 2406 nimis
844 2350 1091 2405 notabile
1120 2355 1286 2413 esset,
1320 2349 1367 2403 si
1399 2349 1551 2402 solus
1586 2346 2029 2402 benedictionem

432 2440 741 2511 accepisset
767 2459 779 2508 ;
815 2440 909 2511 qui
940 2440 1108 2493 etiam
1136 2439 1279 2492 scire
1308 2437 1491 2502 debet,
1515 2437 1563 2491 si
1593 2437 1775 2490 adhuc
1801 2436 1933 2489 dum
1955 2434 2035 2488 sic

436 2529 720 2584 emittitur
743 2530 813 2586 de
845 2529 1098 2584 custodia
1126 2528 1209 2581 vel
1234 2528 1302 2581 de
1331 2528 1530 2587 forma.
1561 2543 1672 2580 non
1703 2531 1789 2580 est
1816 2525 2035 2579 absolu-

430 2624 525 2674 tus
547 2619 603 2672 in
634 2619 820 2673 reditu
847 2636 970 2685 suo,
1016 2616 1236 2671 etiamsi
1263 2633 1363 2687 per
1393 2617 1584 2669 decem
1621 2632 1800 2669 annos
1829 2613 2034 2667 alicubi

433 2707 832 2780 permanserit,
855 2707 949 2761 sed
980 2706 1187 2760 iterum
1214 2705 1331 2758 sive
1378 2703 1435 2757 in
1478 2703 1791 2756 custodiam
1819 2703 1935 2756 sive
1962 2702 2034 2755 ad

432 2797 673 2851 formam
703 2795 868 2850 redit.
921 2794 1028 2858 Qui
1058 2810 1186 2847 vero
1213 2797 1439 2863 propter
1470 2792 1712 2862 aliquem
1746 2807 2031 2844 excessum

431 2885 491 2940 in
516 2886 848 2939 alterutram
878 2883 1188 2937 custodiam
1226 2882 1489 2945 mittitur,
1523 2898 1649 2935 mox
1678 2880 1748 2934 ab
1782 2897 1848 2934 ea
1871 2880 2032 2934 abso-

438 2974 592 3029 lutus
613 2975 681 3028 ad
698 2974 992 3046 parietem,
1019 2972 1064 3025 si
1080 2972 1379 3025 stationem
1404 2976 1573 3024 antea
1591 2969 1794 3023 ibidem
1814 2969 2027 3035 habuit,

433 3063 771 3134 regreditur.
817 3061 1051 3117 Juvenis
1082 3077 1180 3131 per
1216 3076 1380 3130 quem
1435 3058 1589 3129 prior
1627 3059 1686 3112 in
1735 3058 2028 3112 refectorio

431 3151 766 3206 charitatem
802 3167 963 3205 suam
1015 3148 1307 3219 impendit,
1342 3163 1543 3217 panem
1597 3162 1763 3200 suum
1793 3153 1849 3200 et
1869 3145 2031 3216 justi-

426 3239 565 3295 tiam
597 3256 722 3295 cum
747 3238 1023 3294 cochleari
1054 3237 1121 3290 ad
1156 3252 1407 3290 mensam
1433 3240 1625 3306 portat
1661 3240 1718 3289 et
1745 3241 2021 3305 reportat.

429 3329 489 3385 Si
514 3328 1010 3383 adconfessionem
1029 3325 1148 3379 vult
1177 3324 1385 3387 venire,
1435 3340 1471 3377 a
1517 3324 1748 3378 custode
1780 3341 1881 3377 suo
1902 3340 2031 3377 con-

425 3416 625 3471 fessori
658 3415 1025 3487 permittitur,
1081 3430 1184 3485 per
1237 3429 1402 3483 quem
1435 3412 1603 3466 etiam
1645 3412 1789 3465 facta
1823 3412 2031 3467 confes-

424 3504 602 3572 sione,
626 3505 709 3558 illi
740 3505 902 3574 juxta
934 3502 1226 3557 introitum
1245 3500 1474 3571 capituli
1496 3501 1838 3572 exspectanti
1865 3502 2027 3556 redu-

422 3593 573 3647 citur
584 3637 596 3649 .

499 3681 577 3746 Si,
612 3680 761 3752 quod
787 3679 949 3746 absit,
978 3678 1210 3733 officina:
1256 3677 1485 3733 claustri
1512 3678 1911 3748 incenduntur,
1937 3681 2027 3751 jn-

2119 1744 2210 1783 UD.
2240 1731 2420 1800 Igitur
2440 1732 2565 1786 iste.
2594 1732 2807 1801 dequo
2837 1731 3023 1800 agitur
3051 1728 3319 1793 officialis,
3372 1726 3472 1780 rite
3519 1744 3662 1781 unum

2118 1818 2289 1873 habet
2312 1820 2751 1890 suifraganeum,
2775 1821 2868 1890 qui
2900 1824 2957 1873 et
2986 1818 3174 1890 pueris
3195 1822 3398 1881 cantet,
3429 1816 3472 1869 si
3497 1816 3545 1869 in
3571 1817 3667 1870 loco

2119 1914 2270 1973 sunt,
2332 1914 2388 1962 et
2424 1908 2647 1964 brevem
2682 1910 2850 1964 faciat
2873 1910 2942 1963 de
2969 1907 3171 1963 litania
3198 1914 3256 1960 et
3280 1906 3603 1977 responsorio
3626 1913 3672 1960 et

2120 1996 2246 2050 aliis
2276 1997 2574 2068 obsequiis.
2605 2000 2882 2053 Caeterum
2911 1998 3150 2051 fratrum
3182 1995 3407 2050 nomina
3433 2011 3532 2048 non
3552 1994 3668 2048 alius

2120 2101 2288 2155 quam
2318 2087 2438 2157 ipse
2459 2088 2634 2157 ponit,
2667 2087 2773 2141 nisi
2805 2087 2945 2141 forte
2971 2093 3029 2141 et
3055 2087 3175 2156 ipse
3205 2085 3288 2139 ita
3312 2084 3551 2150 voluerit,
3577 2084 3670 2153 eju-

2113 2190 2252 2244 sque
2293 2176 2571 2230 secundus
2608 2177 2779 2246 hujus
2808 2177 2884 2230 sit
2912 2175 3227 2241 industriae,
3272 2173 3537 2243 hujusque
3573 2185 3670 2224 sen-

2113 2280 2226 2317 SUS.

2186 2352 2268 2405 De
2299 2353 2424 2422 ejus
2452 2358 2642 2407 autem
2668 2359 2784 2407 tam
2812 2352 3080 2408 continua
3100 2351 3478 2423 occupatione,
3505 2355 3563 2403 ut
3590 2347 3670 2402 ali-

2120 2456 2229 2509 qua
2254 2441 2651 2511 perstringam,
2682 2447 2803 2495 tota
2826 2441 3024 2495 divinae
3044 2440 3335 2495 servitutis
3349 2438 3601 2493 ordinatio
3623 2437 3669 2491 in

2115 2528 2350 2583 ecclesia
2377 2546 2547 2601 super
2568 2530 2786 2585 nullum
2804 2530 3030 2600 pendet,
3050 2536 3329 2600 quantum
3347 2544 3505 2598 super
3519 2527 3668 2589 illum,

2115 2633 2218 2671 nec
2240 2618 2309 2671 de
2339 2619 2443 2672 hoc
2470 2619 2640 2672 habet
2669 2619 2839 2672 alium
2872 2619 3113 2690 aliquem
3147 2617 3495 2688 magistrum,
3531 2630 3672 2685 quam

2116 2713 2273 2760 extra
2299 2708 2611 2773 ecclesiam,
2645 2714 2702 2761 et
2729 2708 2800 2761 ad
2830 2708 3154 2770 huiusmodi
3191 2723 3386 2761 omnes
3430 2702 3672 2758 debentei

2114 2811 2337 2865 semper
2351 2795 2674 2850 obedientes
2695 2813 2836 2850 esse.
2864 2796 2921 2851 Si
2943 2795 3074 2866 quid
3110 2802 3307 2849 tamen
3335 2800 3520 2848 contra
3534 2806 3671 2846 usum

2114 2885 2553 2955 praesumpserit,
2585 2886 2670 2939 vel
2691 2885 3017 2954 neglexerit,
3051 2885 3159 2938 hoc
3208 2884 3433 2938 interim
3479 2881 3672 2936 omnino

2114 2972 2537 3040 dissimulatur;
2568 2990 2747 3044 usque
2792 2974 2924 3028 dum
2971 2974 3027 3026 in
3076 2974 3329 3044 capitulo
3357 2970 3670 3026 reclamatur.

2113 3060 2280 3131 (ναν.)
2305 3062 2389 3116 Ad
2415 3072 2641 3116 cantum
2663 3062 2970 3133 Evangelii,
3015 3062 3085 3115 ad
3106 3079 3372 3133 vesperos
3413 3067 3468 3114 et
3489 3061 3552 3113 ad
3579 3074 3672 3112 ma-

2114 3152 2362 3204 tutinum
2385 3151 2749 3221 antiphonam
2773 3150 3039 3221 imponit;
3060 3156 3293 3221 excepto
3314 3150 3457 3220 quod
3468 3150 3673 3202 domnus

2113 3238 2302 3305 abbas,
2336 3256 2401 3293 eo
2435 3239 2686 3307 absente,
2728 3240 2785 3293 in
2816 3240 3109 3294 duodecim
3145 3237 3471 3294 lectionibus
3492 3243 3569 3292 est
3589 3237 3673 3289 im-

2112 3326 2427 3397 positurus.
2467 3330 2489 3350 '
2518 3328 2669 3392 Quas
2700 3327 2747 3381 si
2777 3344 2889 3381 non
2916 3333 3066 3381 recte
3094 3326 3449 3399 imposuerit,
3475 3325 3671 3379 veltan-

2111 3420 2231 3468 tum
2264 3432 2376 3469 non
2400 3416 2643 3486 proprie,
2670 3416 2726 3469 id
2758 3422 2862 3481 est,
2891 3415 3289 3478 modulaverit,
3317 3417 3571 3470 alteruter
3584 3412 3672 3466 col-

2111 3503 2359 3557 lateralis
2389 3506 2533 3574 ejus,
2564 3511 2628 3558 ut
2648 3506 2913 3575 corrigat,
2945 3505 3253 3559 summissa
3273 3522 3402 3560 voce
3438 3504 3671 3558 admone—
3742 3506 3747 3513 '

2108 3608 2168 3646 re
2207 3593 2437 3663 poterit.
2494 3596 2656 3661 (vain)
2705 3594 2770 3647 In
2822 3592 3022 3664 psalmi
3062 3610 3198 3648 vero
3249 3593 3601 3665 susceptione,
3632 3589 3671 3643 si

2108 3681 2342 3746 fallitur,
2401 3699 2436 3735 a
2465 3680 2715 3751 quolibet
2740 3682 2910 3736 sciolo
2940 3687 2996 3736 et
3019 3682 3077 3735 in
3106 3683 3307 3737 eodem
3330 3684 3492 3737 choro
3516 3685 3672 3734 stante

424 3786 593 3824 venes
611 3785 739 3823 cum
769 3769 891 3823 aliis
920 3768 990 3822 ad
1021 3766 1489 3837 exstinguendum
1514 3783 1624 3820 non
1650 3772 1904 3833 currunt,
1927 3768 2025 3821 sed
2108 3769 2426 3840 adjuvetur.
2464 3770 2624 3834 Quod
2645 3770 2692 3823 si
2722 3770 2779 3824 in
2810 3771 2997 3841 aliquo
3045 3775 3182 3825 tono
3214 3778 3454 3837 erratur,
3492 3768 3670 3824 nullius

424 3859 653 3913 interim
682 3875 810 3912 cum
833 3856 1158 3912 custodibus
1186 3857 1304 3909 suis
1334 3855 1392 3908 in
1422 3855 1590 3909 choro
1634 3856 1703 3908 ad
1768 3855 2025 3909 litaniam
2108 3858 2339 3912 scientia
2360 3859 2803 3929 pra’judicatilli,
2830 3875 2958 3912 cum
2982 3876 3111 3913 eum
3133 3861 3486 3931 potissimum
3509 3872 3673 3912 omnes

427 3948 738 4003 canendam
763 3964 822 4001 se
859 3951 1244 4018 prosternunt.
1276 3942 1600 3998 Notandum
1632 3949 1845 4008 autem,
1875 3945 2025 4015 quod
2108 3946 2427 4012 attendant,
2451 3953 2508 4001 et
2536 3954 2976 4019 sequantur.un.
2998 3948 3254 4003 Domnus
3274 3949 3443 4003 abbas
3458 3944 3673 4019 quandiu

423 4037 613 4093 nullus
642 4052 840 4091 eorum
887 4035 1062 4089 sedile‘
1088 4052 1122 4087 a
1159 4032 1351 4087 domni
1396 4032 1615 4087 abbatis
1638 4033 1798 4087 sedili
1827 4034 2018 4099 situm,
2105 4042 2190 4090 est
2209 4036 2265 4089 in
2292 4042 2587 4102 conventu,
2618 4037 2898 4090 armarius
2925 4052 3038 4091 non
3066 4053 3128 4091 se
3157 4044 3323 4092 notat
3344 4038 3414 4092 ad
3434 4038 3590 4092 ullam
3608 4034 3674 4087 le-

424 4127 532 4181 nisi
553 4143 618 4181 eo
638 4132 911 4196 tempore,
938 4123 1160 4195 quando
1177 4122 1393 4193 priores
1414 4127 1569 4175 stant
1598 4128 1791 4176 contra
1823 4123 2019 4188 altare,
2104 4125 2347 4180 ctionem
2386 4127 2469 4180 vel
2499 4126 2938 4197 responsorium,
2970 4131 3034 4180 ut
3063 4126 3113 4180 si
3142 4126 3241 4180 ille
3266 4127 3406 4181 forte
3426 4142 3531 4180 non
3554 4124 3677 4193 lege-

422 4214 692 4282 intrabit;
732 4214 831 4268 sed
863 4218 921 4267 et
946 4220 1080 4267 tunc
1111 4211 1250 4265 nulli
1285 4227 1480 4265 eorum
1506 4212 1563 4264 in
1600 4213 1733 4265 sede
1764 4211 1832 4265 de
1857 4212 2024 4266 altari
2104 4213 2198 4279 rit,
2232 4214 2351 4284 ipse
2382 4232 2482 4287 pro
2511 4232 2577 4269 eo
2607 4216 2775 4286 legat.
2808 4217 2830 4238 '
2861 4214 3096 4278 Quando
3116 4232 3253 4270 vero
3273 4216 3508 4270 domnus
3530 4211 3677 4267 abbas

423 4309 608 4358 astare
638 4303 845 4367 licebit,
871 4301 977 4356 nisi
1006 4301 1133 4354 alba
1152 4300 1383 4354 indutus
1411 4299 1503 4353 sit.
1551 4299 1636 4353 Ad
1683 4317 1942 4371 vesperos
1968 4307 2026 4356 et
2106 4302 2284 4369 abest,
2316 4304 2437 4375 ipse
2466 4305 2536 4357 ad
2567 4303 2862 4358 lectionem
2879 4304 2965 4357 vel
2989 4304 3061 4358 ad
3085 4305 3500 4375 responsorium
3520 4297 3677 4356 notari

424 4393 767 4448 matutinum
799 4392 883 4445 vel
911 4390 980 4444 de
1010 4388 1269 4471 omnibus
1296 4388 1525 4453 sanctis,
1570 4389 1890 4459 antiphonaa
1932 4378 2086 4444 su-D
2107 4396 2309 4461 potest.
2341 4392 2425 4445 Ad
2464 4392 2618 4446 aliud
2652 4398 2842 4446 autem
2876 4392 3121 4446 officium
3150 4409 3462 4465 nunquam,
3495 4390 3593 4446 nisi
3616 4387 3674 4441 ad

424 4497 525 4551 per
553 4481 798 4552 psalmos
823 4485 877 4533 et
920 4478 1137 4550 hymni,
1173 4477 1491 4547 antiphonze
1538 4476 1608 4529 ad
1656 4477 1900 4532 ofﬁcium
1930 4478 2024 4533 de-
2103 4481 2399 4551 coquinam
2431 4486 2487 4535 et
2539 4480 2612 4535 ad
2670 4482 3000 4536 mandatum
3043 4481 3221 4536 trium
3273 4496 3591 4553 pauperum,
3615 4474 3675 4529 ad

422 4570 744 4625 functorum
773 4567 845 4622 ab
876 4568 946 4622 iis
966 4568 1350 4637 imponuntur,
1383 4570 1440 4619 et
1467 4563 2022 4637 breviaresponsoria
2103 4570 2461 4624 collationem
2480 4587 2722 4641 quoque,
2758 4570 2808 4624 si
2835 4570 2972 4635 vult,
3006 4571 3192 4641 legere
3225 4577 3426 4642 potest.
3446 4567 3580 4637 (ιω.)
3596 4567 3679 4621 So-

421 4665 738 4715 cantantur.

491 4746 749 4810 Interim,
781 4745 916 4799 dum
947 4760 1165 4799 coronae
1194 4743 1419 4799 novitiis
1446 4744 1506 4798 in
1525 4744 1695 4799 choro
1724 4744 2021 4814 designan-

420 4842 534 4901 tur,
556 4834 627 4889 ab
655 4833 1092 4888 hebdomadario
1133 4834 1359 4904 juvene,
1411 4834 1627 4905 antiph.
1682 4835 1759 4887 Tu
1800 4850 1852 4887 es
1881 4835 2019 4888 Deus

421 4928 538 4995 qui,
572 4923 1050 4995 etc.,imponitur,
1095 4930 1152 4976 et
1178 4921 1378 4976 [itania
1412 4928 1543 4977 ante
1561 4922 1789 4977 missam
1811 4921 1881 4975 ab
1896 4922 2018 4992 ipso

418 5013 764 5087 praecinitur.
797 5012 1005 5066 Versus
1033 5011 1262 5065 omnino
1280 5010 1351 5066 ab
1379 5011 1485 5077 his,
1518 5011 1566 5064 si
1600 5015 1684 5063 tot
1712 5018 1861 5075 sunt,
1886 5027 2018 5081 pro-

419 5103 801 5170 nuntiantur;
843 5101 931 5155 sin
987 5106 1197 5167 autem,
1262 5106 1382 5153 tam
1436 5098 1506 5153 ab
1544 5100 1669 5152 aliis
1716 5099 2018 5169 juvenibus

420 5209 588 5263 quam
642 5191 714 5245 ab
751 5190 877 5245 istis
916 5189 1197 5244 dicuntur.
1218 5190 1357 5243 Item
1381 5188 1450 5242 ab
1471 5189 1678 5243 eisdem
1697 5188 1912 5259 antiph.
1945 5188 2017 5243 ad

420 5281 686 5352 sulfragia
718 5287 1041 5336 sanctorum
1083 5277 1447 5349 incipiuntur,
1490 5284 1548 5331 et
1574 5283 1710 5331 tunc
1752 5276 2017 5349 imposita

420 5371 669 5442 qualibet
699 5370 916 5440 antiph.
969 5368 1185 5422 tamdiu
1236 5366 1443 5421 debent
1496 5373 1668 5429 stare,
1724 5382 2017 5437 quousque

419 5460 640 5515 dicatur
652 5476 870 5514 oramus
890 5475 926 5512 a
944 5458 1250 5512 sacerdote.
1304 5455 1542 5527 Insuper
1590 5454 1847 5526 quotiens
1875 5454 2019 5509 anti-

420 5548 621 5617 phonae
651 5565 686 5603 ιι
712 5547 1028 5603 senioribus
1050 5547 1123 5601 ad
1144 5545 1485 5601 matutinum
1507 5549 1640 5601 sunt
1665 5543 2019 5615 imponendae

2102 4658 2190 4713 lus
2215 4659 2310 4713 ille
2330 4676 2443 4713 non
2464 4659 2919 4730 reprehenditur,
2958 4659 3006 4713 si
3028 4675 3197 4730 quam
3222 4660 3579 4732 antiphonam
3603 4654 3676 4708 vel

2100 4748 2518 4819 responsorium
2549 4748 2924 4802 nominaverit
2979 4747 3189 4820 absque
3245 4749 3408 4814 libro,
3452 4746 3675 4801 indicens

2101 4820 2267 4891 alicui
2294 4837 2476 4903 fratri,
2503 4844 2568 4891 ut
2596 4842 2801 4892 cantet.
2837 4840 2858 4860 '
2890 4837 3100 4892 Omnes
3128 4853 3354 4908 quoque
3370 4833 3677 4890 versusotl‘e-

2100 4925 2287 4979 renda:
2333 4926 2404 4979 ad
2456 4927 2728 4996 majorem
2774 4925 3007 4979 missam
3050 4924 3314 4995 imponit.
3345 4923 3430 4979 Ad
3461 4932 3675 4994 quorum

2098 5012 2450 5085 singulorum
2506 5013 2925 5085 impositionem
2953 5014 3012 5066 in
3037 5012 3332 5067 duodecim
3371 5007 3675 5067 lectionibus

2098 5108 2230 5157 ante
2263 5109 2320 5157 et
2372 5110 2524 5157 retro
2555 5102 2707 5167 facit,
2769 5102 2879 5156 nisi
2915 5102 2987 5155 ad
3026 5102 3317 5156 Orientem
3370 5115 3556 5155 versus
3589 5096 3672 5159 sit,

2098 5192 2233 5243 tunc
2261 5195 2483 5243 tantum
2509 5188 2758 5257 inclinat,
2782 5188 2928 5243 sicut
2965 5193 3022 5243 et
3045 5188 3279 5260 privatis
3306 5186 3518 5251 diebus,
3548 5198 3672 5254 qua-

2097 5293 2318 5348 cunque
2367 5284 2526 5349 parte
2572 5278 2727 5332 chori
2756 5278 2941 5332 locum
2970 5277 3193 5332 habeat.
3224 5278 3351 5348 Ipse
3388 5276 3549 5330 etiam
3577 5272 3673 5325 Pa-

2098 5366 2273 5420 schali
2302 5373 2555 5438 tempore
2584 5367 2817 5439 privatis
2858 5365 3055 5421 diebus
3089 5372 3312 5421 tantum
3348 5366 3579 5420 Alleluia
3609 5358 3672 5411 ad

2099 5456 2330 5509 missam
2355 5456 2616 5527 imponit.
2661 5457 2949 5527 Iiymnum
2997 5472 3129 5511 vero
3174 5470 3480 5525 nunquam,
3501 5447 3672 5504 nisiin

2100 5544 2396 5628 duodecim
2425 5544 2779 5615 lectionibus,
2811 5544 2860 5599 si
2888 5550 2947 5600 et
2972 5551 3109 5601 tunc
3134 5539 3597 5601 hebdomadarius
3619 5536 3670 5592 in
