3872 6164
216 263 364 324 4073
1262 266 1681 326 CONSTITUT.
1724 269 1800 324 HI

1891 265 2065 324 .AUG.
2105 296 2177 310 —
2213 268 2349 325 LIB.
2392 266 2464 326 Il'.
3357 261 3499 321 1074

214 396 417 451 eodem
438 395 863 450 cborosteterit.
888 392 1355 464 (UD.)Quemlibet
1382 400 1610 449 cantum
1643 410 1817 466 quan-
1839 392 2007 454 Ahoc
2036 393 2253 448 idoneis
2299 395 2544 453 intimat,
2603 391 2806 464 quibus
2856 393 2913 444 et
2960 388 3154 455 libros,
3194 388 3253 443 in
3296 388 3499 460 quibus

215 486 486 540 tumlibet
513 485 791 540 submissa
821 501 953 538 voce
981 492 1256 549 cantetur,
1290 501 1454 537 nemo
1477 484 1621 538 alius
1651 484 1822 537 audet
1903 481 2109 536 eaedem
2131 483 2453 554 antiphonze
2473 482 2693 552 scriptae
2710 485 2861 545 sunt,
2879 479 3186 533 distribuit.
3216 478 3499 546 (ναν.)Ρο-

213 575 288 628 ad
318 576 583 630 altiorem
622 575 807 628 levare
860 590 1068 627 vocem.
1103 577 1124 596 θ
1155 573 1282 645 Ipse
1311 580 1498 627 autem
1531 589 1817 643 nunquam
1901 576 2110 624 stremo
2129 571 2401 641 quidquid
2417 572 2529 625 tale
2550 570 2711 641 quasi
2731 585 2934 623 novum
2972 567 3363 639 supervenerit
3386 584 3498 637 ge-

212 663 388 719 debet
425 664 731 734 negligere.
762 663 984 734 quando
1029 662 1197 717 nimis
1239 662 1514 716 submisse
1538 669 1813 725 cantatur,
1900 660 2158 719 rendam,
2183 660 2252 713 de
2271 661 2376 714 hoc
2388 660 2481 714 ille
2501 658 2779 731 praecipue
2801 674 3015 711 memor
3034 662 3090 711 et
3109 656 3347 726 diligens
3377 671 3500 710 esse

210 753 445 825 quando
482 754 569 808 vel
596 753 759 808 solito
786 751 1144 806 festinantius
1193 752 1273 805 vel
1293 751 1631 822 protractius
1679 767 1819 821 quo-
1900 747 2085 813 debet,
2136 748 2358 819 quando
2406 747 2547 801 faba:
2593 747 2844 807 noVellae,
2890 746 2975 799 vel
3013 744 3265 799 novellus
3312 743 3496 815 panis,

208 858 439 915 cunque
478 843 620 911 loco,
659 843 745 896 vel
792 847 1067 913 tempore,
1116 840 1252 911 quin
1302 840 1491 894 statim
1549 839 1818 893 fratribus
1899 836 2013 890 sive
2036 841 2286 891 mustum
2317 842 2403 891 est
2429 837 2487 890 in
2518 835 2813 890 refectorio
2837 833 3302 894 benedicendum,
3333 833 3422 885 vel
3446 832 3496 886 si

208 933 420 987 innuat
446 949 620 987 manu
670 930 945 1003 quidquid
979 928 1391 984 emendandum
1423 934 1510 982 est
1537 928 1597 982 in
1623 934 1811 983 cantu.
1896 924 2028 1001 talis
2083 942 2324 996 persona
2369 925 2678 991 advenerit,
2736 929 3042 993 antequam
3091 930 3149 976 et
3195 927 3494 992 postquam

209 1023 375 1086 Quod
407 1021 663 1093 quamvis
692 1020 928 1075 licenter
953 1019 1078 1074 ﬁeri
1104 1018 1592 1089 possit,nunquam
1622 1022 1813 1072 tamen

204 1110 317 1165 nisi
344 1127 475 1165 cum
510 1126 716 1181 magna
732 1108 1066 1173 reverentia,
1081 1123 1261 1178 neque
1285 1107 1355 1160 de
1384 1108 1552 1160 choro
1582 1106 1637 1159 in
1666 1107 1809 1161 alte-

207 1216 337 1254 rum
384 1202 622 1254 chorum
670 1199 851 1253 facere
901 1197 1227 1270 praesumit;
1261 1195 1377 1261 sed,
1420 1196 1466 1249 si
1515 1211 1655 1266 opus
1702 1202 1806 1260 est,

204 1289 474 1360 proprius
504 1289 750 1343 accedat.

278 1382 423 1446 (συ.)
453 1378 647 1450 Ipsum
679 1393 902 1449 quoque
930 1376 1071 1431 scire
1100 1376 1375 1443 convenit,
1424 1378 1556 1448 quia
1590 1379 1809 1433 nullum

206 1471 462 1525 divinum
492 1471 738 1526 ofﬁcium
766 1472 918 1524 intra
953 1470 1039 1523 vel
1080 1474 1237 1523 extra
1280 1470 1569 1524 ecclesiam
1600 1472 1806 1542 agitur,

207 1562 295 1614 cui
326 1561 455 1633 ipse
486 1562 572 1615 vel
610 1562 996 1630 suilraganeus
1038 1561 1160 1629 ejus
1196 1575 1310 1613 non
1352 1559 1589 1614 intersit.
1644 1561 1809 1615 Omni
1855 1591 1861 1594 ν

206 1651 313 1714 die,
347 1651 698 1723 competenti
716 1651 871 1715 hora,
891 1650 1049 1704 audit
1068 1650 1226 1721 pueri
1262 1650 1343 1702 vel
1368 1650 1588 1719 juvenis
1619 1650 1809 1705 lectio-

200 1754 543 1809 nem,quam
572 1739 630 1792 in
660 1739 916 1809 sequenti
940 1738 1031 1791 die
1051 1738 1298 1791 lecturus
1317 1744 1403 1790 est
1428 1737 1485 1791 in
1502 1737 1762 1808 Capitulo
1789 1756 1801 1791 :

198 1830 377 1900 (υαν.)
402 1830 676 1882 lectiones
696 1844 916 1899 quoque
928 1845 1050 1898 quae
1071 1827 1318 1897 legendae
1339 1833 1471 1881 sunt
1492 1828 1558 1880 ad
1584 1835 1808 1882 noctur-

199 1933 300 1971 nos
332 1917 394 1971 in
425 1918 870 1988 Quadragesima
917 1923 1044 1988 post
1078 1923 1315 1984 sextam,
1344 1918 1404 1970 in
1435 1922 1629 1972 testate
1675 1934 1806 1971 vero

198 2012 326 2077 post
345 2024 559 2061 nonam
585 2027 598 2074 ;
626 2008 710 2061 vel
739 2007 787 2061 si
811 2008 985 2061 semel
1018 2007 1330 2061 comeditur
1360 2013 1484 2078 post
1508 2008 1804 2078 prandium

199 2097 376 2152 audit.
414 2099 440 2123 τ’
470 2097 634 2161 Quod
670 2096 716 2151 si
752 2096 1055 2168 aliquando
1095 2096 1335 2150 brevitas
1377 2097 1645 2167 temporis
1694 2114 1807 2152 non

197 2186 436 2257 patitur,
467 2192 536 2241 ut
564 2193 693 2257 post
722 2203 948 2251 nonam,
995 2186 1081 2240 vel
1132 2192 1258 2257 post
1307 2186 1606 2257 prandium
1636 2186 1810 2255 possit

1895 1014 2217 1084 suscipitur,
2241 1014 2523 1085 imprimis
2552 1013 2717 1068 lectio
2757 1017 2843 1066 est
2868 1011 3177 1071 recitanda,
3209 1010 3296 1064 vel
3324 1024 3494 1080 opere

1895 1118 2165 1156 manuum
2196 1104 2362 1169 facto,
2412 1104 2498 1156 vel
2528 1103 2573 1156 si
2604 1102 2896 1173 cujusdam
2946 1099 3142 1154 novitii
3173 1115 3380 1153 corona
3405 1096 3494 1151 vel

1893 1190 2067 1246 barba
2096 1193 2343 1246 radenda
2365 1198 2469 1256 est,
2489 1192 2558 1246 ad
2575 1193 2693 1246 haec
2714 1191 2937 1265 singula
2954 1195 3011 1244 et
3028 1190 3230 1243 horum
3261 1187 3488 1253 similia,

1893 1268 2183 1350 providet,
2213 1297 2283 1334 ne
2330 1281 2431 1334 ﬁat
2458 1279 2801 1350 negligentia
2830 1278 2917 1331 vel
2942 1277 3014 1330 de
3042 1291 3283 1347 persona
3310 1274 3395 1327 vel
3419 1274 3490 1327 de

1895 1369 2019 1436 hoc,
2054 1369 2205 1439 quod
2234 1385 2475 1440 persona
2501 1375 2587 1422 est
2615 1368 2853 1422 dictura.

2464 1458 2698 1512 CAPUT
2718 1456 2915 1511 XXIV.

2035 1548 2262 1614 Quando
2292 1548 2509 1607 chorus,
2535 1551 2596 1599 ut
2616 1550 2799 1607 aiunt,
2834 1547 2903 1598 ab
2923 1547 3038 1612 ipso
3070 1547 3338 1596 teneatur.

1963 1638 1984 1660 θ
2014 1637 2079 1690 In
2110 1636 2370 1690 omnibus
2397 1636 2714 1705 festis,quae
2735 1634 2792 1687 in
2823 1633 2963 1687 albis
2982 1635 3249 1702 aguntur,
3271 1631 3330 1684 in
3353 1629 3488 1684 Sab-

1890 1725 2020 1779 bato
2047 1732 2492 1796 quoquesancto,
2514 1724 2740 1778 Pascha:
2762 1729 2819 1776 et
2838 1723 3216 1785 Pentecostes,
3240 1724 3295 1773 et
3315 1719 3374 1772 in
3393 1719 3490 1772 die

1888 1815 2213 1868 Palmarum
2242 1813 2522 1867 armarius
2551 1830 2617 1866 ex
2655 1829 2763 1866 usu
2805 1811 2972 1865 debet
3008 1815 3200 1863 tenere
3227 1807 3482 1872 chorum,

1888 1904 1984 1956 sed
2008 1903 2062 1956 in
2076 1903 2217 1957 albis
2235 1903 2386 1956 solus
2409 1921 2422 1969 ;
2447 1907 2675 1973 excepto
2697 1900 2755 1954 in
2777 1897 3172 1953 Puriflcatione
3194 1897 3250 1951 S.
3266 1895 3481 1951 Mariae.

1890 1993 1953 2047 In
1973 1992 2183 2045 eisdem
2211 2008 2340 2045 vero
2369 1992 2613 2045 duorum
2659 1988 3029 2044 Sabbatorum
3057 1985 3275 2049 diebus,
3300 1985 3482 2050 illum,

1891 2081 1985 2152 qui
2011 2097 2201 2135 secum
2223 2080 2477 2134 litaniam
2507 2078 2779 2150 praecinit,
2808 2076 2914 2130 sibi
2946 2074 3223 2145 adjungit.
3248 2074 3312 2127 In
3333 2073 3486 2144 psal-

1889 2171 1996 2224 mis
2023 2176 2214 2224 autem
2245 2174 2523 2240 quotquot
2538 2167 2883 2222 necessarios
2911 2162 3265 2230 habuerit,in
3283 2160 3488 2232 quibus

207 2275 421 2339 audire,
456 2274 608 2329 inter
635 2274 973 2346 pulsandum
1013 2290 1289 2345 vesperos,
1322 2273 1369 2328 si
1405 2275 1543 2328 θεας
1571 2277 1800 2328 auribus

1891 2259 2126 2329 singulis
2149 2259 2268 2330 ipse
2287 2274 2494 2329 cappas
2522 2252 2906 2311 distribuit.1n
2928 2252 3233 2307 Nativitate
3260 2249 3489 2306 Domini

208 2379 314 2417 non
337 2365 587 2431 canitur,
616 2368 673 2418 et
690 2370 825 2418 tunc
844 2364 901 2417 in
922 2364 1183 2417 vestiario
1203 2363 1380 2417 audit.
1396 2364 1531 2417 Post
1549 2381 1808 2436 vesperos

202 2467 328 2508 vero
367 2469 686 2525 nunquam,
709 2453 817 2507 nisi
844 2452 985 2506 forte
1005 2457 1235 2523 prOpter
1264 2451 1449 2505 minus
1478 2450 1710 2505 sciolum
1749 2452 1805 2505 id

197 2562 426 2601 necesse
454 2544 729 2597 videatur.
788 2540 931 2611 (υο.)
977 2539 1302 2593 Lectionem
1349 2556 1588 2611 quoque,
1634 2558 1803 2611 quam

196 2636 440 2689 domnus
460 2632 635 2687 abbas
664 2636 750 2685 est
777 2631 1045 2695 lecturus,
1086 2628 1253 2683 debet
1280 2628 1510 2695 audire;
1558 2628 1656 2681 sed
1710 2627 1803 2681 ubi

198 2725 280 2779 vel
310 2723 565 2795 quando,
593 2722 651 2776 in
684 2720 859 2791 ipsius
884 2718 1102 2772 abbatis
1148 2723 1233 2771 est
1276 2716 1528 2771 arbitrio.
1563 2718 1798 2781 Quando

196 2815 380 2883 major
410 2810 759 2866 matutinalis
783 2809 955 2862 missa
984 2813 1069 2862 est
1096 2807 1397 2874 cantanda,
1422 2806 1518 2860 ubi
1539 2806 1801 2860 sacerdos

197 2920 253 2958 se
274 2919 410 2957 cum
440 2900 657 2956 caeteris
688 2898 962 2952 ministris
984 2896 1251 2962 vestierit,
1286 2896 1443 2950 nulla
1466 2896 1583 2950 vice
1612 2912 1801 2949 arma-

200 2993 313 3047 rius
336 3008 443 3063 per
461 2988 924 3044 consuetudinem
947 2985 1219 3053 defuerit;
1241 2985 1486 3057 primum
1502 2990 1564 3039 ut
1589 2985 1796 3050 videat,

196 3082 239 3135 si
257 3086 468 3153 praesto
486 3081 603 3134 sint
621 3094 813 3132 omnes
832 3092 1082 3148 personae
1113 3092 1235 3146 quae
1264 3080 1399 3128 sunt
1428 3073 1796 3140 obsccuturze,

196 3178 250 3225 et
277 3171 551 3235 insinuet,
575 3169 621 3222 si
644 3167 778 3240 quid
801 3183 942 3238 cpus
963 3172 1067 3231 est,
1101 3170 1166 3218 ut
1192 3164 1512 3217 insinuetur
1534 3165 1694 3231 (υαν.)
1721 3163 1804 3217 Si-

196 3259 409 3313 militer
431 3257 566 3311 facit
594 3256 1033 3329 quotiescunque
1062 3258 1189 3324 post
1214 3257 1516 3306 nocturnos
1547 3251 1795 3320 Evange-

194 3349 353 3415 lium,
406 3349 494 3402 vel
544 3348 592 3401 si
650 3346 746 3418 qui
793 3343 1179 3399 invitatorium
1228 3340 1469 3395 canituri
1526 3340 1666 3393 albis
1714 3340 1799 3392 vel

195 3439 384 3512 cappis
409 3438 746 3491 vestiuntur.
776 3434 971 3490 Totius
1002 3432 1083 3485 rei
1118 3437 1202 3485 est
1229 3430 1541 3500 prazcipuus
1571 3429 1800 3483 ordina-

194 3534 297 3581 tor.
338 3528 400 3582 Si
432 3526 558 3598 quis
608 3526 784 3578 frater
834 3523 1091 3576 infirmus
1138 3519 1491 3572 infirmorum
1541 3518 1662 3570 oleo
1712 3522 1799 3570 est

194 3617 512 3689 ungendus,
536 3614 621 3667 vel
649 3613 696 3667 si
726 3611 947 3675 obierit,
980 3609 1050 3663 ad
1077 3608 1423 3679 sepulturam
1455 3605 1791 3671 efferendus,

195 3707 277 3761 vel
308 3707 356 3761 si
388 3704 516 3777 quis
536 3704 606 3757 de
630 3701 763 3756 foris
792 3700 1000 3755 allatus
1025 3703 1111 3752 est
1139 3694 1634 3767 recipiendus,ipsi
1662 3710 1797 3747 cura

198 3802 297 3850 est.
315 3796 445 3867 quis
465 3793 728 3848 sacerdos
745 3790 1032 3854 induatur,
1060 3785 1339 3859 quomodo
1373 3790 1636 3855 ungatur,
1663 3800 1799 3854 quo-

202 3886 364 3940 modo
390 3883 620 3939 Domini
650 3897 852 3952 corpus
882 3882 1233 3949 apportetur,
1257 3874 1535 3946 quomodo
1551 3889 1798 3927 commu-

198 3975 433 4043 nicetur,
486 3977 545 4026 et
588 3987 710 4041 quae
760 3969 1024 4034 collecta),
1065 3966 1201 4019 dum
1256 3964 1475 4023 obierit,
1526 3980 1559 4016 a
1607 3962 1796 4033 priore

200 4080 366 4135 super
385 4077 519 4115 eum
545 4059 824 4121 dicantur;
842 4063 897 4110 et
914 4056 1048 4109 dum
1070 4055 1309 4116 lavatur,
1326 4058 1382 4106 et
1400 4052 1535 4105 dum
1559 4050 1797 4104 vestitur

201 4158 253 4206 et
270 4158 583 4220 antequam
626 4148 684 4201 in
713 4145 1005 4200 ecclesiam
1044 4147 1391 4214 apportetur,
1423 4146 1483 4194 et
1506 4139 1639 4211 quid
1666 4155 1792 4192 can-

196 4247 364 4302 tetur,
398 4248 457 4293 ct
484 4235 765 4309 quomodo
785 4232 1038 4287 tumulus
1055 4230 1420 4285 benedicatur
1457 4230 1604 4283 infra
1632 4244 1796 4283 cano-

197 4346 323 4383 nem
354 4328 543 4381 missae
584 4322 951 4386 matutinalis,
1005 4327 1062 4374 et
1108 4319 1386 4391 quomodo
1436 4318 1740 4389 sepeliatur
1780 4332 1791 4369 :

195 4418 456 4472 omnibus
482 4416 571 4469 his
600 4412 860 4467 intererit
895 4410 1210 4482 praecipuus
1251 4414 1614 4462 monstrator.

268 4508 392 4578 Ipse
426 4504 886 4576 supervenientes
917 4501 1113 4555 breves
1150 4501 1539 4555 defunctorum
1562 4497 1800 4552 fratrum

193 4604 520 4651 nostrarum
571 4611 607 4648 a
651 4594 836 4665 priore
878 4592 1096 4662 accipit,
1148 4596 1206 4645 et
1253 4590 1483 4644 nomina
1513 4605 1708 4642 eorum
1740 4587 1799 4640 in

194 4684 602 4757 martyrologio
650 4682 863 4747 scribit,
910 4680 1218 4751 descriptos
1256 4680 1395 4733 alios
1436 4676 1798 4750 pergentibus

192 4776 487 4837 fratribus,
532 4789 633 4845 per
678 4771 925 4826 diversas
974 4769 1286 4839 provincias
1334 4767 1652 4831 distribuit;
1696 4781 1800 4820 nec

193 4864 562 4927 obliviscitur,
588 4862 635 4916 si
663 4862 789 4933 quis
829 4860 1001 4914 frater
1036 4859 1257 4924 obierit,
1293 4857 1612 4919 missarum,
1649 4854 1796 4926 quod

194 4955 306 5009 rite
320 4954 396 5007 VI
415 4951 686 5007 fratribus
713 4950 948 5021 triginta
967 4947 1453 5003 commendantur.
1473 4947 1597 5017 Ipse
1627 4945 1799 4998 etiam

194 5042 430 5099 ostiario
466 5052 523 5096 et
557 5038 999 5111 eleemosynario
1030 5036 1202 5091 libros
1243 5035 1604 5090 matutinales
1635 5033 1803 5087 debet

193 5132 579 5197 commodare,
604 5136 660 5184 et
682 5136 808 5200 post
844 5127 1127 5199 hospitum
1153 5132 1209 5181 et
1236 5125 1668 5198 peregrinorum
1704 5123 1804 5176 de-

194 5220 663 5291 cessum,quibus
682 5224 875 5273 tamen
903 5218 951 5271 si
980 5216 1131 5287 apud
1161 5232 1262 5270 nos
1291 5216 1673 5276 inﬁrmantur,
1691 5228 1805 5266 non

201 5314 327 5384 ipse
348 5311 445 5365 sed
462 5308 713 5382 plebeius
741 5308 1002 5362 sacerdos
1028 5306 1299 5377 providet.
1314 5310 1377 5359 ut
1394 5302 1804 5358 communicem

201 5409 323 5459 tur.
374 5400 457 5455 Ad
503 5416 699 5455 omnes
726 5397 1114 5470 processiones
1164 5394 1306 5449 nihil
1348 5393 1458 5448 nisi
1499 5392 1648 5463 quod
1687 5392 1807 5461 ipse

198 5490 562 5561 imposuerit,
593 5488 823 5543 omnino
850 5491 1133 5541 cantatur.
1164 5484 1228 5538 In
1255 5482 1436 5538 tribus
1475 5481 1670 5535 diebus
1695 5481 1809 5535 Ro-

199 5579 502 5649 gationum
524 5579 598 5634 ad
626 5577 1034 5650 imponendum
1075 5573 1413 5649 antiphonas
1442 5570 1711 5651 fratribus
1738 5569 1812 5628 ad

1889 2351 1960 2403 ad
1986 2351 2126 2404 duas
2156 2348 2375 2419 priores
2400 2347 2601 2401 missas
2632 2346 2745 2400 duo
2774 2344 2997 2405 fratres,
3028 2341 3123 2412 qui
3145 2341 3315 2394 choro
3344 2355 3489 2409 pra-

1888 2439 2003 2493 sint
2017 2440 2181 2508 juxta
2208 2437 2425 2491 libitum
2449 2437 2573 2506 ejus
2598 2433 2832 2488 notandi
2850 2437 2999 2495 sunt,
3025 2429 3228 2501 quibus
3247 2429 3366 2500 ipse
3385 2445 3490 2483 sua

1888 2534 2085 2599 sponte
2115 2526 2363 2581 medium
2385 2542 2445 2579 se
2460 2524 2738 2593 adjungit.
2765 2538 2851 2576 uo.
2874 2522 2938 2575 In
2968 2521 3089 2590 ipso
3128 2524 3317 2573 autem
3343 2523 3400 2571 et
3428 2518 3488 2570 in
3548 2527 3558 2535 '

1887 2618 2100 2672 Pascha
2131 2620 2188 2669 et
2215 2615 2273 2669 in
2304 2616 2634 2668 Pentecoste
2653 2612 2723 2665 ad
2746 2610 2991 2664 cilicium
3016 2607 3248 2678 majoris
3278 2606 3484 2663 missae.

1885 2713 1942 2761 et
1968 2706 2039 2760 ad
2069 2704 2384 2759 tenendum
2404 2704 2657 2765 chorum,
2676 2701 2795 2771 ipse
2807 2705 2865 2752 et
2879 2714 3007 2767 cum
3042 2713 3108 2750 eo
3141 2696 3253 2749 duo
3283 2695 3489 2748 fratres

1883 2796 1952 2849 de
1982 2792 2307 2848 melioribus
2342 2788 2686 2853 cantoribus,
2721 2786 2815 2858 qui
2843 2786 2913 2839 ad
2944 2786 3048 2838 hoc
3073 2782 3259 2837 idonei
3298 2782 3489 2835 viden-

1882 2890 1995 2938 tur.
2022 2882 2130 2947 Qui
2160 2888 2352 2936 tamen
2394 2895 2508 2933 non
2547 2880 2899 2949 praesumunt
2942 2889 3044 2945 per
3090 2888 3150 2926 se
3198 2869 3487 2937 accedere,

1882 2971 1991 3025 nisi
2020 2971 2139 3042 ipse
2166 2984 2337 3022 manu
2365 2984 2469 3022 sua
2495 2981 2702 3037 cappas
2739 2961 2977 3023 dederit,
3014 2962 3035 2983 "
3063 2975 3186 3031 quae
3213 2959 3274 3012 in
3302 2957 3488 3028 capite

1818 3034 1862 3093 Ο
1882 3062 2074 3115 formae
2094 3075 2316 3130 semper
2335 3057 2405 3111 de
2426 3053 2752 3109 melioribus
2785 3069 2817 3106 a
2855 3051 3066 3121 majore
3095 3047 3329 3103 sacrista
3352 3052 3489 3101 ante

1883 3150 2132 3215 tertiam,
2166 3149 2252 3202 vel
2282 3147 2328 3202 si
2357 3144 2637 3217 processio
2668 3142 2874 3212 agitur,
2925 3144 3053 3210 post
3099 3154 3223 3192 eam
3266 3151 3490 3207 praepa-

1886 3243 2103 3302 rantur,
2128 3252 2266 3307 quas
2288 3235 2445 3306 prius
2465 3240 2656 3288 tamen
2676 3247 2789 3284 non
2809 3227 3115 3292 distribuit,
3131 3225 3239 3279 nisi
3260 3224 3487 3295 quando

1887 3328 2277 3381 Benedz'camus
2308 3326 2540 3378 Domino
2582 3321 2651 3375 ad
2700 3320 3009 3373 instantem
3039 3317 3237 3370 horam
3269 3314 3486 3368 dictum.

1882 3415 2056 3469 fuerit
2089 3432 2100 3468 :
2133 3427 2190 3468 et
2218 3430 2345 3467 cum
2393 3428 2489 3466 eas
2519 3392 2856 3480 acceperint,
2907 3421 3020 3460 non
3062 3404 3217 3476 prius
3255 3418 3351 3457 eas
3398 3401 3488 3455 in-

1884 3505 2066 3559 duunt
2116 3520 2286 3574 quam
2335 3502 2393 3555 in
2445 3501 2627 3553 locum
2676 3495 2935 3551 stationis
2964 3493 3214 3547 veniunt.
3268 3490 3485 3555 Quibus

1878 3595 2137 3666 ipsemet,
2166 3608 2290 3646 eam
2319 3590 2556 3653 scillam,
2588 3603 2754 3658 quam
2787 3585 2990 3656 pulsat,
3024 3582 3121 3636 alii
3153 3579 3488 3653 pulsandam

1879 3680 2243 3743 commiserit,
2275 3696 2434 3733 suam
2453 3692 2675 3749 quoque
2695 3689 2930 3745 cappam
2946 3672 3186 3725 induens
3207 3685 3269 3722 se
3290 3668 3492 3739 adjun-

1877 3772 1981 3842 git.
2017 3771 2269 3835 Quorum
2299 3768 2346 3821 si
2379 3766 2505 3838 quis
2532 3765 2653 3819 vult
2685 3762 2990 3826 discedere,
3023 3758 3317 3830 praemissa
3346 3773 3487 3811 can-

1878 3861 2052 3914 tanda
2078 3876 2206 3914 cum
2234 3858 2395 3928 signo
2429 3856 2633 3917 missae,
2666 3869 2768 3923 pro
2788 3851 2901 3905 alia
2938 3865 3127 3912 causa,
3164 3864 3292 3901 cum
3320 3846 3483 3917 signo

1879 3949 2113 4003 exeundi
2147 3946 2349 4018 quierit
2373 3944 2659 3998 licentiam
2689 3958 2725 3995 a
2750 3947 2886 3994 tunc
2924 3937 3176 3992 ordinem
3206 3942 3437 3989 tenente
3464 3953 3479 4003 ;

1878 4039 2081 4093 deinde
2110 4036 2334 4090 rediens
2358 4033 2430 4086 ad
2464 4032 2710 4103 priorem
2742 4029 2947 4084 locum,
2989 4030 3044 4079 et
3074 4024 3319 4078 armario
3350 4038 3483 4077 cum

1878 4128 2038 4199 signo
2059 4122 2381 4180 discedendi
2406 4122 2650 4175 innuens
2679 4119 2825 4171 facto
2850 4115 3060 4170 ibidem
3088 4119 3221 4166 ante
3241 4116 3300 4165 et
3330 4116 3484 4164 retro

1878 4216 2133 4271 discedit.
2167 4212 2294 4278 Qui,
2319 4212 2366 4265 si
2382 4210 2613 4264 indutus
2644 4212 2730 4262 est
2757 4220 2993 4276 cappam
3036 4202 3106 4255 de
3129 4199 3488 4267 melioribus,

1880 4304 2245 4360 hancibidem
2275 4306 2500 4355 exutam
2532 4297 2691 4370 ponit
2708 4310 2879 4366 super
2906 4291 3251 4356 cancellum;
3279 4288 3328 4343 si
3356 4303 3489 4342 vero

1815 4392 1949 4451 Dde
1980 4391 2356 4449 mediocribus
2386 4389 2576 4444 exiens
2604 4387 2788 4440 adhuc
2813 4399 2882 4438 ea
2920 4379 3249 4436 indutus.in
3280 4377 3481 4432 vestia-

1882 4487 1965 4541 rio
1995 4484 2150 4539 exuit
2177 4498 2303 4536 eam
2337 4485 2393 4534 et
2428 4477 2749 4548 complicat.

1956 4577 2117 4645 (υαν.)
2149 4572 2208 4627 Si
2238 4586 2464 4626 necesse
2496 4574 2615 4629 ests
2647 4568 2832 4636 potest
2860 4565 3081 4615 mutare
3129 4558 3333 4612 fratres
3380 4555 3491 4610 sibi

1880 4664 2229 4722 collaterales
2259 4678 2293 4714 a
2321 4660 2517 4714 dextra
2544 4657 2601 4710 in
2628 4654 2940 4716 sinistram,
2992 4650 3078 4703 vel
3103 4665 3138 4703 a
3169 4646 3399 4701 sinistra
3422 4645 3484 4700 in

1880 4758 2153 4812 dextram.
2176 4749 2548 4807 Thuribulum
2576 4762 2610 4799 a
2638 4757 2903 4797 converso
2944 4738 3052 4794 sibi
3097 4736 3360 4809 primitus
3391 4750 3490 4805 ap-

1879 4852 2155 4920 portatur,
2181 4841 2288 4895 nisi
2313 4839 2465 4910 prior
2485 4836 2564 4890 vel
2588 4835 2780 4904 aliqua
2830 4831 3015 4901 major
3050 4842 3296 4899 persona
3321 4825 3493 4879 inter-

1880 4913 2065 4992 fuerit.
2089 4934 2168 4988 De
2186 4936 2385 4984 caetero
2414 4928 2799 4996 cujuscunque
2817 4918 3031 4974 ordinis
3055 4915 3393 4988 saepedictus
3417 4913 3494 4966 sit

1883 5024 2163 5080 armarius
2208 5035 2374 5073 suum
2420 5032 2534 5070 non
2588 5011 2802 5067 amittit
2848 5007 3247 5080 principatum.
3279 5002 3338 5057 Si
3369 5000 3492 5054 vult

1886 5112 2319 5174 communicare,
2342 5106 2578 5162 ultimus
2597 5108 2686 5157 est
2706 5100 2776 5154 ad
2814 5113 3032 5171 pacem,
3053 5094 3269 5166 primus
3292 5095 3485 5144 autem

1888 5210 2014 5277 post
2041 5200 2448 5256 subdiaconum
2483 5193 2554 5247 ad
2596 5186 3068 5245 communionem.
3105 5183 3184 5236 De
3222 5178 3490 5248 suifraga-

1887 5274 2008 5350 nzis
2036 5309 2167 5346 vero
2196 5291 2334 5360 ejus,
2368 5286 2465 5358 qui
2494 5285 2612 5338 vult
2640 5277 3076 5338 communicare,
3098 5276 3239 5325 nutu
3263 5274 3491 5322 tantum

1891 5384 2015 5454 ejus
2043 5379 2259 5435 accedit
2304 5378 2365 5431 in
2412 5390 2513 5429 suo
2542 5371 2756 5435 ordine,
2787 5367 2833 5420 si
2862 5365 3094 5418 chorum
3142 5374 3211 5412 ea
3255 5355 3344 5409 die
3391 5354 3498 5408 scit

1893 5471 2344 5532 communicare;
2380 5466 2468 5519 sin
2497 5467 2687 5518 autem
2716 5454 2951 5529 quaesita
2979 5468 3015 5505 a
3042 5448 3228 5520 priore
3250 5444 3477 5500 licentia

1896 5567 2034 5620 item
2050 5579 2164 5616 non
2187 5560 2310 5616 sine
2333 5561 2475 5614 nutu
2509 5549 2742 5611 armarii
2768 5543 3005 5608 accedit,
3036 5536 3254 5594 caeteris
3283 5533 3380 5607 qui
3410 5548 3505 5586 re-
