3872 6164
206 271 335 332 ιθπ

1680 268 2032 328 ΗίΉεΛἨϐ.
2069 302 2137 314 -—
2173 273 2312 329 LIB.
2352 274 2427 330 II.

3328 268 3469 329 1078
3490 326 3505 339 ,

198 399 639 455 distribuendum
658 398 832 454 libros
859 396 1057 469 defuit,
1084 403 1280 471 postea
1307 399 1670 454 ascribendus
1700 403 1787 453 est
1804 397 1852 457 A
1869 416 1984 454 non
2030 400 2374 466 conceditur,
2413 404 2478 456 ut
2502 413 2605 470 per
2641 399 2887 473 aliquam
2918 397 3239 468 regularem
3266 396 3468 461 horam

198 490 354 555 libro,
380 506 549 561 quem
588 490 660 544 ab
690 490 936 545 armario
964 490 1262 561 acceperit.
1296 490 1402 554 Qui
1432 494 1621 544 autem
1650 487 1785 549 vult,

198 584 374 650 potest
394 580 570 635 alium
584 595 714 634 cum
744 596 846 633 suo
867 578 1165 633 cambiare.
1195 579 1373 643 Quem
1399 579 1446 631 si
1470 578 1787 648 perlegerit,

198 670 439 724 revoluto
467 684 617 725 anno
656 669 876 723 veniam
926 684 1037 723 non
1060 668 1218 740 petit;
1253 668 1387 738 quia
1414 683 1527 719 non
1556 664 1794 736 perlegit

196 757 394 813 librum
422 775 594 830 quem
618 758 690 812 ab
718 744 965 812 armario
995 758 1227 828 accepit.
1261 755 1456 810 Libros
1495 754 1705 825 absque
1725 753 1789 807 li-

197 848 370 901 centia
416 852 607 920 potest
650 846 788 901 foris
816 852 1104 919 praestare,
1128 846 1232 919 'sed
1257 861 1372 901 non
1403 846 1526 899 sine
1544 843 1789 898 vadimo-

198 937 301 991 nio.
333 936 497 1008 (429).

258 1014 716 1098 Quandbcunque
751 1025 1029 1081 bissextus
1077 1026 1341 1089 evenerit,
1377 1025 1675 1079 lectionem
1717 1023 1787 1078 de

195 1101 596 1187 martyrologio'
611 1116 731 1195 ipse
752 1116 1017 1205 partitur,
1044 1115 1127 1169 ita
1142 1121 1207 1170 ut
1234 1116 1508 1170 medietas
1527 1115 1651 1184 ejus
1677 1128 1789 1167 uno

198 1211 250 1259 et
271 1205 543 1260 medietas
563 1206 740 1260 altero
752 1202 844 1260 die
872 1207 1112 1276 legatur.
1141 1207 1206 1259 In
1229 1221 1387 1277 caena
1414 1203 1639 1259 Domini
1670 1202 1789 1273 ipse

196 1300 406 1349 tantum
435 1295 509 1348 de
536 1295 733 1349 hostiis
753 1282 887 1349 facit
905 1294 1306 1360 consecrari,et
1336 1296 1392 1347 in
1416 1291 1672 1364 sequenti
1694 1291 1784 1345 die

196 1384 305 1454 ipse
318 1384 390 1437 de
403 1370 652 1438 cristallo
679 1368 885 1438 novum
922 1383 1075 1437 elicit
1100 1384 1313 1453 ignem,
1336 1387 1394 1436 et
1422 1382 1480 1436 in
1525 1383 1785 1435 Parasce-

194 1489 253 1527 ve
269 1473 398 1527 dum
432 1460 658 1527 crucem
686 1489 827 1544 pene
855 1472 1149 1526 adoratam
1179 1489 1300 1526 esse
1325 1471 1546 1531 viderit,
1580 1469 1786 1524 accele-

196 1562 354 1616 ratin
379 1562 648 1616 vestiario
700 1562 1114 1633 processionem
1167 1561 1448 1629 ordinare,
1482 1565 1548 1614 ut
1582 1575 1784 1633 corpus

196 1638 497 1704 Dominide
525 1650 711 1715 altari,
746 1650 842 1704 ubi
870 1650 1048 1721 pridie
1072 1649 1421 1704 reconditum
1450 1648 1631 1712 est,ad
1662 1662 1783 1700 ma-

1873 488 1991 541 illic
2020 488 2270 556 sedeant;
2295 488 2394 543 sed
2417 504 2546 542 mox
2575 489 2768 544 audito
2792 487 2952 561 signo
2993 503 3119 555 cum
3148 487 3365 551 caeteris
3394 485 3467 547 ad

1874 594 2014 649 Opus
2041 578 2263 633 Domini
2293 578 2581 634 festinant.

2437 670 2669 729 CAPUT
2698 669 2891 729 XXVI.

2409 762 2482 815 De
2535 761 2916 829 scriptoribus.

1940 848 2085 903 Sunt
2111 853 2301 917 autem
2338 849 2435 903 alii
2480 849 2800 922 scriptores,
2822 846 3025 929 quibus
3062 845 3379 925 injungitur
3404 844 3465 919 in

1867 938 2098 1008 capellis
2136 939 2205 992 ad
2236 938 2591 999 scribendum
2618 938 2836 1011 jugiter
2863 937 3082 1011 sedere,
3103 942 3160 990 et
3177 935 3466 1013 regulares

1868 1026 2037 1081 horas
2076 1027 2283 1082 ibidem
2309 1045 2525 1095 canere,
2544 1027 2788 1100 exceptis
2816 1026 2992 1089 festis,
3035 1042 3158 1097 quze
3191 1024 3467 1100 feriantur

1872 1121 1926 1170 et
1958 1117 2133 1188 priori
2160 1135 2411 1191 vespera,
2446 1118 2616 1172 tertia
2670 1122 2728 1173 et
2774 1116 2947 1170 missa
2991 1115 3240 1189 illorum,
3263 1112 3465 1191 quaein

1870 1206 2012 1260 albis
2036 1207 2157 1261 sine
2174 1207 2314 1261 feria
2332 1206 2704 1261 celebrantur.
2722 1206 2803 1259 Ad
2828 1204 3132 1276 capitulum
3160 1208 3217 1257 et
3249 1198 3319 1277 ad
3348 1201 3466 1275 coi-

1869 1295 2139 1350 lationem
2174 1297 2363 1350 venire
2384 1313 2493 1351 non
2520 1296 2826 1367 negligent,
2870 1298 2928 1357 et
2954 1292 3137 1347 ofﬁcio
3171 1291 3466 1347 defuncto-

1865 1401 2012 1459 rum,
2039 1386 2184 1457 quod
2208 1384 2866 1456 celeberrimeagitur.Et
2890 1383 2938 1446 si
2965 1380 3190 1459 quando
3218 1394 3465 1457 praesen-

1866 1479 1953 1529 tes
1980 1458 2066 1528 vel
2098 1475 2360 1529 absentes
2388 1474 2597 1529 tabulae
2653 1474 2899 1535 sonitum
2954 1458 3056 1549 pro
3110 1469 3300 1547 aliquo
3338 1482 3468 1543 mox

1865 1564 2154 1634 agendo...
2190 1564 2429 1618 audiunt
2452 1581 2630 1636 usque
2650 1564 2718 1617 ad
2748 1563 2917 1631 finem
2942 1556 3114 1625 trium
3137 1558 3462 1641 lectionum,

1865 1661 1924 1708 et
1941 1653 2280 1725 processioni
2312 1653 2369 1706 in
2417 1653 2652 1739 privatis
2682 1649 2878 1704 diebus
2932 1654 2989 1705 et
3037 1647 3223 1721 missae
3266 1646 3463 1719 subse-

192 1741 276 1809 jus
303 1728 486 1793 altare
518 1744 855 1810 reportetur.
889 1739 1050 1803 Quod
1079 1739 1177 1792 fiet
1216 1738 1323 1792 isto
1373 1738 1558 1791 modo.
1594 1735 1784 1790 Primo
1808 1753 1853 1813 Β
1876 1742 2069 1813 quenti
2104 1759 2281 1821 usque
2312 1728 2439 1814 post
2469 1741 2830 1812 Evangelium
2852 1738 3151 1807 intersunt.
3188 1737 3466 1826 Tempore

196 1830 628 1883 sacerdotesduo
647 1829 789 1883 albis
808 1836 866 1883 et
894 1827 1194 1883 fanonibus
1221 1827 1405 1882 induti
1431 1844 1557 1882 cum
1584 1826 1783 1881 cande-
1863 1830 2110 1901 hyemali
2139 1830 2298 1883 ﬁnita
2316 1829 2512 1884 litania
2538 1828 2894 1901 nocturnales
2910 1842 3021 1889 non
3043 1823 3467 1897 mutant,dOnee

194 1917 375 1987 labris,
404 1918 611 1973 tertius
644 1934 775 1971 vero
802 1934 931 1972 cum
961 1917 1254 1972 thuribulo
1299 1916 1609 1988 procedunt
1640 1914 1786 1983 (nul—
1868 1920 2115 1990 signum,
2146 1936 2248 1990 per
2278 1920 2425 1989 quod
2457 1919 2661 1973 fratres
2703 1917 2775 1971 ad
2829 1915 3127 1983 lavandum
3170 1918 3461 1995 vocantur,

194 2006 273 2061 lus
292 2007 445 2061 enim
487 2023 787 2061 conversus
832 2006 960 2061 huic
1016 2007 1196 2061 officio
1245 2022 1304 2059 se
1354 2006 1621 2071 admittit)
1650 2020 1790 2074 quos
1874 2009 2125 2063 audiant.
2160 2007 2374 2072 Quibus
2404 2013 2540 2061 tunc
2580 2006 2836 2075 mutatis,
2884 2021 2948 2059 ac
2973 2002 3189 2058 caeteris
3222 2019 3344 2074 quae
3383 2019 3467 2057 se-

195 2096 351 2149 etiam
376 2094 479 2149 alii
504 2095 616 2149 duo
645 2095 966 2150 sacerdotes
987 2095 1191 2150 casulis
1232 2094 1415 2148 induti
1444 2097 1777 2164 sequuntur,
1868 2104 2120 2169 quuntur
2149 2098 2410 2168 peractis,
2443 2102 2500 2151 et
2528 2113 2669 2167 opus
2724 2095 2950 2149 solitum
2990 2092 3247 2159 redeunt,
3287 2108 3465 2167 usque

193 2184 477 2239 sacerdote
531 2183 968 2239 hebdomadal‘io
1025 2189 1311 2255 sequente.
1348 2183 1601 2251 Quorum
1638 2198 1785 2235 unus
1866 2188 2000 2242 dum
2031 2173 2191 2249 factis
2229 2185 2409 2241 tribus
2464 2184 2812 2251 orationibus
2849 2183 3071 2257 signum
3111 2181 3365 2255 pulsetur
3382 2178 3466 2253 ad

194 2274 410 2328 calicem
439 2290 570 2327 cum
622 2289 771 2344 aqua
820 2279 878 2328 et
904 2274 1031 2328 vino
1057 2290 1170 2327 non
1209 2277 1534 2327 consecrato
1566 2276 1773 2343 portat,
1862 2276 2126 2343 tertiam;
2169 2281 2304 2329 tunc
2341 2280 2397 2345 et
2433 2275 2538 2355 ipsi
2591 2273 2880 2344 praemissa
2898 2260 3162 2345 oratione
3193 2269 3456 2343 eamdem

194 2364 327 2445 alter
352 2379 489 2417 vero
518 2362 658 2417 nihil
687 2369 893 2434 portat,
941 2363 1038 2417 sed
1089 2379 1218 2417 mox
1271 2367 1335 2416 ut
1380 2362 1515 2415 illuc
1544 2361 1782 2425 venitur,
1869 2365 2065 2419 horam
2098 2370 2324 2419 cantare
2380 2380 2491 2418 non
2524 2363 2808 2417 differunt.
2845 2362 2902 2417 Si
2937 2361 3062 2432 quis
3102 2376 3296 2417 eorum
3324 2374 3456 2423 vero

193 2469 385 2525 corpus
410 2453 640 2508 Domini
680 2452 1019 2523 discooperit
1045 2458 1101 2506 et
1129 2451 1200 2523 ab
1231 2450 1666 2505 hebdomadario
1695 2451 1785 2503 in-

192 2548 475 2597 censatum
526 2543 583 2596 in
629 2542 884 2615 scutella,
921 2541 980 2595 in
1033 2557 1145 2612 qua
1168 2546 1254 2595 est
1308 2540 1681 2603 reconditum,
1714 2539 1785 2593 ad

190 2633 366 2703 majus
391 2632 576 2685 altare
598 2636 868 2702 reportat.
904 2628 1064 2694 Quod
1099 2630 1276 2699 altare
1307 2629 1473 2700 paulo
1493 2634 1623 2682 ante
1653 2645 1785 2681 asa-

187 2722 348 2775 crista
369 2722 453 2775 ita
475 2721 766 2792 plicatum,
808 2727 867 2774 et
894 2717 964 2791 ab
986 2719 1183 2773 eodem
1205 2735 1331 2773 mox
1362 2718 1781 2789 superponeba-

186 2815 290 2873 tur,
324 2814 688 2881 expansoque
715 2798 885 2880 super
906 2808 1045 2862 illud
1104 2807 1376 2879 corporali
1408 2824 1441 2861 a
1473 2806 1781 2869 sacerdote,

186 2914 245 2951 ac
270 2898 519 2969 desuper
533 2896 739 2969 patena
757 2913 886 2951 cum
907 2912 1139 2967 corpore
1167 2890 1389 2951 Domini
1408 2895 1613 2966 posita,
1641 2894 1785 2947 calix

190 2988 424 3058 quoque;
458 2993 527 3065 ut
549 3003 671 3064 mos
698 2991 801 3051 est,
839 2986 1085 3058 ponitur.
1121 2986 1202 3039 De
1228 2978 1552 3054 hujusrnodi
1587 2989 1777 3038 autem

1867 2461 1995 2526 post
2010 2454 2373 2524 Evangelium
2396 2453 2581 2509 miss're
2600 2451 2827 2523 majoris
2862 2449 3120 2521 privatim
3149 2449 3269 2503 vult
3294 2463 3465 2503 cane-

1869 2561 1949 2609 re,
1974 2543 2043 2596 ab
2061 2543 2274 2597 ordinis
2303 2548 2519 2601 rectore
2540 2541 2596 2594 in
2627 2541 2797 2594 choro
2825 2539 2993 2603 debet
3008 2538 3293 2601 licentiam
3323 2537 3466 2597 acci-

1866 2649 2019 2704 pere.
2055 2633 2112 2686 Si
2146 2631 2272 2702 quis
2296 2631 2465 2684 etiam
2511 2630 2763 2703 ipsorum
2809 2628 3142 2705 sanguinem
3173 2626 3462 2703 minuerit,

1865 2722 2035 2789 tertia
2056 2720 2147 2774 die
2174 2719 2244 2773 ad
2271 2720 2533 2791 primam,
2565 2719 2651 2783 vel
2698 2717 2807 2777 alio
2833 2724 3089 2788 tempore
3132 2715 3202 2791 ad
3234 2708 3464 2791 tertiani

1866 2812 2034 2877 choro
2064 2826 2130 2863 ex
2160 2807 2565 2863 consuetudine
2585 2807 2857 2864 interesse
2885 2804 3071 2860 debet.

2425 2896 2663 2951 CAPUT
2690 2894 2915 2963 XXVII.

2362 2987 2435 3041 De
2464 2987 2677 3039 custode
2705 2987 2953 3049 ecclesia.

188 3076 362 3130 ofﬁcio
388 3092 510 3131 non
535 3076 923 3149 intromittunt
968 3091 1028 3128 se
1067 3074 1339 3145 diaconus
1367 3090 1469 3127 nec
1498 3073 1774 3138 sacerdos,
1802 3069 1847 3135 C
1935 3073 2867 3151 (un.)Apocrisiarius,quicustodit
2880 3070 3465 3147 ecclesiaethesaurum

191 3166 312 3235 quia
331 3164 591 3236 praedicti
616 3164 933 3218 sacerdotes
978 3163 1154 3217 vicem
1200 3163 1426 3216 illorum
1473 3179 1572 3233 per
1595 3162 1785 3231 omnia

186 3255 468 3325 supplent.
507 3253 615 3309 Sed
636 3259 693 3308 et
714 3253 816 3318 illi,
850 3254 944 3324 qui
972 3251 1306 3307 candelabra
1332 3258 1390 3306 et
1433 3251 1785 3306 thuribulum

186 3349 540 3404 tenent.ante
561 3343 736 3397 altare
747 3348 1101 3407 stantes,non
1122 3341 1437 3405 discedunt,
1456 3341 1783 3415 priusquam

186 3448 375 3487 omnes
406 3433 855 3486 communicasse
884 3431 1160 3485 noverint.
1218 3431 1282 3484 In
1331 3422 1591 3484 omnibus
1629 3447 1782 3500 ergo,

186 3538 464 3593 qumsmpe
476 3521 658 3575 dictus
686 3519 966 3575 armarius
986 3520 1106 3590 agit
1134 3525 1235 3573 aut
1262 3520 1506 3582 ordinat,
1530 3536 1784 3573 summo-

184 3627 309 3681 pere
331 3616 517 3673 cavet,
548 3626 620 3664 ne
644 3610 775 3685 quid
807 3616 1003 3681 contra
1051 3625 1217 3663 usum
1276 3613 1595 3680 praesumat.
1634 3609 1779 3662 Nam

184 3706 244 3753 ut
270 3700 471 3770 aliqua
499 3698 784 3752 evidenter
811 3698 1089 3762 dicantur,
1122 3714 1234 3751 non
1289 3697 1466 3767 magis
1497 3697 1577 3765 illi
1611 3713 1780 3767 quam

184 3789 303 3843 aliis
333 3794 502 3843 extra
528 3792 689 3858 septa
720 3787 950 3841 claustri
972 3803 1073 3857 pro
1102 3786 1293 3855 aliqua
1336 3786 1626 3839 occasione
1653 3786 1783 3839 licet

185 3876 474 3947 progredi,
506 3864 608 3929 nec
626 3880 881 3946 tempore
908 3874 1118 3929 silentii
1168 3875 1492 3945 aliquando,
1521 3874 1629 3929 nisi
1655 3891 1781 3929 cum

181 3965 407 4019 licentia
426 3954 725 4034 quui.Nec
745 3964 803 4017 in
834 3979 1076 4029 camera,
1097 3962 1193 4018 ubi
1216 3963 1341 4017 libri
1373 3963 1776 4026 reconduntur,

182 4054 429 4125 aliquem
491 4053 622 4106 facit
661 4053 897 4117 intrare,
933 4052 1043 4105 nisi
1085 4068 1187 4123 pro
1217 4051 1536 4106 rationabili
1567 4050 1781 4122 aliquid

183 4144 362 4198 adhuc
391 4142 754 4213 apportandi,
794 4143 878 4196 vel
909 4141 1253 4212 reportandi,
1299 4142 1383 4194 vel
1423 4140 1574 4194 aliud
1621 4140 1775 4212 quid,

183 4234 327 4303 quod
356 4233 433 4286 ad
469 4231 622 4285 illius
653 4230 1030 4285 obedientiam
1052 4231 1168 4284 illic
1185 4230 1427 4284 faciendi
1448 4230 1779 4284 necessitate

181 4324 451 4392 pertinet.
486 4321 638 4374 Nihil
693 4320 772 4373 ibi
808 4320 1020 4381 scribit,
1060 4336 1164 4373 nec
1212 4319 1369 4389 legit,
1410 4335 1512 4375 nec
1568 4325 1777 4373 cantat.

178 4410 504 4466 Nullumibi
525 4409 755 4464 verbum
771 4425 901 4463 cum
928 4409 1118 4479 aliquo
1143 4408 1377 4473 confert,
1409 4407 1517 4461 nisi
1547 4407 1621 4461 sit
1649 4408 1775 4462 ine-
1796 4415 1849 4478 Β

178 4498 429 4554 vitabilis
458 4515 648 4581 causa,
693 4503 751 4552 et
779 4514 901 4568 quae
921 4514 1023 4568 per
1052 4497 1216 4567 signa
1243 4496 1516 4550 insinuari
1539 4512 1651 4549 non
1676 4513 1779 4567 po-
1806 4485 1815 4491 ’

175 4592 305 4642 test.
331 4588 741 4658 Suﬂraganeus
769 4603 897 4641 vero
928 4587 1069 4656 ejus,
1102 4586 1211 4639 nisi
1234 4585 1304 4639 ab
1337 4602 1402 4639 eo
1433 4586 1697 4650 monitus,
1727 4592 1784 4639 et

176 4683 312 4731 tunc
344 4677 577 4749 quando
596 4676 771 4730 vicem
801 4677 924 4745 ejus
954 4669 1202 4729 absentis
1230 4691 1333 4746 per
1361 4673 1552 4728 omnia
1602 4680 1779 4739 tenet,

172 4752 541 4838 nequaquam
562 4766 696 4819 illuc
727 4765 914 4818 venire
931 4764 1113 4818 debet.
1149 4762 1303 4818 Infra
1323 4768 1623 4834 utramque
1653 4764 1784 4833 mis-

172 4871 324 4925 sam,
354 4860 406 4908 si
448 4853 663 4925 absque
688 4853 1025 4907 detrimento
1051 4852 1206 4906 chori
1247 4852 1442 4906 abesse
1472 4851 1697 4922 poterit,
1728 4857 1785 4923 et

171 4950 305 5015 post
328 4943 657 5015 cymbalum
689 4958 1038 5019 percussum,
1072 4941 1213 4995 hora
1253 4940 1592 5006 refectionis,
1617 4941 1781 4995 dum-

170 5034 346 5088 modo
377 5032 712 5104 tempestive
737 5031 808 5085 ad
836 5047 1093 5085 mensam
1137 5036 1407 5095 occurrat,
1447 5030 1507 5084 in
1537 5031 1783 5085 claustro

173 5123 445 5187 scribere,
490 5124 577 5176 vel
624 5108 743 5176 tale
758 5108 902 5192 quid
955 5120 1335 5175 necessarium
1364 5125 1549 5190 potest
1579 5120 1778 5174 facere.

1868 3172 1926 3221 et
1945 3169 2001 3220 in
2032 3168 2193 3235 cujus
2213 3181 2382 3227 manu
2416 3169 2502 3218 est
2521 3163 2794 3236 quidquid
2823 3179 2858 3231 εν,
2889 3161 3253 3239 popularibus
3278 3162 3350 3231 ad
3379 3161 3465 3235 al-

1868 3256 2014 3310 taria
2045 3255 2297 3320 offertur,
2330 3254 2589 3315 sacerdos
2619 3269 2742 3306 esse
2770 3251 2954 3306 debet.
2987 3251 3094 3325 Qui
3123 3256 3189 3305 ut
3216 3250 3463 3319 ofﬁcium

1868 3362 2031 3400 suum
2047 3344 2214 3415 digne
2232 3343 2410 3416 possit
2426 3340 3099 3414 adimplere,adhibeatur
3117 3339 3169 3397 ei
3198 3339 3463 3413 solatium

1868 3435 2289 3505 aliquantorum
2319 3432 2577 3485 fratrum.
2600 3430 2787 3489 'Inter
2812 3445 2951 3500 quos
2978 3433 3173 3482 tamen
3202 3433 3287 3483 est
3314 3444 3462 3491 unus

1869 3522 2244 3594 praestantior,
2262 3521 2354 3592 qui
2377 3520 2552 3574 vicem
2576 3520 2699 3589 ejus
2713 3517 2963 3572 absentis
2981 3516 3116 3593 agit.
3150 3516 3305 3571 Idem
3328 3533 3462 3588 ergo

1871 3611 2268 3683 apocrisiarius
2286 3615 2471 3681 potest
2495 3608 2643 3685 loqui
2656 3607 2711 3661 in
2744 3614 2998 3677 tempore
3016 3605 3227 3659 silentii
3247 3606 3316 3665 de
3336 3606 3465 3667 obe-

1864 3700 2079 3773 dientia
2107 3717 2206 3755 sua
2237 3699 2382 3771 quod
2416 3696 2792 3752 necessarium
2824 3702 2910 3749 est
2929 3712 3056 3757 cum
3088 3691 3339 3775 quolibet
3365 3712 3465 3750 eo—

1865 3790 2121 3845 rumdem
2152 3789 2411 3849 fratrum,
2449 3786 2704 3858 quamvis
2732 3801 3091 3861 nequaquam
3134 3783 3240 3839 sibi
3269 3801 3463 3841 conce-

1866 3880 2053 3943 datur,
2082 3884 2304 3932 uttunc
2334 3876 2606 3947 temporis
2634 3874 3009 3936 communiter
3045 3890 3171 3927 cum
3199 3873 3460 3929 omnibus

1864 3969 2147 4039 loquatur,
2172 3971 2400 4037 excepto
2456 3963 2722 4031 sabbato;
2771 3963 2819 4017 si
2872 3962 3017 4017 forte
3044 3967 3183 4017 tunc
3218 3962 3458 4017 brevitas

1862 4057 2050 4128 spatii,
2078 4061 2178 4109 aut
2205 4055 2315 4117 alia
2345 4053 2648 4115 necessitas
2668 4052 2773 4105 hoc
2795 4049 3203 4121 impedit.Nam
3233 4051 3293 4109 in
3305 4051 3460 4123 omni

1862 4145 2093 4211 sabbato
2123 4161 2218 4198 eos
2262 4143 2430 4197 debet
2456 4142 2671 4215 pariter
2707 4139 3026 4203 convenire,
3060 4143 3118 4192 et
3158 4138 3228 4192 de
3260 4138 3454 4193 usibus

1864 4234 2107 4290 ecclesiae
2136 4233 2434 4298 instruere,
2467 4248 2531 4284 ac
2562 4229 2839 4305 praecipue
2866 4226 3301 4307 subsequentem
3327 4226 3460 4301 heb-

1864 4324 2162 4379 domadam
2188 4321 2285 4376 uni
2316 4337 2510 4375 eorum
2531 4318 2942 4391 commendare.

2399 4408 2637 4464 CAPUT
2665 4407 2924 4473 XXVIII,

2353 4500 2426 4554 De
2450 4500 2702 4567 portorio
2730 4499 2975 4561 ecclesia},

1940 4593 1962 4616 θ
1980 4592 2153 4646 Porta
2188 4605 2412 4660 quoque
2438 4587 2679 4643 ecclesiae
2733 4587 2831 4641 uni
2861 4585 3179 4658 specialiter
3207 4585 3465 4659 commit-

1867 4681 2031 4755 titur,
2058 4679 2153 4750 qui
2184 4694 2307 4732 eam
2336 4693 2560 4747 semper
2587 4675 2814 4730 claudat
2854 4678 2910 4734 et
2938 4674 3155 4750 aperiat
3193 4692 3294 4729 suo
3324 4681 3466 4739 tem:

1868 4786 2020 4841 pore.
2042 4767 2108 4821 Et
2125 4768 2216 4821 hic
2240 4766 2489 4820 studiose
2517 4766 2646 4819 talis
2667 4763 2916 4836 eligitur,
2937 4764 3033 4835 qui
3060 4764 3245 4841 gravis
3300 4764 3375 4835 sit
3410 4766 3469 4841 in

1867 4857 2133 4920 moribus,
2178 4872 2280 4909 nec
2305 4855 2373 4908 ad
2404 4855 2580 4917 risum
2612 4853 2813 4923 facilis,
2844 4869 2916 4907 ne
2960 4870 3128 4924 quam
3158 4854 3219 4911 in
3249 4870 3315 4908 eo
3339 4854 3461 4929 loco

1864 4948 2151 5002 levitatem
2179 4945 2456 4998 intrantes
2480 4944 2567 4997 vel
2591 4947 2856 4997 exeuntes
2877 4942 3319 5019 deprehendant.
3356 4960 3455 5027 un,

1867 5038 1937 5092 Et
1959 5041 2046 5091 est
2073 5036 2125 5089 ei
2153 5034 2257 5088 hoc
2285 5032 2513 5088 omnino
2544 5031 2927 5096 interdictum,
2952 5028 3025 5085 'ut
3055 5032 3279 5109 quando
3303 5031 3461 5107 clau-

1866 5126 1951 5181 dit
1973 5124 2060 5179 vel
2084 5123 2284 5196 aperit,
2320 5139 2421 5195 pro
2450 5122 2606 5176 nulla
2627 5121 2915 5185 occasione
2955 5120 3042 5177 vel
3074 5116 3273 5195 pedem
3304 5124 3463 5197 exire

173 5212 287 5267 Sed
321 5200 387 5267 et
414 5210 543 5265 aliis
565 5210 901 5282 quibusdam
935 5208 1260 5264 conceditur
1289 5215 1416 5280 post
1453 5225 1779 5280 percussum
1867 5220 2090 5287 portam
2120 5211 2439 5283 protendat.
2473 5208 2641 5264 Hunc
2693 5209 2741 5263 si
2788 5208 3091 5278 aliquando
3147 5206 3466 5287 contigerit,

174 5300 511 5373 cymbalum
550 5300 629 5355 ibi
646 5296 861 5365 sedere,
898 5299 945 5352 si
967 5298 1103 5370 quid
1134 5298 1478 5369 scripserint,
1520 5298 1607 5352 vel
1636 5298 1789 5353 aliud
1877 5310 1900 5332 “
1928 5308 1994 5358 ut
2021 5303 2224 5372 hospes
2256 5299 2460 5371 aliquis
2502 5298 2651 5352 infra
2678 5297 2987 5367 capitulum
3038 5294 3097 5349 in
3126 5294 3361 5349 ecclesia
3388 5310 3474 5349 re—

174 5395 458 5472 quiddam
479 5392 861 5469 necessarium
880 5398 940 5461 et
954 5392 1090 5449 utile
1100 5390 1577 5457 fecerintquibus
1596 5397 1711 5457 tam
1719 5408 1783 5451 en

1876 5396 2124 5457 maneat,
2157 5390 2244 5449 vel
2265 5389 2314 5446 si
2343 5387 2473 5445 talis
2505 5392 2591 5442 est
2633 5384 2925 5446 festivitas,
2962 5382 3022 5437 in
3045 5398 3157 5477 qua
3184 5382 3471 5477 phpIacte-

251 5568 420 5641 (129)
453 5571 862 5638 Vadimonium,
887 5569 1136 5637 vadium,
1166 5569 1434 5637 wadium,
1477 5568 1705 5640 pignus,
1732 5567 2038 5640 ﬁdejussio.
