3908 6168
402 243 536 303 1079

399 463 625 517 interim
681 463 866 533 legere
927 479 1040 516 non
1084 462 1433 532 prohibetur.
1464 463 1665 517 Lectus
1711 466 1835 534 ejus
1860 471 1992 519 ante

404 552 727 607 Sacristiam
747 552 911 621 juxta
937 551 1143 613 ostium
1172 568 1272 621 per
1297 552 1441 621 quod
1473 552 1529 605 in
1557 552 1788 608 sinistra
1813 554 2004 608 absidc

407 638 548 706 (l3l)
582 641 638 693 in
670 640 940 694 inferiora
966 640 1212 694 ecclesiae
1243 640 1733 712 intratur,positus
1764 651 1870 697 est.
1907 662 1998 698 vn.

404 728 615 782 Praeter
640 733 869 783 caeteros
898 737 983 782 est
1010 730 1089 783 illi
1121 729 1223 782 soli
1244 728 1578 798 injunctum.
1609 737 1674 785 ut
1702 733 1854 786 omni
1881 733 2003 787 sab-

409 816 537 869 bato
568 816 808 870 conchas
839 822 896 870 et
924 816 1383 872 ca::delabrorum
1423 824 1666 888 pateras,
1710 820 1766 873 in
1801 821 2002 892 quibus

411 905 658 960 candelae
690 906 910 971 ardent,
944 904 1245 976 diligenter
1275 906 1529 963 abi-adat.
1581 925 1651 962 ne
1696 910 1909 981 aliquid
1939 929 2005 965 ex

410 993 743 1048 decurrente
798 1010 927 1047 cera
982 998 1286 1048 remaneat.
1342 995 1520 1049 Simili
1553 1013 1774 1068 quoque
1821 1000 2008 1054 studio

420 1088 603 1137 totum
635 1084 1036 1154 pavimentum,
1089 1084 1234 1153 quod
1283 1084 1427 1136 circa
1468 1086 1648 1154 majus
1685 1087 1863 1141 altare
1906 1094 2009 1156 est,

416 1172 574 1243 prius
603 1188 751 1242 aqua
780 1171 964 1226 infusa
1017 1177 1240 1242 purgat,
1271 1178 1327 1225 et
1378 1181 1704 1229 caeterorum
1747 1177 2012 1232 altarium

410 1262 795 1332 pavimentum
828 1277 995 1331 scopa
1023 1277 1108 1314 em
1119 1261 1312 1317 undat.

486 1353 650 1421 (ναν.)
702 1350 930 1404 Claudit
946 1351 1115 1403 etiam
1139 1354 1193 1404 et
1211 1351 1394 1421 aperit
1413 1352 1655 1407 ecclesia:
1677 1354 1821 1409 fores
1847 1357 2008 1411 variis

414 1438 597 1492 modis
616 1454 717 1506 per
745 1438 965 1492 diversa
987 1444 1261 1509 tempora.
1285 1439 1427 1492 Nam
1461 1457 1585 1494 cum
1616 1448 1747 1496 ante
1781 1450 2009 1499 noctur-

413 1543 517 1581 nos
537 1526 710 1581 ﬁnitis
736 1526 1051 1597 quindecim
1084 1528 1169 1580 vel
1227 1528 1460 1597 triginta
1502 1531 1751 1599 psalmis,
1793 1538 1906 1586 tam
1948 1534 2007 1588 in

413 1615 617 1686 hyeme
629 1615 867 1685 quamin
884 1620 1076 1669 testate
1093 1632 1187 1668 eas
1208 1632 1431 1687 semper
1452 1619 1671 1688 aperiat
1691 1639 1702 1687 ;
1720 1620 1777 1674 in
1807 1622 2009 1693 hyeme

1440 249 1498 303 S.
1540 248 1932 307 GUILLELMI
1971 250 2275 306 ABBATIS
2314 249 2654 307 HlRSAUG.

398 370 639 443 ria(130)
664 372 813 452 circa
840 373 1017 427 altare
1045 373 1158 426 sint
1187 389 1475 444 suspensa,
1506 373 1618 427 illic
1647 380 1915 440 moratur,
1936 377 2060 438 etA

3514 246 3632 306 1080

2152 393 2243 431 L’D.
2276 377 2461 431 Factis
2516 374 2698 430 tribus
2747 372 3116 438 orationibus,
3157 372 3341 444 pulsat
3395 389 3554 429 unum
3577 374 3639 429 de

2087 465 2393 534 majoribus
2422 465 2598 535 signis
2631 480 2804 535 usque
2843 464 2914 517 ad
2957 464 3232 534 psalmum
3263 465 3486 519 Laetatus
3511 481 3638 520 sum.

2089 558 2247 620 (vain)
2278 552 2553 617 Secundo,
2587 553 2810 623 signum
2838 550 2987 623 quod
3011 551 3196 606 minus
3220 556 3327 617 est,
3349 551 3643 623 aliquantu-

2085 642 2226 704 lum,
2255 642 2325 695 ad
2375 644 2628 710 Itequz’em
2688 646 2971 706 zternam,
2998 656 3176 711 usque
3225 641 3361 695 dum
3412 641 3561 695 ﬁnita
3581 642 3646 696 sit

2085 731 2264 785 oratio
2279 731 2573 785 Dominica
2587 748 2714 785 cum
2737 728 3243 793 collecta.Tertio,a
3262 730 3426 799 Kyrie
3452 731 3646 799 cleison,

2087 835 2267 890 usque
2296 820 2428 873 dum
2456 818 2590 874 item
2637 819 2868 873 finiatur
2895 818 3074 873 oratio
3103 818 3397 873 Dominica
3419 834 3535 872 cum
3557 820 3653 874 col-

2090 909 2258 966 lecta.
2317 909 2547 973 Quarto,
2580 907 2740 961 finita
2789 907 3040 974 collecta,
3074 907 3145 961 ad
3201 909 3307 961 Per
3359 909 3646 969 Dominum,

2091 997 2386 1066 pulsantur
2413 997 2598 1050 omnia
2633 997 2815 1065 signa,
2858 997 2941 1050 vel
2971 996 3017 1050 si
3048 1001 3135 1051 est
3161 997 3383 1067 privata
3404 996 3535 1061 dies,
3555 996 3649 1050 duo

2094 1087 2163 1140 ad
2180 1088 2347 1154 Kyric
2374 1088 2594 1139 elei'sm.
2616 1084 2792 1156 (υαν.)
2813 1085 2895 1139 Ad
2918 1085 3177 1140 ultimam
3198 1085 3519 1140 incisionem
3546 1100 3654 1141 can-

2094 1176 2333 1230 ticorum
2360 1176 2637 1245 graduum
2666 1179 2795 1228 ante
2826 1175 2994 1229 ﬁnem
3027 1175 3228 1245 psalmi
3260 1176 3551 1237 Memento;
3584 1175 3654 1229 vel

2095 1266 2142 1319 si
2172 1266 2406 1335 triginta
2442 1263 2770 1327 recitantur,
2810 1265 3050 1319 Laudate
3092 1266 3394 1318 Dominum
3421 1265 3482 1317 de
3514 1266 3652 1326 cadis,

2091 1354 2345 1409 accendit
2374 1354 2521 1407 idem
2552 1354 2692 1407 duos
2721 1369 2911 1407 cereos
2936 1353 3291 1407 candelabris
3332 1354 3521 1407 afﬁxas
3547 1358 3658 1406 ante

2092 1443 2289 1508 altare,
2320 1447 2378 1495 et
2405 1440 2635 1495 tertium
2669 1449 2818 1494 retro
2847 1442 3047 1496 altare.
3082 1446 3107 1468 "
3143 1441 3307 1506 Quod
3355 1442 3402 1496 si
3448 1441 3561 1512 ipse
3590 1440 3659 1494 in-

2090 1532 2312 1585 terdum
2345 1528 2575 1599 privatis
2605 1529 2802 1583 diebus
2824 1536 2949 1600 post
2973 1545 3235 1584 accensos
3258 1546 3451 1584 cereos
3467 1529 3534 1583 ad
3557 1530 3660 1600 pul-

2091 1620 2329 1674 sandum
2350 1617 2679 1688 tempestive
2711 1634 2822 1672 non
2874 1619 3194 1685 revertitur,
3241 1618 3314 1674 ab
3343 1618 3526 1689 aliquo
3550 1634 3661 1672 con-

413 1709 605 1757 tanten
631 1702 806 1756 ﬁnitis
827 1703 1045 1757 duobus
1075 1705 1361 1759 nocturnis
1389 1712 1519 1761 ante
1551 1709 1791 1762 officium
1816 1710 2011 1765 defun-
2032 1709 2373 1792 Bsociorum
2432 1708 2550 1776 ejus
2602 1706 2878 1777 pulsatur.
2927 1709 3067 1762 Tres
3120 1712 3315 1763 autem
3361 1706 3504 1763 cerei
3529 1712 3659 1762 retro

414 1791 809 1862 ctorum,quod
840 1791 898 1844 in
927 1799 1091 1846 nocte
1111 1798 1622 1865 cantatur,sempcr
1653 1815 1749 1851 eas
1777 1800 2007 1867 claudit,
2054 1791 2057 1792 ⁷
2095 1800 2271 1854 altare
2301 1797 2483 1866 majus
2513 1796 2777 1867 pendent.
2797 1813 3035 1867 quorum
3056 1797 3276 1851 medius
3303 1797 3511 1867 (dequo
3538 1814 3659 1867 pne-

414 1886 584 1951 atque
613 1880 693 1933 ita
716 1886 1052 1950 permanent
1067 1898 1244 1952 usque
1274 1883 1406 1937 dum
1440 1885 1596 1938 scilla
1622 1892 1753 1941 ante
1782 1889 2008 1943 tertiam
2093 1887 2302 1941 dictum
2335 1889 2439 1952 est)
2474 1884 2723 1955 quotidie
2772 1886 2842 1938 ad
2890 1890 3194 1940 nocturnos
3222 1891 3283 1940 et
3312 1901 3579 1956 vesperos,
3614 1885 3661 1938 in

414 1972 671 2042 pulsetur
701 1989 711 2025 :
737 1971 1008 2043 ﬁnitaque
1054 1973 1226 2027 missa
1274 1976 1595 2030 matutinali
1650 1979 1863 2034 claudit
1891 1998 2008 2047 eas,

416 2061 732 2131 clausaeque
752 2067 1085 2131 permanent
1114 2079 1292 2133 usque
1315 2070 1438 2135 post
1457 2072 1690 2134 sextam;
1727 2073 1860 2123 tunc
1889 2087 2016 2142 ape-

418 2149 645 2203 riuntur
673 2154 732 2203 et
755 2149 925 2204 missa
950 2151 1107 2204 finita
1138 2169 1316 2223 usque
1345 2155 1416 2207 ad
1453 2172 1712 2227 vesperas
1742 2158 2012 2213 claudun—

416 2243 531 2295 tur.
563 2240 698 2292 POst
726 2240 1013 2309 regulares
1062 2257 1321 2311 vesperas
1361 2243 1702 2299 clauduntur
1730 2247 1805 2300 ita
1838 2264 2015 2319 usque

418 2327 488 2381 ad
520 2333 825 2381 nocturnos
886 2345 1287 2399 permansurae.
1326 2332 1387 2385 In
1442 2339 1637 2387 aestate
1664 2334 1854 2407 itaque
1886 2354 2011 2391 cum

418 2415 608 2471 statim
642 2422 769 2488 post
800 2418 1137 2472 matutinum
1184 2420 1498 2490 regularem
1532 2423 1902 2491 clauduntur;
1946 2427 2015 2480 ad

418 2506 657 2576 primam
683 2506 1032 2576 aperiuntur,
1066 2515 1122 2561 et
1151 2525 1328 2579 usque
1359 2510 1492 2563 dum
1521 2513 1868 2567 matutinalis
1888 2516 2015 2570 mis-

418 2610 483 2648 sa
512 2594 758 2655 ﬁniatur,
789 2600 1002 2665 patent.
1063 2597 1199 2661 Quae
1264 2603 1397 2652 tunc
1446 2600 1647 2655 clausae
1690 2603 1758 2655 ad
1788 2603 2011 2659 missam

419 2683 766 2754 aperiuntur,
793 2689 984 2754 postea
1015 2702 1192 2756 usque
1222 2687 1294 2740 ad
1344 2705 1603 2759 vesperae
1657 2690 2008 2747 obserantur.

419 2771 631 2836 Quibus
644 2772 816 2827 ﬁnitis
844 2790 1024 2844 usque
1052 2774 1121 2827 ad
1154 2781 1458 2830 nocturnos
1480 2779 1708 2834 omnino
1739 2782 2012 2836 claudun-

416 2868 530 2916 tur.
565 2860 631 2915 In
660 2861 1105 2932 Quadragesima
1128 2864 1361 2932 privatis
1401 2867 1596 2922 diebus
1626 2875 1750 2940 post
1782 2873 2014 2926 matuti-

418 2951 604 3005 nalem
636 2951 866 3005 missam
899 2951 1261 3017 clauduntur,
1298 2972 1476 3026 usque
1532 2958 1665 3012 dum
1702 2962 1915 3031 vesperi
1957 2962 2015 3014 ﬁ-

420 3038 670 3093 niantur.
705 3038 772 3093 In
815 3039 1111 3094 duodecim
1165 3042 1498 3099 lectionibus
1546 3052 1664 3100 tam
1700 3047 1759 3101 in
1814 3049 2012 3120 hyeme

421 3144 592 3199 quam
621 3128 679 3182 in
708 3133 902 3184 aestate
928 3130 994 3183 ad
1029 3131 1263 3197 scillam,
1298 3150 1420 3203 quae
1445 3143 1567 3205 post
1586 3138 2013 3208 completorium

420 3222 603 3283 sonat,
628 3218 979 3287 aperiuntur.
1024 3220 1283 3275 Studiose
1326 3228 1515 3276 tamen
1542 3225 1676 3294 agit,
1702 3234 1764 3280 ut
1791 3228 1837 3281 si
1891 3229 2015 3299 quis

421 3321 517 3360 eas
538 3324 571 3361 a
585 3307 765 3378 primo
786 3324 952 3362 mane
983 3325 1158 3379 usque
1185 3316 1311 3381 post
1333 3313 1757 3382 completorium
1787 3334 2014 3386 percus-

421 3397 579 3462 serit,
613 3403 670 3450 et
699 3398 783 3450 vel
814 3397 931 3468 ipse
961 3398 1208 3452 audierit
1243 3400 1329 3453 vel
1374 3400 1443 3453 ab
1474 3401 1583 3454 alio
1614 3406 1905 3475 comperit.
1947 3407 2023 3467 ad

422 3485 790 3554 aperiendum
825 3491 1057 3555 paratus
1087 3487 1178 3540 sit.
1215 3489 1234 3509 ‘
1265 3488 1416 3551 Quas
1470 3490 1639 3544 etiam
1678 3493 2017 3550 claudendas

424 3578 584 3626 tanto
608 3573 823 3643 impetu
852 3574 921 3627 ad
944 3574 1174 3628 invicem
1202 3576 1482 3648 impingit,
1513 3584 1577 3631 ut
1604 3588 1928 3650 conventus,
1970 3586 2018 3638 si

423 3661 588 3715 estin
614 3661 804 3728 choro,
831 3663 1027 3716 audire
1058 3664 1252 3733 possit.
1288 3665 1359 3719 Ut
1407 3674 1594 3721 autem
1649 3675 1808 3724 tanto
1836 3674 2021 3743 aptior

423 3746 546 3806 esse
571 3751 751 3805 valeat
767 3752 894 3806 huic
909 3752 1391 3817 ofﬁcio,conventu
1413 3764 1676 3815 manente
1704 3761 1762 3815 in
1786 3764 2021 3819 ecclesia

425 3845 620 3894 manet
646 3846 703 3894 et
726 3841 846 3912 ipse
874 3841 933 3895 in
957 3842 1161 3896 minori
1191 3845 1381 3899 choro.

993 3931 1227 3987 CAPUT
1252 3935 1450 3990 XXIX.

822 4020 893 4074 De
925 4020 1351 4077 hebdomadario
1378 4028 1624 4081 ecclesia.

498 4109 631 4179 (un).
653 4108 856 4165 Caeteri
874 4109 1217 4180 septimanas
1230 4128 1359 4166 suas
1375 4113 1431 4166 in
1463 4115 1711 4184 qualibet
1728 4117 2022 4175 Dominica

423 4199 1040 4270 nocturnosincipiente
1069 4199 1310 4254 vicissim
1354 4201 1583 4267 faciunt,
1624 4221 1690 4258 eo
1724 4207 1888 4261 modo
1909 4224 2019 4278 quo

423 4288 505 4343 eis
526 4294 613 4343 est
640 4289 978 4360 praeﬁnitum
1009 4304 1043 4341 a
1089 4290 1347 4353 sacrista,
1381 4296 1439 4345 et
1467 4294 1851 4365 unusquisque
1878 4313 2018 4368 Opus

422 4377 594 4432 habet
622 4385 686 4433 ut
713 4379 844 4450 quid
895 4397 996 4451 per
1047 4379 1457 4434 hebdomadam
1489 4382 1737 4438 facturus
1758 4386 1848 4453 sit,
1886 4387 2015 4441 dili-

2095 1975 2388 2030 iluodecim
2408 1972 2741 2027 lectionibus
2761 1973 2830 2026 ad
2846 1973 3073 2028 missam
3087 1973 3507 2029 accenditur.ln
3530 1974 3663 2027 festis

2097 2081 2227 2119 vero
2257 2063 2510 2117 albarum
2543 2062 2653 2116 duo
2675 2062 2745 2115 ad
2793 2072 3096 2117 nocturnos
3117 2071 3173 2118 et
3201 2069 3321 2118 tres
3355 2063 3424 2117 ad
3453 2078 3662 2132 evange-

2096 2154 2255 2218 lium,
2276 2152 2443 2205 simul
2472 2157 2660 2206 autem
2682 2152 2753 2205 ad
2774 2152 3003 2205 missam
3035 2159 3091 2206 et
3119 2152 3189 2206 ad
3216 2158 3489 2223 utrosque
3503 2167 3663 2222 vespe-

2094 2258 2189 2296 ros
2212 2240 2621 2295 illuminantur.
2658 2239 2726 2294 In
2754 2240 3097 2310 quibuslibet
3126 2248 3322 2296 autem
3366 2240 3664 2295 eminentia

2097 2330 2254 2385 ribus
2282 2331 2349 2384 ad
2408 2337 2677 2401 utrosque
2715 2346 2976 2401 vesperos
3037 2337 3096 2385 et
3137 2337 3448 2385 nocturnos
3484 2329 3667 2400 pariter

2098 2425 2265 2474 erunt
2322 2418 2701 2480 accendendi;
2772 2419 2868 2471 sed
2927 2418 2996 2472 ad
3052 2420 3304 2474 Gloriam
3355 2416 3666 2489 responsorii

2098 2509 2276 2563 octavi
2304 2507 2722 2577 exstinguendi.
2770 2507 2925 2561 Tunc
2956 2524 3200 2579 namque
3227 2508 3431 2578 viginti
3461 2514 3671 2578 quatuor

2095 2598 2340 2652 candelae
2360 2613 2583 2652 sursum
2606 2597 2665 2649 in
2677 2596 2914 2651 circuitu
2936 2597 3132 2650 altaris
3161 2597 3361 2668 posita:
3394 2595 3670 2650 accendun-

2093 2694 2205 2746 tur.
2241 2687 2328 2740 Ad
2356 2686 2586 2740 missam
2610 2702 2739 2738 vero
2762 2685 2843 2739 illi
2866 2690 2980 2740 tres
3010 2686 3379 2742 accendendi.
3401 2686 3496 2739 sed
3521 2684 3663 2755 quiu-

2096 2794 2203 2847 que
2217 2776 2284 2829 de
2302 2776 2389 2829 his
2408 2780 2541 2829 sunt
2562 2774 2709 2852 circa
2728 2775 2905 2829 altare
2949 2774 3009 2828 in
3038 2781 3199 2846 paite
3225 2774 3520 2830 Orientali.
3550 2775 3667 2828 Item

2097 2866 2166 2919 ad
2188 2865 2456 2919 lectiones
2485 2863 2748 2918 observat
2771 2869 2834 2917 ut
2867 2863 3059 2917 lumen
3090 2880 3218 2918 cum
3265 2881 3378 2935 quo
3399 2862 3665 2933 legendum

2096 2960 2199 3018 est,
2234 2970 2457 3024 semper
2478 2952 2546 3007 ad
2581 2953 2840 3007 ultimum
2882 2952 3162 3024 psalmum
3192 2958 3587 3008 nocturnorum
3613 2966 3667 3003 eo

2094 3050 2347 3113 tempore
2377 3042 2667 3107 alferat,ut
2687 3042 2879 3095 lectori
2900 3042 2969 3095 ad
3000 3043 3246 3097 Gloriam
3286 3041 3529 3112 ejusdem
3548 3038 3669 3110 psal-

2096 3131 2174 3185 mi
2203 3131 2273 3183 ad
2305 3130 2541 3200 gradum
2573 3134 2705 3183 ante
2757 3135 2811 3184 et
2858 3134 3008 3184 retro
3066 3128 3298 3183 facienti
3325 3133 3383 3183 et
3413 3128 3483 3181 ad
3509 3125 3669 3180 analo-

2094 3219 2256 3292 gium
2286 3221 2466 3284 eunti,
2500 3219 2618 3289 ipse
2647 3218 2984 3272 discedendo
3010 3235 3124 3272 non
3153 3223 3433 3273 occurrat.

2173 3313 2309 3378 (un).
2334 3310 2480 3379 Ergo
2503 3308 2573 3363 ad
2608 3324 2812 3362 nonam
2844 3307 3301 3378 lectionem,quae
3327 3312 3414 3362 est
3430 3307 3497 3360 de
3524 3306 3670 3359 Evan-

2099 3398 2266 3469 gelio.
2290 3398 2347 3451 in
2380 3399 2519 3464 loco,
2553 3397 2650 3452 ubi
2684 3397 2964 3468 expositor
2985 3397 3229 3451 homilia:
3253 3392 3671 3458 nominatur,ad-

2105 3488 2211 3541 huc
2242 3492 2300 3540 et
2331 3487 2559 3541 tertium
2587 3491 2721 3541 ante
2773 3487 2951 3540 altare
2981 3503 3205 3540 cereum
3239 3486 3512 3540 accendit.
3550 3484 3669 3537 Cum

2100 3576 2363 3631 sacerdos
2375 3576 2626 3630 dicturus
2646 3583 2731 3630 est
2752 3575 3200 3641 collectam,huic
3212 3576 3389 3629 etiam
3407 3570 3672 3646 providens

2102 3667 2293 3719 lumen
2323 3672 2603 3737 apportet,
2632 3665 2690 3719 in
2718 3664 3013 3719 duodecim
3035 3664 3371 3718 lectionibus
3396 3663 3602 3735 quidem
3626 3664 3672 3712 et

2102 3757 2161 3809 in
2182 3754 2412 3814 octavis,
2444 3761 2500 3808 et
2528 3754 2584 3808 in
2615 3770 2810 3808 eorum
2834 3753 3107 3807 similibus
3126 3753 3392 3824 precibus
3406 3768 3540 3824 pene
3562 3747 3670 3803 ﬁni-

2104 3844 2177 3898 tis
2210 3862 2221 3896 :
2257 3846 2277 3867 '
2308 3842 2365 3896 in
2394 3843 2482 3897 his
2509 3850 2697 3897 autem
2739 3842 2955 3906 diebus,
3002 3842 3226 3913 quando
3281 3842 3484 3914 psalmi
3507 3853 3671 3912 preces

2104 3938 2437 4004 sequuntur,
2482 3932 2630 3986 infra
2693 3932 2992 4004 psalmum,
3027 3934 3245 3986 lnclina
3273 3950 3295 3985 :
3344 3932 3404 3986 in
3444 3931 3671 3984 Adventu

2101 4038 2231 4075 vero
2252 4020 2497 4085 Domini,
2530 4028 2586 4075 et
2614 4022 2672 4074 in
2691 4020 3131 4092 Quadragesima
3156 4025 3289 4075 ante
3320 4037 3527 4093 preces.
3558 4018 3669 4074 Olli-

2102 4111 2258 4165 cialis
2289 4117 2479 4165 autem
2509 4110 2651 4165 liber
2679 4111 2877 4166 subtus
2918 4111 3161 4165 formam
3189 4115 3326 4165 ante
3350 4109 3666 4165 sacerdotem

2104 4216 2138 4253 a
2161 4200 2426 4271 prtedicto
2457 4200 2631 4254 fratre
2664 4201 2879 4271 positus
2903 4201 3058 4270 jacet
3085 4200 3334 4267 assidue,
3358 4204 3421 4255 ut
3445 4197 3668 4253 cominus

2105 4306 2235 4344 eum
2262 4290 2442 4360 possit
2478 4289 2709 4353 habere,
2735 4290 2842 4344 nisi
2873 4306 3001 4344 eum
3031 4289 3236 4360 aliquis
3273 4290 3347 4344 ad
3373 4301 3669 4343 monumen-

2102 4384 2225 4434 tum
2257 4378 2503 4432 auferat:
2528 4379 2887 4450 quaestionari
2907 4388 3206 4445 tamen,ne
3226 4379 3286 4433 in
3315 4395 3419 4432 suo
3445 4383 3670 4446 tempore

421 4472 623 4536 genter
641 4468 915 4522 attendat.
953 4471 975 4492 θ
1004 4468 1193 4522 Primo
1251 4485 1495 4540 namque
1526 4474 1609 4538 (ut
1654 4473 1789 4541 dixi)
1816 4475 1885 4529 ad
1915 4459 2083 4530 no-D
2103 4466 2266 4532 desit,
2291 4474 2588 4538 praecavet,
2624 4468 2876 4539 alioquin
2923 4466 3379 4521 inclamationem
3418 4482 3529 4520 non
3557 4463 3671 4517 cliu-

422 4561 650 4609 cturnos
671 4562 964 4627 postquam
987 4558 1336 4628 horologium
1356 4560 1704 4624 ceciderit,et
1722 4565 2021 4634 praedictus

422 4643 655 4697 sacrista
678 4646 904 4715 pulsare
924 4646 1136 4700 scillam
1158 4647 1449 4717 inceperit,
1468 4649 1587 4719 ipse
1601 4667 1723 4705 eam
1751 4652 1820 4706 de
1849 4671 2021 4709 manu

421 4731 574 4785 illius
603 4733 883 4804 accipitac
899 4735 1092 4789 tandiu
1118 4737 1320 4807 pulsat,
1339 4753 1518 4807 usque
1545 4739 1676 4794 dum
1705 4758 1907 4812 pueros
1936 4746 2020 4800 vel

415 4820 679 4890 juvenem
707 4823 777 4874 ad
823 4823 929 4877 hoc
981 4824 1313 4894 deputatum
1361 4842 1486 4879 cum
1536 4827 1756 4884 laterna
1784 4831 2031 4887 chorum"

419 4910 633 4963 intrare
656 4910 873 4965 viderit.
908 4912 1102 4967 Potest
1128 4919 1321 4968 tamen
1361 4914 1588 4970 interim
1620 4918 1730 4972 alio
1761 4920 1874 4975 vice
1898 4923 2018 4992 ejus

418 4998 633 5053 scillam
649 5002 929 5071 pulsante.
961 5002 1008 5055 si
1033 5019 1258 5057 necesse
1280 5010 1384 5069 est,
1414 5004 1805 5063 dormitorium
1828 5026 2018 5065 ascen-

417 5089 570 5156 dere,
603 5089 735 5144 inde
767 5090 1055 5146 redeundo
1081 5093 1152 5146 ad
1184 5092 1516 5148 lavatorium
1548 5112 1747 5152 manus
1763 5098 2011 5168 abluere,

417 5178 564 5248 quod
610 5184 667 5233 et
716 5195 939 5251 semper
965 5180 1025 5234 in
1054 5180 1345 5235 duodecim
1376 5181 1707 5238 lectionibus
1736 5185 1903 5242 debet
1927 5188 2012 5241 fa-

412 5282 558 5323 cere.

485 5392 634 5465 (130)
652 5395 1256 5469 ξιιίριοςᾳνίᾳωιόιιιω,
1288 5395 1558 5463 thecae,in
1589 5398 1793 5469 quibus
1813 5414 2006 5453 recon-

409 5463 624 5538 duntur
644 5466 741 5538 S_S.
776 5465 1067 5538 Reliquiae.

475 5534 628 5606 (131)
656 5533 785 5611 ἁψὶς,
807 5533 1029 5602 Αὸεῗάα,
1058 5537 1260 5604 fornix,
1283 5553 1462 5593 arcus.

2101 4556 2236 4626 gict.
2262 4557 2337 4609 At
2356 4556 2403 4608 si
2429 4556 2690 4609 sarerdos
2708 4556 2855 4609 idem
2887 4555 2972 4609 vel
3001 4564 3233 4627 propter
3267 4556 3470 4609 festum
3497 4568 3599 4606 non
3623 4548 3670 4603 in

2102 4643 2223 4697 loco
2273 4661 2374 4697 suo
2421 4644 2489 4697 ad
2548 4644 2889 4698 matutinum
2923 4649 2979 4698 et
3020 4644 3090 4698 ad
3146 4660 3408 4715 vesperas
3442 4647 3565 4705 stat,
3598 4635 3671 4690 vel

2102 4733 2278 4805 alium
2304 4732 2477 4786 vicem
2501 4749 2661 4786 suam
2683 4731 3515 4804 agererogat,bebdomadarius
3539 4742 3671 4783 eum-

2103 4822 2229 4875 dem
2261 4821 2468 4875 librum
2499 4838 2625 4876 cum
2656 4822 2870 4875 lumine
2912 4822 3207 4886 sacerdoti,
3249 4822 3557 4892 quicunque
3578 4824 3667 4880 est,

2102 4910 2174 4964 2d
2206 4910 2429 4965 easdem
2490 4910 2635 4964 vices
2681 4915 2944 4981 apportat
2980 4916 3038 4965 et
3072 4917 3343 4982 reportat.
3372 4910 3493 4964 Mox
3517 4905 3668 4960 etiam

2100 5004 2229 5070 post
2277 5000 2668 5053 Bcncdz'camus
2718 5002 2972 5065 Dmnino,
3003 5000 3050 5054 si
3094 5000 3401 5071 antiphona
3454 4995 3667 5063 alicujus

2099 5089 2227 5142 festi
2249 5104 2358 5142 non
2390 5089 2664 5159 sequitur,
2686 5088 3000 5142 benedictio
3035 5089 3105 5143 ab
3130 5090 3316 5159 aliquo
3344 5104 3454 5141 non
3482 5081 3664 5152 accipi-

2096 5182 2208 5243 tur,
2234 5177 2519 5231 exstinctis
2543 5178 2805 5232 omnibus
2825 5178 3001 5232 cereis
3028 5179 3087 5232 in
3131 5178 3365 5232 circuitu
3404 5173 3586 5230 altaris
3610 5169 3663 5223 il-

2094 5265 2236 5338 lum,
2257 5267 2355 5337 qui
2380 5268 2537 5339 prius
2567 5267 2801 5322 ardebat
2827 5268 2885 5322 in
2914 5267 3126 5323 concha
3151 5267 3318 5336 (132),
3349 5260 3658 5321 reacccudit,

2159 5398 2304 5468 (132)
2337 5401 2551 5454 Concha
2615 5406 2701 5455 est
2746 5399 3145 5454 candelabrum
3177 5412 3490 5459 concavum,
3530 5388 3659 5463 quod

2092 5471 2247 5537 fune,
2274 5471 2369 5553 vel
2383 5471 2662 5553 catenulis
2688 5472 2957 5546 suspendi
2986 5471 3150 5529 solet.
3169 5472 3305 5526 Vide
3334 5469 3563 5524 indicem
3580 5477 3660 5515 v0-

2095 5559 2222 5599 cum
2252 5548 2617 5597 exoticarum.
