3872 6164
187 295 318 357 1081

1184 304 1603 362 CONSTITUT.
1642 303 1983 362 HIRSAUG.
2033 333 2105 345 —
2143 303 2277 358 LIB.
2316 304 2367 359 ll

3336 296 3469 356 l082

180 428 298 479 tam
325 423 390 479 in
418 423 512 479 die
539 439 710 495 quam
756 425 814 479 in
856 430 1020 480 nocte
1064 443 1326 484 arsurum
1360 450 1372 461 ·
1415 432 1523 485 nisi
1552 437 1784 504 propter
1804 435 1851 492 Α
1870 431 2065 485 Altera
2101 445 2231 484 vero
2255 429 2312 482 in
2333 443 2570 482 caverna
2597 442 2770 498 prope
2794 426 3119 489 armarium,
3147 425 3203 478 in
3235 440 3345 495 quo
3372 441 3468 478 ca-

180 513 320 568 alios
349 530 616 569 accensos
644 515 1061 585 exstinguatur;
1095 519 1350 574 accendit
1385 527 1443 574 et
1465 521 1621 575 illum
1651 537 1784 575 can-

180 602 414 657 delabro
440 604 673 657 atlixum
703 609 761 657 et
789 620 959 674 super
970 606 1210 674 gradum
1238 609 1413 678 ponit,
1439 614 1503 663 ut
1530 615 1787 680 portetur

180 691 245 745 ad
278 692 715 763 processionem,
750 708 873 763 quae
901 694 1025 748 ﬁeri
1055 695 1198 749 solet
1232 697 1303 751 ad
1344 698 1399 752 S.
1436 698 1674 754 Mariam
1701 700 1784 754 vel

182 780 232 836 S.
271 782 539 836 Crucem.

246 870 556 925 Sciendum
584 877 773 926 tamen
803 888 1117 944 nunquam,
1143 875 1251 930 nisi
1281 876 1474 932 formae
1502 878 1786 949 tapetibus

181 958 293 1013 sint
318 968 618 1031 coopertze,
651 960 782 1014 illuc
811 962 1098 1016 alferenda
1125 981 1250 1019 esse
1275 966 1386 1021 duo
1407 967 1778 1022 candelabra:

183 1063 302 1118 qua:
326 1054 390 1102 et
409 1065 633 1120 semper
652 1055 783 1104 ante
806 1050 985 1105 altare
1011 1052 1067 1106 S.
1094 1053 1282 1107 Mariae
1303 1060 1436 1110 sunt
1458 1056 1731 1126 ponenda.
1762 1058 1784 1081 ⁶

183 1137 263 1191 Ad
296 1137 356 1191 S.
394 1135 630 1192 Crucem
675 1139 940 1209 praevenit
969 1146 1325 1208 conventum,
1356 1149 1421 1198 ut
1445 1145 1514 1199 ad
1544 1144 1784 1201 basilicae

182 1224 476 1280 columnas
505 1228 780 1292 candelas,
825 1235 1103 1301 quotquot
1143 1232 1448 1297 sufficiant,
1483 1236 1597 1299 (vn.
1630 1231 1781 1302 var.)

180 1314 379 1385 alligat
405 1316 689 1381 ardentes,
720 1317 802 1371 ita
829 1334 1073 1385 arsuras,
1106 1336 1285 1391 usque
1319 1321 1454 1375 dum
1484 1321 1786 1376 abcesserit

182 1411 511 1458 conventus.
551 1406 637 1459 Ad
667 1412 919 1461 sanctam
956 1409 1188 1462 Mariam
1220 1426 1367 1473 vero,
1398 1411 1623 1481 quando
1651 1411 1785 1465 illuc

182 1493 468 1563 processio
501 1494 709 1564 agitur,
744 1500 1020 1567 quotquot
1042 1498 1256 1551 lumina
1285 1504 1418 1552 sunt
1447 1500 1778 1563 necessaria,

185 1588 238 1636 et
258 1599 439 1637 unum
468 1583 540 1637 de
566 1584 653 1638 his
680 1584 880 1645 tribus,
915 1602 1038 1656 quae
1058 1588 1302 1658 pendent
1332 1589 1385 1641 in
1417 1590 1662 1660 capitulo
1683 1589 1786 1642 sci-

183 1670 312 1726 licet
332 1673 594 1742 proxima
613 1674 866 1743 ejusdem
889 1675 1132 1730 ecclesiae
1153 1676 1367 1731 foribus
1390 1678 1669 1745 accendit;
1701 1695 1787 1731 ac.

1864 520 1997 574 lices
2024 527 2334 589 caeteraque
2385 517 2679 571 ustensilia
2728 515 2992 586 praedicta
3040 520 3353 577 servantur,
3385 517 3472 566 est

1866 609 2067 680 posita.
2097 609 2159 662 In
2181 607 2435 661 eamdem
2457 620 2747 659 cavernam
2773 604 3019 657 minores
3040 620 3127 657 am
3136 603 3300 673 pullae
3328 602 3469 655 dilu-

1867 699 1990 751 culo
2011 713 2159 768 aqua
2178 697 2420 767 impleta:
2441 712 2473 749 a
2492 696 2667 748 fratre
2697 693 2960 764 prmdicto
2986 698 3295 763 ponuntur,
3320 699 3376 745 et
3391 690 3472 745 sic

1867 786 2044 845 donec
2074 786 2257 840 missae
2286 785 2515 856 privata;
2547 800 2613 837 ex
2640 788 2759 837 toto
2788 782 2901 836 sint
2936 781 3247 841 celebratae,
3275 780 3351 834 ibi
3381 779 3468 833 di-

1868 876 2196 941 mittuntur;
2247 879 2305 928 et
2335 890 2447 928 non
2474 872 2607 937 nisi,
2658 876 2929 941 quantum
2963 871 3034 924 ad
3067 876 3162 924 eas
3188 868 3470 923 canendas

1864 969 2361 1035 transportantur;
2396 962 2493 1016 sed
2524 967 2659 1016 tunc
2682 960 2752 1014 ad
2779 961 3058 1033 ampullas
3085 959 3361 1015 vinearias
3388 974 3472 1014 re-

1867 1060 2173 1124 ponuntur.

1937 1145 2055 1211 (un.
2083 1145 2227 1210 car.)
2250 1142 2455 1195 Vinum
2482 1146 2670 1196 autem
2702 1142 2772 1197 de
2793 1158 2903 1213 quo
2926 1141 3263 1195 sumendum
3284 1144 3370 1194 est
3397 1138 3468 1193 ad

1864 1230 2198 1285 sacrificium
2221 1230 2275 1283 in
2308 1230 2533 1284 cellario
2563 1230 2619 1284 in
2643 1231 2741 1284 tali
2774 1247 2972 1301 cuppa,
3001 1246 3123 1300 quae
3150 1234 3236 1283 est
3260 1234 3467 1295 serata,

1864 1325 2139 1374 servatur.
2169 1320 2251 1373 Ad
2284 1321 2426 1373 hanc
2449 1319 2707 1390 quotiens
2728 1318 3199 1374 hebdomadarius
3229 1334 3471 1372 accesse-

1865 1408 1959 1471 rit,
1988 1416 2103 1463 non
2136 1409 2300 1462 modo
2331 1424 2551 1471 manus,
2578 1409 2674 1462 sed
2705 1409 2874 1463 etiam
2907 1407 3223 1462 duciculum
3256 1412 3314 1459 et
3340 1406 3470 1459 fun-

1865 1496 1997 1550 dum
2048 1514 2240 1567 cuppie
2290 1497 2349 1550 in
2396 1497 2632 1551 circuitu
2675 1497 2915 1551 duriculi
2958 1497 3259 1565 diligenter
3300 1495 3472 1563 lavat,

1868 1601 2035 1655 quam
2057 1586 2268 1655 aliquid
2292 1586 2361 1638 de
2380 1586 2508 1639 vino
2526 1586 2785 1657 accipiat.
2800 1586 3004 1639 Vinum
3030 1584 3175 1656 quod
3195 1584 3251 1638 in
3269 1582 3470 1653 majori

1868 1674 2098 1727 ecclesia
2129 1675 2213 1728 vel
2242 1675 2313 1727 ad
2343 1675 2399 1729 S.
2434 1675 2675 1728 Mariam
2711 1681 2982 1739 remanet,
3015 1675 3070 1727 in
3102 1672 3347 1727 crastino
3379 1688 3472 1725 re-

184 1760 368 1815 cendit
397 1761 569 1815 etiam
604 1761 658 1815 in
698 1762 877 1825 festis,
924 1779 1046 1833 quin
1093 1764 1151 1818 in
1189 1766 1380 1837 cappis
1409 1765 1783 1833 celebrantur,
1807 1767 2057 1855 Bportat
2088 1763 2144 1817 in
2178 1763 2490 1827 cellarium,
2523 1769 2588 1817 ut
2638 1764 2937 1817 misceatur
2987 1768 3144 1817 aceto
3174 1778 3275 1833 per
3309 1761 3469 1814 vina-

186 1855 295 1903 tres
321 1866 521 1904 cereos
550 1856 681 1905 ante
707 1852 891 1922 majus
919 1853 1097 1906 altare
1126 1853 1182 1907 in
1215 1855 1414 1924 majori
1445 1855 1678 1908 ecclesia
1716 1856 1785 1909 ad

185 1938 437 2009 singulas
458 1939 644 2001 horas,
663 1940 773 1994 n'si
798 1942 868 1994 ad
898 1942 1344 2012 completorium.
1365 1946 1585 1997 Aurora
1612 1960 1789 2015 appa-

186 2033 341 2082 rente
377 2029 703 2084 sarerdotes
731 2029 973 2100 privatas
1004 2030 1204 2085 missas
1234 2031 1510 2103 incipiunt
1535 2042 1783 2086 cantare.

184 2118 265 2171 Ad
293 2134 438 2188 quas
466 2117 618 2172 idem
644 2118 1114 2174 hebdomadarius
1133 2122 1326 2175 statim
1356 2127 1483 2191 post
1507 2124 1790 2176 Benedica-

185 2222 304 2259 mus
332 2208 594 2270 Domino,
623 2208 870 2261 accensis
892 2209 1136 2278 primum
1167 2210 1237 2263 ad
1264 2212 1317 2265 S.
1344 2209 1582 2263 Mariam
1607 2212 1690 2264 vel
1717 2210 1786 2263 ad

188 2293 418 2348 Crucem
452 2296 738 2366 pncdictis
767 2297 1095 2361 luminibus,
1128 2300 1148 2321 '
1179 2298 1384 2352 deinde
1412 2316 1552 2369 pexo
1582 2300 1783 2370 capite,

186 2383 558 2454 manibusque
587 2384 811 2450 ablutis,
846 2386 1033 2440 vinum
1067 2392 1124 2440 et
1164 2403 1369 2458 aquam
1410 2388 1682 2459 providet,
1717 2405 1787 2442 ne

188 2471 341 2550 fratri
382 2474 455 2527 ad
486 2473 821 2529 sacrificium
853 2476 1281 2546 praeparandum
1311 2476 1601 2546 deputato,
1635 2483 1789 2547 post-

188 2577 350 2631 quam
375 2567 435 2615 et
463 2562 584 2632 ipse
614 2563 805 2616 eodem
828 2569 1080 2634 tempore
1101 2571 1270 2635 caput
1298 2565 1531 2635 pexcrit,
1559 2581 1789 2618 manus-

187 2667 292 2722 que
320 2651 587 2717 abluerit,
612 2652 815 2706 desint.
840 2653 994 2707 Idem
1018 2669 1262 2724 namque
1289 2654 1483 2717 frater,
1509 2654 1603 2724 qui
1624 2653 1790 2708 debet

182 2741 581 2796 cssesacerdos
598 2747 700 2796 aut
718 2742 985 2796 diaconus
1000 2743 1271 2813 quotidie,
1283 2743 1393 2796 nisi
1412 2743 1470 2796 in
1487 2744 1788 2796 Parasceve

182 2836 237 2884 et
262 2829 512 2885 Sabbato
531 2836 727 2885 sancto
755 2838 883 2902 post
903 2831 1264 2897 matutinum,
1291 2832 1374 2886 vel
1394 2832 1452 2886 in
1486 2832 1689 2902 hyeme
1708 2832 1789 2886 in-

179 2918 265 2973 fra
290 2919 555 2974 litaniam
585 2925 716 2974 ante
741 2920 1070 2992 capitulum,
1104 2926 1162 2975 et
1189 2925 1320 2975 ante
1353 2920 1577 2990 majoris
1604 2920 1786 2975 missae

1868 1851 2035 1905 rium.
2073 1852 2130 1906 Si
2160 1858 2245 1905 est
2289 1868 2354 1905 eo
2383 1857 2653 1923 tempore,
2687 1869 2797 1923 quo
2846 1852 3027 1923 prima
3066 1868 3191 1906 cum
3224 1851 3343 1921 ipsa
3378 1849 3469 1903 die
3558 1918 3563 1925 δ

1870 1940 2170 2011 incipiente
2199 1940 2437 2005 canitur,
2467 1952 2601 1995 tunc
2642 1958 2702 1995 se
2737 1941 2845 1994 rite
2872 1941 2942 1994 ad
2987 1940 3289 1994 familiares
3318 1938 3469 2010 psal-

1870 2046 1991 2083 mos
2014 2030 2366 2083 diurnalibus
2407 2030 2623 2096 calciat,
2654 2046 2855 2084 manus
2884 2046 2948 2083 ac
2978 2029 3175 2083 faciem
3206 2030 3371 2093 lavat,
3404 2043 3469 2081 ac

1870 2134 2125 2172 reversus
2156 2118 2225 2171 ad
2277 2118 2529 2172 litaniam
2580 2136 2707 2172 cum
2757 2119 3028 2189 amphora
3062 2119 3276 2187 majore
3305 2116 3471 2187 plena

1870 2223 2036 2278 aqua,
2054 2213 2354 2277 antequam
2375 2212 2496 2261 tota
2518 2207 2765 2261 finiatur.
2806 2207 2957 2261 Idem
2980 2206 3227 2261 recitatis
3247 2210 3470 2259 tantum

1870 2304 2190 2351 sanctorum
2218 2297 2540 2352 nominibus
2566 2298 2711 2351 levat
2739 2314 2817 2359 se,
2856 2298 3001 2351 sicut
3031 2301 3086 2350 et
3115 2312 3261 2367 sarpe
3289 2295 3471 2349 dictus

1869 2388 2062 2451 frater,
2112 2393 2169 2440 et
2215 2388 2491 2440 accelerat
2539 2386 2729 2440 vinum
2788 2391 2845 2440 et
2895 2403 3097 2457 aquam
3148 2390 3467 2456 apportare.

1872 2476 2082 2530 Altaris
2111 2475 2359 2529 tabulam
2390 2475 2490 2529 tali
2519 2475 2610 2529 die
2638 2492 2751 2529 non
2775 2475 3131 2546 discooperit,
3166 2480 3471 2544 antequam

1872 2566 2057 2635 pulset
2084 2564 2320 2627 scillam,
2356 2564 2424 2617 de
2472 2581 2582 2634 qua
2623 2564 2846 2633 signum
2895 2564 3064 2618 datur
3090 2563 3358 2616 fratribus
3399 2562 3469 2615 ad

1871 2653 2250 2719 calciandum;
2282 2653 2340 2705 in
2372 2658 2562 2707 {estate
2591 2670 2718 2705 vero
2748 2653 2831 2706 vel
2861 2652 3082 2723 quoties
3110 2651 3195 2705 bis
3224 2651 3469 2705 comedi-

1871 2748 1983 2807 tur,
2012 2748 2145 2795 ante
2174 2741 2433 2812 primam.
2465 2742 2573 2796 Sed
2606 2758 2636 2794 e
2664 2746 2856 2795 contra
2888 2741 2959 2795 ad
2991 2740 3240 2803 missam,
3271 2739 3470 2793 litania

1869 2831 2216 2903 praecedente
2236 2831 2291 2883 in
2316 2830 2455 2895 loco,
2472 2830 2560 2884 sin
2578 2836 2765 2884 autem
2786 2829 2855 2884 ad
2877 2829 3180 2883 familiares
3201 2828 3464 2899 psalmos,

1868 2920 2273 2991 qualiscunque
2305 2920 2377 2973 sit
2407 2919 2547 2983 dies,
2575 2935 2643 2972 ea
2662 2919 2935 2989 contegit;
2969 2918 3063 2972 sed
3087 2919 3144 2972 in
3164 2915 3470 2989 Dominicis

183 3007 535 3077 evangelium
566 3024 761 3062 omnes
781 3009 983 3063 calices
1007 3010 1076 3063 ad
1106 3010 1303 3064 missas
1332 3010 1577 3080 privatas
1608 3011 1843 3094 perti-C
1866 3009 2064 3064 diebus
2093 3008 2311 3063 duobus
2357 3008 2579 3071 albatis,
2613 3015 2678 3063 ut
2726 3008 2902 3062 vicem
2937 3024 3098 3062 suam
3135 3007 3193 3060 in
3235 3007 3340 3060 hoc
3369 3006 3471 3059 im-

182 3103 381 3152 nentes
418 3096 665 3152 breviter
703 3099 870 3162 lavat,
910 3099 1111 3153 hostiis
1157 3100 1542 3171 superpositis,
1575 3100 1702 3154 vino
1731 3105 1789 3154 et

181 3201 327 3257 aqua
339 3187 545 3241 infusis
560 3188 633 3241 ad
648 3188 984 3242 sacrificium
1003 3196 1299 3259 praeparat,
1316 3194 1381 3243 ut
1395 3206 1522 3243 cum
1540 3189 1785 3260 primum

180 3276 502 3331 sacerdotes
525 3276 882 3341 accesserint,
914 3277 1104 3331 omnia
1131 3284 1330 3349 parata
1357 3278 1661 3332 inveniant.

248 3365 408 3420 Idem
439 3366 559 3437 ipse
598 3365 654 3419 in
684 3366 837 3420 omni
864 3373 1067 3435 quarta
1092 3367 1230 3421 feria
1261 3372 1320 3421 et
1348 3367 1611 3431 Sabbato,
1647 3385 1788 3439 qua-

178 3452 473 3525 liscunque
503 3454 577 3508 sit
609 3455 747 3517 dies,
794 3456 854 3509 in
895 3456 1106 3510 festivis
1138 3456 1364 3526 quidem
1392 3462 1522 3528 post
1551 3459 1785 3513 matuti-

178 3558 336 3607 num,
358 3544 418 3597 in
439 3544 674 3614 privatis
697 3561 827 3599 vero
846 3551 974 3615 post
1000 3544 1205 3616 prioris
1226 3546 1407 3600 missae
1431 3547 1784 3616 evangelium

179 3647 350 3702 supra
389 3632 570 3686 dictos
598 3634 796 3687 calices
824 3634 1013 3704 digitis
1038 3634 1277 3688 interius
1310 3634 1492 3687 missis
1534 3636 1784 3689 studiose

178 3719 344 3775 lavat.
363 3721 633 3785 Quotidie
653 3738 875 3793 quoque
896 3726 1026 3775 ante
1046 3722 1244 3775 horam
1265 3722 1507 3793 prandii,
1522 3740 1647 3777 cum
1664 3724 1782 3793 jam

177 3810 424 3879 amplius
470 3810 630 3864 nulla
676 3810 751 3864 sit
795 3810 967 3864 missa
993 3811 1264 3873 canenda,
1298 3818 1553 3865 recenset
1581 3828 1694 3877 eos,
1728 3817 1787 3867 et

174 3906 337 3953 caute
356 3900 647 3970 perspicit,
670 3899 717 3953 si
742 3899 875 3970 quid
901 3899 958 3953 in
984 3900 1065 3953 eis
1087 3898 1156 3954 de
1184 3917 1417 3971 corpore
1436 3900 1658 3955 Domini
1683 3902 1784 3955 ad-

173 3987 403 4042 haereat.
427 3988 591 4052 Quod
617 3988 666 4042 si
695 3988 882 4051 fuerit,
911 3988 1032 4059 ipse
1061 3990 1145 4043 vel
1176 3990 1321 4043 alius
1352 3997 1492 4044 nutu
1520 3991 1642 4059 ejus
1672 3996 1782 4045 sta-

168 4075 269 4131 tim
290 4077 565 4132 absumit.
595 4077 870 4147 Recenset
895 4078 1070 4132 etiam
1103 4078 1274 4132 libros
1303 4079 1575 4143 missales,
1600 4096 1665 4133 ac
1692 4095 1781 4134 ve-

172 4166 445 4221 stimenta
468 4165 860 4232 sacerdotalia,
885 4183 1007 4237 qua:
1036 4167 1107 4220 ad
1138 4167 1363 4221 eosdem
1386 4167 1586 4221 calices
1616 4169 1783 4239 perti-

171 4261 329 4320 nent,
363 4260 425 4310 et
454 4255 645 4309 vinum
675 4271 802 4309 cum
830 4271 1009 4326 aqua;
1055 4255 1125 4309 de
1155 4256 1398 4327 praefatis
1428 4257 1692 4327 ampullis
1723 4257 1782 4311 in

171 4344 482 4415 amphoras
522 4344 790 4398 refundit.
820 4346 1085 4399 Attamen
1116 4351 1303 4399 autem
1350 4346 1677 4416 priusquam
1710 4346 1780 4399 de

169 4431 504 4503 hujusmodi
533 4433 714 4487 oflicio
733 4450 795 4487 se
815 4434 1174 4499 intromittat,
1199 4434 1461 4504 praefatus
1483 4434 1781 4489 hebdoma-

1869 3100 2084 3170 pleant.
2132 3098 2337 3151 innuit.
2371 3099 2503 3152 Post
2533 3098 2763 3152 missam
2793 3114 2922 3152 vero
2955 3096 3379 3168 discooperitur,
3414 3099 3472 3149 et

1867 3187 1948 3241 sic
1970 3204 2145 3258 usque
2173 3192 2301 3257 post
2324 3203 2583 3257 vesperas
2610 3186 2933 3241 dimittitur.
2959 3187 3021 3240 In
3051 3186 3256 3255 vigiliis
3278 3190 3466 3238 autem

1868 3277 2262 3347 principalium
2306 3276 2576 3330 festorum
2627 3276 2696 3330 ad
2731 3277 2958 3329 missam
3005 3292 3114 3329 non
3163 3274 3468 3343 detegitur,

1870 3382 2062 3419 verum
2092 3366 2150 3419 in
2183 3365 2443 3418 omnibus
2490 3365 2666 3429 festis,
2714 3382 2836 3436 quae
2866 3365 2924 3418 in
2968 3364 3156 3436 cappis
3201 3369 3466 3433 aguntur,

1869 3454 2055 3508 ablato
2084 3455 2336 3525 ejusdem
2369 3455 2564 3508 altaris
2591 3454 2886 3516 velamine,
2911 3470 3011 3525 pro
3037 3471 3104 3507 eo
3136 3453 3364 3524 pallium
3397 3451 3469 3506 ad

1866 3544 2096 3599 missam
2146 3544 2393 3614 ponitur,
2435 3560 2534 3614 per
2582 3544 2895 3608 sacristam,
2945 3543 3029 3597 sic
3070 3541 3469 3595 dimittendum

1868 3649 2047 3703 usque
2069 3639 2197 3704 post
2220 3648 2341 3687 com
2351 3632 2669 3703 pletorium.

2454 3739 2688 3794 CAPUT
2726 3739 2894 3793 XXX.

1868 3829 2140 3896 Quomodo
2165 3830 2237 3882 ad
2265 3830 2517 3897 singulas
2558 3830 2721 3882 horas
2759 3831 2982 3897 pulsare
3011 3828 3213 3890 debeat,
3256 3833 3305 3881 et
3336 3827 3472 3896 quid

2348 3902 2511 3953 aliud
2538 3902 2711 3967 ofﬁcii
2737 3904 2984 3967 agatur"

1937 3991 2074 4055 tuo.)
2098 3988 2288 4058 Signa,
2312 4005 2436 4059 qua!
2468 3988 2743 4058 pulsanda
2771 3993 2907 4041 sunt
2928 3988 2999 4041 ad
3023 3988 3275 4055 singulas
3301 3988 3469 4041 horas

1864 4077 2135 4130 sollicitus
2182 4085 2288 4139 est,
2323 4082 2386 4130 ut
2415 4077 2600 4147 pulset
2640 4076 3006 4147 tempestive;
3055 4075 3135 4129 ita
3162 4081 3373 4142 tamen,
3405 4081 3473 4130 ut

1865 4165 2008 4219 nihil
2036 4171 2356 4236 praesumat,
2392 4165 2499 4219 nisi
2524 4166 2717 4233 jussus
2742 4181 2776 4217 a
2805 4166 3037 4233 majore,
3072 4170 3129 4217 et
3158 4164 3467 4218 secundum

1865 4255 2013 4326 quod
2033 4271 2134 4325 per
2162 4271 2325 4308 usum
2348 4260 2434 4309 est
2453 4254 2839 4308 constitutum.
2856 4253 3094 4319 Quando
3110 4253 3312 4307 fratres
3335 4259 3467 4309 ante

1864 4344 2113 4407 tertiam,
2143 4344 2225 4397 vel
2250 4350 2381 4397 ante
2410 4359 2615 4397 nonam
2634 4343 2826 4396 lavant
2846 4358 3065 4408 manus,
3087 4347 3201 4396 stat
3220 4342 3360 4413 ipse,
3379 4343 3466 4397 vel

1867 4434 2025 4487 sedet
2045 4432 2189 4486 infra
2208 4434 2368 4501 juxta
2392 4433 2597 4486 ostium
2620 4432 2896 4498 ecclesiae;
2930 4436 2990 4485 et
3007 4447 3133 4485 cum
3157 4448 3361 4502 pueros
3385 4432 3469 4485 vel

167 4521 368 4577 durius
389 4522 725 4585 armarium,
739 4523 888 4593 quod
908 4529 996 4577 est
1010 4523 1452 4583 tricameratum,
1467 4529 1700 4589 reserat,
1722 4524 1778 4579 in
1857 4525 2146 4593 juvenem,
2163 4522 2231 4575 ad
2249 4523 2408 4591 cujus
2428 4521 2720 4575 introitum
2741 4520 2811 4574 ad
2833 4527 3135 4575 nocturnos
3156 4522 3299 4575 solet
3312 4521 3471 4575 scilla

168 4626 284 4681 quo
304 4610 510 4665 calices
531 4610 781 4681 praedicti
800 4611 857 4665 in
883 4628 1165 4682 supremo,
1186 4612 1570 4682 corporalibus
1589 4630 1782 4684 super—
1856 4611 2091 4676 dimitti,
2117 4612 2236 4680 jam
2266 4628 2325 4664 se
2354 4611 2557 4664 viderit
2581 4611 2814 4675 lavasse,
2849 4610 3074 4681 pulsare
3098 4610 3323 4680 signum
3355 4627 3468 4665 non

164 4700 396 4769 positis,
414 4700 824 4766 reconduntur;
845 4714 933 4755 uo.
953 4701 1011 4754 in
1024 4701 1207 4754 medio
1225 4701 1421 4755 hostiae
1438 4707 1495 4755 et
1512 4703 1781 4771 candelze,

162 4789 291 4844 sine
322 4788 531 4859 quibus
561 4789 717 4843 nulla
745 4795 830 4843 est
860 4789 1029 4843 missa
1071 4790 1354 4857 canenda;
1402 4790 1460 4845 in
1508 4791 1620 4844 imo
1649 4808 1781 4846 vero

160 4877 439 4950 ampullas
464 4879 707 4948 majores
725 4882 784 4932 et
809 4878 1073 4933 minores.
1100 4880 1340 4949 Majores
1359 4880 1583 4950 quidem
1617 4881 1685 4934 ad
1708 4882 1782 4935 vi-

160 4984 329 5031 num,
387 4967 636 5021 minores
686 4984 817 5021 vero
867 4967 936 5022 ad
988 4984 1213 5038 aquam,
1246 4975 1304 5023 et
1346 4970 1681 5039 amphoram
1721 4970 1780 5025 in

159 5072 276 5127 qua
308 5056 506 5110 vinum
538 5056 609 5110 de
633 5057 862 5110 cellario
890 5058 1124 5111 allatum
1160 5057 1416 5115 habetur.
1444 5061 1463 5080 ‘
1490 5059 1587 5113 Est
1614 5059 1692 5113 ibi
1725 5066 1780 5114 et

157 5146 321 5200 aliud
343 5146 737 5211 armariolum,
759 5146 816 5198 in
838 5162 946 5217 quo
977 5145 1102 5199 libri
1124 5147 1396 5211 missales,
1424 5148 1519 5218 qui
1540 5148 1609 5201 ad
1633 5165 1778 5218 prae-

156 5232 351 5290 dictos
369 5234 571 5289 calices
602 5235 904 5306 pertinent,
928 5251 1052 5289 cum
1075 5235 1424 5290 vestimentis
1449 5238 1781 5292 sacerdota-

158 5323 313 5378 libus
345 5330 665 5379 servantur.
696 5324 1026 5378 Forinsecus
1069 5331 1259 5379 autem
1302 5326 1470 5380 etiam
1502 5327 1626 5381 duae
1656 5344 1778 5381 am-

158 5413 338 5483 pullae
377 5418 512 5467 sunt
538 5413 857 5485 implenda},
888 5414 957 5467 de
988 5412 1190 5485 quibus
1220 5414 1473 5469 funditur
1502 5422 1777 5487 quantum

156 5505 231 5559 ad
260 5504 614 5560 sacriﬁcium
640 5505 710 5559 de
728 5520 878 5575 aqua
897 5511 985 5559 est
1008 5504 1374 5561 miscendum.
1408 5506 1517 5561 Sed
1536 5507 1634 5561 illa
1662 5524 1780 5561 am-

159 5595 380 5663 phora,
415 5593 486 5648 de
527 5611 641 5665 qua
667 5610 867 5649 manus
895 5594 1204 5651 abluuntur
1229 5611 1482 5652 seorsum
1528 5596 1774 5667 ponitur.

1862 4701 2067 4755 tardat.
2106 4701 2288 4755 Factis
2320 4706 2509 4754 autem
2558 4698 2741 4753 tribus
2789 4699 3157 4761 orationibus,
3194 4700 3280 4753 vel
3308 4700 3356 4754 si
3385 4706 3472 4755 est

1864 4796 1996 4845 ante
2029 4806 2235 4844 nonam
2269 4806 2401 4853 una,
2434 4789 2617 4859 majus
2645 4789 2866 4859 signum
2900 4789 3105 4860 pulsat.
3138 4789 3221 4842 Ad
3252 4795 3468 4845 sextam

1865 4896 2013 4943 vero,
2047 4895 2172 4932 cum
2204 4879 2448 4949 primum
2491 4878 2766 4948 sanguine
2804 4878 3050 4933 minutos
3082 4895 3315 4950 pransos
3346 4895 3468 4934 esse

1863 4967 2203 5038 cognoverit,
2242 4968 2457 5039 pulsat;
2514 4967 2560 5021 si
2611 4980 2798 5021 autem
2849 4967 2929 5021 illi
2961 4968 3183 5033 desunt,
3217 4969 3465 5038 pulsare,

1864 5058 1965 5112 nisi
1985 5059 2195 5127 jussus,
2225 5074 2336 5119 non
2366 5058 2671 5129 praesumit.
2691 5056 2851 5121 Quod
2873 5062 2930 5111 et
2951 5063 3076 5128 post
3100 5057 3467 5111 nihilominus

1862 5148 2148 5213 observat;
2186 5163 2504 5218 quanquam
2536 5147 2677 5200 illud
2707 5147 2951 5218 spatium
2973 5147 3175 5203 debeat
3195 5162 3315 5200 esse
3336 5145 3464 5199 bre-

1862 5238 2171 5291 vissimum.
2193 5238 2336 5290 Nam
2360 5253 2470 5290 non
2500 5236 2745 5307 amplius
2768 5236 2894 5302 erit,
2919 5253 3085 5307 quam
3114 5241 3177 5289 ut
3205 5234 3464 5288 sacerdos

1862 5326 2159 5397 caeterique
2189 5326 2258 5380 ad
2291 5327 2563 5396 majorem
2596 5327 2825 5379 missam
2856 5324 3135 5389 servituri,
3175 5340 3235 5377 se
3275 5323 3463 5377 lavare

1861 5417 2120 5481 debeant,
2153 5422 2218 5470 ut
2246 5415 2361 5470 sint
2391 5416 2572 5486 parati
2603 5415 2673 5469 ad
2720 5413 3086 5469 induendum.
3120 5414 3194 5466 At
3221 5412 3268 5466 si
3309 5416 3466 5467 sexta

1861 5507 2131 5576 majorem
2160 5506 2386 5560 missam
2418 5504 2800 5575 subsequitur.
2835 5502 3011 5556 donec
3039 5502 3339 5557 servitores
3366 5518 3461 5556 co-

1862 5596 2045 5669 quinae
2070 5601 2296 5666 accepto
2319 5594 2439 5663 jam
2471 5594 2643 5647 mixto
2670 5591 2854 5647 redire
2882 5590 3246 5664 perspexerit,
3271 5592 3461 5665 pulsa-
