3908 6168
447 299 590 360 108⁸7

847 378 872 397 θ

1478 310 1535 364 S.
1578 306 1974 364 GUILLELMI
2009 306 2313 363 ABBATIS
2353 306 2691 364 HIRSAUG.

3179 293 3202 313 “
3550 299 3666 357 1088

453 428 663 483 cribrat
696 446 708 483 :
740 428 987 484 cribrum
1029 443 1252 502 quoque
1304 432 1462 504 prius
1513 434 1812 506 diligenter
1865 435 2033 490 lavat.
2062 434 2348 493 Aminore
2376 434 2561 489 studio
2581 434 2861 497 lavantur,
2881 435 2939 486 et
2976 428 3044 485 ad
3080 430 3184 485 hoc
3215 445 3429 501 quoque
3448 435 3524 485 est
3541 434 3667 484 tem-

456 518 595 572 Cum
628 524 818 573 autem
850 519 1067 574 nullum
1100 526 1343 593 tempus,
1380 529 1515 593 quot
1569 525 1777 578 vicibus
1806 525 1864 578 in
1894 542 2041 578 anno

453 608 650 663 hostiae
669 607 789 663 sint.
801 609 1125 673 formandae,
1144 612 1427 681 praeﬁxum
1456 613 1546 679 sit,
1579 620 1766 667 custos
1796 614 2042 668 ecclesiae

452 698 894 770 quotiescunque
920 715 1060 769 opus
1080 700 1266 763 fuerit,
1291 708 1355 755 ut
1382 703 1542 770 ﬁant,
1564 703 1835 774 providet.

524 789 546 812 ⁶
572 786 639 841 In
667 804 735 841 ea
763 788 853 841 die
876 788 1210 843 formatores
1239 790 1572 858 hostiarum,
1608 808 1793 863 neque
1822 792 2041 863 capitu-

448 877 523 945 lo,
556 893 740 947 neque
763 877 915 947 horis
940 878 1291 948 regularibus
1319 879 1602 946 intersint,
1650 886 1706 934 et
1741 887 1932 936 tamen
1982 882 2039 936 in

451 966 696 1021 crastino
720 967 941 1020 veniam
962 983 1074 1021 non
1092 973 1309 1038 petunt.
1329 970 1454 1040 Ipse
1477 986 1718 1041 quoque,
1747 971 1796 1024 si
1830 987 1939 1025 non
1956 976 2044 1024 est

451 1056 709 1110 sacerdos
736 1056 820 1110 vel
850 1056 1136 1123 diaconus,
1199 1073 1291 1113 vo.
1338 1059 1609 1113 vicarium
1660 1059 1762 1113 sibi
1819 1060 1887 1113 ad
1936 1061 2040 1113 hoc

451 1162 592 1217 opus
618 1145 837 1216 quaerit,
869 1151 928 1200 et
946 1147 1087 1201 duos
1117 1148 1276 1212 alios,
1309 1149 1403 1220 qui
1451 1155 1585 1203 sunt
1611 1150 1679 1204 de
1709 1150 1795 1203 his
1824 1150 2041 1204 ordini-

451 1234 586 1301 bus;
622 1241 855 1305 quartus
881 1235 1006 1299 erit,
1021 1237 1066 1290 si
1082 1237 1315 1302 videtur,
1341 1255 1655 1293 conversus.
1684 1239 1752 1293 Ili
1774 1246 2036 1310 quatuor,

450 1325 496 1379 si
516 1330 603 1378 est
620 1330 844 1394 tempus
887 1325 1163 1396 hyemale,
1204 1328 1379 1381 ﬁnitis
1410 1329 1721 1387 nocturnis,
1755 1329 1816 1388 (si
1849 1334 2036 1383 autem

450 1413 864 1483 aestivum,post
880 1415 1239 1482 matutinum)
1262 1417 1437 1488 (νην.)
1470 1435 1530 1471 se
1570 1418 1827 1482 calciant,
1868 1417 2040 1473 facies

449 1518 761 1572 manusque
807 1503 1013 1567 lavant,
1061 1510 1117 1558 et
1145 1505 1329 1575 capita
1353 1506 1658 1575 pectinant,
1692 1512 1748 1560 et
1771 1507 2041 1561 secedunt

2127 541 2232 595 pus
2252 525 2557 596 praeﬁxum.
2573 524 2785 577 scilicet
2810 528 2941 576 ante
2958 522 3187 575 Pascha.
3218 521 3354 575 Item
3375 521 3440 573 ad
3468 521 3556 573 hoc
3582 520 3669 573 de—

2126 619 2324 684 putata
2343 620 2475 668 sunt
2513 630 2640 669 vasa
2659 629 2831 672 aenea.
2854 616 2912 665 et
2930 617 3197 680 tanquam
3233 610 3410 680 pelves
3437 610 3674 679 amplissi-

2127 719 2249 767 mae,
2272 704 2327 757 in
2350 702 2552 774 quibus
2574 702 2851 766 lavantur,
2869 706 2926 754 et
2959 717 3081 771 quae
3109 699 3181 752 ad
3211 699 3390 752 nullos
3407 699 3533 751 alios
3563 712 3673 751 usus

2123 792 2421 847 habentur.
2452 796 2585 849 Post
2614 808 2871 863 vesperas
2901 790 2959 844 in
2997 788 3225 843 ecclesia
3263 789 3419 857 juxta
3451 804 3662 851 caveam,

2124 899 2295 953 super
2312 900 2420 954 qua
2441 883 2640 938 calices
2657 880 2829 935 lavari
2851 879 3051 940 solent,
3071 877 3156 930 bis
3177 869 3514 947 inti'ngantur
3536 894 3667 948 aquae

2122 971 2357 1041 trigidae,
2390 979 2448 1027 et
2474 976 2738 1026 teruntur
2758 971 2816 1024 in
2848 968 3125 1022 manibus.
3147 967 3357 1020 Iterum
3377 982 3513 1037 aqua
3537 967 3674 1020 tertio

2124 1059 2440 1116 infunditur
2454 1061 2533 1115 ita
2562 1078 2664 1132 per
2681 1064 2900 1114 noctem
2926 1072 3207 1121 mensura,
3236 1072 3398 1109 mane
3424 1072 3541 1109 vero
3568 1056 3675 1109 inde

2124 1149 2506 1219 exprimenda,
2526 1150 2649 1202 etin
2662 1147 2916 1203 eamdem
2940 1161 3185 1209 caveam,
3207 1145 3351 1198 sicut
3368 1143 3510 1214 prius
3526 1144 3675 1197 effun-

2123 1236 2324 1290 denda.
2358 1238 2425 1291 Et
2444 1238 2752 1291 notandum
2777 1235 2925 1306 quod
2954 1250 3102 1305 aqua
3124 1233 3211 1287 cui
3246 1232 3600 1301 intinguntur,
3628 1232 3673 1284 in

2123 1326 2318 1379 eodem
2335 1343 2464 1380 vase
2490 1332 2575 1380 est
2589 1325 2891 1387 afferenda,
2906 1324 2963 1378 in
2984 1339 3094 1394 quo
3115 1328 3173 1376 et
3186 1321 3453 1376 sacriﬁcio
3473 1321 3670 1374 oll'ertur

2123 1415 2428 1469 miscenda.
2454 1415 2666 1469 Deinde
2686 1418 2985 1485 portantur
2999 1413 3070 1465 ad
3095 1410 3372 1465 officinam
3409 1409 3674 1475 secretarii,

2120 1504 2177 1558 in
2211 1521 2321 1574 qua
2350 1511 2483 1559 sunt
2505 1505 2762 1558 lavanda.
2786 1502 2888 1558 Ubi
2906 1504 3026 1572 jam
3049 1501 3295 1555 famulus
3318 1499 3547 1553 lixiviam
3562 1509 3674 1552 tem-

451 1590 520 1643 ad
543 1590 764 1661 aliquod
785 1597 1059 1646 secretum
1091 1593 1288 1647 altare.
1330 1594 1412 1648 lbi
1447 1601 1679 1649 cantant
1703 1612 2046 1667 quaecunque
2129 1594 2345 1662 peravit
2365 1594 2835 1664 limpidissimam,
2888 1597 2945 1645 et
2991 1589 3415 1659 diligentissime
3442 1588 3607 1647 collat,
3632 1591 3676 1639 et

447 1680 699 1733 canenda
713 1688 1060 1750 sunt.usque
1081 1682 1150 1735 ad
1174 1683 1368 1736 horam
1391 1684 1639 1753 prandii.
1675 1686 1815 1738 Nam
1848 1690 2046 1756 postea
2070 1755 2075 1756 γ
2129 1698 2242 1736 non
2271 1688 2461 1737 tamen
2496 1683 2740 1737 mittitur
2768 1698 2937 1752 super
2964 1677 3414 1751 corporalia,nisi
3433 1676 3536 1729 sint
3552 1676 3678 1747 prius

444 1768 765 1822 nullatenus
796 1786 854 1823 se
887 1770 954 1824 de
975 1771 1079 1825 hoc
1107 1788 1275 1841 Opere
1303 1772 1708 1828 intromittunt.
1743 1775 1924 1844 Igitur
1958 1775 2043 1828 la-
2061 1755 2105 1814 Β
2128 1788 2310 1843 panno
2338 1773 2585 1842 undique
2606 1772 2876 1826 involuta.
2900 1781 2920 1800 '
2947 1769 3097 1833 Quae.
3125 1774 3420 1839 postquam
3442 1767 3567 1820 bene
3582 1766 3674 1818 lota

440 1857 581 1910 vatis
610 1858 868 1912 manibus
892 1860 949 1912 hi
983 1865 1114 1925 tres,
1151 1862 1246 1932 qui
1289 1867 1422 1916 sunt
1450 1864 1772 1917 sacerdotes
1804 1865 1888 1917 vel
1917 1864 2039 1917 dia-
2127 1861 2359 1927 fuerint,
2395 1868 2451 1916 et
2480 1862 2892 1933 aliquantulum
2923 1860 3148 1923 siccata,
3181 1875 3213 1911 a
3240 1857 3413 1910 fratre
3449 1871 3552 1908 uno
3576 1854 3678 1907 alba

444 1946 588 2006 coni,
613 1946 672 1999 in
701 1947 821 2001 loco
850 1965 961 2018 quo
984 1949 1195 2004 hostias
1242 1951 1442 2006 facturi
1494 1957 1644 2016 sunt,
1681 1952 1822 2006 albis
1849 1958 1906 2006 et
1936 1954 2040 2007 hu-
2129 1949 2331 2005 induto
2356 1952 2713 2021 intinguntur
2730 1948 3128 2021 conspersioni,
3153 1963 3277 2018 quae
3296 1946 3442 1999 facta
3462 1950 3541 1998 est
3556 1944 3677 1997 clara

446 2035 749 2090 moralibus
779 2037 951 2091 (sicut
967 2038 1035 2093 de
1056 2039 1171 2105 illo,
1196 2040 1291 2110 qui
1318 2042 1476 2095 molit
1496 2041 1754 2103 farinam,
1788 2047 1874 2096 est
1906 2059 2044 2112 prae-
2128 2046 2185 2093 et
2234 2040 2448 2110 liquida
2503 2040 2573 2093 de
2603 2040 2816 2110 optima
2846 2038 3047 2101 farina,
3105 2041 3164 2090 et
3203 2036 3287 2089 ita
3333 2035 3594 2088 siccantur
3621 2031 3676 2084 ad

446 2125 697 2192 missum)
731 2144 790 2181 se
822 2127 1079 2182 induunt.
1136 2130 1387 2193 Quorum
1443 2147 1590 2185 unus
1636 2132 1874 2185 farinam
1915 2148 2042 2185 con-
2123 2128 2450 2199 perfectum,
2483 2146 2573 2183 uo.
2608 2135 2665 2183 et
2696 2128 2923 2182 interim
2976 2127 3210 2180 minime
3260 2122 3485 2178 custode
3518 2126 3678 2175 carent

442 2214 672 2285 spergit,
701 2220 758 2269 et
780 2217 1266 2272 vehementissime
1310 2220 1619 2290 compingit
1672 2237 1842 2291 super
1873 2220 2039 2275 tabu-
2122 2217 2398 2287 diligenti,
2440 2219 2681 2272 maxime
2718 2217 2814 2287 qui
2844 2232 3062 2270 muscas
3110 2214 3305 2283 abigat
3348 2211 3418 2265 ab
3459 2210 3550 2265 eis.
3592 2207 3675 2271 Qui

441 2303 553 2356 lam
585 2304 978 2359 nitidissimam
1010 2306 1308 2361 habentem
1343 2308 1578 2362 limbum
1601 2309 1659 2362 in
1681 2309 1917 2363 circuitu
1940 2309 2039 2363 ali-
2122 2306 2290 2360 etiam
2323 2323 2677 2377 nequaquam
2704 2306 2889 2360 albam
2912 2306 3081 2367 exuit,
3115 2319 3301 2374 neque
3331 2301 3458 2355 inde
3475 2314 3674 2369 usquam

444 2393 777 2462 quantulum
808 2391 863 2447 in
895 2395 1189 2465 superficie
1216 2401 1419 2450 caetera
1448 2398 1725 2463 altiorem,
1780 2414 1851 2451 ne
1891 2414 2039 2468 aqua
2119 2396 2375 2449 discedit.
2410 2398 2429 2420 '
2461 2395 2619 2449 Idem
2648 2396 2787 2467 ipse,
2821 2395 2867 2449 si
2913 2395 3057 2448 forte
3087 2397 3322 2465 propter
3347 2391 3449 2445 hoc
3467 2388 3675 2458 aliquam

445 2481 676 2535 efﬂuere
706 2482 895 2553 possit.
931 2484 1265 2554 Conspergit
1294 2490 1481 2541 autem
1522 2502 1648 2540 cum
1702 2503 1849 2557 aqua
1879 2487 2036 2557 frigi-
2117 2485 2308 2538 horam
2342 2486 2667 2555 neglexerit,
2702 2484 2921 2538 veniam
2951 2499 3063 2537 non
3088 2483 3248 2554 petit.

446 2570 549 2637 da;
586 2569 719 2641 quia
748 2571 943 2625 dicunt
972 2572 1181 2627 hostias
1211 2573 1289 2627 ita
1308 2575 1425 2628 fieri
1446 2575 1816 2629 candidiores.
1837 2578 1882 2629 A
1903 2576 2038 2631 duo-
2186 2575 2543 2628 UDChordam
2561 2589 2907 2645 superquam
2931 2568 3675 2642 suspendunturpriuslavare

443 2658 549 2714 bus
573 2660 807 2730 reliquis
834 2661 1031 2715 hostiae
1061 2661 1393 2716 formantur.
2119 2680 2229 2717 non
2249 2664 2503 2734 negligit,
2529 2680 2651 2734 qua:
2666 2669 2721 2716 et
2738 2663 2793 2716 in
2817 2678 2927 2716 uno
2951 2662 3235 2732 marsupio
3255 2661 3329 2714 ad
3348 2675 3484 2731 opus
3500 2659 3589 2712 hoc
3602 2674 3674 2710 so-

515 2747 967 2817 Ferramentum,
988 2750 1045 2803 in
1074 2767 1183 2821 quo
1209 2756 1342 2805 sunt
1361 2752 1685 2822 coquendae.
1712 2758 1870 2808 tenet
1900 2770 2036 2808 con-
2089 2804 2095 2809 ,
2119 2753 2232 2807 lum
2238 2753 2733 2823 jugiterservatur.
2759 2750 3518 2819 Quandoautemlevigantur
3538 2744 3674 2813 (liOl,

442 2855 658 2906 versus,
686 2855 999 2910 manusque
1029 2839 1215 2894 induit
1254 2841 1605 2896 chirothecis.
1668 2843 1828 2897 Unde
1886 2844 2039 2898 inter
2117 2858 2265 2896 unus
2281 2844 2360 2896 eis
2377 2859 2595 2914 pannus
2640 2841 3001 2896 substituitur
3020 2857 3122 2895 nec
3141 2852 3436 2911 ponuntur
3466 2851 3676 2907 unquam

443 2945 770 2982 conversum
799 2933 856 2982 et
877 2929 1213 2983 formatores
1242 2930 1555 2984 hostiarum
1584 2931 1811 3001 ponitur
1828 2949 1941 2987 una
1955 2938 2038 2986 ta-
2117 2947 2288 3000 super
2304 2931 2517 3001 lignum
2535 2932 2768 2985 nudum.
2791 2931 2814 2955 *
2833 2932 2897 2985 In
2921 2930 3115 2984 eodem
3138 2929 3313 2982 etiam
3359 2933 3597 2997 tempore
3632 2927 3678 2976 et

441 3017 591 3082 bula,
618 3024 675 3072 et
695 3034 866 3088 super
885 3019 1028 3072 hanc
1056 3026 1186 3072 sunt
1212 3019 1322 3074 duo
1353 3020 1464 3090 pali
1492 3020 1662 3083 inﬁxi,
1688 3027 1743 3075 et
1759 3038 1930 3093 super
1945 3038 2037 3091 pa-
2058 3083 2092 3093 Α
2118 3019 2562 3090 quotiescunque
2593 3036 2733 3091 opus
2789 3018 2957 3072 fuerit
3002 3018 3072 3071 ab
3103 3018 3318 3070 eisdem
3343 3015 3591 3070 fratribus
3617 3012 3679 3065 of-

444 3107 525 3161 los
544 3124 720 3161 unum
746 3083 960 3177 lignum
973 3083 1378 3172 transversum,
1402 3126 1572 3180 super
1586 3111 1731 3181 quod
1753 3083 2094 3181 ponitfrr-C
2119 3107 2350 3162 fertoria
2378 3115 2435 3162 et
2467 3109 2712 3172 linteola,
2758 3125 2883 3162 cum
2915 3107 3118 3179 quibus
3146 3106 3350 3160 calices
3392 3112 3675 3176 portantur,

444 3203 694 3251 mentum
719 3198 789 3250 ad
824 3198 1033 3251 hostias
1054 3197 1440 3268 imponendas.
1488 3199 1622 3262 Quae
1667 3216 1791 3253 cum
1826 3200 2037 3255 fuerint
2117 3202 2499 3267 exterguntur.
2525 3199 2726 3251 Totum
2746 3198 2863 3267 agit
2881 3196 3283 3267 apocrisiarius
3299 3194 3677 3249 socialitercurn
3710 3204 3723 3223 ο

440 3292 628 3352 coctae,
667 3286 891 3340 cultello
921 3286 1290 3349 abraduntur,
1323 3294 1379 3340 et
1406 3288 1616 3341 cadunt
1640 3288 1695 3341 in
1740 3291 2031 3343 scutellam

439 3375 700 3429 deorsum
722 3375 779 3428 in
797 3374 986 3429 tabula
1011 3375 1272 3446 positam,
1292 3382 1347 3430 et
1366 3393 1552 3447 panno
1567 3377 1783 3447 jugiter
1811 3396 2034 3450 cooper-

437 3469 587 3534 tam;
620 3464 729 3517 nisi
783 3464 1004 3534 quando
1048 3464 1241 3518 hostiae
1271 3464 1640 3521 abraduntur.
1675 3467 1915 3521 Omnino
1944 3474 2032 3522 te-

437 3558 574 3608 nent
603 3553 888 3606 silentium
920 3558 978 3606 et
1005 3570 1360 3623 summopere
1387 3560 1601 3619 cavent,
1635 3562 1698 3609 ut
1723 3572 1831 3609 non
1865 3558 2029 3610 modo

437 3641 629 3705 saliva,
664 3641 759 3694 sed
792 3658 893 3694 nec
922 3642 1087 3695 ﬂatus
1110 3658 1301 3696 eorum
1330 3644 1398 3696 ad
1429 3644 1641 3698 hostias
1662 3644 1855 3715 aliquo'
1864 3646 2030 3700 modo

437 3730 757 3801 pertingere
785 3731 980 3801 possit.
1045 3731 1207 3785 Solus
1276 3749 1594 3799 conversus,
1647 3733 1691 3786 si
1725 3734 1856 3805 quid
1890 3752 2030 3806 opus

440 3817 628 3883 fuerit,
651 3818 839 3886 paucis
861 3818 1043 3872 verbis
1072 3819 1280 3873 famulo
1300 3820 1617 3885 innotescit,
1652 3822 1747 3892 qui
1789 3822 1921 3876 facit
1954 3824 2031 3877 fo-

437 3925 585 3973 cum,
605 3908 672 3961 ad
689 3924 850 3979 quem
866 3924 977 3961 non
998 3908 1245 3974 mittunt,
1267 3909 1539 3980 nisiligna
1564 3911 1740 3973 arida,
1765 3918 1822 3967 et
1848 3913 1917 3966 de
1948 3913 2031 3966 in-

435 3997 654 4051 dustria
675 3997 745 4050 ad
785 3996 890 4050 hoc
913 4004 1244 4068 praeparata.

511 4092 527 4110 '
555 4087 772 4152 Frater,
824 4086 919 4157 qui
972 4085 1208 4140 farinam
1244 4089 1572 4159 conspersit,
1607 4096 1899 4161 postquam
1933 4107 2026 4143 ex-

437 4176 661 4248 peditus
676 4176 868 4237 fuerit,
903 4175 973 4229 ad
1013 4176 1224 4230 hostias
1257 4177 1541 4247 eligendas
1571 4179 1804 4243 vacabit,
1856 4179 1935 4233 ita
1966 4183 2030 4232 ut

437 4283 562 4337 quae
583 4283 646 4320 ex
664 4270 782 4319 toto
803 4270 937 4319 sunt
967 4265 1216 4335 integrae.
1246 4266 1315 4319 ad
1348 4267 1645 4321 missarum
1693 4267 2028 4322 celebratio-

2115 3286 2241 3340 aliis
2266 3286 2584 3355 junioribus
2604 3286 2738 3351 suis,
2764 3293 2821 3340 et
2837 3286 3108 3357 providet,
3142 3289 3201 3337 ut
3218 3300 3446 3354 semper
3464 3284 3555 3336 ﬁat
3570 3284 3677 3333 ante

2114 3377 2433 3445 prandium.
2485 3377 2761 3430 Praeterea
2786 3374 2955 3428 habet
2983 3373 3087 3427 sub
3112 3390 3171 3426 se
3199 3372 3423 3443 aliquos
3450 3370 3672 3431 famulos,

2115 3481 2351 3534 quorum
2384 3481 2550 3519 omne
2578 3464 2824 3519 studium
2848 3473 2931 3517 est
2955 3468 3012 3516 et
3032 3461 3207 3526 labor,
3227 3467 3477 3532 accepta,
3496 3460 3539 3513 si
3561 3473 3676 3529 opus

2114 3559 2217 3618 est,
2260 3571 2325 3607 ex
2355 3570 2481 3607 cera
2513 3555 2773 3607 candelas
2828 3553 3027 3615 facere,
3074 3568 3268 3605 cereos
3316 3552 3567 3604 decenter
3589 3549 3677 3600 for-

2114 3658 2289 3708 mare,
2308 3643 2493 3696 oleum
2511 3644 2803 3709 conﬁcere,
2820 3641 3152 3695 vestimenta
3166 3658 3460 3702 censuere.
3498 3638 3677 3693 sarcire

2113 3737 2171 3785 et
2197 3731 2403 3793 levare,
2438 3732 2745 3786 oratorium
2777 3730 2997 3800 quoties
3028 3731 3349 3800 oportuerit
3386 3730 3454 3783 ad
3486 3742 3675 3783 crucem

2113 3820 2295 3891 scopis
2325 3821 2619 3884 mundare,
2641 3820 2886 3874 cortinas
2905 3820 3265 3890 suspendere,
3321 3820 3455 3873 item
3484 3820 3677 3890 peracta

2112 3911 2435 3965 celebritate
2456 3911 2697 3973 auferre,
2721 3911 2948 3982 plicare,
2973 3918 3141 3982 atque
3172 3911 3497 3973 recondere,
3519 3918 3569 3962 et
3585 3905 3677 3959 alia

2112 4001 2366 4071 quaedam
2418 4000 2661 4054 ecclesiae
2684 4001 2968 4065 utensilia,
3000 4005 3168 4071 prout
3195 4000 3446 4053 sacristm
3462 3997 3671 4050 videtur.

2111 4089 2429 4160 providere.
2458 4089 2543 4142 Ad
2565 4090 2881 4159 hujusmodi
2908 4094 3093 4142 autem
3137 4088 3438 4141 interiores
3458 4086 3674 4140 sacristac

2111 4178 2396 4247 adjutores
2416 4195 2475 4232 se
2498 4195 2609 4232 non
2631 4178 2957 4241 admittunt,
2982 4178 3089 4231 nisi
3114 4178 3227 4230 tale
3276 4177 3415 4248 quid
3461 4174 3675 4229 habeant

2113 4268 2259 4338 quod
2290 4268 2408 4321 sine
2435 4284 2628 4321 eorum
2663 4268 2942 4337 adjutorio
2975 4268 3241 4338 perficere
3282 4270 3574 4337 nequeant.
3623 4262 3675 4314 In

434 4372 562 4411 nem
581 4372 866 4422 seorsum;
928 4371 1051 4425 quae
1079 4355 1493 4425 aliquantulum
1524 4357 1763 4422 rimosae,
1802 4357 1869 4410 ad
1902 4358 2093 4416 olfc-D
2115 4357 2374 4427 praedicto
2404 4374 2626 4427 quoque
2655 4363 2910 4428 tempore
2938 4372 3046 4426 quo
3094 4356 3356 4410 lavantur
3391 4350 3675 4423 corporalia

435 4445 694 4509 rendum,
718 4451 1091 4497 reserventur.
1127 4445 1185 4499 Si
1216 4461 1338 4515 quae
1373 4452 1561 4498 autem
1601 4446 1905 4508 diminutae,
1942 4448 2026 4500 vel

434 4532 666 4595 ibidem,
724 4533 807 4586 vel
839 4532 978 4586 alias
1009 4533 1079 4586 ad
1116 4538 1324 4587 terram
1357 4534 1586 4604 dilapsae
1642 4535 2024 4603 inveniuntur,

435 4621 737 4690 diligenter
764 4621 1026 4684 collectae,
1047 4626 1299 4693 tempore
1322 4640 1430 4693 quo
1456 4624 1702 4678 sacristae
1724 4624 2029 4679 hebdoma-

435 4709 594 4764 dario
623 4710 861 4773 videtur,
896 4710 967 4763 ad
1014 4711 1367 4765 refectorium
1412 4712 1737 4767 deferantur
1765 4720 1821 4767 et
1846 4714 1901 4767 in
1930 4731 2024 4767 co-

435 4799 605 4870 phino
636 4799 824 4869 aliquo
853 4799 922 4852 ad
947 4800 1264 4869 fragmenta
1295 4801 1609 4856 mittantur.
1633 4800 1910 4874 (un.)Ipsi
1932 4821 2027 4857 au-

436 4894 549 4944 tem
572 4888 885 4943 hostiarum
914 4889 1154 4958 operarii
1185 4907 1250 4943 eo
1282 4890 1372 4944 die
1402 4908 1514 4944 non
1569 4907 1695 4944 cum
1749 4898 2026 4946 conventu

434 4979 754 5043 comedunt,
782 4978 878 5031 sed
907 4995 1029 5032 cum
1063 4979 1442 5043 Servitoribus,
1465 4981 1639 5049 (ναν.)
1673 4986 1729 5035 et
1749 4998 1849 5052 pro
1869 4986 2026 5036 tanto

433 5066 625 5123 labore
651 5067 861 5122 habent
888 5067 958 5121 de
986 5068 1276 5122 cellerario
1308 5068 1621 5139 pitantiam.

528 5170 531 5175 ‘
971 5158 1205 5212 CAPUT
1237 5158 1491 5212 XXXIII.

510 5250 582 5303 De
610 5248 991 5317 corporalibus
1020 5250 1129 5300 sive
1152 5248 1285 5300 aliis
1313 5247 1636 5315 huiusmodi
1651 5250 1921 5302 lavandis.

504 5337 679 5409 (τάν.)
697 5336 1021 5408 Corporalia
1037 5338 1055 5387 (
1066 5335 1208 5406 I39),
1224 5336 1446 5406 quando
1471 5336 1704 5391 lavanda
1727 5343 1877 5403 sunt,
1912 5353 2025 5391 non

505 5460 643 5533 (139)
669 5462 969 5533 Corporale
984 5467 1069 5515 est
1084 5461 1343 5529 linteum,
1363 5462 1582 5530 quodin
1603 5462 1769 5515 altari
1784 5465 2022 5516 sustinet

429 5534 672 5588 hostiam
690 5539 746 5587 et
767 5533 994 5587 calicem
1018 5533 1149 5586 dum
1172 5533 1490 5587 celebratur
1518 5533 1706 5587 missa.
1738 5533 1878 5589 Vide
1893 5534 2023 5589 Ber-

431 5604 592 5663 nard.
625 5604 760 5659 0rd.
794 5604 955 5660 Clun.
982 5611 1125 5677 part.
1158 5618 1196 5656 I.
1229 5620 1276 5657 c.
1311 5602 1399 5659 54.

2109 4445 2278 4499 iidem
2302 4445 2496 4499 famuli
2520 4446 2668 4500 linea
2708 4447 2971 4499 altarium
2996 4445 3271 4498 velamina
3303 4461 3430 4498 curn
3458 4442 3608 4505 albis,
3634 4437 3674 4491 si

2112 4551 2235 4604 qua)
2272 4535 2413 4587 forte
2445 4535 2503 4587 in
2532 4535 2634 4588 hoc
2664 4552 2810 4587 anno
2860 4534 3108 4587 lavandae
3139 4540 3290 4597 sunt,
3345 4534 3543 4592 lavant,
3595 4544 3674 4580 ex-

2112 4624 2287 4694 ceptis
2318 4623 2404 4676 his
2437 4640 2562 4693 quae
2592 4622 2659 4676 ad
2695 4623 2962 4691 majorem
2993 4623 3222 4675 missam
3274 4628 3333 4674 et
3360 4621 3428 4674 ad
3458 4619 3676 4691 privatas

2107 4714 2307 4765 missas
2355 4717 2412 4765 et
2446 4711 2777 4765 matutinam
2822 4711 3150 4780 pertinent;
3193 4727 3317 4780 quae
3365 4723 3575 4778 semper
3615 4702 3674 4756 ad

2108 4801 2348 4872 primam
2369 4800 2714 4854 Dominicam
2736 4798 3020 4852 Adventus
3050 4798 3274 4852 Domini
3306 4806 3364 4852 et
3387 4796 3678 4862 Quadmge-

2108 4890 2263 4944 simae
2294 4890 2420 4943 lotae
2446 4905 2565 4942 esse
2581 4888 2788 4941 debent
2816 4911 2826 4949 ;
2854 4887 3085 4958 insuper
3104 4887 3671 4958 quotiescunqucopus

2109 4978 2281 5033 fuerit
2299 4978 2564 5031 lavandae.
2594 4976 2949 5046 Manutergia
2967 4982 3155 5029 autem
3170 4982 3227 5030 et
3245 4976 3355 5029 alia
3372 4968 3673 5045 hujusmodi

2110 5084 2222 5122 non
2251 5068 2433 5121 solum
2463 5067 2520 5120 in
2547 5066 2651 5119 hoc
2664 5071 2777 5119 tem
2788 5082 3138 5137 pore,verum
3156 5065 3323 5119 etiam
3336 5063 3669 5135 quandocun-

2110 5174 2218 5228 que
2247 5156 2551 5211 necessitas
2581 5155 2771 5225 exigit,
2800 5154 2870 5208 ab
2916 5155 3125 5209 eisdem
3155 5154 3378 5208 famulis
3407 5154 3659 5207 lavantur.

2178 5460 2325 5528 (MO)
2346 5462 2619 5527 Levz‘gare,
2645 5459 2835 5530 polire.
2881 5461 3075 5525 Leriga
3103 5448 3673 5530 instrumentum_levi-

2103 5527 2474 5605 gandi,quod
2515 5527 2688 5585 etiam
2730 5530 3232 5601 complanatorium
3265 5529 3484 5581 dicitur.
3521 5527 3664 5575 Joan.

2106 5604 2169 5658 de
2186 5608 2314 5659 Jan.
2349 5604 2539 5657 Germ.
2562 5605 2773 5670 Bcglen.
