3886 6172
168 251 288 311 1089

700 374 934 430 CAPUT
962 373 1207 428 XXXIV.

629 465 760 518 [tam
798 464 861 516 de
898 464 1288 530 apocrisiario.

1189 246 1609 302 CONSTITUT.
1653 230 1994 301 HlRSAUG.
2037 270 2101 282 -
2141 241 2279 296 LIB.
2317 241 2388 296 Π.

3280 239 3428 299 1090

1770 370 1822 430 Α
1839 388 1894 437 et
1908 382 1979 437 ad
1996 381 2075 435 VI
2087 386 2146 436 et
2173 381 2244 435 ad
2270 380 2523 445 IX,unus
2551 380 2812 435 sacerdos
2832 396 3009 453 cappa
3025 381 3257 437 indutus
3269 383 3428 453 prin-

1833 472 2013 543 cipale
2028 471 2281 525 incenset
2300 472 2499 537 altare,
2518 476 2576 524 et
2595 475 2782 541 portet
2807 471 3098 525 incensum
3128 472 3199 525 ad
3231 488 3430 526 omnes

223 557 243 578 ’
266 554 431 618 Quod
452 553 521 607 ad
543 551 963 623 apocrisiarium
987 551 1169 604 solum
1193 551 1460 621 pertinet,
1475 548 1634 613 vel,si
1658 548 1752 602 ille

1863 566 2043 615 'ratres
2088 561 2237 614 intra
2263 566 2320 613 et
2349 567 2509 613 extra
2535 560 2790 613 chorum.
2813 560 2897 613 Ad
2930 561 3035 613 hoc
3062 560 3430 626 sacerdotem,

168 660 264 699 non
302 642 570 705 adfuerit,
599 642 669 695 ad
714 642 836 711 ejus
870 640 1165 704 vicarium;
1199 640 1379 711 primo
1402 638 1753 709 horologium

168 732 351 803 dirigit
379 738 439 786 et
466 731 709 785 ordinat.
742 731 822 784 De
852 747 986 800 quo,
1018 747 1145 784 cum
1191 730 1312 784 fieri
1339 730 1532 801 possit,
1565 734 1631 782 ut
1654 727 1762 780 ali-

170 821 386 893 quando
417 821 578 874 fallat
593 820 713 890 ipse
735 825 897 873 notat
926 819 985 873 in
1009 836 1158 884 cera,
1193 825 1249 873 et
1276 820 1335 873 in
1372 835 1540 873 cursu
1570 817 1761 871 stella-

169 927 281 965 rum
302 911 391 964 vel
413 909 586 963 etiam
612 909 776 974 lunae,
794 914 858 962 ut
885 908 1086 962 fratres
1114 924 1345 978 surgere
1364 907 1536 961 faciat
1563 906 1635 960 ad
1668 906 1764 959 ho-

173 1017 280 1054 ram
313 1004 754 1069 competentem.

234 1088 484 1158 Ideoque
512 1087 583 1140 ad
603 1092 908 1140 nocturnos
931 1102 1043 1139 non
1063 1085 1207 1139 alius
1221 1085 1519 1156 quisquam
1539 1084 1766 1137 inchoat

178 1178 393 1248 pulsare
423 1176 665 1239 scillam,
704 1180 909 1245 praeter
954 1175 1157 1245 ipsum.
1208 1175 1368 1238 Quod
1410 1180 1600 1227 tamen
1650 1189 1765 1226 non

178 1268 323 1339 prius
350 1266 506 1330 facit,
543 1281 713 1335 quam
741 1264 853 1318 duo
879 1264 1114 1329 lumina,
1144 1280 1318 1318 unum
1340 1270 1472 1317 ante
1497 1265 1644 1316 tores
1673 1278 1766 1316 ec-

179 1356 374 1419 clesiae,
393 1356 641 1408 alterqu
658 1360 789 1407 ante
808 1353 1201 1406 dormitorium
1224 1353 1507 1407 accendat.
1528 1352 1687 1416 Quod
1721 1350 1769 1404 si

181 1446 229 1499 in
253 1443 553 1498 duodecim
572 1442 901 1496 lectionibus
928 1459 988 1495 se
1017 1442 1184 1495 nimis
1197 1443 1357 1496 tarde
1378 1442 1632 1513 pulsasse
1646 1457 1771 1511 per-

1842 667 2010 720 quem
2039 649 2260 712 viderit,
2289 649 2491 702 invitat
2518 649 2666 702 idem
2699 649 3116 719 apocrisiarius,
3150 649 3359 703 faciens
3384 650 3438 703 ei

1843 739 2068 809 signum
2088 739 2155 791 de
2180 738 2424 791 incenso.
2456 739 2594 791 Item
2623 738 2691 791 ad
2732 746 3035 792 nocturnos
3063 738 3119 791 in
3143 739 3434 809 przecipuis

1842 829 2000 883 festis
2023 827 2249 898 quando
2269 827 2379 880 tria
2398 826 2600 899 diversi
2622 827 2823 880 coloris
2847 827 3020 897 pallia
3034 833 3323 899 ponuntur
3340 845 3438 882 su-

1844 933 1946 989 per
1962 917 2145 986 majus
2172 916 2370 977 altare,
2398 916 2540 985 ipse,
2564 914 2610 967 si
2634 915 2799 968 aliter
2814 932 2926 969 non
2954 922 3157 985 potest,
3180 933 3307 970 cum
3331 916 3440 971 suf-

1844 1000 2110 1076 fraganeo
2141 1021 2242 1058 suo
2273 1004 2455 1058 aufert
2485 1004 2710 1074 singula
2733 1004 3059 1074 singillatim
3084 1024 3097 1072 ;
3130 1006 3343 1060 scilicet
3367 1006 3440 1059 ad

1848 1095 2096 1151 Gloriam
2139 1094 2288 1148 tertii
2319 1100 2377 1147 et
2418 1092 2596 1147 octavi
2628 1093 2988 1164 responsorii,
3018 1099 3075 1147 et
3112 1095 3171 1148 in
3211 1112 3276 1148 eo
3317 1096 3439 1148 loco

1847 1200 2070 1254 semper
2097 1183 2268 1237 etiam
2296 1183 2354 1235 in
2375 1182 2668 1235 duodecim
2699 1182 3030 1236 lectionibus
3060 1183 3253 1237 altaris
3278 1183 3443 1238 tabu-

1848 1272 1961 1325 lam
1993 1271 2223 1341 detegit,
2243 1271 2531 1341 hucusque
2554 1287 2739 1341 panno
2771 1275 3107 1340 c00pertam.
3146 1272 3361 1342 Accipit
3388 1277 3445 1326 et

1850 1365 2064 1415 textum
2090 1359 2371 1429 Evangelii
2394 1359 2462 1412 de
2493 1360 2657 1413 altari
2694 1364 2750 1413 et
2775 1365 2961 1429 portat
2982 1360 3053 1412 ad
3098 1360 3442 1427 vestiarium,

1853 1449 2039 1520 ibique
2070 1449 2281 1502 lumine
2303 1465 2534 1501 accenso
2571 1448 2915 1501 sacerdotem
2945 1448 3011 1501 ad
3047 1448 3226 1502 altare
3249 1465 3446 1520 proce-

178 1533 429 1606 spexerit,
462 1533 612 1586 infra
642 1531 980 1613 matutian
1003 1533 1088 1584 vel
1117 1532 1187 1585 ad
1211 1533 1378 1599 Kg/rie
1407 1534 1607 1585 elcz’son
1635 1536 1766 1584 ante
1850 1539 2076 1592 dentem
2108 1538 2471 1607 subsequitur
2492 1553 2666 1606 usque
2696 1536 2751 1589 in
2783 1535 3449 1607 presbyteﬁum.1bidem

180 1624 404 1694 gradum
436 1640 500 1676 se
528 1622 853 1692 prosternit,
877 1626 952 1686 et,
971 1620 1017 1674 si
1050 1622 1205 1691 prior
1220 1627 1351 1674 ante
1379 1637 1491 1674 non
1509 1619 1821 1694 jusserit,_
1849 1626 2233 1679 sinistrorsum
2265 1625 2601 1678 ceroferario
2650 1630 2815 1689 astat,
2859 1625 3033 1678 donec
3072 1627 3334 1680 sacerdos
3372 1627 3443 1680 de

180 1712 339 1766 ﬁnitis
361 1710 624 1782 preCibllS
653 1727 763 1763 non
792 1709 1000 1763 faCienS
1028 1715 1159 1762 ante
1201 1715 1257 1763 et
1300 1716 1472 1773 Petro.
1504 1708 1759 1762 discedit.
1784 1689 2010 1768 Baltari
2031 1714 2099 1767 ad
2122 1714 2441 1783 analogium
2465 1713 3121 1784 pervenerit,librumque
3139 1716 3443 1785 aperuerit,

180 1804 244 1855 At
266 1801 311 1855 si
344 1801 403 1853 in
439 1799 671 1870 privatis
691 1798 887 1852 diebus
902 1798 1166 1857 evenerit.
1193 1798 1251 1851 in
1275 1798 1520 1868 capitulo
1544 1797 1765 1851 veniam

181 1890 496 1962 petit.Cum
522 1894 746 1958 tempus
774 1887 948 1941 fuerit
975 1887 1043 1940 ad
1075 1886 1312 1957 primam
1346 1886 1575 1957 pulsari,
1612 1886 1757 1940 facit.

183 1981 277 2033 Sed
318 1980 437 2033 haec
469 1977 711 2048 pulsatio
731 1993 845 2030 non
868 1976 1133 2029 uniformi
1160 1976 1348 2046 agitur
1381 1976 1564 2029 modo.
1598 1977 1765 2039 Nam,

179 2068 230 2122 in
258 2068 347 2122 die
363 2068 423 2122 S.
452 2066 701 2127 Paschze,
727 2072 786 2119 et
812 2065 871 2118 in
903 2065 1029 2119 aliis
1053 2064 1347 2135 praecipuis
1372 2064 1530 2119 testis
1548 2064 1770 2134 signum

180 2170 343 2211 unum
374 2156 447 2209 de
481 2154 835 2220 maximis,in
857 2153 1073 2208 caeteris
1104 2170 1230 2207 vero
1256 2170 1428 2207 unum
1451 2153 1519 2207 de
1543 2152 1772 2207 minori-

183 2244 294 2305 bus,
319 2244 633 2298 secundum
667 2242 999 2312 dignitatem
1027 2243 1297 2312 cujusque
1326 2242 1767 2312 festi.pulsatur.

182 2336 237 2388 In
267 2334 359 2387 die
387 2333 716 2386 Palmarum
744 2337 802 2385 et
819 2331 1260 2401 quotiescunque
1289 2330 1567 2401 processio
1581 2330 1651 2383 ad
1673 2330 1773 2383 ali-

184 2440 340 2494 quam
374 2427 534 2475 extra
551 2421 855 2475 claustrum
875 2420 1162 2474 ecclesiam
1181 2420 1508 2490 agitur,duo
1531 2420 1774 2473 maxima

179 2513 478 2582 pulsantur
505 2525 796 2579 quousque
824 2509 955 2563 illuc
982 2509 1360 2579 perveniatur,
1390 2509 1537 2579 quod
1575 2508 1773 2562 nihilo-

181 2601 364 2655 minus
390 2601 448 2653 in
475 2598 761 2652 redeundo
792 2597 1141 2651 observatur.
1177 2598 1261 2652 Ad
1293 2598 1516 2651 tertiam
1550 2614 1772 2668 quoque

179 2689 409 2760 privatis
426 2687 644 2751 diebus,
660 2687 757 2740 sed
783 2692 840 2739 et
860 2686 1109 2757 quotidie
1130 2687 1198 2740 ad
1224 2703 1511 2757 vesperam
1532 2686 1772 2757 pulsatio

179 2778 322 2849 signi
356 2784 444 2831 est
465 2775 524 2829 in
561 2776 686 2845 ejus
713 2774 979 2841 arbitrio;
1014 2774 1122 2828 nisi
1152 2774 1207 2828 in
1226 2775 1687 2845 Quadragesima,
1718 2780 1775 2828 et

183 2868 283 2922 nisi
306 2868 553 2921 domnus
583 2863 755 2917 abbas
780 2863 855 2917 sit
880 2864 951 2917 ad
991 2863 1436 2935 pariamentum;
1464 2870 1600 2917 tunc
1622 2864 1771 2917 enim

180 2957 393 3027 petitur
419 2954 492 3008 ab
523 2970 589 3007 eo
618 2952 841 3006 licentia
877 2953 1157 3024 pulsandi.
1191 2953 1537 3024 Quacunque
1583 2959 1770 3007 autem

181 3047 312 3100 hora
328 3045 560 3116 pulsare.
578 3049 833 3113 tempore
855 3042 1120 3113 loquendi
1141 3042 1372 3113 coeperit
1394 3041 1774 3096 hebdomada—

181 3136 313 3199 rius,
349 3150 421 3187 ex
445 3131 851 3186 consuetudine
878 3132 1067 3185 nullus
1086 3147 1212 3184 eum
1236 3130 1569 3202 prohibebit.
1593 3131 1777 3186 Sacri-

180 3230 280 3288 sta,
314 3223 367 3277 si
399 3222 549 3275 inter
574 3220 875 3291 prandium
891 3220 1156 3291 generale
1176 3236 1406 3274 necesse
1418 3219 1587 3273 habet
1604 3220 1663 3273 in
1680 3236 1772 3273 ec-

180 3312 347 3366 clesia
362 3309 657 3371 excubare,
680 3310 765 3363 vel
789 3309 902 3363 tale
926 3308 1060 3380 quid
1091 3325 1277 3379 agere,
1304 3309 1452 3380 quod
1474 3325 1582 3362 non
1604 3308 1782 3380 possit

181 3402 428 3466 diﬂ'erre,
458 3398 670 3469 absque
700 3398 928 3452 licentia
977 3404 1159 3469 potest
1191 3398 1259 3451 ad
1299 3397 1446 3451 idem
1480 3396 1777 3468 prandium

179 3492 396 3551 deesse,
428 3494 486 3543 et
513 3504 581 3541 ea
599 3488 690 3541 die
718 3504 845 3541 cum
871 3486 1234 3541 servitoribus
1258 3486 1512 3557 coquinae
1540 3485 1777 3539 mixtum

181 3580 451 3650 accipere.
484 3577 570 3630 Ad
600 3576 953 3630 collationem
976 3576 1217 3646 pulsatio
1238 3591 1348 3629 non
1370 3575 1428 3629 in
1459 3575 1699 3643 ejus,sed
1722 3574 1781 3627 in

180 3668 390 3738 prioris
430 3672 517 3721 est
561 3664 817 3719 arbitrio.
851 3664 1082 3728 Quoties
1114 3664 1305 3733 agitur
1333 3664 1685 3732 mandatum,
1714 3680 1779 3717 eo

177 3758 294 3825 jam
326 3760 579 3827 peracto,
610 3753 764 3806 venit
799 3758 931 3806 ante
962 3752 1222 3821 priorem,
1259 3758 1315 3805 et
1343 3751 1629 3806 licentiam
1662 3751 1782 3822 pul-

179 3845 345 3899 sandi
373 3843 906 3914 quieritPostquam
938 3840 1175 3894 dimittit
1203 3841 1447 3910 signum,
1480 3840 1784 3894 revertitur

181 3934 249 3987 ad
300 3934 493 3987 locum
537 3947 724 3995 suum,
766 3937 824 3985 et
851 3946 976 3983 cum
1008 3929 1222 3983 caeteris
1251 3929 1512 4000 pergitin
1544 3924 1782 3984 refecto-

179 4023 329 4077 rium
361 4022 432 4076 ad
475 4020 803 4085 bibendum,
839 4036 964 4073 mox
1003 4026 1135 4072 ante
1164 4018 1302 4072 alios
1332 4034 1679 4084 reversurus,
1722 4025 1786 4073 ut

180 4111 474 4181 recolligat
495 4109 566 4163 ad
586 4108 921 4163 servandum
944 4107 1183 4161 conchas
1203 4112 1260 4161 et
1282 4107 1787 4178 manutergia,qui:-

180 4198 284 4255 bus
317 4216 459 4254 usus
490 4199 602 4251 fuit
628 4197 698 4251 ad
732 4197 1081 4255 mandatum.

248 4290 395 4343 Post
442 4286 896 4357 completorium,
929 4285 1171 4339 attendit
1214 4292 1278 4339 ut
1324 4285 1608 4356 portarius
1659 4301 1785 4339 cum

1791 3006 1834 3064 C

1851 1809 1906 1857 et
1934 1810 2068 1857 tunc
2097 1804 2178 1856 illi
2203 1804 2392 1856 lumen
2417 1819 2545 1857 cum
2578 1819 2778 1856 manus
2808 1804 3155 1857 osculatione
3186 1804 3441 1874 porrigit,

1852 1892 2001 1963 quod
2028 1898 2217 1945 tamen
2243 1891 2714 1945 hebdomadarius
2743 1892 2865 1961 ejus
2894 1892 3119 1961 adjutor
3138 1892 3297 1947 ﬁnita
3326 1910 3449 1947 ora-

1850 1981 2005 2034 tione
2030 1980 2240 2051 absque
2275 1981 2462 2034 osculo
2508 1979 2578 2033 ab
2620 1996 2685 2033 eo
2725 1980 2941 2051 recipit.
2982 1981 3227 2035 Sacrista
3253 1988 3444 2037 autem

1854 2070 2096 2140 pel-lecto
2125 2069 2413 2139 evangelio
2443 2068 2731 2138 signorum
2755 2076 2932 2122 restes
2970 2069 3219 2140 deponit,
3249 2072 3448 2126 tinata-

1852 2175 1959 2229 que
1989 2158 2222 2212 collecta
2245 2159 2313 2211 ad
2340 2160 2443 2211 Per
2462 2159 2781 2223 Dominum,
2810 2157 3024 2211 scillam
3049 2159 3241 2212 trahit.

1926 2247 2049 2310 Qua
2098 2248 2349 2311 dimissa,
2383 2247 2515 2300 dum
2548 2246 2810 2299 sacerdos
2857 2247 3179 2301 matutinali
3210 2248 3449 2305 lectione

1854 2334 2117 2405 imposita
2139 2336 2208 2389 de
2226 2334 2485 2405 analogio
2508 2335 3122 2406 revertitur,Evangelii
3144 2342 3360 2392 textum
3378 2340 3447 2394 de

1855 2439 2025 2476 manu
2052 2424 2171 2491 ejus
2200 2423 2399 2493 accipit
2419 2430 2476 2476 et
2490 2439 2660 2493 super
2677 2424 2854 2477 altare
2875 2424 3112 2495 reponit.
3133 2426 3196 2479 In
3218 2426 3448 2497 privatis

1854 2510 2110 2564 noctibus
2144 2511 2367 2581 quando
2398 2528 2524 2564 mox
2556 2511 2817 2565 matutini
2848 2518 3153 2567 nocturnos
3199 2532 3450 2585 sequun-

1856 2605 1967 2663 tur,
2004 2607 2062 2653 et
2092 2599 2401 2653 familiares
2448 2600 2650 2670 psalmi
2684 2616 2793 2653 non
2824 2601 3266 2671 subjunguntur,
3289 2605 3452 2660 ﬁnita

1856 2689 2088 2742 collecta
2117 2695 2174 2741 et
2192 2689 2340 2742 dicto
2364 2691 2473 2742 Ἰ)ρο
2492 2691 2706 2755 gratias
2737 2690 2807 2742 ad
2836 2691 3224 2745 matutinalem
3254 2679 3452 2747 lectio;

1856 2794 1984 2832 nem
2003 2778 2190 2847 pulsat
2212 2799 2225 2844 ς
2255 2777 2302 2830 si
2324 2793 2451 2831 vero
2473 2777 2910 2847 subjunguntur,
2933 2780 3003 2833 ad
3026 2782 3127 2833 Per
3145 2782 3449 2838 Dominum

1857 2865 2142 2936 sequentis
2170 2865 2414 2920 collectae
2435 2866 2658 2936 pulsare
2687 2866 2903 2937 incipit.

1926 2952 2290 3007 Intervallum
2348 2954 2606 3022 hyemale
2649 2952 2730 3006 ita
2775 2953 2942 3008 debet
2992 2960 3332 3027 temperare,
3385 2963 3448 3011 ut

1863 3042 2182 3096 claustralis
2236 3041 2391 3112 prior
2423 3058 2547 3095 cum
2598 3039 2871 3096 absconsa
2918 3048 3100 3097 totum
3143 3046 3451 3101 claustrum

1861 3131 2037 3203 possit
2076 3131 2397 3187 circumire.
2455 3130 2626 3200 Signo
2674 3147 2895 3201 quoque
2945 3134 3267 3189 matutinali
3323 3135 3453 3190 talis

1861 3218 2045 3272 cautio
2073 3218 2144 3271 ab
2182 3235 2248 3271 co
2278 3217 2446 3271 debet
2474 3217 2749 3282 adhiberi,
2794 3224 2858 3272 ut
2900 3226 3028 3290 post
3061 3223 3456 3279 matutinalem

1862 3307 2160 3361 lectionem
2192 3307 2453 3360 inchoata
2482 3307 2665 3376 prima
2684 3308 2777 3361 lux
2799 3308 2907 3362 diei
2951 3314 3143 3380 aperte
3171 3312 3352 3366 valeat
3379 3315 3456 3366 vi-

1862 3394 2009 3451 deri.
2039 3395 2199 3458 Quod
2228 3394 2276 3448 si
2310 3395 2534 3464 quando
2565 3410 2676 3448 non
2705 3394 3051 3463 observatur,
3065 3398 3248 3468 prima
3265 3404 3455 3455 tamen

1861 3500 1988 3537 cum
2016 3483 2231 3537 caeteris
2251 3482 2320 3536 ad
2339 3499 2461 3537 eam
2487 3483 2912 3554 pertinentibus,
2940 3502 3049 3539 non
3082 3486 3355 3542 differtur.
3392 3490 3457 3543 In

1862 3572 1965 3627 tali
1991 3573 2152 3638 festo,
2185 3572 2242 3625 in
2265 3588 2375 3642 quo
2404 3589 2530 3625 cum
2560 3572 2779 3627 duobus
2809 3573 3110 3629 thuribulis
3140 3580 3227 3629 est
3264 3577 3458 3631 incen-

1863 3661 2125 3727 sandum,
2150 3660 2197 3714 si
2213 3661 2454 3714 domnus
2477 3661 2649 3715 abbas
2668 3677 2779 3715 non
2807 3664 3116 3718 cantavcrit
3131 3680 3387 3736 vesperos
3403 3670 3462 3721 et

1864 3750 2228 3815 matutinum,
2259 3750 2356 3803 sed
2378 3750 2638 3804 sacerdos
2670 3750 3160 3820 hebdomadarius,
3202 3754 3297 3824 qui
3328 3761 3462 3810 tunc

1864 3853 1990 3891 cum
2036 3854 2103 3891 eo
2157 3838 2430 3901 incensat,
2481 3839 2629 3892 hunc
2662 3856 2884 3909 quoque
2922 3842 3340 3911 apocrisiarius,
3398 3850 3464 3899 ut

1866 3926 2114 3996 praedixi,
2144 3927 2317 3980 alium
2347 3927 2567 3986 invitat.
2611 3928 2708 3980 sed
2739 3927 2808 3981 de
2836 3928 3014 3982 altero
3046 3930 3214 3984 choro
3249 3942 3261 3977 :
3312 3934 3462 4002 quod

1868 4021 2076 4079 tamen,
2098 4014 2144 4068 si
2168 4015 2408 4069 domnus
2428 4015 2599 4069 abbas
2620 4032 2879 4086 vesperos
2901 4023 2957 4069 et
2970 4018 3308 4072 matutinum
3332 4036 3461 4074 can-

1865 4103 2093 4171 tavcrit,
2119 4120 2231 4157 non
2255 4104 2388 4157 facit
2410 4122 2422 4171 ;
2441 4104 2572 4175 quia
2593 4109 2728 4157 tunc
2750 4103 3219 4160 bebdomadarius
3235 4123 3363 4161 cum
3394 4125 3461 4164 eo

1868 4209 1934 4246 ex
1961 4192 2365 4247 consuetudine
2396 4192 2720 4251 incensabit.
2756 4192 2933 4247 Debet
2960 4194 3018 4248 in
3058 4195 3331 4250 memoria
3357 4197 3460 4251 ha-

1870 4280 2020 4350 bere,
2081 4287 2146 4335 ut
2191 4281 2248 4335 in
2290 4281 2493 4351 vigiliis
2547 4282 2941 4353 principalium
2993 4284 3283 4349 festorum,
3336 4290 3463 4357 post

178 4378 404 4449 aliquot
430 4375 679 4431 ecclesiae
715 4374 1040 4429 custodibus
1067 4379 1243 4428 totam
1284 4380 1567 4428 scrutetur
1608 4361 2231 4437 eccle-Dmatutinum,
2273 4371 2334 4425 in
2370 4371 2574 4441 vigiliis
2629 4388 2759 4425 vero
2809 4372 3029 4437 talium,
3083 4374 3229 4428 sicut
3281 4381 3368 4429 est
3399 4377 3457 4432 S.

174 4467 345 4532 siam,
380 4482 452 4519 ne
480 4465 609 4533 quis
642 4464 788 4517 forte
816 4463 907 4517 fur
922 4463 1139 4517 latendi
1178 4463 1385 4517 habeat
1409 4463 1781 4517 occasionem.

177 4556 412 4611 Ostium
445 4552 712 4618 ecclesiis,
746 4552 893 4622 quod
924 4558 1012 4605 est
1038 4557 1234 4606 contra
1262 4553 1569 4605 claustrum
1612 4568 1787 4622 prape

174 4645 337 4715 quod
359 4646 487 4714 ejus
517 4650 602 4696 est
628 4643 824 4707 lectus,
854 4658 1141 4712 nunquam
1170 4641 1229 4694 in
1260 4646 1423 4695 nocte
1470 4657 1596 4695 sera
1624 4640 1789 4695 obﬁr-

172 4751 344 4788 mare
376 4732 608 4795 omittit,
648 4731 730 4784 ita
756 4736 822 4785 ut
850 4746 964 4785 non
995 4730 1174 4801 possit
1218 4729 1429 4800 absque
1458 4730 1610 4783 clave
1636 4747 1786 4784 rese-

172 4824 319 4885 rari.
350 4827 412 4876 et
438 4821 564 4892 ipsa
589 4819 759 4873 clavis
786 4819 857 4873 ab
883 4820 1005 4889 ejus
1032 4820 1209 4873 latere
1229 4834 1338 4872 non
1360 4819 1792 4877 recedit.Provi-

172 4912 275 4966 det
296 4927 535 4983 quoque
561 4909 619 4963 in
648 4908 804 4962 festis
836 4907 1147 4979 praecipuis,
1191 4913 1255 4961 ut
1287 4908 1360 4961 ab
1388 4908 1644 4978 ingressu
1673 4908 1789 4962 fra-

172 5008 341 5055 trum
377 4999 450 5052 ad
479 5003 787 5052 nocturnos
808 5014 986 5068 usque
1024 4997 1095 5051 ad
1126 4997 1295 5050 finem
1324 4997 1559 5067 majoris
1585 4996 1786 5063 misse,

171 5090 293 5144 duo
326 5104 512 5159 super
522 5087 705 5157 majus
724 5086 902 5140 altare
929 5085 1076 5140 cerei
1097 5085 1362 5139 continuo
1382 5086 1643 5140 ardentes
1662 5103 1791 5157 per-

171 5184 471 5243 severent,
504 5176 652 5247 quod
678 5175 737 5229 in
761 5175 905 5239 aliis,
933 5190 1054 5245 quae
1078 5174 1136 5228 in
1164 5173 1352 5245 cappis
1385 5180 1648 5244 aguntur,
1676 5181 1797 5229 tan-

171 5275 303 5322 tum
340 5264 423 5318 ad
456 5264 689 5317 missam
720 5262 1070 5317 observatur.

236 5355 353 5411 Est
405 5352 753 5407 consuetudo
780 5351 841 5405 in
891 5359 1086 5406 octava
1137 5352 1515 5414 Pentecostes,
1549 5351 1607 5405 in
1652 5351 1794 5405 festo

171 5444 469 5499 Omnium
502 5441 860 5515 Sanctorum,
892 5441 953 5495 in
973 5440 1334 5498 Dedicatione
1364 5440 1629 5506 ecclesias,
1661 5440 1795 5494 etin

172 5531 438 5588 summis
454 5529 631 5597 festis,
648 5536 712 5585 ut
723 5529 795 5584 ad
814 5530 1042 5584 tertiam
1056 5534 1463 5585 nocturnorum
1472 5528 1768 5584 lectionem
1777 5569 1791 5597 ,

1867 4461 2100 4516 Joannis
2129 4460 2409 4531 Baptistae,
2467 4461 2603 4515 dum
2645 4461 2847 4515 fratres
2879 4468 3013 4517 sunt
3051 4463 3110 4516 in
3139 4463 3457 4531 refectorio,

1868 4551 1957 4604 vel
1988 4550 2035 4604 si
2061 4550 2145 4603 bis
2161 4550 2428 4616 reﬁcitur,
2453 4556 2579 4621 post
2608 4566 2812 4604 nonam
2847 4551 3092 4606 dorsalia
3110 4554 3467 4624 suspendan-

1868 4645 1964 4693 tur
2000 4644 2057 4693 et
2103 4639 2306 4692 altaria
2335 4645 2741 4710 praeparentur,
2781 4645 2839 4693 et
2875 4640 2922 4694 si
2951 4641 3141 4711 vigilia
3168 4643 3364 4698 eadem
3404 4644 3465 4700 in

1869 4727 2161 4783 Dominica
2196 4729 2282 4781 vel
2323 4728 2380 4782 in
2407 4729 2519 4782 alia
2550 4728 2844 4783 duodecim
2878 4730 3183 4785 lectionum
3212 4732 3303 4787 die
3342 4751 3464 4790 eve-

1870 4817 2037 4883 nerit,
2070 4822 2203 4870 ante
2222 4817 2472 4887 vigiliam
2493 4819 2944 4889 suspendantur;
2980 4827 3034 4875 et
3064 4820 3111 4874 si
3140 4821 3345 4876 festum
3366 4824 3466 4879 ali-

1873 4907 2022 4978 quod
2059 4906 2355 4960 duodecim
2386 4906 2684 4961 lcctionum
2712 4908 2969 4962 eamdem
2998 4909 3247 4978 vigiliam
3276 4911 3468 4966 subse-

1872 4995 2066 5067 quitur
2093 5012 2159 5049 ea
2190 4994 2298 5059 die,
2326 4995 2472 5049 sicut
2491 5012 2594 5049 nec
2632 4996 2781 5050 infra
2816 4997 3228 5052 hebdomadam
3249 5000 3467 5054 Nativi-

1873 5084 2008 5139 tatis
2038 5083 2280 5140 Domini.
2312 5083 2547 5139 Pascha)
2595 5091 2653 5139 et
2691 5087 3049 5141 Pentecostes
3080 5087 3325 5141 dorsalia
3355 5105 3466 5143 non

1877 5174 2261 5245 deponantur;
2296 5178 2352 5227 et
2378 5179 2441 5227 ut
2455 5173 2520 5227 in
2541 5173 2721 5228 tribus
2751 5175 2946 5229 diebus
2962 5176 3283 5230 earumdem
3302 5175 3468 5231 festo-

1878 5262 2125 5333 rum,qui
2146 5262 2388 5333 primum
2420 5270 2753 5334 sequuntur,
2776 5270 2832 5317 et
2856 5263 2913 5317 in
2934 5264 3468 5320 commemoratione

1879 5353 1933 5407 S.
1969 5352 2130 5405 Pauli
2161 5351 2300 5405 nihil
2330 5352 2399 5405 de
2429 5352 2673 5406 ecclesiae
2695 5357 2969 5422 apparatu
2987 5351 3294 5406 minuatur.

1950 5439 2129 5495 Debet
2157 5440 2325 5494 etiam
2358 5441 2415 5494 in
2444 5440 2717 5495 memoria
2745 5440 2952 5494 habere
2973 5440 3202 5495 modum
3236 5444 3472 5514 quemli-

1876 5528 1973 5583 bet
2017 5527 2406 5595 festivitatum,
2438 5528 2499 5583 in
2525 5527 2727 5600 quibus
2771 5533 2892 5584 tota
2916 5527 3151 5587 ecclesia
3188 5531 3474 5603 palliislsit
