3908 6168
483 283 613 349 ισῠι
1064 336 1070 341 .
1522 281 1581 339 S.
1623 277 2020 342 GUILBELHI

2132 279 2362 341 MTIS
2400 280 2739 341 HIRSAUG.
3563 282 3676 343 ιωε

476 411 823 476 adornanda;
853 415 910 464 et
946 408 1004 464 in
1031 407 1235 479 quibus
1264 407 1487 463 nonnisi
1530 409 1944 481 presbyterium
1979 428 2066 466 so-
2092 410 2325 477 Astros,
2359 410 2570 482 absque
2606 406 2929 464 rationabili
2967 406 3141 463 causa
3177 409 3340 463 'a‘udet
3373 410 3600 464 transire.
3625 412 3676 465 In

476 507 617 569 lum,
648 503 706 557 in
754 498 958 570 quibus
994 497 1065 550 ad
1106 513 1366 567 vesperae
1406 504 1462 552 et
1500 498 1568 551 ad
1601 506 1903 554 nocturnos
1941 507 2072 555 ante
2153 501 2461 555 crastinum
2502 517 2631 555 vero
2682 506 2809 570 post
2857 497 3112 551 litaniam
3155 498 3469 552 autbruntur
3515 505 3680 553 cuncta

477 594 675 648 faciem
727 588 922 643 altaris
980 586 1305 656 principalis
1350 587 1577 640 accendi
1631 587 1874 642 debeant
1923 588 2072 643 cerei
2153 594 2509 646 ornamenta.

475 688 713 753 septem,
738 683 795 731 et
822 677 880 730 in
895 674 1098 746 quibus
1134 674 1356 728 nonnisi
1382 675 1658 746 quinque;
1685 682 1742 730 et
1762 692 1885 747 quis
1905 694 2073 746 agen-
2226 679 2360 742 Quae
2398 682 2527 732 vero
2562 676 2769 731 auferri
2808 682 3117 747 nequeunt.
3161 674 3423 729 velantur.
3463 674 3538 730 Ad
3577 690 3681 730 eum

476 772 560 827 dae
579 770 695 824 sint
713 767 771 820 in
801 764 964 827 albis,
983 770 1041 817 et
1065 780 1190 833 quae
1214 763 1271 817 in
1301 763 1521 834 cappis;
1546 772 1604 818 et
1629 758 1818 835 capr
1843 766 2070 836 quidem
2155 780 2377 838 quoque
2396 767 2661 837 pertinet,
2704 773 2769 820 ut
2796 766 2857 819 in
2884 766 3218 820 Sanctorum
3247 762 3457 834 vigiliis,
3486 772 3685 834 quorum

472 861 531 915 in
550 875 663 914 uno
690 857 859 910 choro
891 869 991 925 per
1011 852 1217 922 ipsum,
1247 852 1303 905 in
1342 853 1520 907 altero
1552 870 1653 923 per
1688 855 1812 923 ejus
1842 856 2071 925 adjutos
2153 856 2295 910 festa
2324 855 2381 908 in
2411 855 2857 924 Quadragesima
2884 854 3259 916 celebrantur,
3293 852 3353 906 et
3389 854 3442 906 in
3471 851 3687 907 Sabbatis

474 963 593 1005 rem
620 966 634 1015 ς
665 951 904 1014 utroque
933 941 1125 999 etiam.
1159 940 1205 994 si
1242 941 1357 995 sint
1386 942 1656 1006 conversi,
1686 944 1820 997 alba
1848 944 2067 1010 induto,
2154 942 2405 1015 ejusdem
2431 946 2559 1016 post
2580 952 2792 998 sextam
2828 945 3010 1013 majus
3037 944 3236 1004 altare,
3277 948 3334 996 et
3356 942 3501 1005 illud,
3526 943 3575 995 in
3597 956 3684 1012 quo

471 1035 705 1107 singulis
734 1029 1455 1095 fratribusdistribuuntur,
1475 1046 1614 1100 quas
1644 1039 1701 1087 et
1727 1031 1875 1085 circa
1894 1032 2064 1086 ﬁnem
2151 1033 2414 1087 instantis
2444 1032 2567 1086 festi
2598 1032 2849 1102 reliquiae
2893 1037 3040 1094 suut,
3100 1030 3268 1101 pallio
3311 1030 3601 1083 adornetur.
3636 1032 3687 1084 In

471 1129 655 1183 missae
683 1124 805 1178 sine
834 1119 1060 1175 licentia
1096 1126 1331 1189 possunt
1361 1136 1582 1182 exuere,
1614 1126 1679 1174 ut
1723 1121 1839 1174 sint
1880 1122 2066 1192 parati
2149 1122 2363 1177 cunctis
2391 1121 2560 1176 etiam
2589 1121 2769 1183 festis,
2808 1124 2932 1192 qum
2960 1120 3046 1173 vel
3075 1120 3135 1173 in
3162 1119 3352 1189 eappis
3380 1118 3456 1171 vel
3486 1118 3539 1171 in
3573 1117 3687 1171 albis

471 1230 700 1288 cappas,
729 1219 1042 1279 caeteraque
1079 1208 1415 1262 vestimenta
1445 1208 1727 1279 adjunctis
1759 1209 2059 1265 fanonibus
2150 1210 2526 1275 celebrantur,
2558 1208 2814 1281 providet
2834 1216 2899 1263 ut
2920 1214 3124 1263 cuncta
3148 1207 3349 1261 altaria
3371 1207 3537 1278 palliis
3561 1208 3689 1260 ador-

471 1306 722 1376 recipere
777 1307 946 1369 atque
991 1297 1273 1351 recedere.
1316 1297 1423 1360 Qui
1452 1298 1679 1368 quidem
1727 1298 1979 1359 fanones,
2019 1299 2067 1353 si
2151 1305 2383 1355 nentur.

454 1394 601 1449 talis
630 1397 718 1445 est
745 1387 1035 1451 festivitas,
1067 1402 1191 1455 quae
1219 1384 1279 1438 in
1308 1385 1499 1455 cappis
1533 1392 1737 1455 agatur
1765 1396 1823 1439 et
1848 1403 2068 1456 proces-
2224 1392 2339 1454 (ω).
2370 1388 2509 1453 var.)
2544 1387 2602 1440 In
2622 1387 2714 1440 die
2734 1401 2958 1456 quoque
2987 1385 3306 1439 Palmarum
3327 1383 3487 1437 debet
3512 1384 3691 1454 aliquos

471 1483 556 1537 sio
601 1479 724 1535 ﬁeri
751 1477 969 1538 debeat,
1003 1480 1060 1528 et
1088 1479 1279 1527 tamen
1325 1473 1495 1527 tertia
1542 1474 1821 1542 praecedit,
1858 1476 2070 1545 pariter
2149 1476 2537 1546 diligentiores
2583 1475 2654 1529 de
2690 1474 2971 1529 conversis
3025 1474 3252 1544 eligere.
3302 1473 3398 1543 qui
3439 1488 3611 1543 capsas
3648 1476 3693 1525 et

470 1586 596 1627 cum
641 1567 782 1622 albis
825 1562 1129 1622 distributi,
1180 1578 1291 1615 non
1334 1562 1490 1632 prius
1522 1563 1866 1633 recipiantur
1896 1578 2069 1633 quam
2150 1576 2309 1618 arcas
2364 1566 2462 1619 SS.
2497 1564 2865 1635 reliquiarum
2904 1564 2971 1617 ad
3030 1564 3438 1635 processionem
3486 1561 3693 1616 humeris

468 1653 899 1730 processionalis
928 1656 1125 1718 cantus
1160 1650 1407 1703 ﬁniatur.
1458 1650 1516 1704 Si
1561 1668 1688 1704 vero
1735 1651 1905 1705 tertia
1933 1651 2066 1706 sub—
2149 1652 2330 1707 sciant
2354 1656 2594 1723 pbrtare.
2622 1652 2691 1707 In
2722 1670 2833 1724 qua
2856 1653 3116 1707 videlicet
3139 1653 3486 1724 processione
3511 1650 3694 1721 prafer-

468 1746 743 1817 sequitur,
769 1741 960 1796 statim
1005 1739 1238 1809 psalmis
1279 1739 1454 1792 ﬁnitis
1485 1748 1871 1794 resumuntur.
1905 1742 2063 1804 Quod
2086 1767 2132 1829 B
2150 1747 2245 1795 tur
2267 1748 2416 1813 aqua
2440 1742 2752 1807 benedicta,
2786 1748 2982 1813 postea
2999 1758 3213 1807 cruces,
3246 1748 3431 1797 textus
3458 1738 3694 1809 Evangelii

467 1836 516 1891 si
535 1832 816 1906 processio
836 1846 949 1883 non
971 1828 1176 1898 agitur,
1202 1844 1556 1898 nequaquam
1582 1829 1880 1883 fanonibus
1900 1837 2066 1884 utun-
2092 1828 2111 1829 ί
2147 1829 2280 1893 duo,
2339 1831 2675 1884 candelabra
2730 1836 2990 1902 quatuor,
3023 1831 3314 1884 thuribula
3357 1831 3486 1893 duo,
3529 1828 3695 1882 deinde

465 1930 578 1980 tur.
614 1922 681 1976 In
710 1918 959 1991 quolibet
985 1924 1174 1971 autem
1208 1916 1350 1970 festo
1382 1917 1439 1970 in
1489 1917 1630 1971 albis
1677 1919 1915 1987 agendo,
1947 1919 2063 1974 sive
2144 1918 2394 1971 conversi
2424 1924 2639 1978 omnes.
2686 1918 2757 1972 ad
2805 1918 3073 1972 ultimum
3111 1918 3380 1983 seniores,
3419 1917 3554 1971 sicut
3577 1922 3626 1969 et
3647 1915 3694 1968 in

466 2011 747 2085 processio
771 2013 992 2079 agatur,
1017 2006 1132 2060 sive
1162 2022 1294 2069 non,
1321 2005 1623 2075 recipiendi
1655 2024 1766 2061 non
1793 2016 1926 2062 sunt
1962 2009 2063 2063 do-
2148 2006 2397 2075 qualibet
2433 2007 2806 2077 processlone,
2842 2022 2966 2079 quae
2992 2014 3150 2061 extra
3183 2008 3486 2061 claustrum
3522 2006 3689 2075 agitur.

467 2118 572 2156 nec
610 2100 832 2153 dicatur
865 2098 968 2150 Per
1010 2096 1202 2147 omnia
1232 2097 1447 2148 arcula.
1482 2095 1758 2148 Caterum
1791 2096 1922 2150 licet
1961 2098 2061 2151 tali
2147 2095 2255 2150 Sed
2274 2096 2468 2149 famuli
2499 2104 2630 2150 ante
2655 2097 2976 2167 praedictam
3000 2096 3411 2167 procession‘em
3439 2094 3619 2148 vexilla
3636 2094 3697 2147 fe-

465 2189 663 2245 ordine
696 2187 862 2253 (sicut
883 2185 1095 2238 dictum
1129 2186 1234 2249 est)
1265 2182 1324 2235 in
1345 2182 1578 2252 singulis
1606 2183 1762 2238 festis
1780 2188 2064 2256 capptevel
2146 2190 2299 2245 rant,
2320 2186 2471 2255 quod
2498 2192 2553 2239 et
2576 2185 2636 2239 in
2657 2185 2839 2239 tribus
2865 2185 3064 2239 diebus
3094 2186 3468 2255 Rogationum
3496 2184 3694 2237 faciunt.

463 2278 698 2334 fanones
727 2273 1141 2329 distribuantur
1174 2287 1240 2324 ac
1269 2270 1630 2341 recipiantur,
1665 2273 1725 2326 in
1754 2273 1961 2328 Palmis
1984 2282 2063 2329 ta-
2149 2271 2311 2342 Lapis
2336 2273 2753 2344 chryStallinus,
2780 2274 2851 2327 de
2884 2291 2992 2344 quo
3022 2273 3167 2344 ignis
3210 2273 3272 2327 in
3305 2274 3478 2328 Coena
3512 2270 3696 2325 Domini

464 2384 596 2423 men
624 2371 683 2421 et
710 2365 771 2419 in
809 2361 1202 2417 Purilicatione
1232 2362 1287 2414 S.
1319 2360 1509 2414 Mariae
1557 2362 1769 2415 nemini
1808 2363 2063 2418 tribuun-
2145 2367 2232 2415 es‘t
2260 2362 2584 2427 eliciendus,
2617 2362 2688 2415 ab
2718 2379 2784 2416 eo
2810 2364 3085 2428 servatur,
3114 2362 3211 2433 qui
3238 2368 3302 2416 et
3328 2363 3389 2416 in
3414 2361 3594 2415 eodem
3625 2359 3697 2412 die

464 2463 579 2522 απ,
605 2456 750 2510 sicut
773 2468 876 2506 nec
905 2449 1155 2519 reliquiae
1178 2448 1372 2501 eadem
1408 2448 1498 2502 die
1521 2454 1837 2519 portantur.
2144 2454 2203 2503 et
2227 2449 2287 2503 in
2312 2450 2532 2505 duobus
2560 2452 2947 2521 sequentibus,
2983 2468 3086 2522 per
3131 2464 3264 2505 eum
3311 2451 3547 2505 armario
3579 2464 3697 2519 prie-

535 2544 838 2599 Praefatum
870 2554 1092 2610 quoque
1121 2536 1412 2590 sacristam
1444 2537 1588 2590 scire
1632 2536 1911 2599 convenit,
1942 2554 2056 2609 quo
2141 2544 2420 2605 sentatur,
2452 2548 2518 2593 ut
2549 2556 2650 2611 per
2686 2541 2871 2611 ipsum
2902 2541 3049 2610 ignis
3097 2541 3230 2594 inde
3259 2541 3585 2611 proferatur,
3620 2537 3697 2607 qui

464 2638 668 2689 ornatu
694 2631 753 2684 in
785 2628 939 2683 festis
970 2624 1370 2697 principalibus
1397 2627 1611 2695 agenda
1643 2628 1718 2680 sit
1744 2628 2054 2697 processio:
2138 2634 2330 2681 tamen
2364 2645 2397 2681 a
2424 2629 2648 2682 famulis
2676 2630 2853 2701 ipsius
2892 2630 3139 2684 sacrit-sta:
3176 2628 3587 2684 succendendus
3610 2634 3695 2691 est,

462 2722 532 2777 ab
556 2737 621 2775 eo
640 2734 885 2788 namque
915 2715 1059 2769 infra
1088 2713 1334 2784 spatium
1373 2715 1530 2767 chori
1562 2730 1796 2785 quaeque
1845 2716 1914 2769 ad
1939 2716 2057 2771 haec
2139 2733 2205 2770 ac
2250 2717 2606 2772 nutriendus.
2661 2718 2870 2772 Eodem
2902 2718 2992 2772 die
3020 2725 3300 2773 conventu
3338 2718 3409 2772 ad
3438 2716 3698 2788 prandium

461 2807 806 2883 pertinentia
821 2802 1304 2875 adjutoribussuis
1319 2802 1904 2858 administrationibus
1923 2812 2059 2859 sunt
2138 2805 2552 2875 progrediente,
2606 2806 2725 2877 ipse
2774 2808 3015 2861 sacrista
3047 2818 3175 2861 eum
3227 2805 3571 2877 adjutoribus
3600 2803 3697 2857 suis

459 2892 1017 2971 disponenda.lgitur
1036 2891 1094 2945 in
1114 2890 1310 2944 eadem
1332 2890 1687 2961 processione
1708 2892 1890 2962 primo
1909 2910 2059 2964 aqua
2138 2900 2415 2961 remanet,
2437 2902 2501 2948 ut
2523 2901 2725 2949 cuncta
2755 2896 2956 2950 altaria
2982 2896 3357 2950 velaminibus
3384 2895 3567 2950 nudet.

457 2987 771 3046 benedicta,
795 2998 1006 3044 cruces,
1031 2985 1218 3034 textus
1255 2979 1540 3049 Evangelii
1570 2985 1889 3049 portantur,
1915 2998 2055 3051 quos
2079 3043 2114 3055 _
2210 2982 2275 3037 In
2304 2983 2607 3038 Parasceve
2632 2991 2759 3055 post
2784 2984 3009 3039 tertiam
3043 2997 3237 3040 cruces
3260 2986 3323 3039 et
3356 2990 3569 3048 caetera,
3592 2996 3698 3052 quae

459 3043 835 3133 subdiaconus
863 3070 1158 3143 epistolam
1196 3043 1464 3133 lecturus,
1500 3073 1556 3122 et
1570 3043 1843 3123 .minister
1861 3043 2055 3125 altaris
2073 3043 2116 3104 δ’
2139 3043 2897 3144 Ουαάηιςὲεὶωτιίίωωροη
2924 3074 3446 3145 ἰοθταιιωοορθῆι,
3466 3043 3700 3128 facit

2134 3160 2425 3230 cooperiri,
2455 3161 2577 3215 sola
2600 3163 2816 3232 majore
2854 3178 3018 3217 cruce
3045 3179 3227 3234 usque
3256 3164 3397 3217 dum
3423 3161 3699 3233 antiphoaa

2133 3250 2262 3303 Ecce
2318 3252 2537 3317 lignum
2604 3250 2930 3321 imponitur,
2982 3252 3177 3306 velata
3242 3252 3457 3306 Eodem
3509 3256 3702 3321 quoque

2134 3342 2387 3408 tempore
2415 3338 2762 3393 adbrandam
2786 3341 2880 3411 (ut
2916 3341 3087 3395 moris
3132 3343 3241 3412 est)
3295 3347 3567 3412 preparat
3600 3353 3701 3392 cru-

2133 3443 2274 3480 cem.
2300 3428 2410 3482 Per
2428 3431 2613 3499 ipsum
2645 3431 2815 3483 etiam
2841 3431 3022 3500 majus
3046 3432 3225 3486 altare
3249 3432 3428 3486 linteo
3457 3426 3700 3485 candidis-

2134 3516 2277 3569 simo
2296 3517 2569 3587 operitur,
2603 3525 2661 3572 et
2676 3520 2966 3589 corporale
2989 3521 3397 3592 superponitur
3419 3536 3431 3569 :
3454 3520 3545 3574 sed
3559 3518 3700 3590 paulo

2134 3612 2438 3674 antequam
2502 3623 2704 3677 corpus
2757 3608 2981 3661 Domini
3034 3610 3169 3663 illuc
3215 3616 3555 3680 reportetur.
3596 3607 3699 3677 ipse

2135 3711 2358 3765 quoque
2386 3695 2658 3765 providet,
2703 3703 2768 3750 ut
2798 3698 2990 3751 eodem
3035 3698 3125 3752 die
3176 3698 3327 3753 infra
3373 3698 3699 3753 refectionem

2132 3783 2368 3838 fratrum
2395 3791 2601 3839 cuncta
2625 3786 2830 3839 altaria
2866 3802 3013 3857 aqua
3040 3793 3098 3841 et
3122 3788 3249 3840 vino
3279 3803 3318 3841 a
3346 3784 3698 3841 sacerdotibus

2129 3872 2563 3937 hon‘estioribus,
2597 3891 2696 3945 per
2718 3892 2778 3929 se
2806 3875 3033 3940 vocatis,
3058 3876 3193 3930 dum
3214 3876 3402 3930 adhuc
3415 3884 3543 3930 sunt
3558 3873 3699 3928 nudis

2130 3960 2387 4031 pedibus,
2424 3962 2730 4017 abluantur
2750 3981 2764 4030 ;
2784 3969 2845 4018 et
2878 3965 3029 4034 quod
3055 3964 3292 4036 liquoris
3322 3966 3383 4019 in
3414 3963 3603 4034 majori
3627 3958 3699 4014 ai-

2130 4054 2251 4103 tare
2276 4050 2463 4104 fusum
2495 4051 2688 4113 fuerit,
2730 4036 2982 4123 spongiis
3011 4054 3330 4124 colligatur,
3360 4054 3595 4124 indeque
3618 4063 3698 4105 exe

454 4144 529 4199 tis
550 4140 747 4197 diebus
779 4137 962 4207 major
991 4133 1135 4187 solet
1171 4130 1463 4196 celebrari,
1497 4136 1726 4202 excepto
1773 4132 1922 4203 quod
1952 4149 2046 4186 so-
2128 4156 2385 4211 pressum
2415 4142 2474 4194 in
2494 4142 2755 4195 sam-ariis
2785 4138 3134 4197 retundatur.

452 4231 744 4290 lummodo
782 4226 940 4299 prior
965 4230 1082 4278 tres
1109 4220 1343 4282 hostias.
1369 4219 1453 4273 V61
1483 4219 1531 4274 Si
1575 4226 1663 4273 est
1692 4220 1812 4274 dies
1858 4221 2046 4276 Domi-
2198 4230 2264 4283 In
2284 4229 2527 4283 Sabbato
2548 4230 2603 4284 S.
2630 4229 2862 4284 Pascha:
2881 4232 3127 4285 cortinas
3146 4232 3203 4287 in
3233 4232 3439 4304 majori
3469 4228 3694 4291 ecclesias

451 4322 600 4387 nica,
632 4318 879 4391 quinque
909 4314 1091 4376 offert,
1122 4315 1179 4388 et
1209 4308 1463 4379 quamvis
1492 4308 1586 4362 ille
1630 4308 1782 4362 801118
1820 4310 2041 4375 οίῖθΐϐἲον
2129 4320 2187 4369 et
2221 4315 2280 4369 in
2312 4317 2524 4386 capella
2554 4317 2610 4371 S.
2650 4318 2841 4372 Μετ’ίώ
2872 4319 3139 4390 suspendi
3179 4320 3335 4387 facit,
3369 4320 3568 4392 quibus
3593 4318 3700 4371 dor-

372 4460 375 4463 .
452 4412 596 4473 alter
622 4414 814 4463 tamen
842 4404 1046 4458 chorus
1074 4398 1144 4453 ad
1168 4413 1359 4467 pacem
1390 4396 1623 4461 accedit,
1655 4402 1712 4450 et
1737 4397 1832 4467 qui
1861 4398 2047 4453 volue-
2064 4404 2269 4468 Dsalia
2290 4404 2683 4463 defenduntur.
2707 4422 2811 4461 nec
2829 4416 2962 4461 ante
2985 4409 3305 4463 Adventum
3326 4408 3551 4463 Domini
3568 4405 3702 4461 aute-

450 4501 545 4565 rit,
580 4510 783 4568 corpus
814 4491 1037 4548 Domini
1068 4485 1307 4557 accepit.
1347 4486 1481 4539 Post
1504 4485 1685 4539 tribus
1727 4485 2045 4541 distributis
2127 4500 2343 4549 rentur.
2363 4493 2470 4547 nisi
2501 4494 2727 4548 interim
2750 4496 2885 4549 dum
2911 4497 3318 4552 monasterium
3352 4498 3409 4551 in
3431 4493 3702 4569 pmcipuis

447 4591 609 4661 juxta
638 4599 851 4640 morem
880 4578 1092 4649 cappis.
1136 4573 1493 4646 pulsantibus
1538 4572 1797 4628 omnibus
1844 4575 2040 4646 signis,
2127 4581 2283 4635 festis
2299 4588 2583 4653 scopatur.
2606 4584 2749 4637 Item
2770 4586 2828 4639 in
2841 4586 3039 4639 eodem
3052 4584 3296 4641 Sabbato
3317 4592 3378 4640 et
3397 4584 3703 4641 Pentecoste

449 4684 731 4746 cantuque
758 4668 1043 4740 ίῐηΡοείίον
1074 4664 1263 4735 θείων
1292 4662 1591 4733 Ρτοοθεείο·
2044 4704 2051 4710 ι
2128 4670 2199 4724 ad
2226 4670 2459 4725 missam
2494 4672 2709 4725 scillam
2736 4674 2964 4728 trahere
2990 4674 3061 4728 ad
3079 4674 3266 4745 ipsum
3292 4674 3552 4746 respicit;
3586 4671 3704 4742 quia

522 4766 752 4821 Cineres
772 4772 996 4831 quoque
1025 4754 1121 4825 qui
1147 4752 1207 4806 in
1245 4752 1428 4822 capite
1453 4750 1657 4821 jejunii
1686 4751 1926 4807 fratrum
1955 4770 2044 4808 ca-
2126 4763 2261 4812 tunc
2284 4759 2565 4814 arma‘rius
2582 4761 2818 4815 chorum
2847 4768 3020 4819 tenet.

456 3167 662 3223 tunicis
687 3161 872 3218 induti
890 3160 1165 3229 bajulant,
1188 3164 1245 3211 et
1257 3162 1390 3211 ante
1412 3164 1716 3228 utrumque
1736 3158 2047 3213 incensum;

455 3253 794 3313 candelabra
821 3266 950 3304 vero
985 3264 1016 3301 e
1060 3248 1237 3300 latere
1274 3261 1470 3299 eorum
1516 3245 1794 3300 feruntur.
1837 3248 2053 3303 Deinde

457 3345 767 3407 cruciculze,
795 3338 1055 3409 capsulae,
1084 3342 1396 3405 caateraque
1434 3334 1656 3388 minora
1683 3342 2048 3403 ornamenta;

455 3433 755 3490 novissime
784 3433 1103 3482 sanctorum
1136 3422 1408 3492 reliquiae.
1436 3436 1467 3475 a
1503 3421 1839 3492 quibusdam
1862 3424 2052 3478 senio-

454 3523 633 3584 ribus,
678 3518 866 3572 minus
912 3519 1140 3567 cantare
1185 3510 1519 3573 valentibus,
1568 3500 1885 3580 portantur.
1919 3513 2053 3567 Post

456 3627 596 3683 quos
622 3625 653 3662 e
682 3606 859 3660 vicino
906 3602 1142 3672 priores,
1184 3598 1330 3653 sicut
1355 3615 1478 3651 mos
1510 3606 1596 3652 est
1626 3598 1685 3652 in
1730 3600 2039 3655 Dominicis

456 3699 675 3761 diebus,
706 3708 886 3763 usque
913 3691 972 3744 in
1018 3688 1355 3743 vestibulum
1406 3687 1716 3750 secretarii,
1751 3688 1848 3743 sed
1901 3690 2052 3744 facta

453 3788 661 3843 ibidem
691 3781 951 3843 statione,
985 3776 1169 3831 ultimi
1202 3776 1433 3829 chorum
1462 3775 1873 3845 ingrediuntur.

527 3874 685 3940 Quod
709 3872 756 3926 si
779 3866 1081 3939 aliquando
1105 3865 1371 3929 evenerit,
1399 3871 1463 3917 ut
1492 3865 1662 3919 missa
1700 3866 2048 3922 matutinalis

454 3966 528 4020 ad
550 3963 732 4033 majus
764 3959 942 4013 altare
969 3954 1220 4009 canenda
1250 3953 1344 4018 sit,
1378 3953 1525 4007 sicut
1560 3954 1619 4007 in
1652 3955 1956 4011 Nativitate
1985 3957 2043 4010 S.

454 4053 666 4117 Mariae,
688 4066 754 4106 eo
774 4063 876 4119 per
895 4043 1087 4100 omnia
1111 4042 1276 4096 modo
1292 4041 1625 4109 celebratur,
1650 4058 1759 4113 quo
1781 4043 1839 4098 in
1860 4043 2046 4114 priva-

449 4854 660 4929 pitibus
689 4849 1077 4920 imponuntur,
1110 4858 1176 4896 ex
1207 4841 1330 4911 ejus
1357 4840 1639 4929 industria
1660 4840 1804 4895 ﬁunt
1828 4842 1899 4895 de
1927 4856 2046 4897 cre-

451 4928 583 5001 iniis
618 4940 1056 5000 sarmentorum,
1080 4937 1139 4986 et
1166 4929 1416 4984 studiose
1461 4928 1809 4984 mandantur
1838 4936 1896 4985 et
1934 4932 2042 4986 'cri-

450 5034 709 5089 brantm'.

516 5116 813 5179 Dominica
846 5109 1305 5181 Quadragesimze
1346 5107 1528 5179 prima
1572 5113 1699 5178 past
1743 5109 2043 5180 completo-

449 5215 600 5270 rium
635 5225 738 5281 per
788 5202 964 5276 ipsius
991 5198 1395 5272 providentiam
1447 5197 1815 5267 suspenditur
1859 5198 2039 5253 velum

449 5306 598 5359 inter
626 5298 813 5367 majus
837 5293 1014 5347 altare
1042 5295 1099 5343 et
1126 5289 1379 5349 chorum,
1412 5286 1469 5339 in
1513 5286 1654 5339 feria
1674 5292 1877 5357 quarta
1908 5292 2042 5341 ante

450 5390 667 5449 Pascha
696 5384 891 5440 itidem
913 5377 1303 5434 auferendum.
1332 5373 1587 5442 (14l)De
1615 5375 1703 5429 his
1728 5374 2039 5440 sciendum,

451 5481 586 5555 quia
611 5476 826 5541 nullus,
866 5474 1069 5543 preter
1093 5463 1401 5522 samtuarii
1429 5462 1690 5518 custodes
1726 5463 1844 5518 sive
1869 5463 2042 5519 mini-

514 5580 677 5668 mi)
705 5587 850 5645 Vide
877 5578 1155 5641 sum.
1183 5579 1439 5636 uastae.
1463 5581 1614 5650 pars.
1645 5582 1685 5647 ι,
1704 5594 1759 5635 c.
1782 5574 1878 5634 ea.

2196 4846 2398 4901 Tribus
2419 4848 2618 4903 diebus
2657 4850 3037 4920 Rogationem
3058 4852 3178 4923 ipse
3192 4866 3321 4906 eum
3346 4852 3702 4923 adjutoresuo

2121 4934 2473 5006 phylacteria
2525 4937 2797 4993 fratribus
2825 4939 3135 4994 distribuit.
3186 4943 3235 4995 Α
3283 4938 3492 5011 quibus
3528 4944 3701 4994 tamen

2122 5022 2407 5079 abstinent
2434 5042 2496 5079 se
2523 5026 2602 5093 hi,
2634 5027 2836 5097 quibus
2860 5029 2977 5083 'tale
3001 5029 3134 5099 quid
3163 5030 3387 5095 accidit,
3420 5036 3486 5085 ut
3512 5044 3549 5083 a
3583 5036 3703 5099 pace

2124 5117 2179 5165 et
2203 5114 2596 5168 communione
2615 5115 2955 5171 abstineant.
2987 5118 3066 5172 Ea
3093 5120 3222 5173 vero
3251 5132 3378 5190 quae
3397 5120 3471 5174 ad
3490 5120 3701 5173 missam

2126 5206 2259 5254 sunt
2286 5204 2618 5269 necessaria,
2643 5205 2715 5258 ad
2745 5206 3058 5271 ecclesiam,
3078 5207 3148 5261 ad
3171 5212 3339 5279 quam
3371 5207 3698 5279 proceditur,

2125 5295 2189 5341 ut
2212 5288 2559 5361 deferantur,
2583 5291 2703 5362 ipse
2725 5294 3091 5363 providet-lbi
3113 5306 3333 5366 quoque
3354 5292 3508 5350 astat
3527 5293 3698 5353 altari.

2123 5376 2391 5433 fratribus
2448 5379 2802 5452 phylacteria
2854 5380 3279 5454 depenentibus,
3334 5391 3401 5439 et
3441 5387 3701 5456 quotque:

2122 5467 2350 5537 poterit,
2374 5468 2498 5540 ipse
2525 5469 2742 5542 recipit,
2776 5476 2833 5527 et
2867 5471 2929 5526 in
2953 5471 3119 5526 altari
3144 5472 3398 5544 seponit.
3437 5464 3702 5529 sum
