3886 6172
476 276 612 335 1095

1517 273 1576 328 S.
1615 270 2009 328 GUlLLELMI
2047 274 2352 338 ABBATIS
2386 276 2726 333 HIRSAUG.

3549 284 3663 345 1096

471 402 707 457 missum
733 404 836 467 est,
868 398 1062 454 omnia
1086 398 1320 453 veniunt
1349 399 1420 453 ad
1449 414 1651 453 manus
1679 398 1856 470 ipsius
1885 400 2199 462 came-Ain
2228 406 2391 457 nocte
2419 402 2734 472 contigerit,
2766 402 2825 456 in
2860 406 3123 473 promptu
3169 402 3239 457 sit
3272 420 3337 458 ea
3368 410 3578 460 mutare.
3611 409 3667 464 Et

470 491 625 556 rarii,
659 507 761 544 nec
787 489 1090 554 immerito,
1124 489 1257 559 quia
1292 487 1618 559 frequenter
1657 488 1877 555 accidit,
1909 495 1973 542 ut
1994 490 2064 544 de

471 579 731 634 omnibus
775 578 941 632 rebus
996 579 1286 631 annuatim
1333 576 1689 632 nascentibus
1726 595 1925 648 parum
1960 580 2064 633 lia-

468 667 701 722 beamus
730 667 787 720 in
816 666 1127 721 subsidium
1158 667 1281 721 vitae
1311 666 1657 736 temporalis,
1692 673 1897 736 praeter
1916 667 2062 738 quod

468 755 716 810 denariis
771 762 854 809 est
906 752 1369 827 comparandum.
1416 755 1573 818 Quod
1620 772 1747 808 cum
1788 772 1888 826 per
1921 755 2064 809 vices

467 845 688 921 eveniat
724 845 793 899 de
840 844 1012 909 victu,
1054 843 1321 914 quidquid
1368 843 1438 896 ad
1489 844 1751 897 vestitum
1798 844 2061 914 pertinet,

468 934 574 989 hoc
603 950 714 987 non
750 950 848 1004 per
893 933 1038 987 vices
1081 932 1177 986 sed
1219 947 1443 1002 semper
1485 937 1539 986 et
1570 950 1711 1004 pene
1739 951 1807 988 ex
1831 939 1949 988 toto
1980 939 2061 988 est

466 1023 904 1095 comparandum
915 1066 927 1078 .
1604 1022 1607 1029 ’

992 1110 1225 1165 CAPUT
1272 1112 1518 1165 XXXVI]
1532 1151 1544 1163 .

470 1202 614 1269 Quid
642 1202 943 1269 unicuique
971 1201 1148 1268 fratri
1175 1203 1415 1267 singulis
1443 1204 1612 1254 annis
1642 1203 1704 1254 (lc
1732 1204 2064 1255 vestimentis

1114 1291 1420 1343 tribuatur.

540 1381 649 1447 (un.
707 1378 850 1445 var.)
898 1376 1145 1441 Quilibet
1185 1385 1375 1431 autem
1417 1379 1591 1431 frater
1633 1377 1856 1431 assidue
1899 1377 2065 1433 debet

466 1468 672 1523 habere
702 1483 879 1520 unum
906 1466 1172 1529 froccum,
1203 1471 1276 1525 et.
1312 1467 1359 1520 si
1402 1467 1522 1520 fieri
1556 1472 1756 1537 potest,
1790 1467 1930 1521 duas
1959 1483 2063 1520 cu—

465 1557 667 1613 cullas.
718 1554 933 1618 Quibus
978 1556 1245 1626 parandis
1299 1573 1333 1608 a
1374 1555 1621 1625 quolibet
1665 1556 1839 1609 fratre
1874 1562 2063 1609 vetera

465 1644 808 1700 camerarius
831 1644 1084 1714 requirit,
1113 1651 1177 1697 ut
1197 1644 1501 1698 secundum
1530 1661 1594 1697 ea
1616 1644 1882 1698 metiatur
1900 1661 2060 1698 nova.

2144 492 2507 557 camerarius,
2541 492 2587 545 si
2614 492 2703 546 cui
2726 491 2953 545 habenti
2980 491 3092 546 duo
3122 492 3348 562 pellicia,
3377 495 3482 548 vult
3501 496 3670 551 addere

2145 578 2328 633 adhuc
2370 596 2470 649 pro
2516 579 2901 633 misericordia
2939 585 2995 634 et
3037 581 3283 643 tertium,
3326 587 3419 636 aut
3462 584 3671 639 fasciolas

2147 673 2377 737 propter
2421 668 2587 722 tibias
2629 669 3000 733 inﬁrmantes,
3034 670 3103 731 is,
3140 670 3234 740 qui
3263 678 3559 740 accepturus
3586 680 3670 741 est,

2148 772 2181 808 a
2208 756 2393 826 priore
2423 758 2622 828 accipit
2652 758 2955 812 licentiam.
2986 758 3045 812 Si
3065 760 3151 811 cui
3182 775 3305 812 vero
3330 776 3487 814 unum
3508 779 3594 831 par
3606 779 3680 816 ca-

2146 844 2388 915 ligarum
2412 846 2481 899 de
2514 846 2752 917 pellibus
2782 847 2957 901 ovinis
2999 848 3170 900 etiam
3217 848 3333 902 sine
3375 849 3574 903 licentia
3601 868 3678 904 ca-

2148 934 2423 988 merarius
2461 935 2698 1000 dederit,
2736 945 2964 1006 propter
2988 936 3094 990 hoc
3122 953 3231 990 non
3257 944 3487 992 meretur
3510 938 3682 993 vellar»

2146 1022 2327 1091 giens,
2352 1024 2439 1076 vel
2471 1023 2740 1093 recipiens
2760 1024 3114 1094 reprehendi.
3148 1027 3167 1046 ⁶
3199 1025 3387 1079 Frater
3414 1030 3577 1078 autem
3596 1028 3681 1081 frn-

2147 1111 2221 1164 tri
2268 1111 2575 1182 quamlibet
2619 1119 2830 1166 vestem
2877 1128 3038 1166 suam
3081 1118 3266 1182 potest
3302 1120 3559 1183 praestare,
3591 1131 3682 1170 non

2146 1206 2335 1254 autem
2388 1200 2599 1270 absque
2650 1200 2875 1255 licentia
2903 1201 3104 1272 prioris
3132 1201 3298 1256 debet
3329 1203 3472 1258 dare.
3508 1203 3683 1258 Debent

2146 1296 2335 1343 autem
2368 1290 2669 1360 unicuique
2698 1290 2841 1355 dari,
2874 1307 2996 1361 quas
3024 1307 3139 1345 suae
3159 1292 3480 1345 conveniant
3507 1293 3683 1362 quanti-

2145 1378 2249 1431 tati
2270 1379 2506 1433 simulet
2528 1380 2972 1449 qualitati.Quod
2995 1380 3042 1433 si
3061 1381 3682 1449 neglexeritcamerarius.

2145 1467 2215 1519 ab
2247 1468 2555 1537 accipiente
2572 1485 2740 1539 super
2756 1469 2861 1523 hoc
2880 1474 3064 1539 potest
3082 1469 3388 1523 admoneri.
3406 1470 3567 1540 Super
3579 1470 3684 1535 tunc,

2146 1572 2270 1624 quae
2292 1556 2554 1626 praedicta
2577 1564 2728 1615 sunt.
2764 1558 3083 1628 quicunque
3110 1557 3351 1628 amplius
3379 1557 3502 1627 quid
3523 1559 3584 1611 de
3611 1558 3692 1612 hoc

2146 1661 2354 1714 genere
2379 1644 2585 1699 habere
2605 1646 2863 1711 voluerit,
2886 1646 2990 1700 hoc
3005 1649 3252 1716 profecto
3267 1663 3368 1700 nec
3390 1663 3484 1717 pro
3490 1647 3688 1716 justitia,

465 1736 682 1796 Novum
707 1732 1008 1805 pellicium,
1043 1732 1089 1787 si
1127 1733 1248 1786 ﬁeri
1279 1740 1484 1804 potest,
1515 1733 1750 1803 singulis
1777 1734 1945 1787 datur
1972 1750 2130 1816 ειη-Β
2149 1749 2249 1786 nec
2280 1751 2379 1803 pro
2409 1734 2814 1799 misericordia,
2845 1735 2942 1788 sed
2995 1752 3095 1806 pro
3125 1751 3331 1806 magna
3358 1741 3596 1790 censetur
3617 1752 3691 1790 su~

464 1823 571 1889 nis,
605 1828 663 1877 et
691 1823 748 1876 in
779 1821 1081 1875 festivitate
1111 1823 1167 1876 S.
1208 1822 1515 1886 Michaelis,
1556 1823 1641 1875 vel
1672 1823 1897 1876 interim
1929 1823 2063 1876 dum

464 1918 772 1968 conventus
802 1911 974 1964 fuerit
998 1911 1069 1963 ad
1109 1911 1431 1981 prandium.
1464 1910 1695 1982 ponitur
1718 1911 1775 1964 in
1807 1913 1929 1981 ejus
1956 1912 2064 1965 lec-

464 2006 607 2055 tum.
632 2000 766 2063 Quae
796 1998 1144 2070 pelliciorum
1176 1999 1567 2053 distributioin
1582 2000 2063 2054 camerariisolius

466 2094 554 2145 est
581 2088 834 2143 arbitrio.
869 2086 953 2141 Ab
984 2087 1121 2157 ipsis
1150 2093 1360 2150 autem,
1394 2087 1597 2157 quibus
1625 2089 1851 2155 dantur,
1873 2090 1955 2143 vel
1973 2107 2061 2143 eo-

464 2194 591 2233 rum
622 2181 821 2247 rogatu
851 2175 1173 2230 nominibus
1191 2176 1308 2230 suis
1324 2176 1394 2229 ab
1421 2178 1547 2230 aliis
1563 2178 1827 2231 notanda.
1851 2178 2060 2232 Iterum

462 2267 523 2322 in
552 2267 694 2321 festo
727 2268 785 2320 S.
818 2265 1047 2319 Martini
1070 2264 1194 2318 novi
1208 2265 1439 2335 pedules
1462 2266 1531 2318 ad
1563 2266 1735 2319 lectos
1756 2273 2060 2336 ponuntur.

463 2356 531 2413 In
552 2354 723 2410 Coena
751 2353 973 2409 Domini
996 2358 1207 2417 autem,
1231 2354 1280 2407 si
1310 2355 1431 2408 ﬁeri
1453 2360 1653 2425 potest,
1688 2356 2066 2410 calceamenta

469 2446 696 2509 dantur,
720 2450 778 2498 et
808 2444 914 2497 hoc
944 2443 1127 2497 modo.
1152 2443 1487 2513 Priusquam
1511 2444 1712 2498 fratres
1741 2445 1810 2498 de
1830 2445 2064 2499 ecclesia

470 2533 709 2590 exierint
737 2550 906 2604 super
934 2532 1174 2603 perticas
1206 2538 1321 2586 tres
1353 2549 1623 2603 suspensa
1651 2550 1684 2587 a
1722 2533 1945 2588 famulis
1968 2551 2064 2588 ca-

465 2622 695 2678 merarii
738 2621 797 2675 in
840 2621 1146 2691 capitulum
1178 2627 1568 2692 apportantur,
1615 2626 1673 2675 et
1716 2639 1886 2693 super
1923 2639 2064 2693 qua-

461 2717 594 2769 tuor
633 2711 791 2782 palos
832 2715 995 2763 terrae
1050 2709 1247 2763 inﬁxos
1290 2710 1423 2780 ipsa:
1471 2710 1693 2780 perticae
1737 2711 2058 2765 mittuntur.

462 2803 766 2872 Postquam
817 2804 1007 2853 autem
1049 2800 1258 2869 regulae
1288 2800 1567 2853 sententia
1598 2800 1847 2870 exposita
1873 2801 2059 2864 fuerit,

455 2890 689 2961 jubente
717 2889 922 2943 domno
950 2887 1170 2953 abbate,
1202 2889 1490 2958 consurgit
1507 2889 1849 2944 camerarius
1871 2895 1925 2943 et
1953 2890 2062 2943 ad-

2146 1823 2484 1892 perfluitate.

2217 1912 2421 1966 Omnia
2467 1912 2687 1983 pellicia
2734 1918 2867 1967 sunt
2919 1913 3138 1967 velleris
3184 1912 3335 1967 ovini
3382 1919 3438 1967 et
3479 1914 3689 1985 caprini;

2144 2002 2490 2070 c00pertoria
2523 2018 2653 2055 vero
2682 2008 2781 2055 aut
2829 2001 2977 2055 ovini
3013 2008 3113 2056 aut
3136 2002 3353 2067 cattini,
3386 2009 3482 2056 aut
3501 2003 3692 2073 leporini

2144 2098 2245 2143 aut
2271 2090 2486 2159 putonii
2514 2095 2572 2144 et
2598 2107 2886 2161 nunquam
2927 2091 2997 2144 de
3025 2091 3136 2144 ullo
3158 2108 3369 2161 genere
3396 2091 3694 2162 majorisais-

2144 2178 2475 2232 timationis.
2508 2179 2748 2233 Froccus
2777 2185 2835 2233 et
2862 2179 3082 2232 cuculla
3120 2178 3191 2233 de
3234 2179 3337 2233 tali
3373 2186 3500 2234 sunt
3526 2195 3691 2250 panno,

2145 2270 2313 2331 (rem)
2343 2267 2507 2337 quale
2537 2267 2595 2321 in
2624 2268 2730 2321 hac
2756 2268 3041 2338 provincia
3060 2267 3366 2331 invenitur,
3382 2269 3521 2338 quod
3540 2274 3693 2322 tamen

2145 2371 2257 2408 non
2284 2355 2358 2409 sit
2385 2356 2579 2426 agnini
2624 2356 2864 2422 velleris,
2900 2356 2983 2410 vel
3025 2356 3170 2410 alius
3195 2357 3453 2426 pretiosae
3490 2357 3693 2410 aestima-

2144 2443 2331 2497 tionis.
2362 2457 2460 2499 un.
2513 2444 2572 2498 Si
2605 2445 2828 2515 quando
2857 2445 2970 2499 tale
3019 2445 3157 2515 quid
3199 2446 3592 2517 comparaverit
3628 2445 3695 2498 vel

2145 2533 2476 2599 vendiderit,
2533 2535 2879 2588 camerarius
2932 2535 3316 2605 negotiatione
3373 2552 3473 2589 sua
3513 2552 3569 2589 ex
3602 2541 3694 2588 toto

2144 2629 2395 2692 peracta,
2424 2623 2742 2690 mercatori,
2774 2640 2901 2677 cum
2934 2640 3044 2694 quo
3076 2625 3401 2693 negotiatus
3418 2629 3695 2686 est,secun-

2144 2711 2277 2764 dum
2305 2712 2452 2782 quod
2475 2712 2761 2782 negotium
2785 2718 2889 2770 est.
2920 2718 2979 2765 et
3008 2729 3271 2783 persona,
3304 2713 3602 2782 aliquantos
3625 2710 3699 2764 ad-

2144 2800 2253 2853 huc
2282 2801 2466 2855 reddit
2495 2809 2694 2872 sponte
2720 2818 2824 2855 sua
2838 2800 3117 2859 denarios,
3147 2809 3381 2872 prOpter
3400 2802 3529 2855 illud
3550 2802 3599 2854 S.
3620 2801 3700 2853 Be-

2143 2889 2346 2943 nedicti
2379 2889 2750 2960 praecipientis
2777 2892 2914 2958 (Reg.
2931 2930 2945 2957 ,
2980 2906 3027 2943 c.
3055 2890 3163 2956 57),
3188 2896 3258 2944 ut
3280 2907 3372 2944 res
3398 2896 3701 2944 nostrasem-

456 2980 614 3051 jutor
640 2978 835 3049 ipsius,
868 2995 934 3031 ac
964 2994 1065 3048 per
1108 2994 1204 3032 eos
1250 2978 1372 3048 ipsa
1402 2978 1791 3032 ‘calceamenta
1821 2995 2118 3054 erogan-C
2144 2994 2243 3049 per
2260 2978 2536 3032 vendatur
2559 2979 2723 3033 vilius
2750 2995 2917 3049 quam
2949 2979 3188 3032 aliorum
3221 2979 3534 3033 hominum.

460 3074 576 3134 tur,
607 3067 854 3122 armario
882 3072 940 3121 et
968 3068 1016 3136 ej
1029 3084 1091 3121 us
1120 3068 1379 3136 adjutore
1410 3084 1475 3120 ea
1505 3066 1858 3137 eligentibus,
1894 3074 1949 3122 et
1979 3068 2060 3122 eis

459 3157 532 3212 ad
558 3174 787 3211 manum
816 3155 1264 3226 suggerentibus.
1305 3155 1519 3219 Quibus
1552 3155 1786 3225 singulis
1816 3156 2062 3226 singulo-

459 3263 586 3301 rum
608 3247 845 3300 fratrum
874 3245 1105 3299 nomina
1134 3245 1194 3298 in
1216 3244 1497 3299 breviculo
1539 3251 1673 3298 sunt
1701 3245 1963 3315 ascripta,
2003 3251 2060 3299 et

458 3341 689 3402 assuta;
722 3340 950 3405 excepto
992 3334 1039 3388 si
1082 3334 1176 3404 qui
1218 3334 1435 3387 noviter
1457 3333 1782 3401 adveniunt,
1815 3350 2052 3404 quorum

458 3424 691 3479 nomina
716 3430 850 3478 tunc
876 3423 1044 3477 scribi
1073 3439 1185 3477 non
1208 3429 1460 3493 possunt.
1504 3424 1770 3493 Ideoque,
1793 3440 1917 3495 qua:
1944 3423 2056 3478 illis

456 3520 591 3570 sunt
618 3513 823 3579 danda,
856 3512 1221 3581 singulariter
1250 3519 1383 3567 sunt
1410 3530 1700 3583 suspensa.
1728 3516 1869 3583 (ω.)
1894 3513 2054 3567 Acci-

456 3604 674 3676 pientes
703 3609 892 3657 autem
921 3619 1063 3656 nova
1099 3602 1155 3656 in
1198 3602 1391 3656 eadem
1429 3602 1568 3655 hora
1595 3602 1836 3656 reddunt
1865 3608 2057 3656 vetera

456 3691 599 3746 bene
625 3690 843 3758 abluta;
876 3691 921 3744 si
951 3696 1138 3744 tamen
1162 3690 1459 3761 plusquam
1488 3707 1661 3743 unum
1693 3706 1796 3760 par
1821 3689 2053 3744 diurna-

456 3782 593 3836 lium
614 3781 801 3839 habet.
823 3786 886 3834 ut
916 3779 1256 3850 pauperibus
1279 3780 1499 3833 dentur.

526 3872 606 3925 De
637 3869 929 3924 stamineis
961 3876 1018 3923 et
1046 3868 1428 3935 femoralibus,
1461 3868 1545 3922 vel
1577 3869 1623 3922 si
1657 3886 1779 3939 quae
1821 3874 1954 3923 sunt
1972 3869 2052 3922 si-

454 3958 633 4026 milia,
660 3956 801 4014 nihil
826 3958 981 4012 aliud
1010 3962 1097 4012 est
1123 3957 1508 4017 constitutum.
1543 3974 1710 4028 quam
1745 3958 1889 4028 quod
1925 3975 2052 4012 cum

450 4047 665 4103 fuerint
691 4048 1023 4115 inveterata,
1048 4064 1149 4101 nec
1165 4046 1344 4117 magis
1374 4048 1639 4116 proficua,
1672 4047 1753 4100 eis
1770 4046 1976 4101 ablutis
1998 4052 2054 4101 et

452 4155 554 4210 per
593 4139 745 4209 ipsos
788 4136 993 4191 fratres
1032 4136 1342 4190 camerario
1372 4136 1625 4199 redditis,
1654 4136 1765 4190 alia
1785 4143 1918 4190 sunt
1946 4136 2050 4190 tri-

452 4227 692 4281 buenda.
746 4228 814 4281 Et
861 4232 923 4280 ut
954 4226 1059 4280 hoc
1092 4226 1266 4279 semel
1295 4224 1475 4279 dicam
1513 4226 1647 4295 quid
1677 4226 1747 4278 ad
1778 4225 2045 4279 amictum

2214 3066 2445 3130 Quoties
2482 3068 2766 3138 loquimur
2804 3068 2862 3121 in
2901 3068 3146 3122 claustro
3203 3068 3330 3139 ipse
3377 3072 3460 3122 vel
3510 3066 3701 3137 adjutor

2142 3155 2283 3225 ejus,
2318 3156 2414 3226 qui
2443 3157 2652 3210 clavem
2700 3173 2936 3210 camerre
2973 3162 3179 3228 portat,
3210 3173 3502 3227 nunquam
3529 3156 3695 3210 deest:

2140 3249 2276 3298 tunc
2317 3245 2464 3298 enim
2514 3245 2811 3299 auditurus
2853 3252 2939 3299 est
2989 3262 3025 3299 a
3062 3245 3306 3315 singulis
3345 3246 3475 3317 quid
3507 3245 3591 3299 ille
3622 3249 3701 3298 aut

2140 3333 2273 3402 quid
2304 3334 2399 3388 ille
2419 3350 2559 3405 opus
2586 3333 2773 3389 habet.
2807 3334 2966 3398 Quod
3003 3334 3050 3388 si
3078 3336 3385 3406 aliquoties
3410 3332 3698 3406 neglexerit,

2136 3421 2495 3477 iuclamatur.
2530 3423 2607 3477 Ea
2637 3430 2827 3477 tamen
2861 3423 2978 3477 vice
3024 3424 3169 3478 alter
3209 3441 3413 3479 eorum
3457 3429 3564 3478 stat
3593 3425 3701 3475 ante

2136 3525 2436 3575 cameram,
2469 3512 2610 3564 dans
2641 3528 2763 3581 qua:
2776 3511 2963 3565 danda
2976 3518 3128 3574 sunt,
3158 3517 3222 3566 ut
3250 3514 3459 3567 fratres
3484 3518 3701 3581 tempore

2136 3597 2343 3652 silentii
2366 3599 2518 3670 loqui
2538 3616 2766 3654 necesse
2778 3617 2889 3654 non
2912 3600 3171 3655 habeant.
3194 3603 3214 3622 '
3233 3600 3527 3656 Interdum
3542 3606 3699 3652 autem

2136 3693 2322 3757 potest
2353 3687 2573 3742 evenire
2601 3695 2664 3742 ut
2690 3688 2895 3758 aliquis
2924 3688 3005 3742 vel
3039 3688 3317 3744 brevitate
3353 3690 3611 3761 temporis
3636 3685 3702 3738 vel

2135 3776 2247 3828 alia
2286 3776 2592 3847 impeditus
2642 3778 2995 3839 necessitate,
3030 3777 3076 3832 si
3111 3778 3246 3849 quid
3286 3795 3514 3833 necesse
3541 3775 3700 3844 habet,

2134 3881 2246 3917 non
2267 3866 2443 3935 possit
2460 3865 2778 3935 exquirere;
2808 3865 2896 3918 cui
2916 3865 3019 3918 soli
3040 3866 3187 3936 quod
3208 3867 3332 3920 vult
3360 3866 3535 3936 signis
3567 3866 3702 3918 inno-

2133 3959 2344 4008 tescere
2379 3970 2492 4008 non
2538 3954 2743 4007 valenti
2790 3954 3019 4008 omnino
3067 3971 3179 4008 non
3226 3962 3319 4010 est
3349 3955 3699 4016 interdictum,

2100 4084 2103 4093 .
2136 4043 2269 4113 quin
2295 4043 2573 4114 permissu
2600 4044 2894 4097 camerarii
2915 4048 3167 4115 tempore
3196 4051 3516 4116 opportuno
3544 4058 3704 4097 came-

2134 4148 2257 4185 ram
2307 4132 2660 4202 ingrediatur
2714 4139 2773 4186 et
2820 4132 3062 4186 breviter
3106 4134 3431 4188 necessaria
3463 4134 3704 4187 duntaxat

2132 4220 2431 4291 loquatur;
2459 4221 2507 4275 si
2548 4227 2738 4275 tamen
2775 4221 3075 4275 necessitas
3114 4221 3445 4289 imminens,
3478 4229 3535 4277 et
3553 4236 3705 4291 usque

450 4316 838 4386 unusquisque
870 4315 1107 4368 fratrum
1150 4314 1356 4368 habere
1401 4319 1584 4384 potest
1625 4314 1961 4384 regulariter
1990 4319 2049 4368 et
2128 4309 2196 4362 ad
2230 4309 2544 4379 proximum
2575 4315 2799 4381 tempus
2826 4310 3089 4380 loquendi
3124 4327 3234 4365 non
3269 4318 3461 4382 potest
3493 4309 3700 4365 differri.

452 4420 555 4475 pro
583 4403 988 4458 consuetudine
1012 4402 1281 4473 generali,
1300 4402 1481 4473 primo
1497 4403 1768 4457 suntduae
1792 4402 2041 4466 cucullae,
2059 4389 2109 4449 Ι)
2199 4398 2414 4463 Frater,
2445 4398 2605 4468 cujus
2640 4398 2920 4469 pellicium
2960 4399 3044 4452 vel
3071 4399 3423 4454 stamineum
3450 4400 3533 4455 vel
3558 4401 3707 4454 femo-

449 4496 508 4544 et
534 4508 680 4546 unus
721 4492 955 4555 froccus,
987 4492 1098 4545 duo
1134 4490 1427 4554 staminea,
1467 4491 1690 4562 duoque
1732 4491 2041 4558 femoralia,

448 4580 559 4634 duo
583 4580 739 4651 paria
763 4581 1067 4646 calcerum,
1101 4596 1272 4633 unum
1297 4597 1424 4634 cum
1462 4580 1718 4651 corrigiis
1737 4580 1807 4634 ad
1829 4586 2039 4645 noctes,

449 4667 563 4721 duo
612 4668 773 4739 paria
810 4668 1140 4737 caligarum,
1200 4668 1311 4721 duo
1367 4668 1610 4738 pellicia,
1662 4669 1937 4739 capellum
1975 4670 2044 4723 de

447 4757 685 4827 pellibus
739 4756 917 4811 ovinis
964 4757 1080 4810 sive
1120 4756 1364 4822 cattinis,
1399 4758 1646 4828 quinque
1682 4758 1839 4828 paria
1867 4758 2044 4829 pedu-

447 4846 606 4901 lium.
642 4846 728 4900 Ad
752 4847 957 4900 lectum
979 4845 1660 4916 capitale,000pertorium
1678 4848 1841 4901 laneo
1857 4864 2043 4918 panno

445 4929 772 4996 obductum,
803 4945 1022 5000 sagum,
1048 4929 1485 4984 brachiolineum
1513 4930 1654 4999 (142)
1675 4947 1783 5001 quo
1807 4931 2044 4986 femora-

441 5019 525 5074 lia
568 5019 994 5089 succingantur,
1025 5018 1266 5089 corrigia
1312 5019 1554 5085 cervina,
1587 5037 1696 5091 qua
1742 5026 1799 5074 et
1845 5020 2042 5075 stami-

442 5126 634 5175 neum,
658 5114 716 5163 et
754 5109 808 5163 in
838 5125 950 5178 qua
980 5109 1184 5179 pendet
1210 5109 1469 5163 cultellus
1498 5126 1626 5163 cum
1658 5109 1875 5180 vagina,
1908 5126 2040 5165 acus

440 5214 568 5254 cum
589 5199 683 5253 filo
708 5204 766 5252 et
794 5198 1014 5267 vagina.

513 5288 784 5343 Sacerdos
831 5292 888 5341 et
927 5286 1194 5342 diaconus
1237 5285 1420 5341 ofﬁcio
1475 5303 1577 5341 suo
1631 5287 1928 5359 fungentes
1970 5307 2034 5344 ex

441 5378 846 5434 consuetudine
890 5377 1100 5432 habent
1127 5377 1237 5430 tria
1270 5376 1583 5441 femoralia,
1614 5383 1676 5432 ut
1702 5379 1750 5432 si
1790 5380 1923 5449 quid
1953 5380 2034 5435 eis

509 5558 656 5629 ([42)
689 5557 828 5614 Vide
851 5560 1094 5617 indicem
1124 5576 1322 5619 vacum
1350 5557 1712 5616 exoticarum.

2127 4485 2267 4540 ralia
2296 4487 2375 4541 ita
2403 4493 2538 4541 sunt
2567 4487 2842 4558 disrupta,
2876 4493 2942 4542 ut
2966 4488 3151 4543 adhuc
3189 4490 3419 4544 valeant
3446 4486 3705 4551 resarciri,

2126 4575 2373 4630 diluculo
2402 4576 2562 4648 ponit
2584 4594 2650 4631 ea
2679 4576 2735 4630 in
2767 4577 2889 4631 loco
2904 4578 2975 4631 ad
2990 4578 3093 4631 hoc
3113 4577 3409 4649 deputata,
3425 4585 3490 4633 ut
3501 4577 3706 4632 veniens

2125 4666 2349 4735 adjutor
2373 4666 2668 4721 camerarii
2700 4674 2885 4738 portet
2912 4667 3048 4722 foris
3069 4668 3137 4722 ad
3167 4676 3437 4725 sartores.
3464 4672 3591 4725 Post
3604 4685 3710 4722 ves-

2124 4771 2289 4825 peras
2319 4761 2509 4810 autem
2533 4762 2846 4827 reportans,
2881 4758 3103 4829 reponit
3133 4758 3193 4812 in
3223 4760 3488 4814 eumdem
3516 4760 3710 4823 locum,

2125 4849 2190 4898 ut
2233 4843 2302 4898 ab
2348 4861 2435 4911 eo,
2486 4845 2557 4898 ad
2615 4862 2781 4916 quem
2828 4848 3111 4917 pertinent
3161 4848 3529 4919 recipiantur.
3559 4849 3580 4869 '
3612 4846 3707 4902 Ubi

2125 4932 2415 4988 sciendum
2448 4940 2551 4997 est,
2589 4934 2739 5005 quod
2784 4939 2903 4987 tam
2956 4934 3013 4989 in
3057 4935 3354 4990 duodecim
3393 4935 3706 4991 lectionibus

2125 5038 2294 5093 quam
2341 5023 2400 5076 in
2448 5023 2680 5094 privatis
2719 5022 2936 5089 diebus,
2987 5040 3334 5095 quaecunque
3364 5025 3442 5080 ibi
3480 5024 3708 5096 reposita

2122 5118 2273 5178 sunt,
2307 5112 2539 5166 etiamsi
2588 5129 2702 5166 non
2740 5114 3138 5177 resarciantur,
3189 5119 3321 5167 ante
3364 5114 3704 5168 collationem

2117 5200 2288 5271 recipi
2319 5199 2578 5255 debeant.
2616 5200 2674 5256 Si
2718 5207 2908 5255 autem
2942 5202 3243 5273 aliquando
3273 5203 3532 5273 contigit,
3556 5208 3617 5256 ut
3639 5202 3704 5255 ab

2118 5291 2306 5362 aliquo
2348 5290 2685 5361 negligatur,
2732 5297 2859 5361 post
2907 5291 3335 5362 completorium
3386 5293 3445 5346 in
3474 5292 3701 5346 transitu

2116 5386 2301 5450 potest
2327 5379 2903 5450 recipere,dummodo
2923 5380 3284 5451 sequentibus
3298 5382 3476 5435 ullam
3496 5397 3695 5437 moram
