3908 6168
148 295 277 355 1097

1169 291 1590 350 CONSTITUT.
1632 289 1982 348 HIRSAUG.
2018 324 2086 336 —
2126 296 2262 351 LIB.
2304 297 2376 353 Il.

3278 308 3414 368 1058

145 439 248 477 non
277 421 464 476 faciat.
492 418 599 484 Qui
628 416 987 489 perseipsum
1007 416 1141 487 quid
1162 416 1232 471 de
1250 416 1600 471 vestimentis
1617 416 1734 471 suis
1754 416 1798 478 A
1817 434 1852 471 a
1879 418 2090 472 decano
2118 420 2260 476 villae
2315 422 2533 495 accipit,
2586 430 2644 480 et
2679 428 2783 481 hoc
2834 428 2893 482 in
2940 429 3115 485 lectus
3171 433 3415 490 fratrum

144 511 359 578 laverit,
382 515 438 563 et
483 508 541 562 in
577 508 822 562 claustro
868 521 1037 575 super
1080 505 1389 559 funiculum
1421 506 1731 576 suspendit,

145 606 270 655 ante
320 599 696 662 collationem,
758 596 845 650 vel
909 595 957 649 si
1006 595 1065 649 in
1128 597 1374 649 crastino
1439 595 1737 650 duodecim

146 690 426 753 lectiones,
456 693 588 742 ante
602 701 862 756 vesperas
882 684 1101 738 auferre
1117 684 1455 737 meminerit.
1476 684 1737 738 Froccum

146 785 351 843 autem,
386 776 682 840 cucullam,
730 774 1181 843 stamineumque
1212 780 1266 826 et
1300 773 1608 835 femoralia,
1644 789 1738 827 ca-

148 868 279 938 ligas
308 867 502 931 etiam,
534 864 632 918 sed
655 878 767 917 non
788 861 1573 933 nisiablutasibisuspendere
1592 861 1737 915 licet.

150 954 572 1026 Coopertorium
598 969 726 1006 vero
756 951 834 1005 ibi
863 950 1126 1021 suspendi
1150 967 1259 1004 non
1290 950 1438 1004 licet.

214 1043 373 1099 Socci
391 1048 526 1096 sunt
550 1041 625 1095 ibi
654 1041 938 1107 abluendi,
973 1046 1030 1093 et
1052 1055 1221 1110 super
1247 1056 1484 1109 gramen
1513 1038 1744 1092 claustri

153 1134 213 1187 ad
253 1132 578 1187 siccandum
625 1130 890 1201 ponendi.
949 1128 1101 1183 Nihil
1144 1135 1336 1182 tamen
1385 1128 1636 1181 omnium
1685 1126 1745 1180 in

154 1220 441 1276 duodecim
470 1219 817 1285 lectionibus,
851 1219 935 1272 vel
964 1235 1091 1273 cum
1122 1218 1402 1289 processio
1432 1217 1637 1287 agitur,
1667 1216 1742 1269 ibi

157 1317 232 1365 est
259 1309 679 1364 dimittendum.
699 1308 807 1363 Sed
830 1314 887 1362 et
909 1308 1012 1362 hoc
1032 1307 1340 1367 sciendum.
1365 1307 1582 1377 quodin
1613 1305 1744 1359 dor-

159 1400 376 1453 mitorio
405 1397 752 1469 coopertoria
782 1396 1006 1451 nonnisi
1046 1396 1211 1451 ovina
1245 1397 1469 1450 inversa
1488 1401 1620 1448 sunt
1650 1410 1746 1448 su-

157 1487 488 1559 spendenda.
528 1486 826 1541 Sciendum
850 1502 1091 1557 quoque,
1126 1485 1273 1555 quod
1305 1485 1532 1555 adjutor
1558 1500 1747 1537 came-

159 1576 283 1630 rarii
307 1576 481 1629 vicem
512 1576 633 1645 ejus
662 1574 934 1639 absentis,
963 1573 1078 1627 sive
1108 1574 1255 1627 infra
1281 1573 1396 1627 sive
1442 1580 1596 1627 extra
1634 1571 1771 1625 ce1-‘

158 1664 261 1717 lam
291 1680 393 1734 per
418 1663 609 1717 omnia
634 1662 802 1732 gerit,
831 1661 1120 1733 pimsentis
1146 1677 1273 1715 vero
1303 1661 1449 1715 infra
1472 1660 1748 1715 ambitum

160 1754 299 1808 cellae
341 1757 584 1807 tantum.
614 1752 783 1806 Extra
810 1750 962 1806 enim
1001 1751 1227 1822 prodire
1278 1766 1388 1804 non
1441 1749 1814 1826 przesumit,B

160 1841 259 1895 nisi
282 1842 465 1911 major
487 1840 744 1911 jusserit.

224 1930 456 1994 Quando
483 1929 687 1983 fratres
716 1928 940 1989 exituri.
969 1929 1057 1982 vel
1084 1928 1154 1982 de
1181 1927 1384 1982 itinere
1431 1928 1750 1991 redeuntes,

164 2017 598 2073 benedictionem
646 2017 946 2088 accipiunt,
973 2016 1122 2070 idem
1178 2018 1405 2087 adjutor
1458 2017 1755 2087 diligenter

164 2107 317 2161 debet
346 2107 683 2177 prospicere,
717 2106 812 2177 qui
852 2106 938 2160 vel
979 2111 1117 2175 quot
1163 2105 1366 2160 fratres
1423 2106 1756 2159 benedictio-

168 2212 282 2249 nem
308 2196 605 2266 accipiant,
633 2201 698 2249 ut
726 2195 796 2249 de
820 2195 979 2249 lectis
1010 2194 1151 2248 sciat
1180 2194 1459 2249 ordinare.
1495 2194 1756 2248 Providet

168 2300 396 2355 quoque,
426 2290 493 2338 ut
519 2284 578 2338 in
596 2284 928 2338 dormitorio
966 2283 1269 2338 honestiori
1319 2284 1460 2342 loco,
1519 2284 1604 2336 vel
1643 2283 1753 2336 duo

171 2376 285 2428 lecti
328 2378 560 2445 propter
602 2373 849 2443 hospites
888 2388 1113 2442 semper
1154 2371 1267 2425 sint
1309 2372 1530 2442 parati;
1581 2372 1759 2425 Nemo

172 2462 323 2518 debet
343 2480 403 2516 se
426 2469 648 2516 mutare
677 2462 748 2515 de
776 2462 918 2516 lecto
950 2461 1009 2515 in
1034 2462 1261 2523 lectum,
1289 2462 1372 2515 vel
1403 2466 1614 2514 vertere
1630 2459 1759 2513 lecti

168 2558 324 2622 caput
358 2553 417 2606 in
467 2551 637 2605 aliam
694 2558 911 2621 partem
993 2550 1115 2604 sine
1166 2550 1286 2620 ejus
1339 2550 1604 2603 licentia:
1657 2548 1757 2603 sibi

168 2647 378 2695 tantum
415 2641 548 2695 licet
575 2641 633 2694 in
660 2640 989 2694 dormitorio
1032 2638 1353 2709 hujusmodi
1400 2639 1601 2694 facere.
1634 2639 1760 2708 lpse

171 2729 383 2784 etiamsi
412 2736 501 2784 est
526 2730 850 2800 impeditus,
884 2745 996 2782 non
1026 2727 1103 2782 ibi
1150 2728 1349 2793 deerit,
1394 2727 1489 2782 ubi
1523 2727 1759 2797 quisque

173 2819 431 2883 exiturus,
465 2819 801 2873 vestimenta
839 2834 943 2871 sua
988 2816 1294 2887 componit,
1343 2816 1641 2887 providens
1689 2831 1760 2869 ne

174 2908 290 2977 plus
316 2907 528 2961 eisdem
549 2907 897 2962 vestimentis
921 2923 1110 2961 secum
1128 2906 1374 2972 deferat,
1408 2922 1579 2977 quam
1625 2921 1762 2959 usus

176 3003 226 3050 et
246 2997 546 3051 necessitas
574 2996 842 3068 postulat.

241 3087 391 3142 Scire
441 3085 610 3141 debet
644 3086 1007 3152 camerarius,
1055 3085 1205 3157 quod
1247 3085 1424 3160 frater
1470 3082 1828 3145 dimidiumC

179 3192 376 3229 annum
405 3175 491 3229 vel
518 3174 719 3241 minus,
752 3174 843 3228 hic
900 3174 959 3228 in
1002 3173 1344 3228 monasterio
1377 3178 1478 3226 aut
1524 3172 1580 3225 in
1633 3170 1775 3225 cella

178 3264 355 3335 aliqua
396 3268 794 3326 commoratus,
822 3280 1005 3334 neque
1053 3263 1182 3317 hinc
1241 3262 1390 3328 illuc,
1416 3277 1597 3332 neque
1642 3260 1774 3314 inde

1816 507 1992 560 sterni
2020 508 2169 562 facit.
2210 510 2336 579 Ipse
2365 512 2535 566 etiam
2555 520 2611 568 et
2648 515 2871 584 adjutor
2896 517 2953 570 in
2985 518 3183 589 hyeme
3211 539 3418 593 aquam

1818 596 2054 649 calidam
2085 597 2154 650 ad
2185 597 2449 655 lavandos
2486 601 2723 657 fratrum
2758 607 2923 675 pedes
2956 616 3082 678 post
3110 614 3417 681 processio-

1819 701 1948 738 nem
1980 691 2036 738 et
2062 692 2192 739 ante
2225 688 2549 742 mandatum
2582 693 2835 760 providet
2886 696 3040 751 Inter
3065 706 3266 753 caetera
3289 719 3417 771 per-

1820 772 1964 826 tinet
1985 774 2054 826 ad
2085 790 2213 827 eum
2254 776 2421 829 etiam
2452 778 2521 831 de
2548 779 2868 846 fullonibus,
2918 786 3155 841 fratrum
3188 790 3420 844 lavanti-

1823 861 1927 915 bus
1954 878 2186 932 pannos,
2218 870 2274 917 et
2301 870 2365 918 ut
2392 882 2493 935 per
2521 868 2740 922 eosdem
2763 874 3031 928 mensalia
3050 893 3114 929 ac
3138 885 3423 933 manuter-

1823 950 1918 1019 gia
1946 950 2246 1020 separatim
2279 952 2348 1006 ab
2378 954 2504 1007 aliis
2533 958 2732 1026 pannis
2762 959 3033 1016 laventur.
3066 965 3179 1018 Hos
3195 967 3423 1036 adjutor

1826 1040 1949 1107 ejus
1978 1038 2130 1092 omni
2149 1041 2315 1095 tertia
2342 1042 2480 1096 feria
2506 1052 2631 1114 post
2658 1044 3023 1117 Evangelium
3073 1055 3423 1110 matutinalis

1826 1127 2008 1181 missae
2042 1128 2194 1182 ducit
2221 1129 2279 1182 in
2308 1131 2634 1194 claustrum.
2675 1141 2737 1189 ut
2767 1153 2980 1207 pannos
3010 1140 3245 1197 fratrum
3276 1145 3424 1199 acci-

1825 1216 1982 1285 piant
2010 1216 2080 1269 ad
2110 1218 2405 1273 lavandum
2433 1221 2502 1274 de
2527 1239 2675 1288 arca,
2709 1224 2767 1278 in
2799 1243 2910 1295 qua
2932 1245 3155 1300 semper
3183 1249 3215 1285 a
3236 1232 3424 1287 fratri-

1824 1303 1928 1358 bus
1949 1312 2215 1375 congesta
2239 1307 2619 1364 inveniuntur.
2644 1313 2847 1367 Curam
2870 1333 3092 1387 quoque
3116 1319 3285 1374 habet
3313 1339 3427 1377 non

1827 1393 2115 1447 minimam
2146 1394 2215 1449 de
2235 1397 2493 1451 omnibus
2521 1399 2876 1457 ferramentis
2896 1405 2952 1458 in
2976 1408 3218 1462 claustro
3241 1426 3431 1466 neces-

1827 1482 2011 1548 sariis,
2045 1482 2114 1536 de
2134 1485 2361 1538 rasoriis
2393 1486 2647 1553 fratrum,
2675 1498 2729 1544 et
2743 1492 3041 1564 forcipibus
3067 1503 3123 1550 et
3154 1497 3429 1554 linteami-

1830 1571 1995 1626 nibus
2023 1572 2093 1627 ad
2116 1588 2370 1628 rasuram
2401 1576 2830 1646 pertinentibus.

2342 1664 2578 1721 CAPUT
2613 1668 2918 1726 XXXVIII.

2201 1752 2273 1805 De
2300 1754 2479 1820 fratre
2508 1759 2609 1823 qui
2633 1766 2811 1813 servat
2842 1765 3060 1817 rasoria

1906 1841 1929 1863 ⁹
1958 1840 2043 1894 Ad
2068 1841 2411 1896 rasoriorum
2433 1846 2743 1900 custodiam
2785 1849 3101 1919 specialiter
3139 1870 3284 1910 unus
3324 1856 3433 1911 fra-

1835 1933 1924 1983 ter
1948 1929 2251 2000 deputatus
2277 1936 2381 1984 est.
2415 1932 2517 1986 Hic
2544 1950 2611 1987 ea
2655 1946 2841 1991 servat
2875 1939 2929 1992 in
2960 1940 3182 2006 scrinio,
3216 1946 3435 2000 modico

1837 2017 2083 2088 quidem,
2132 2020 2252 2087 (vo.
2305 2021 2450 2089 Var.)
2496 2022 2593 2076 sed
2610 2040 2735 2077 sera
2772 2027 3014 2092 firmato,
3039 2032 3187 2100 quod
3207 2034 3438 2102 ponitur

1837 2124 1997 2161 secus
2028 2107 2320 2163 introitum
2351 2108 2666 2165 dormitorii
2698 2129 2941 2173 sursum.
2964 2118 2987 2140 *
3023 2118 3219 2174 Servat
3242 2127 3296 2175 et
3326 2123 3436 2176 lin-

1836 2202 1949 2262 tea,
1982 2195 2188 2250 ibidem
2218 2198 2385 2251 etiam
2412 2199 2628 2269 jugiter
2645 2218 2936 2273 suspensa,
2962 2200 3209 2277 quiante
3223 2216 3338 2264 tres
3352 2212 3439 2265 vel

1836 2291 2079 2355 quatuor
2095 2285 2214 2339 dies
2241 2303 2452 2342 rasurae
2477 2289 2741 2344 scrinium
2776 2300 2962 2362 portat.
3010 2296 3067 2350 in
3107 2298 3439 2365 claustrum,

1842 2374 1977 2428 etin
2004 2391 2113 2429 una
2144 2382 2304 2446 parte
2343 2377 2499 2431 sedet
2539 2386 2698 2434 extra
2752 2390 3106 2449 conventum,
3134 2404 3329 2443 versus
3368 2390 3439 2444 ad

1841 2464 2043 2517 ostium
2074 2465 2303 2531 cellarii,
2328 2466 2450 2535 ipsa
2478 2469 2691 2522 rasoria
2718 2473 2969 2526 acuendo
2998 2479 3052 2528 et
3079 2478 3443 2548 praeparando

1842 2552 1913 2605 ad
1944 2552 2047 2605 hoc
2075 2570 2237 2623 opus,
2272 2560 2474 2624 praeter
2495 2557 2634 2611 alias
2662 2559 2844 2619 horas,
2895 2562 3096 2632 quibus
3139 2574 3444 2622 conventus

1842 2641 1900 2694 in
1930 2641 2172 2696 claustro
2204 2644 2359 2696 sedet
2380 2644 2450 2696 ab
2472 2645 2699 2700 missam
2724 2651 3139 2707 matutinalem:
3165 2671 3235 2709 ne
3253 2662 3446 2711 tamen

1841 2729 2137 2783 offerendae
2166 2730 2328 2792 desit,
2362 2732 2506 2785 sicut
2533 2750 2635 2788 nec
2663 2737 2981 2807 quisquam,
3016 2742 3110 2811 qui
3125 2744 3283 2797 estin
3297 2745 3446 2799 clau-

1842 2823 1980 2882 stro,
2012 2819 2162 2888 ct_ad
2188 2819 2435 2873 officium
2460 2822 2848 2878 defunctorum
2881 2834 3007 2896 post
3033 2834 3148 2883 tres
3179 2831 3446 2886 lectiones

1844 2906 2039 2961 licetei
2068 2924 2281 2962 vacare.
2317 2909 2461 2963 Huic
2516 2911 2707 2977 etiam,
2763 2913 2808 2967 si
2866 2932 3005 2987 opus
3062 2926 3164 2986 est,
3222 2919 3449 2991 adjutor

1846 2994 2033 3050 datur.

2382 3088 2634 3144 CAPUT'
2666 3090 2913 3147 XXXIX.

2351 3176 2425 3231 De
2455 3194 2657 3233 rasura
2676 3182 2947 3247 fratrum.

1930 3265 2061 3327 (υυ.)
2077 3264 2215 3317 Cum
2232 3265 2301 3317 ad
2319 3264 2421 3318 hoc
2437 3273 2662 3321 ventum
2684 3269 2872 3335 fuerit,
2888 3277 2943 3325 et
2954 3288 3151 3327 rasura
3170 3277 3452 3346 generalis

179 3353 280 3407 huc
296 3354 458 3424 juxta
484 3352 844 3407 festivitatem
876 3352 932 3407 S.
957 3351 1243 3408 Michaelis
1270 3368 1439 3405 causa
1471 3348 1775 3422 hyemandi
1857 3352 1974 3416 fiat,
2010 3367 2271 3422 percussa
2297 3353 2491 3408 tabula
2514 3355 2568 3409 in
2598 3358 2860 3428 capitulo,
2886 3366 2941 3414 et
2961 3361 3093 3416 data
3121 3364 3347 3419 licentia
3374 3366 3455 3420 lo-

181 3442 257 3495 vel
282 3442 352 3496 de
375 3447 577 3496 caetero
606 3441 972 3513 permanendi
995 3458 1060 3494 ex
1080 3440 1483 3496 consuetudine
1502 3439 1765 3504 mittitur,
1851 3441 2060 3512 quendi
2077 3441 2146 3494 de
2160 3458 2373 3509 rasura,
2396 3452 2665 3500 exeuntes
2678 3448 2746 3501 de
2760 3449 3005 3519 capitulo
3021 3451 3231 3507 faciunt
3251 3452 3453 3510 fratres

180 3531 279 3585 nisi
305 3530 672 3593 indumentis,
706 3547 831 3601 quae
860 3546 925 3585 eo
947 3535 1201 3600 tempore
1218 3529 1488 3583 fratribus
1517 3544 1768 3582 commu-
1852 3530 2012 3601 quasi
2034 3530 2173 3583 duas
2196 3531 2370 3585 lineas
2392 3533 2641 3597 sedendi,
2674 3537 2883 3592 scilicet
2912 3540 2978 3593 ad
3002 3543 3279 3597 cancellos
3306 3544 3456 3599 clau-

182 3619 319 3673 niter
335 3624 641 3690 erogantur
659 3635 816 3690 aeque
841 3625 897 3673 et
924 3619 1042 3689 ipse
1063 3618 1353 3672 vestiatur.
1374 3617 1533 3682 Quod
1549 3616 1595 3671 si
1617 3616 1772 3686 prior
1856 3618 1979 3682 stri,
2014 3624 2070 3671 et
2090 3635 2261 3689 prope
2286 3636 2530 3687 murum,
2551 3624 2934 3695 unusquisque
2966 3626 3022 3680 in
3040 3629 3237 3683 eodem
3258 3632 3456 3688 ordine

181 3709 244 3762 ad
270 3708 467 3763 cellam
488 3708 818 3778 neglexerit,
848 3712 907 3762 et
933 3706 1171 3762 fratrum
1193 3707 1436 3778 aliquem
1459 3707 1607 3759 circa
1627 3713 1773 3760 tem-
1862 3723 1971 3776 quo
2002 3713 2059 3760 et
2103 3706 2160 3760 in
2209 3708 2453 3777 capitulo
2485 3724 2497 3759 :
2533 3711 2555 3733 "
2586 3711 2687 3764 hoc
2738 3721 3018 3784 caventes,
3051 3733 3121 3770 ne
3162 3719 3287 3789 quis
3335 3719 3459 3783 alii,-

182 3814 276 3869 pus
318 3798 667 3869 praedictum,
731 3796 1015 3852 veteribus
1058 3803 1116 3851 et
1176 3797 1384 3851 attritis
1435 3795 1779 3850 vestimentis
1862 3795 2185 3866 priusquam
2222 3797 2694 3869 sederit,signum
2735 3802 2969 3857 radendi
2998 3804 3183 3861 faciat.
3225 3808 3368 3876 (un)
3393 3810 3457 3862 In

182 3887 430 3942 indutum
460 3887 569 3941 huc
595 3884 992 3950 transmiserit,
1022 3885 1113 3939 hic
1143 3902 1178 3938 a
1208 3884 1415 3939 domno
1441 3883 1661 3949 abbate,
1694 3884 1779 3937 vel
1864 3898 1973 3937 una
2002 3883 2150 3937 linea
2180 3901 2213 3937 a
2242 3885 2505 3955 praedicto
2530 3887 2721 3952 fratre,
2747 3889 2802 3943 in
2836 3892 3014 3945 altera
3046 3910 3174 3947 vero
3215 3895 3283 3948 ad
3332 3897 3456 3966 ejus

184 3976 357 4045 priore
384 3993 470 4042 eo,
496 3976 647 4047 unde
670 3976 839 4040 venit,
864 3975 1012 4030 sicut
1034 3975 1247 4029 dictum
1305 3981 1410 4043 est,
1462 3974 1781 4029 vestiendus
1862 3972 2121 4040 adjutore
2151 3972 2387 4042 singulis
2412 3974 2675 4029 fratribus
2704 3977 2928 4047 singula
2969 3980 3177 4034 dantur
3216 3984 3451 4037 rasoria.

182 4065 501 4129 remittitur,
530 4070 589 4118 et
618 4064 665 4118 si
698 4064 877 4118 visum
900 4063 1089 4130 fuerit,
1123 4063 1309 4118 denuo
1359 4063 1543 4117 redire
1580 4062 1775 4134 praeci-
1858 4060 2115 4115 Scutellze
2144 4065 2332 4114 autem
2358 4062 2574 4116 noviter
2591 4064 2794 4119 ablutze
2826 4083 2926 4136 per
2950 4068 3455 4139 eleemosynarium

185 4153 347 4223 pitur.
404 4152 765 4209 Camerarius
804 4153 1067 4223 praefatus
1108 4152 1276 4207 debet
1317 4153 1488 4206 etiam
1529 4152 1601 4206 ad
1637 4168 1776 4221 opus
1858 4148 2288 4213 dittribuuntur,
2314 4150 2456 4203 binis
2486 4157 2542 4204 et
2568 4150 2711 4206 binis
2732 4153 2985 4223 singulm,
3017 4172 3048 4209 a
3079 4156 3198 4210 loco
3229 4174 3329 4210 suo
3354 4174 3453 4212 ne-

186 4242 567 4297 itinerantium
591 4241 832 4296 fratrum
863 4258 1069 4313 cappas
1102 4247 1161 4295 et
1188 4242 1463 4304 fasciolas.
1512 4240 1775 4304 calcaria,
1860 4253 2139 4307 quaquam
2162 4254 2222 4291 se
2253 4238 2620 4306 moventibus,
2654 4241 2749 4295 sed
2776 4258 2901 4295 cum
2918 4244 3210 4315 disciplina
3224 4252 3457 4315 praesto-

186 4331 544 4393 chirothecas,
577 4335 636 4385 et
668 4331 894 4401 cingula
924 4349 938 4398 ;
988 4331 1060 4385 ad
1102 4347 1242 4402 opus
1271 4347 1401 4385 vero
1445 4329 1801 4404 clericorum,
1858 4325 2124 4390 lantibus,
2159 4342 2335 4396 usque
2360 4327 2492 4381 dum
2522 4329 2592 4383 ad
2640 4346 2699 4383 se
2738 4331 2942 4398 veniat,
2972 4335 2993 4356 “
3043 4334 3137 4404 qui
3190 4336 3457 4391 scutellas

186 4418 479 4492 hospitum,
512 4420 613 4491 qui
635 4419 712 4489 fin
752 4419 1045 4476 refectorio
1091 4419 1394 4491 aliquando
1446 4403 1837 4473 comedunt.”
1859 4416 1941 4468 vel
1973 4415 2185 4468 rasoria
2220 4420 2422 4486 portat.

184 4508 570 4579 superpellicia
624 4513 901 4579 quotquot
954 4513 1088 4563 sunt
1143 4507 1476 4572 necessaria,
1548 4509 1777 4563 ostiario

184 4596 333 4651 dare.
365 4597 518 4652 Nulli
547 4596 698 4650 enim
726 4597 997 4662 litterato,
1029 4596 1138 4650 nisi
1176 4596 1417 4651 clericali
1441 4597 1778 4653 vestimento

183 4684 409 4740 indutus
435 4685 532 4743 sit.
562 4684 623 4738 in
675 4684 970 4739 refectorio
1026 4684 1157 4738 licet
1212 4684 1524 4739 comedere.
1575 4686 1778 4741 Vetera

183 4788 399 4845 quoque
422 4775 665 4828 fratrum
693 4773 1028 4827 vestimenta
1054 4772 1248 4827 usibus
1277 4788 1473 4827 eorum
1505 4788 1616 4827 non
1645 4780 1779 4846 apta

183 4861 389 4934 (siqua:
416 4868 609 4918 tamen
645 4861 916 4916 fratribus
960 4861 1330 4935 exterioribus
1373 4862 1772 4933 superfuerint)

180 4950 516 5024 pauperibus
546 4950 950 5017 distribuenda,
988 4950 1087 5004 dat
1101 4950 1545 5021 eleemosynario
1565 4969 1578 5017 ;
1599 4968 1780 5005 arma-

180 5039 256 5094 rio
282 5039 456 5094 etiam
484 5040 679 5111 pelles,
711 5040 940 5105 cultros,
972 5044 1031 5094 et
1066 5040 1300 5101 colores,
1342 5047 1399 5093 et
1433 5056 1779 5111 quaecunque

181 5128 245 5181 ad
270 5127 447 5183 libros
472 5128 848 5183 conﬁciendos
877 5132 1011 5182 sunt
1037 5128 1353 5182 necessaria
1376 5146 1389 5194 ;
1420 5128 1779 5183 refectorario

181 5233 402 5289 quoque
437 5217 507 5271 ad
530 5234 672 5287 opus
691 5216 884 5271 domni
903 5216 1124 5271 abbatis
1153 5222 1213 5271 et
1238 5217 1523 5287 hospitum
1552 5216 1609 5271 in
1633 5218 1782 5271 refe-

182 5307 351 5360 ctorio
372 5305 805 5371 comedentium,
854 5305 965 5360 duo
991 5304 1187 5359 bacina
1214 5322 1339 5359 cum
1379 5307 1732 5376 manutergio
1757 5325 1769 5374 ;

185 5399 236 5446 et
263 5400 538 5465 praeterea
575 5393 888 5449 inﬁrmario
934 5393 1045 5448 alia
1105 5394 1217 5448 duo
1275 5393 1472 5449 bacina
1517 5394 1587 5448 ad
1641 5411 1783 5465 opus

185 5481 538 5538 infirmorum
566 5482 626 5536 in
653 5481 874 5537 lectulis
896 5482 1231 5552 jacentium.

251 5568 321 5627 In
349 5570 658 5627 Nativitate
686 5572 1021 5627 Sanctorum
1045 5571 1277 5626 Joannis
1296 5577 1354 5626 et
1379 5572 1541 5627 Pauli
1565 5572 1777 5627 {mnum

428 5669 691 5732 PATROL.
738 5671 856 5732 CL.

1932 4503 2596 4559 Providctautemcustos
2617 4507 2978 4575 rasoriorum,
3006 4516 3067 4565 ut
3087 4510 3309 4567 interim
3346 4513 3454 4569 lin-

1859 4596 1954 4646 tea
1966 4592 2618 4648 distribuantur.Vcrum
2637 4595 2964 4667 priusquam
2979 4599 3224 4655 sedendo
3236 4611 3291 4655 et
3304 4602 3459 4658 incli-

1858 4680 2045 4734 nando
2067 4680 2301 4751 quisque
2316 4680 2418 4735 sibi
2433 4680 2565 4735 data
2578 4684 2902 4754 susceperit,
2927 4693 3188 4757 apportat
3204 4689 3455 4746 lexiviam

1859 4786 1983 4841 quae
2010 4775 2311 4840 antequam
2333 4770 2651 4840 pulsarctur
2672 4772 2740 4825 ad
2772 4774 3100 4844 capitulum,
3123 4777 3180 4832 in
3196 4780 3459 4850 congruis

1857 4859 2012 4923 locis,
2042 4875 2151 4912 non
2184 4865 2372 4912 tamen
2401 4865 2533 4913 ante
2560 4860 2706 4915 fores
2734 4863 3001 4931 ecclesiae,
3031 4868 3325 4921 camerarii
3360 4869 3456 4925 ad-

1852 4948 2040 5017 jutore
2056 4953 2391 5019 procurante
2414 4949 2593 5019 posita
2613 4955 2719 5019 est,
2741 4951 2811 5004 ad
2829 4953 3139 5010 radendum
3161 4972 3221 5010 se
3246 4974 3457 5028 prazpa-

1860 5037 2081 5091 rat.Sed
2098 5037 2283 5092 nullus
2295 5043 2636 5109 caputsuum
2652 5039 2805 5110 prius
2820 5041 3295 5115 humectat,quam
3311 5045 3454 5114 psal-

1864 5125 2051 5179 modia
2066 5125 2376 5192 inchoatur;
2392 5127 2578 5180 nullus
2600 5145 2820 5198 quoque
2837 5137 2967 5183 ante
2985 5133 3188 5185 ostium
3208 5132 3450 5186 ecclesiae

1865 5215 1952 5267 vel
1973 5219 2104 5268 ante
2124 5214 2430 5284 capitulum
2461 5216 2558 5269 sed
2582 5217 2651 5269 ad
2683 5218 3012 5279 radendum,
3055 5221 3099 5272 si
3130 5220 3263 5273 alibi
3296 5227 3451 5291 patet

1864 5303 2127 5374 spatium.
2148 5308 2281 5370 (UD.)
2300 5304 2563 5375 Quisquis
2581 5305 2998 5370 raditalterum,
3019 5308 3262 5362 froccum
3276 5310 3447 5364 exuit.

1864 5399 1922 5447 et
1948 5392 2006 5446 in
2028 5393 2245 5446 cuculla
2270 5394 2452 5458 radit;
2503 5394 2598 5464 qui
2659 5411 2783 5448 vero
2842 5395 3077 5461 raditur,
3124 5397 3345 5452 raditur
3390 5399 3449 5454 in

1861 5482 2044 5535 frocco
2083 5498 2204 5543 suo,
2236 5484 2450 5537 cuculla
2474 5490 2662 5547 exuta,
2710 5489 2767 5537 et
2803 5499 2975 5554 prope
3022 5501 3082 5538 se
3119 5489 3447 5558 composita.

1862 5570 2023 5635 Quod
2054 5570 2102 5627 si
2130 5571 2274 5627 forte
2300 5589 2401 5643 pro
2424 5573 2629 5627 lexivia
2646 5573 2746 5644 [αι.
2764 5589 2911 5645 aqua
2924 5572 3129 5647 calida]
3148 5580 3457 5647 perrexerit

3140 5672 3218 5735 33
