3886 6172
453 321 594 382 1099
1477 323 1535 378 S.
1576 321 1970 379 GUILLELMI
2005 321 2310 378 ABBATIS
2348 321 2687 378 HIRSAUG.
3542 316 3656 384 ηω

448 448 816 522 npportanda,
848 447 965 519 ipse
1009 446 1287 501 cucullam
1340 446 1605 504 decenter
1652 446 2243 520 complicatamAlum
2270 450 2461 502 tamen
2482 460 2594 518 quo
2624 445 2812 501 minus
2835 443 3181 501 semirasiira
3206 441 3402 517 patent;
3432 445 3661 518 quantum

451 554 641 594 secum
678 538 738 592 in
765 535 994 590 brachio
1023 540 1229 606 portat.
2133 539 2320 605 potest
2356 534 2734 606 competentia
2774 533 2993 589 obtecto
3023 534 3254 589 chorum
3279 530 3453 589 intrat.
3472 534 3557 590 Sin
3579 551 3662 591 au-

520 627 677 681 Inter
705 624 1013 679 radendum
1044 630 1307 680 cantatur
1336 625 1647 697 psalmodia
1702 626 1866 680 Verba
1906 639 2046 690 mea,
2133 629 2268 689 tem,
2302 624 2493 678 statim
2527 624 2599 677 ad
2629 624 2798 678 ﬁnem
2837 624 2991 678 hora
3019 622 3317 694 egreditur;
3347 621 3400 679 in'
3426 624 3666 680 calefacto-

449 711 653 767 deinde
680 710 931 784 psalmus
960 714 1200 768 Laudate
1224 732 1238 775 ;
1264 714 1310 768 si
1335 714 1475 768 forte
1503 731 1570 768 ea
1596 714 1687 768 die
1704 720 1790 768 est
1816 731 1917 785 pro
1946 713 2053 769 cel—
2132 712 2218 766 rio
2237 710 2384 766 infra
2412 711 2643 765 missam
2680 711 3096 781 perradendus;
3128 712 3273 782 quod
3302 716 3475 768 tamen
3513 710 3665 768 nullus

446 801 652 855 lerario
680 800 1012 867 cantandus,
1035 802 1121 857 vel
1146 808 1262 858 tres
1294 802 1497 874 psalmi
1526 802 1804 858 usualiter
1822 818 1925 873 pro
1942 803 2048 858 tri-
2133 801 2278 855 alius
2307 801 2429 855 sine
2453 800 2682 854 licentia
2710 799 2862 854 facit.
2890 800 3103 855 Verum
3123 800 3172 854 si
3189 806 3275 855 est
3292 807 3494 872 tempus
3512 807 3561 856 et
3573 803 3666 856 fra-

449 890 733 944 bulatione
762 889 965 961 aliqua.
1004 896 1060 944 et
1084 892 1132 945 si
1154 908 1278 962 quin
1309 898 1444 947 sunt
1470 891 1795 962 huiusmodi
1815 900 1943 962 post
1965 907 2052 945 ca-
2132 895 2248 944 tres
2270 894 2397 959 post
2423 894 2639 943 sextam
2689 888 2760 943 de
2785 889 3021 943 ecclesia
3067 886 3360 944 redeuntes
3386 890 3439 943 in
3465 890 3666 946 claustra

446 976 688 1050 pitulum
714 979 982 1033 canenda.
1004 980 1272 1049 Sequitur
1287 996 1484 1035 cursus
1522 979 1917 1034 canonicorum
1951 996 2050 1035 eo-
2131 979 2347 1044 sedent,
2381 979 2468 1031 vel
2498 994 2609 1049 quo
2638 978 2899 1032 sacerdos
2926 978 3225 1050 ceterique
3257 979 3481 1033 ministri
3509 980 3669 1035 altaris

444 1069 571 1122 dem
591 1068 923 1139 ordine.quo
941 1067 1011 1121 ad
1033 1084 1173 1138 opus
1186 1085 1453 1122 manuum
1471 1068 1710 1123 canitur.
1734 1067 1868 1123 Insu
1879 1069 2049 1138 perin
2130 1068 2199 1122 ad
2232 1067 2461 1121 missam
2514 1073 2648 1121 sunt
2695 1066 2969 1121 vestiendi
3004 1073 3139 1121 ante
3165 1064 3376 1133 horam,
3413 1067 3542 1122 facta
3566 1070 3667 1123 ort-

443 1157 555 1211 ﬁne
575 1156 776 1228 psalmi
796 1154 1102 1211 familiares
1117 1157 1397 1212 adduntur
1424 1157 1631 1227 absque
1648 1157 1939 1227 his,quiad
1960 1175 2048 1212 ve-
2130 1157 2301 1220 tione,
2337 1162 2456 1210 tam
2505 1155 2608 1222 illi,
2655 1156 2753 1227 qui
2798 1155 3007 1226 forcipe
3051 1155 3273 1211 tonderi
3308 1156 3504 1223 volunt,
3533 1151 3668 1227 quad!

442 1245 1170 1316 sperospertinent.Quibus
1185 1245 1354 1300 etiam
1373 1246 1799 1316 subjunguntur
1820 1246 2041 1316 psalmi,
2129 1246 2434 1300 semirasus
2466 1244 2525 1298 in
2575 1244 2843 1311 claustro,
2890 1244 3030 1309 loco,
3081 1259 3194 1315 quo
3218 1249 3277 1298 et
3301 1243 3464 1314 prius,
3483 1240 3671 1299 licenter

442 1333 539 1404 qui
566 1350 601 1387 a
626 1333 922 1404 prostratis
959 1334 1143 1388 solent
1185 1334 1426 1397 recitari,
1486 1334 1632 1388 sicut
1684 1334 1741 1387 in
1793 1340 2046 1405 tempore
2127 1332 2234 1387 hoc
2261 1334 2492 1389 faciunt.
2516 1332 2603 1386 Ad
2623 1332 2918 1385 intervalla
2946 1336 3135 1387 autem
3160 1331 3218 1386 id
3243 1339 3329 1386 est
3345 1338 3464 1403 post
3482 1332 3669 1388 missam

442 1421 961 1492 Quadragesimali:
993 1422 1237 1493 exceptis
1276 1423 1626 1494 vespertinis.
1669 1424 1739 1476 Et
1787 1423 2045 1478 sacerdos
2127 1428 2186 1476 et
2212 1429 2340 1493 post
2361 1436 2691 1493 percussum
2720 1419 3043 1492 cymbalum
3069 1436 3139 1474 ea
3165 1420 3257 1475 die
3286 1420 3344 1474 in
3370 1416 3669 1476 calefactum

440 1509 931 1576 hebdomadarius,
956 1512 1052 1581 qui
1071 1512 1330 1565 collectas
1347 1512 1548 1565 dicitin
1572 1512 1758 1565 medio
1778 1511 2041 1579 fratrum,
2126 1510 2337 1582 absque
2365 1512 2592 1565 licentia
2623 1524 2750 1564 cum
2778 1509 2986 1581 forcipe
3006 1509 3244 1580 quilibet
3259 1509 3481 1563 tondere
3503 1508 3669 1580 potest;

438 1600 520 1655 ita
550 1598 715 1654 debet
741 1599 954 1664 sedere,
989 1604 1052 1654 ut
1079 1599 1148 1653 ab
1170 1600 1429 1654 omnibus
1442 1600 1616 1671 possit
1638 1600 1839 1655 audiri.
1866 1602 1935 1654 Et
1955 1600 2044 1654 hic
2127 1600 2186 1654 Si
2210 1601 2304 1671 qui
2330 1617 2481 1665 vero,
2516 1599 2611 1670 qui
2640 1598 2747 1653 fuit
2786 1598 2845 1652 in
2895 1598 3159 1665 claustro,
3187 1614 3316 1653 eum
3346 1599 3517 1653 caeteri
3547 1593 3673 1653 rade-

436 1704 603 1743 cursu
630 1687 810 1755 ﬁnito,
838 1694 1139 1759 antequam
1168 1690 1387 1760 reliqua
1432 1689 1744 1760 psalmodia
1790 1689 2039 1753 ﬁniatur,
2124 1695 2340 1756 rentur,
2387 1689 2605 1742 irrasus
2650 1674 2981 1758 permansit,
3033 1688 3119 1741 vel
3167 1687 3239 1742 de
3287 1687 3375 1741 via
3408 1688 3545 1741 venit
3573 1693 3673 1758 post

434 1777 531 1831 alii
553 1777 826 1847 expedito,
856 1776 1031 1831 vicem
1058 1777 1225 1831 officii
1254 1778 1340 1832 sui
1395 1778 1658 1848 iniungit,
1692 1783 1758 1831 ut
1808 1782 1865 1831 et
1921 1772 2101 1849 ipseB
2124 1777 2281 1831 illam
2329 1794 2541 1832 rasura).
2586 1777 2804 1841 horam,
2836 1792 2951 1830 non
3003 1776 3125 1830 sine
3166 1775 3408 1839 licentia,
3445 1790 3538 1843 nec
3566 1782 3674 1830 tunc

431 1866 556 1920 radi
582 1865 773 1936 possit.
805 1866 964 1921 Unus
992 1866 1079 1921 vel
1108 1866 1219 1921 duo
1248 1866 1546 1921 circatores
1598 1866 1855 1930 litterati,
1899 1867 2037 1920 dum
2122 1866 2262 1919 alias
2286 1883 2455 1935 quam
2487 1866 2546 1919 in
2571 1865 2926 1919 calefactorio
2955 1864 3176 1920 raditur
3207 1880 3221 1931 ς
3252 1864 3349 1919 ubi
3370 1862 3545 1919 tamen
3569 1874 3676 1935 que-

430 1954 744 2026 psalmodia
762 1955 1002 2020 canitur,
1020 1955 1385 2022 circumeunt,
1406 1956 2038 2009 utfratresadmoneant
2117 1954 2199 2008 vis
2250 1960 2505 2026 tempore
2551 1953 2880 2008 radentibus
2934 1954 3051 2008 sive
3108 1952 3322 2024 forcipe
3364 1953 3674 2008 tendentibus

429 2042 502 2096 ad
528 2043 902 2115 psallendum.
925 2043 1162 2097 Nonnisi
1191 2044 1351 2098 ﬁnita
1378 2044 1707 2114 psalmodia,
1736 2049 1873 2097 tunc
1903 2049 2033 2097 tan-
2117 2043 2396 2097 silendum
2423 2051 2527 2097 est.
2562 2044 2698 2097 Post
2727 2059 2943 2097 rasurae
2974 2058 3256 2114 quemque
3286 2042 3429 2097 diem
3454 2036 3672 2112 super“;

430 2131 559 2183 dem
590 2128 842 2198 radendi,
878 2130 947 2185 ab
961 2131 1256 2186 hocofﬁcio
1273 2137 1515 2186 cessant.
1559 2132 1616 2186 Si
1659 2132 1785 2203 quis
1806 2148 1906 2201 per
1939 2148 2035 2186 eos
2116 2133 2299 2199 niens,
2331 2134 2503 2188 etiam
2540 2134 2587 2187 si
2613 2133 2673 2189 in
2712 2133 3009 2187 duodecim
3060 2132 3413 2197 lectionibus,
3438 2131 3571 2203 quod
3587 2124 3675 2186 non

430 2218 753 2273 admonitus
781 2221 1081 2274 emendare
1111 2221 1385 2291 quidlibet
1414 2221 1731 2290 neglectum
1764 2220 2027 2284 noluerit,
2116 2222 2370 2289 feriatur,
2403 2222 2497 2288 sit,
2531 2228 2660 2293 post
2695 2221 3003 2293 capitulum
3046 2236 3172 2276 cum
3212 2220 3435 2276 licentia
3460 2220 3581 2275 item
3604 2226 3676 2273 ης

426 2304 514 2361 vel
542 2306 984 2362 admonitionem
1010 2308 1262 2379 graviter
1281 2308 1493 2374 tulerit,
1530 2324 1659 2362 raro
1684 2307 2032 2363 inclamatio-
2114 2312 2201 2366 dit
2233 2330 2245 2365 :
2279 2328 2572 2382 nunquam
2623 2315 2815 2365 autem
2858 2310 2916 2364 in
2945 2308 3239 2365 Dominico
3281 2307 3371 2365 die
3399 2309 3478 2364 vel
3514 2309 3565 2363 in
3587 2307 3676 2363 alio

426 2412 559 2451 nem
589 2396 805 2466 effugit.
829 2397 963 2462 Quae
984 2398 1303 2451 necessaria
1331 2403 1465 2452 sunt
1483 2414 1712 2461 rasurae,
1738 2397 1870 2452 licet
1896 2397 2034 2451 alte-
2114 2400 2256 2455 festo
2308 2400 2749 2471 processionum,
2804 2399 3059 2470 quamvis
3132 2398 3321 2454 eidem
3357 2412 3463 2453 non
3511 2397 3677 2452 debeat

425 2500 553 2539 rum
574 2483 645 2539 ab
661 2486 2034 2557 alterosignispetere.(un.rar.)Caaterumusque-
2115 2490 2430 2556 interesse;
2469 2489 2563 2543 sed
2615 2488 2676 2542 in
2705 2488 2965 2558 sequenti
3017 2488 3108 2542 die
3149 2494 3281 2558 post
3329 2485 3675 2542 matutinalem

425 2572 558 2627 dum
578 2574 890 2645 psalmodia
908 2575 980 2628 sit
998 2581 1411 2639 consummata,
1431 2576 1541 2629 erit
1558 2591 1842 2629 summum
1866 2574 2034 2629 silen-
2114 2579 2365 2644 missam,
2394 2578 2593 2649 spatiis
2635 2575 3105 2648 competentibus.
3154 2577 3224 2631 Et
3267 2576 3318 2631 si
3346 2572 3469 2649 quis
3508 2578 3676 2629 nostra

420 2662 587 2727 tium,
621 2662 729 2717 nisi
763 2663 858 2734 qui
888 2663 1053 2729 radit,
1090 2664 1369 2734 imprimis
1396 2664 1533 2717 dicit
1560 2665 1882 2726 Bcnedicite,
1913 2669 1972 2717 et
1998 2679 2031 2716 a
2113 2667 2563 2738 congregationis
2588 2666 2899 2720 monachus
2928 2670 3089 2720 extra
3134 2680 3395 2729 manens,
3425 2665 3480 2718 in
3513 2663 3675 2718 cellam

415 2750 667 2805 radendo
714 2752 1105 2823 respondetur,
1150 2754 1440 2809 Dominus.
1475 2752 1582 2816 Qui
1614 2752 1853 2818 raditur,
1886 2751 2028 2806 nihil
2112 2758 2303 2813 venire
2332 2758 2425 2812 die
2463 2771 2677 2811 rasurae
2699 2756 2786 2810 vel
2814 2756 2875 2809 in
2905 2754 3277 2827 sequentibus
3306 2751 3494 2809 diebus
3534 2752 3682 2807 ειὶὺπε

415 2839 688 2911 loquitur,
713 2841 823 2894 nisi
853 2841 1072 2896 cuculla
1094 2841 1344 2895 indutus.
1370 2842 1532 2895 Prius
1585 2857 1750 2895 nemo
1801 2841 2033 2911 capillos
2115 2847 2412 2919 disposuit,
2437 2846 2609 2900 etiam
2633 2845 2680 2899 si
2709 2845 2800 2899 die
2828 2844 2941 2898 alia
2964 2844 3173 2909 veniat,
3206 2856 3381 2914 quam
3408 2843 3586 2896 eadem
3612 2839 3685 2893 die

417 2945 545 2983 cum
564 2929 771 3001 forcipe
808 2930 1042 2984 tondere
1087 2931 1391 3000 praesumit,
1422 2946 1592 3000 quam
1625 2929 1938 2999 psalmodia
1958 2929 2034 2984 sit
2115 2952 2226 3006 qua
2273 2935 2509 3001 raditur,
2537 2948 2669 2988 rasu
2698 2934 2887 2987 venire
2937 2948 3056 2987 non
3102 2932 3416 3003 praesumit.
3453 2924 3684 2985 Similiter

416 3018 606 3074 ﬁnita:
633 3034 744 3090 qua
773 3019 933 3074 finita
964 3026 1020 3075 et
1049 3020 1198 3076 dicto
1228 3039 1257 3074 ει
1284 3020 1468 3090 priore
1495 3020 1812 3083 Benedicite,
1846 3018 1904 3071 hi
1934 3018 2031 3090 qui
2060 3086 2091 3093 _
2116 3030 2174 3079 et.
2220 3025 2472 3079 exiturus
2501 3023 2592 3077 die
2649 3022 2766 3089 illa,
2823 3021 3182 3093 quantumvis
3230 3020 3404 3091 longe
3446 3017 3680 3090 proﬁcisci

416 3086 899 3171 necesse—habent,
932 3109 1133 3176 frocco,
1180 3086 1539 3180 quantumvis
1566 3106 1781 3161 fervida
1809 3106 1883 3160 sit
1921 3086 2025 3162 ξιξε-
2051 3086 2093 3146 C
2115 3113 2337 3176 debeat,
2370 3129 2554 3183 neque
2583 3111 2705 3165 radi
2732 3086 2866 3165 ante
2894 3116 3120 3182 tempus
3426 3086 3593 3179 neque
3619 3105 3681 3160 ii"-

416 3201 526 3263 tas,
556 3213 684 3251 cum
729 3198 948 3251 cuculla
1004 3198 1265 3253 reinduta
1319 3213 1491 3268 prope
1546 3195 1857 3262 cellarium,
1913 3212 2024 3250 non
2112 3217 2281 3257 rasus
2313 3200 2483 3256 debet
2502 3200 2672 3267 exire,
2713 3199 2823 3254 nisi
2870 3216 2972 3270 pro
3000 3214 3208 3270 magna
3244 3198 3570 3254 necessitate
3581 3197 3683 3265 jus-

418 3285 576 3351 alias,
603 3284 813 3357 forcipe
841 3287 1091 3341 tondent.
1129 3286 1404 3341 Similiter
1448 3289 1505 3339 et
1542 3286 1639 3356 qui
1671 3286 1866 3339 volunt
1888 3289 2025 3339 tunc
2106 3308 2222 3357 sus,
2255 3291 2334 3346 sic
2368 3295 2430 3345 ut
2457 3295 2588 3344 ante
2638 3305 2855 3344 cmnam
2898 3294 3087 3359 speret
3132 3287 3344 3341 redire.
3375 3287 3489 3342 Nec
3524 3296 3683 3356 quem-

416 3374 645 3429 tandem
674 3374 731 3428 in
752 3374 933 3429 frocco
959 3376 1081 3429 sine
1110 3376 1327 3430 cuculla
1347 3380 1516 3445 caput
1544 3374 1751 3441 lavant,
1783 3374 1830 3428 si
1856 3390 1919 3427 ex
1943 3380 2025 3427 to-
2105 3396 2275 3451 quam
2290 3395 2486 3434 eorum
2503 3379 2589 3434 vel
2608 3379 2872 3441 aliorum,
2904 3377 3001 3431 sed
3020 3391 3204 3448 neque
3227 3375 3420 3448 ipsum
3449 3374 3678 3446 priorem,

415 3468 476 3517 to
512 3466 645 3516 sunt
672 3463 783 3517 rasi
814 3480 827 3516 ε
862 3463 949 3518 sin
980 3468 1191 3528 autem.
1234 3479 1345 3517 non
1372 3462 1650 3526 lavantur.
1687 3462 2021 3533 Priusquam
2106 3468 2215 3523 nisi
2253 3468 2492 3523 novitios
2539 3485 2607 3522 ex
2642 3465 2972 3521 obedientm
3019 3481 3135 3521 suae
3172 3466 3308 3536 jure
3349 3463 3496 3518 radit
3527 3457 3683 3517 me:

416 3550 711 3605 radantur.
744 3551 941 3605 Caeteri
964 3552 1076 3605 rasi
1104 3552 1184 3606 sic
1211 3551 1427 3616 sedent,
1452 3556 1517 3605 ut
1541 3550 1691 3605 inter
1714 3567 1809 3604 eos
1834 3552 2025 3605 nullus
2106 3557 2482 3623 rasoriorum;
2527 3556 2625 3610 sed
2655 3571 2778 3626 quae
2798 3555 2858 3609 in
2879 3570 2984 3609 sua
3001 3559 3138 3608 sunt
3162 3552 3426 3610 custodia
3454 3545 3682 3606 radendi:

417 3637 601 3705 radat,
631 3655 734 3693 nec
759 3639 880 3693 sine
910 3639 1083 3693 libris.
1114 3641 1183 3694 Et
1203 3641 1306 3694 hoc
1326 3639 1613 3694 sciendum
1636 3639 1781 3710 quod
1800 3639 2026 3709 juvenis
2108 3646 2394 3700 ministrat
2436 3646 2771 3699 necessaﬁa.
2807 3643 3067 3699 scutalia:
3108 3658 3240 3697 vero
3282 3658 3387 3714 per
3421 3640 3682 3708 eleemosyé

418 3727 708 3783 custodem
746 3744 909 3782 suum
942 3729 1101 3799 prius
1124 3745 1234 3782 non
1256 3729 1422 3794 radit,
1456 3744 1626 3798 quam
1656 3728 1773 3799 ipse
1804 3728 2035 3781 radatur
2115 3734 2338 3789 narium
2365 3733 2698 3788 ministrata;
2710 3733 2924 3804 ἀρείων
2942 3731 3183 3787 eruntin
3198 3724 3685 3798 calefactat-imm

418 3813 489 3869 ab
516 3830 603 3880 eo,
629 3818 824 3885 postea
848 3820 905 3869 et
934 3815 1106 3870 alium
1128 3815 1457 3887 quemlibet,
1489 3831 1603 3869 non
1646 3820 1838 3869 tamen
1876 3816 2034 3885 juve-
2114 3823 2202 3879 his
2228 3822 2576 3890 necessu-ise,
2598 3821 2765 3895 siqui
2793 3820 2959 3875 irrasi
2978 3819 3423 3891 superveniunt.

418 3917 547 3959 nem
580 3918 709 3958 cum
738 3903 967 3959 licentia
995 3905 1243 3959 custodis
1310 3904 1507 3958 radere
1559 3909 1763 3973 potest,
1810 3908 1868 3957 et
1912 3903 2033 3975 ipse
2719 3909 2955 3965 CAPUT
2992 3909 3106 3963 XL.

420 3992 675 4065 quamvis
714 4010 1002 4065 nunquam
1044 4010 1171 4047 cum
1224 3993 1398 4047 linteo
1453 3992 1757 4056 radendus,
1791 3992 2026 4047 licenter
2358 4002 2486 4069 Qua
2511 4002 2627 4054 sint
2654 4002 2793 4053 υίοεε
2829 3999 3069 4053 radendi
3094 4012 3198 4066 per
3228 4012 3474 4052 annum.

421 4086 609 4137 tamen
640 4099 706 4137 eo
736 4085 918 4138 utitur
945 4083 1151 4155 forcipe
1183 4082 1517 4136 tondendus.
1548 4081 1777 4136 Casteris
1831 4086 2022 4136 autem
2176 4091 2293 4158 (συ)
2332 4089 2496 4144 Vicos
2542 4093 2735 4144 autem
2764 4085 3000 4142 radendi
3038 4086 3123 4141 hae
3163 4091 3304 4141 sunt
3339 4098 3443 4157 per
3482 4080 3682 4139 nntium.

409 4171 732 4241 junioribus
766 4174 938 4228 etiam
963 4173 1033 4227 ad
1063 4171 1373 4226 radendum
1404 4171 1730 4225 conceditur
1757 4170 2015 4237 linteum,
2103 4178 2294 4234 Primo
2334 4184 2468 4234 ante
2496 4177 2745 4249 vigiliam
2766 4174 3013 4243 Domini,
3033 4174 3184 4230 inter
3206 4191 3386 4248 quam
3413 4179 3473 4229 et
3496 4175 3685 4242 septua-

414 4259 629 4331 siquod
652 4261 992 4331 superfuerit
1010 4259 1341 4315 senioribus.
1361 4258 1613 4325 Rasoria,
1641 4274 1764 4329 qua:
1782 4258 2019 4329 quisque
2102 4268 2375 4339 sesima";
2405 4267 2540 4339 quia
2589 4282 2705 4321 non
2750 4280 2974 4335 semper
3021 4263 3147 4335 pari
3173 4263 3346 4319 modo
3390 4260 3685 4333 septimm

413 4348 487 4403 ad
514 4349 777 4404 ultimum
814 4349 1092 4417 habuerit,
1135 4349 1345 4404 siccata
1369 4348 1438 4402 ad
1473 4347 1743 4401 scrinium
1771 4351 2024 4418 reportat
2103 4362 2438 4427 contingunt
2465 4371 2648 4426 neque
2677 4355 2867 4427 plures
2895 4364 3084 4424 neque
3129 4352 3449 4423 pauciores,-
3478 4348 3553 4404 ibi
3575 4345 3685 4402 nuli

412 4442 540 4506 post
567 4437 767 4492 horam
797 4439 1109 4510 proximam
1142 4455 1175 4491 a
1202 4438 1376 4491 fratre
1404 4435 1748 4492 rasoriorum
1792 4435 2023 4489 custode
2040 4438 2191 4500 Dlus
2212 4445 2488 4500 terminus
2502 4443 2733 4499 omnino
2756 4447 2843 4498 est
2855 4443 3157 4514 prmﬁxus;
3192 4440 3293 4496 sed
3314 4441 3470 4512 prior
3490 4438 3684 4493 tantum

411 4524 471 4578 in
498 4525 619 4580 loco
648 4533 916 4580 consueto
954 4526 1347 4597 recolligenda,
1375 4525 1482 4579 nisi
1528 4541 1650 4595 quae
1708 4523 1852 4579 forte
1908 4524 2024 4578 fra-
2104 4532 2710 4604 considemtquomodo
2729 4529 3139 4603 competentius
3152 4530 3468 4585 secundum
3489 4528 3687 4595 tempus

412 4612 599 4667 tribus
629 4614 999 4685 perradendis
1029 4616 1087 4669 in
1136 4614 1512 4679 calefactorio,
1539 4612 1636 4667 ubi
1666 4618 1724 4667 et
1752 4612 1929 4667 lintea
1951 4610 2024 4667 ab
2106 4640 2302 4679 meum
2330 4622 2453 4678 ﬁeri
2495 4621 2696 4675 valeat.
2727 4622 2750 4645 θ
2778 4620 3056 4674 Veniente
3093 4635 3226 4673 vero
3282 4614 3683 4689 septuagesimi

414 4699 612 4755 eodem
642 4703 713 4757 ad
735 4703 1056 4759 siccandum
1088 4710 1222 4758 sunt
1243 4719 1538 4775 suspensa,
1564 4717 1691 4757 cum
1720 4701 2023 4773 forcipibus
2104 4712 2175 4768 de
2204 4712 2320 4767 vico
2343 4710 2414 4766 ad
2442 4711 2619 4766 vicem
2645 4715 2761 4765 tres
2808 4708 3137 4780 septimam
3164 4721 3395 4777 semper
3428 4700 3686 4760 intermit-

412 4788 839 4862 relinquantur.
2101 4806 2320 4867 tuntur,
2353 4815 2531 4871 usque
2558 4797 2630 4853 ad
2678 4797 2906 4869 pascha.
2950 4784 3099 4851 Ante
3126 4794 3339 4867 pascha
3374 4793 3438 4849 in
3478 4788 3686 4849 sabbato

489 4889 604 4944 Nec
634 4890 739 4945 hoc
762 4890 1042 4945 silendum
1068 4896 1173 4957 est,
1202 4890 1248 4945 si
1274 4888 1399 4962 quis
1429 4889 1648 4955 radere,
1669 4906 1794 4943 cum
1822 4889 2016 4960 possit,
2102 4895 2315 4956 sancto,
2347 4889 2446 4945 sed
2466 4887 2679 4959 absque
2706 4902 2880 4942 cursu
2901 4884 3322 4940 cauonicorum.

406 5005 522 5046 non
549 4985 670 5041 vult
697 4984 930 5050 discere,
955 4989 1118 5055 potus
1145 4983 1327 5054 portio
1354 4984 1407 5037 ei
1428 5000 1545 5037 non
1572 4983 1740 5037 datur
1791 4982 1850 5035 in
1894 4983 2021 5053 ipsa
2171 4979 2259 5034 Ad
2292 4978 2520 5034 initium
2543 4974 2778 5031 radendi
2799 4974 2977 5030 semel
3003 4990 3038 5028 a
3073 4973 3264 5045 priore
3289 4966 3684 5055 tabulapercu‘

403 5078 495 5135 die
547 5090 774 5129 rasurae.
829 5071 884 5127 Si
938 5072 1009 5125 ad
1046 5072 1295 5143 aliquam
1343 5072 1542 5126 horam
1593 5070 1870 5147 pulsatur,
1919 5071 2017 5142 qui
2098 5068 2259 5136 titur,
2317 5072 2377 5122 et
2425 5070 2623 5137 postea
2667 5062 2956 5119 silentium
3012 5064 3285 5127 servatur,
3337 5062 3521 5149 utique
3565 5054 3685 5149 dum

400 5164 642 5221 necdum
683 5162 881 5216 radere
911 5161 1332 5225 inchoaverunl,
1374 5160 1432 5214 in
1475 5160 1710 5214 chorum
1759 5145 2012 5225 veniunt,
2096 5157 2443 5227 juxtaﬁnem
2466 5151 3106 5223 rasurae,(un.)apriore
3125 5145 3679 5214 Benedicite,dieatur.

401 5254 501 5309 sed
521 5252 592 5307 ad
622 5268 812 5323 pacem
846 5266 957 5303 non
988 5248 1316 5321 procedunt.
1344 5250 1517 5301 Porro
1546 5247 1851 5301 semirasus
1881 5247 2008 5318 qui-
2088 5245 2294 5302 Postea
2323 5244 2529 5317 pascha
2565 5242 2639 5297 ad
2693 5240 2851 5296 illam
2898 5239 3286 5328 Domin‘icam-z
3320 5231 3685 5328 Missi-mdis.

401 5345 482 5398 vis
505 5343 748 5397 froccum
780 5340 962 5395 induit
981 5346 1038 5392 et
1058 5337 1129 5392 ad
1146 5337 1433 5391 ecclesiam
1459 5336 1660 5407 pergit,
1686 5351 1796 5389 non
1818 5341 2009 5389 tamen
2090 5335 2334 5392 Domini.
2367 5333 2512 5387 Ante
2566 5329 2889 5401 rogationes
2925 5328 2984 5384 in
3031 5328 3133 5384 illa
3172 5325 3314 5382 feria
3363 5324 3601 5396 quinta;
3641 5324 3681 5369 εἰ

399 5432 717 5503 ingreditur
745 5431 999 5493 chorum,
1034 5427 1132 5481 sed
1161 5430 1274 5479 stat
1302 5426 1357 5479 in
1380 5430 1593 5478 secreto
1630 5424 1820 5495 aliquo
1849 5441 2006 5478 seor-
2087 5429 2282 5480 tamen
2320 5421 2476 5477 nulla
2529 5419 2833 5475 festivitate
2876 5417 3285 5474 interveniente
3332 5408 3678 5505 ριἐῑξρθάἱωξς

399 5500 524 5572 sum
555 5537 568 5571 :
602 5524 659 5571 et
688 5518 829 5571 hora
861 5516 1037 5578 ﬁnita,
1070 5514 1116 5567 si
1162 5518 1494 5582 accepturus
1530 5517 1615 5565 est
1662 5510 2003 5565 benedictio-
2087 5515 2234 5567 Ante
2263 5516 2642 5585 pentecostem
2691 5508 2835 5563 feria
2869 5507 3086 5581 quinta.
3137 5506 3225 5561 De
3263 5518 3382 5576 qua
3417 5500 3527 5565 die,

397 5625 549 5675 nem,
580 5610 761 5680 capite
783 5608 1011 5679 quidem
1039 5623 1153 5662 non
1181 5608 1465 5677 cooperto,
1499 5605 1600 5666 sed
1620 5604 1771 5664 infra
1814 5602 2002 5683 capel-
2085 5582 2285 5659 rursus
2301 5601 2534 5658 diverso
2557 5602 2695 5655 sunt
3076 5592 3348 5671 usquead
