3886 6172
166 295 285 358 Μοῖ

1185 295 1606 363 CONS’I‘ITUT.
1650 292 1987 357 HIRSAUG.
2032 316 2096 344 -‘-
2136 304 2271 357 LiB.
2314 304 2386 359 II.

3280 302 3424 369 1102

163 422 535 493 apostolorum
562 422 714 477 Petri
743 422 803 475 et
829 421 1010 487 Pauli,
1040 436 1238 477 rursus
1282 436 1506 495 quoque
1548 418 1745 477 rasdra
1764 424 2005 493 Ausque
2032 424 2102 478 ad
2132 425 2379 480 sonitum
2423 427 2627 483 tabulae
2660 428 2738 482 ibi
2784 434 3141 487 transeuntes
3165 449 3261 490 eos
3284 438 3423 493 asci-

162 510 505 583 permlttitur
524 512 583 566 in
611 511 1018 565 deliberatione
1049 512 1270 583 prioris.
1299 517 1501 569 Postea
1529 510 1640 566 non
1666 525 1751 567 er-

162 609 307 655 ratur
322 601 397 655 de
416 601 536 655 ulla
577 600 714 665 vice,
752 598 884 671 quia
911 605 999 653 est
1027 602 1568 655 consuetudinaliter
1604 601 1751 655 ordi-’

161 693 367 754 natum,
416 696 487 743 ut
530 701 755 759 semper
802 686 1068 744 radamus
1113 689 1185 743 ad
1230 689 1658 744 translationem
1687 690 1745 744 S.

160 777 459 843 Benedicti,
488 775 561 832 ad
589 776 806 831 vincula
822 778 879 832 S.
906 775 1080 843 Petri,
1114 779 1185 832 ad
1215 779 1655 849 assumptionem
1687 770 1742 833 S.

163 865 365 932 Maria,
399 866 460 921 8.
492 865 809 929 Othomari,
842 865 913 920 ad
942 863 1247 921 adventum
1278 866 1520 921 Domini.
1556 868 1625 921 Et
1646 867 1751 921 hoc

159 954 440 1008 sciendum
495 959 599 1016 est,
645 953 793 1024 quod
841 954 900 1008 in
943 954 1150 1026 vigiliis
1181 952 1573 1027 principalium
1601 955 1752 1009 festi-

162 1043 412 1107 vitatum,
446 1042 634 1098 autin
659 1042 801 1097 feria
838 1042 995 1097 sexta
1036 1044 1326 1114 nunquam
1370 1044 1606 1108 raditur,
1640 1044 1750 1099 nisi

158 1130 337 1201 aliqua
385 1130 714 1185 earumdem
758 1129 1127 1186 festivitatum
1171 1130 1363 1202 vigilia
1408 1132 1467 1187 in
1516 1132 1749 1187 sabbato

160 1218 393 1284 eveniat,
424 1225 486 1274 et
512 1218 569 1272 i'n
596 1218 735 1272 feria
751 1219 949 1290 quinta
974 1219 1132 1291 (quia
1156 1221 1495 1275 raderentur
1522 1220 1745 1285 fratres,

159 1322 273 1362 cum
294 1306 602 1362 duodecim
624 1305 892 1361 lectiones
913 1306 1185 1378 aguntur)
1200 1312 1353 1372 tunc,
1368 1308 1620 1381 inquam,
1646 1309 1752 1364 hac

162 1396 491 1451 necessitate
517 1396 768 1467 cogente,
800 1395 861 1449 in
890 1400 1046 1450 sexta
1073 1394 1212 1451 feria
1236 1394 1533 1455 raduntur.

748 1482 985 1539 CAPUT
1018 1484 1162 1539 XLI.

650 1574 726 1628 De
752 1573 962 1626 balneis
980 1572 1251 1639 fratrum;

219 1661 331 1727 (ne;
350 1664 463 1716 var
473 1704 487 1716 .
500 1659 867 1731 )Hominibus
881 1660 1273 1726 estfamiliare,
1294 1660 1589 1734 posthiain
1604 1676 1754 1718 rase-

161 1747 283 1814 rint,
306 1749 585 1803 continuo
599 1749 769 1803 etiam
779 1748 1044 1804 balneare
1058 1794 1071 1808 .
1099 1751 1207 1805 Sed
1224 1751 1294 1805 de
1312 1751 1521 1806 nostris
1536 1751 1752 1807 balneis
1769 1749 1814 1808 B

160 1853 261 1891 non
288 1843 379 1893 est
410 1838 677 1905 multum,
707 1839 857 1909 quod
886 1838 1202 1909 loquamur.
1236 1838 1467 1895 Duabus
1495 1842 1645 1896 enim
1678 1840 1754 1896 vi-

160 1926 303 1981 cibus
319 1928 557 1981 tantum
581 1926 640 1982 in
660 1926 809 1981 anno
829 1932 887 1981 et
912 1932 1050 1982 tunc
1074 1926 1195 1983 sine
1222 1924 1468 1990 licentia.
1506 1930 1603 2001 qui
1634 1930 1754 1985 vult

158 2014 412 2083 balneat;
446 2015 507 2069 id
552 2016 658 2079 est,
701 2020 834 2070 ante
873 2015 1237 2071 Nativitatem
1282 2016 1507 2072 Domini
1539 2024 1595 2072 et
1622 2025 1753 2074 ante

160 2103 390 2158 Pascha.
418 2105 443 2128 '
472 2103 600 2158 Alio
628 2104 822 2175 quovis
851 2106 1105 2175 tempere
1135 2106 1235 2177 pro
1263 2105 1597 2161 infirmitate
1626 2122 1753 2161 cum

159 2192 384 2247 licentia
408 2192 648 2264 quisque
679 2191 944 2248 balneare
974 2193 1200 2264 poterit.
1244 2194 1597 2250 Stamineum
1625 2206 1755 2249 vero

160 2280 325 2344 aliud.
357 2284 540 2353 quam
573 2282 683 2352 quo
709 2282 842 2336 illuc
867 2282 1039 2348 venit,
1072 2282 1323 2351 indutus,
1369 2299 1482 2339 non
1521 2284 1651 2339 licet
1679 2280 1754 2337 ibi

161 2369 414 2435 induere,
443 2369 531 2424 vel
558 2371 734 2441 loqui,
749 2370 836 2425 vel
862 2371 922 2425 in
950 2372 1281 2426 conventuin
1312 2368 1547 2427 humido
1575 2374 1756 2445 capite

161 2459 356 2514 redire.
387 2459 477 2513 Ad
496 2459 695 2513 sonum
734 2458 938 2531 prioris
967 2460 1132 2531 signi,
1154 2458 1202 2515 si
1227 2462 1346 2531 jam
1375 2460 1639 2517 balneum
1664 2462 1754 2517 iii-

158 2548 339 2611 travit;
373 2547 469 2602 vel
500 2547 671 2603 etiam
699 2547 1026 2603 discalciare
1054 2549 1240 2620 cepit,
1286 2556 1343 2604 et
1374 2557 1604 2621 prepter
1650 2542 1757 2605 hoc

160 2636 465 2708 aliquando
483 2651 656 2691 unam
669 2637 987 2707 regularem
1014 2634 1212 2691 horam
1223 2632 1453 2705 omittit,
1482 2642 1757 2712 (ωιλυαν.)

158 2741 267 2780 non
286 2726 343 2781 ei
366 2726 722 2798 imputatur;
750 2724 859 2779 nisi
896 2726 1105 2781 iterum
1132 2726 1201 2781 ab
1236 2740 1305 2783 eo
1337 2734 1647 2799 repetatur.

731 2828 967 2888 CAPUT
1002 2830 1178 2892 XLII.

160 2921 391 2990 quem
410 2920 465 2976 ἐξ
490 2920 757 2991 Quomodo
784 2922 991 3007 fratres
1011 2924 1227 3046 pqnnoi
1245 2930 1371 2978 sues
1394 2925 1606 2979 nouiter
1627 2925 1758 2979 lotos

810 3006 1060 3046 recim'an
1092 3033 1105 3046 .

810 3006 1105 3061 recipiant.

1833 513 2006 583 piant.
2043 512 2132 566 Illi
2157 528 2399 585 quoque,
2446 516 2541 587 qui
2567 516 2777 587 absque
2806 521 3139 576 necessitate
3167 529 3298 579 ante
3328 538 3423 581 ne-

1829 602 2143 671 glexerunt,
2179 619 2309 657 suos
2336 610 2469 657 tunc
2497 605 2777 675 accipiunt
2819 607 2916 661 sed
2946 608 3017 661 ab
3037 612 3231 665 eodem
3258 614 3423 668 vesti-

1831 696 2149 743 mentorum
2188 691 2418 745 custode
2446 697 2738 757 notantur,
2770 699 2828 748 et
2856 695 2912 749 in
2944 698 3207 767 capitulo.
3255 701 3303 753 si
3340 708 3424 756 ta-

1831 790 1962 831 men
2020 778 2347 849 frequenter
2401 779 2505 835 hoc
2553 780 2784 845 faciunt,
2839 785 3236 844 reclamantur.
3291 790 3425 845 Post

1831 867 2262 937 completorium
2306 884 2458 933 vero,
2508 869 2554 922 si
2594 870 2798 940 aliquis
2844 871 3051 927 ibidem
3101 874 3301 931 viderit
3340 895 3424 933 re-

1830 954 2013 1017 lictos,
2046 955 2104 1009 in
2135 956 2318 1010 eundo
2366 957 2436 1011 ad
2480 956 2892 1023 dormitorium,
2935 962 3081 1017 tollit
3124 970 3423 1037 portatque

1832 1043 1903 1097 ad
1933 1044 2139 1098 lectum
2169 1058 2355 1125 suum,
2378 1052 2436 1100 et
2466 1047 2525 1100 in
2554 1047 2813 1117 sequenti
2841 1049 2930 1103 die
2968 1053 3127 1121 ponit
3141 1053 3199 1107 in
3213 1055 3425 1125 capitu-

1830 1130 1970 1193 lum,
2002 1131 2152 1185 unde
2180 1123 2369 1186 nullus
2396 1149 2527 1186 suos
2556 1133 2756 1187 tollere
2801 1139 3111 1205 praesumit,
3138 1139 3244 1193 nisi
3268 1123 3424 1213 prius

1830 1219 2052 1273 veniam
2104 1220 2355 1291 petierit;
2390 1221 2437 1274 si
2487 1226 2677 1276 tamen
2726 1224 3084 1293 praevidendo
3122 1243 3253 1283 suos
3301 1236 3424 1285 esse

1832 1304 2169 1378 probaverit.
2204 1309 2263 1363 Si
2288 1315 2477 1363 autem
2508 1322 2641 1377 non,
2677 1317 2811 1365 sunt
2838 1312 2897 1367 in
2919 1313 3267 1383 poenitentia,
3292 1334 3427 1389 quo-

1831 1412 1958 1451 rum
1980 1397 2209 1451 nomina
2239 1398 2450 1451 eisdem
2469 1398 2817 1454 vestimentis
2835 1408 2969 1455 sunt
2986 1402 3274 1476 inscripta;
3292 1408 3428 1462 tunc

1833 1485 2176 1540 camerarius
2201 1487 2365 1556 jussu
2393 1487 2596 1557 prioris
2635 1486 2859 1543 sublata
2890 1497 3157 1559 reservat,
3188 1499 3252 1549 ut
3270 1500 3426 1567 post-

1834 1573 2063 1628 modum
2089 1588 2159 1627 ea
2185 1574 2565 1645 quaerentibus
2602 1576 2820 1631 reddat.

2399 1664 2635 1719 CAPUT
2654 1665 2847 1719 XLIII.

2434 1754 2506 1807 De
2527 1755 2829 1808 cellcrarz’o.

1904 1840 2048 1903 (111).)
2064 1840 2402 1895 Celierarius
2419 1841 2616 1895 eadem
2640 1841 3042 1908 benedictione,
3063 1862 3173 1916 qua
3191 1846 3428 1918 prior,et

1835 1927 2094 1982 ordinato
2103 1938 2132 1981 r
2149 1934 2203 1984 et
2215 1928 2539 1983 absolvitur.
2556 1930 2864 1985 Ordinatus
2884 1932 3026 1986 scire
3037 1932 3203 1988 debet
3214 1932 3428 2005 quanta

1835 2015 2162 2071 diversitate
2201 2017 2475 2071 fratribus
2519 2018 2579 2072 in
2627 2017 2920 2074 refectorio
2950 2020 3025 2074 sit
3048 2022 3425 2084 serviendum.

1838 2107 2000 2171 (υαν.)
2018 2106 2081 2160 In
2105 2106 2420 2177 septimana
2440 2113 2555 2162 tres
2569 2107 2709 2173 dies,
2730 2107 2785 2161 id
2804 2113 2908 2175 est,
2932 2109 3074 2164 scire
3084 2110 3266 2177 debet,
3288 2111 3431 2167 feria

1837 2200 2040 2265 quarta
2085 2200 2143 2249 et
2184 2201 2341 2250 sexta
2386 2195 2534 2267 quod
2565 2196 2898 2266 pietantiam
2953 2197 3249 2265 habemus,
3289 2201 3429 2256 alios

1837 2287 2080 2353 quatuor
2106 2285 2391 2353 generale,
2418 2294 2475 2339 et
2502 2286 2625 2349 hoc,
2676 2285 2825 2355 quod
2852 2284 2908 2339 in
2936 2286 3027 2340 die
3059 2287 3347 2342 Dominica
3375 2294 3433 2344 et

1836 2370 1894 2424 in
1919 2368 2061 2425 feria
2090 2372 2288 2442 quinta
2318 2378 2421 2436 est,
2464 2373 2534 2427 de
2578 2372 2862 2444 piscibus;
2903 2376 2949 2429 si
2986 2380 3180 2430 tamen
3236 2377 3434 2433 haberi

1836 2465 2097 2530 possunt:
2114 2467 2171 2515 et
2189 2462 2235 2515 si
2258 2478 2367 2515 non
2387 2467 2520 2515 sunt
2532 2461 3135 2523 olera,continuabitur
3145 2466 3429 2534 generale;

1838 2548 1977 2602 Item
2002 2550 2441 2621 quotiescunque
2472 2538 2764 2603 duodecim
2796 2550 3063 2604 lectiones
3094 2558 3245 2615 sunt.
3266 2570 3436 2624 gene-

1837 2637 1954 2690 rale
1969 2637 2262 2691 habemus.
2285 2638 2442 2706 Quod
2466 2639 2913 2710 quandocunque
2952 2639 3121 2693 datur
3140 2642 3315 2707 aliud,
3335 2643 3435 2697 ali-

1839 2741 2004 2796 quem
2027 2725 2211 2779 cibum
2232 2742 2359 2780 cum
2379 2726 2474 2779 illo
2497 2726 2821 2781 cellerarius
2858 2727 3025 2781 debet
3061 2729 3269 2783 habere
3298 2720 3457 2801 prae-I

1838 2818 2117 2884 paratum,
2168 2818 2234 2868 ut
2286 2808 2551 2868 fratribus
2601 2814 2671 2868 de
2705 2815 2957 2885 generali
2999 2816 3292 2871 comedere
3320 2834 3434 2873 non

1838 2901 2372 2968 valentibus,mutet
2390 2902 2573 2973 ipsum
2595 2904 2879 2971 generale.
2908 2906 2929 2926 '
2954 2904 3070 2958 Hoc
3101 2904 3271 2959 etiam
3304 2922 3433 2976 pro-

1840 2990 2026 3045 videre
2055 2990 2240 3051 debet,
2269 2996 2335 3045 ut
2365 3004 2494 3045 cum
2534 2991 2805 3062 pietantia
2854 2992 3039 3059 datur,
3072 2992 3187 3047 sint
3215 2992 3435 3065 aliquot

217 3082 241 3107 ⁸
269 3079 448 3137 Omni
467 3078 705 3135 sabbatd
731 3086 860 3151 post
886 3084 1091 3136 nonam
1140 3088 1197 3137 et
1226 3082 1283 3136 in
1314 3082 1758 3155 Quadragesiina
1776 3064 1821 3122 0
1841 3072 2177 3133 scutellaeita
2203 3085 2430 3150 parate,
2458 3085 2523 3133 ut
2550 3080 2598 3133 si
2627 3080 2715 3135 cui
2740 3080 2843 3135 soli
2877 3084 2962 3134 est
2977 3081 3181 3147 danda,
3207 3064 3423 3138 moram

154 3174 274 3239 post
297 3184 548 3233 cenam,
582 3168 754 3239 panni
770 3168 1010 3224 fratrum
1030 3170 1250 3226 naviter
1271 3170 1449 3241 abluti
1470 3174 1758 3244 ponuntur

152 3257 207 3312 in
234 3256 494 3312 claustro
522 3272 695 3328 super
720 3264 1031 3324 scamnum,
1070 3260 1219 3330 quod
1267 3267 1353 3315 est
1400 3268 1572 3333 prope
1596 3263 1759 3316 cella:

154 3345 315 3401 rium.
337 3344 431 3401 lbi
452 3356 569 3401 non
599 3344 759 3400 deest
778 3340 1049 3418 magister
1068 3348 1429 3415 novitiorum,
1452 3356 1518 3404 ut
1547 3350 1755 3419 videat,

150 3448 221 3487 ne
238 3434 375 3505 quis
401 3449 507 3505 per
523 3433 799 3488 incuriam
822 3440 923 3489 aut
946 3435 1327 3506 ignorantiam
1355 3427 1595 3508 accipiat
1614 3437 1755 3491 alios

150 3537 391 3593 pannos,
421 3537 595 3593 quam
617 3521 821 3592 quibus
853 3539 1058 3578 nomen
1084 3541 1246 3579 suum
1272 3531 1360 3580 est
1385 3526 1745 3597 inscriptum.

150 3609 266 3666 Hoc
293 3616 392 3665 est.
419 3610 667 3665 edictum
696 3612 1017 3666 nostrorum
1037 3609 1291 3679 Patrum,
1307 3620 1370 3668 ut
1388 3615 1578 3669 nullus
1595 3615 1755 3668 omit-

147 3705 248 3759 tat.
265 3699 563 3755 stamineo
581 3716 684 3753 suo
701 3699 760 3754 in
783 3700 1051 3755 anteriori
1073 3716 1171 3755 ore
1186 3702 1524 3757 intrinsecus
1548 3720 1753 3757 nomen

150 3792 311 3842 suum
365 3787 605 3843 inscribi
652 3803 782 3841 cum
837 3789 1092 3844 incausto
1141 3788 1228 3863 [id
1273 3797 1349 3845 est
1391 3786 1749 3862 atramento],

147 3875 513 3948 coopertbrio
533 3875 666 3930 vero
690 3876 997 3946 pulvinaris
1024 3882 1082 3931 et
1100 3877 1480 3944 femoralibus,
1511 3886 1635 3933 cum
1662 3879 1757 3934 mc

145 3962 279 4019 item
302 3965 371 4020 in
411 3963 721 4029 anteriora;
744 3965 842 4019 sed
863 3965 1227 4021 extrinsecus.
1267 3969 1426 4023 Hanc
1460 3975 1648 4022 autem
1677 3967 1759 4021 in:

141 4053 521 4124 scriptionem
543 4052 782 4124 quilibet
807 4058 939 4109 ante
967 4054 1208 4126 primam
1239 4056 1326 4110 vel
1354 4056 1465 4110 alio
1504 4062 1757 4127 tempere

145 4145 274 4195 ante
291 4140 558 4206 tertiam,
592 4141 664 4195 ad
691 4139 959 4198 lntevalla
982 4148 1207 4216 quoque
1235 4146 1522 4209 horarum,
1547 4150 1604 4199 et
1625 4146 1756 4201 ante

141 4234 460 4301 utramque
488 4228 854 4285 refectionem
892 4231 951 4287 in
994 4232 1271 4289 conventu
1309 4240 1495 4307 potest
1522 4234 1757 4289 licenter

141 4315 352 4383 facere,
374 4316 642 4388 quamvis
668 4334 885 4389 pannos
904 4320 1019 4375 non
1042 4318 1235 4393 a'perte
1262 4328 1539 4377 conventu
1568 4328 1756 4375 coram

1839 3166 1932 3222 ille
1961 3183 2073 3222 non
2106 3168 2370 3238 patiatur.
2396 3168 2532 3222 dum
2575 3167 2680 3221 sibi
2724 3169 3015 3239 pietantia,
3048 3176 3172 3240 qua:
3217 3186 3331 3225 non
3374 3172 3433 3227 in

1839 3255 2053 3310 caeteris
2083 3256 2270 3323 rebus,
2301 3256 2410 3311 nisi
2441 3257 2624 3328 pomis
2650 3260 2707 3311 et
2738 3256 2981 3312 oleribus
3007 3257 3302 3314 dividenda
3325 3262 3429 3327 est,

1839 3344 2125 3399 oii‘eratur.

1910 3435 2044 3501 (um)
2060 3432 2124 3487 In
2139 3433 2347 3489 talibus
2366 3434 2541 3495 fe‘stis,
2556 3437 2621 3488 ut
2641 3441 2723 3489 est
2744 3435 3040 3490 translatio
3056 3435 3428 3505 S.Benedicti,

1835 3529 2140 3592 utrumque
2183 3528 2240 3575 et
2286 3522 2550 3592 generale
2586 3518 2644 3577 et
2683 3522 3015 3593 pietantiam
3063 3524 3351 3592 habemus,
3387 3526 3436 3581 si

1836 3610 1959 3665 ﬁeri
1990 3614 2192 3682 potest,
2222 3616 2280 3663 et
2306 3608 2471 3663 solito
2521 3610 2809 3664 meliorem
2842 3627 3069 3681 panem.
3088 3613 3272 3684 (υαν.)
3292 3614 3438 3670 Sunt

1837 3706 1895 3755 et
1957 3698 2209 3771 plerique
2272 3698 2639 3752 anniversarii
2703 3698 2843 3759 dies.
2909 3700 3005 3770 qui
3070 3700 3117 3755 si
3177 3700 3280 3758 tali
3344 3698 3437 3759 die

1838 3789 2149 3849 evenerint,
2185 3804 2295 3857 quo
2344 3804 2408 3840 ex
2459 3802 2613 3840 more
2660 3787 2830 3841 datur
2877 3787 3166 3858 pietantia,
3205 3798 3438 3862 propter

1838 3892 1935 3931 eos
1962 3892 2184 3947 quoque
2215 3880 2468 3929 mutatur
2493 3891 2618 3929 cum
2647 3876 2914 3946 generali.
2934 3877 3096 3933 Tales
3124 3862 3243 3933 dies
3264 3877 3436 3935 habet

1839 3965 2163 4020 cellerarius
2194 3965 2343 4035 apud
2374 3978 2433 4018 se
2475 3963 2625 4033 (143)
2652 3963 3032 4033 imbreviatos;
3076 3966 3170 4021 sed
3200 3965 3326 4022 illos
3374 3969 3433 4024 in

1839 4053 2043 4126 quibus
2072 4054 2419 4108 abstinemus
2438 4050 2508 4106 ab
2536 4053 2700 4124 adipe
2728 4054 2987 4124 ignorare
3016 4071 3128 4110 non
3157 4055 3339 4121 debet,
3374 4057 3432 4112 id

1838 4148 1926 4197 est
1953 4144 2009 4198 in
2039 4142 2295 4196 Adventu
2326 4140 2574 4206 Domini,
2600 4142 2708 4195 nisi
2744 4142 3184 4214 quotiescunque
3214 4144 3430 4199 duode-

1838 4232 1949 4286 cim
1996 4231 2263 4285 lectiones
2310 4230 2473 4295 fiunt,
2510 4236 2567 4284 et
2613 4247 2646 4282 ει
2688 4231 3115 4300 Septuagesima
3156 4247 3334 4303 usque
3360 4232 3432 4289 ad

1841 4321 2053 4375 Pascha
2089 4337 2102 4373 :
2130 4322 2265 4373 tunc
2292 4324 2421 4373 Cum
2454 4319 2695 4372 Alleluia
2716 4318 3003 4389 sepelitur.
3025 4319 3259 4391 ‘Itaque
3278 4323 3433 4377 omni

136 4380 504 4476 positorilluc
531 4380 735 4461 debeat
758 4412 1002 4479 portare.
1024 4380 1295 4481 Acceptos
1326 4404 1518 4481 itaque
1546 4380 2074 4481 pannostabbato
2104 4408 2455 4462 collationem
2485 4407 2617 4461 facit
2644 4380 2991 4478 cum-priore
3016 4414 3073 4462 et
3098 4380 3428 4475 cainerario,

135 4495 263 4550 sine
276 4511 453 4549 mora
466 4494 540 4549 ad
559 4495 732 4550 lectos
771 4498 902 4551 subs
931 4498 1170 4568 ponunt,
1193 4498 1251 4554 et
1269 4500 1317 4553 si
1340 4500 1555 4563 volunt,
1586 4498 1762 4552 disso-

133 4584 277 4638 lutis
300 4582 684 4639 femoraiibus
711 4584 936 4656 cingula
982 4588 1258 4655 inserunt,
1289 4605 1354 4642 ac
1383 4587 1754 4659 suspendunt.

134 4672 247 4728 Sed
278 4673 625 4745 quicunque
646 4673 789 4740 vult;
819 4674 1065 4747 exceptis
1102 4674 1422 4747 juvenibus,
1451 4686 1552 4748 pro
1582 4673 1760 4730 chari-

134 4766 256 4816 tate
281 4760 537 4816 alterius
567 4777 786 4833 pannos
809 4762 994 4835 potest
1029 4766 1303 4837 accipere,
1336 4771 1395 4820 et
1421 4764 1492 4820 ad
1524 4766 1648 4835 ejus
1673 4766 1756 4819 le-

129 4855 295 4907 ctam
322 4864 571 4924 poneret,
599 4851 649 4906 si
691 4850 903 4908 dormit
923 4854 983 4908 in
1008 4855 1132 4925 ejus
1162 4854 1462 4910 vicinitate.

205 4940 275 4996 Si
295 4940 409 5013 qui
421 4941 495 4995 de
504 4940 719 4995 eisdem
732 4942 935 5014 pannis
953 4942 1100 4998 inita
1118 4942 1494 5015 pulsationem
1507 4942 1758 4998 omnium

129 5031 471 5100 signorum,
484 5028 546 5083 in
556 5028 1001 5102 Quadragesima
1015 5032 1145 5087 vero
1159 5030 1230 5088 ad
1251 5030 1664 5104 percussionem
1680 5034 1762 5085 ta;

130 5117 285 5173 bula
310 5116 399 5172 ad
426 5117 780 5183 mandatum,
807 5119 869 5173 in
893 5117 1142 5175 claustro
1172 5126 1485 5187 remanent,
1521 5121 1621 5174 hos
1650 5126 1764 5174 ma-

128 5206 325 5277 gister
351 5204 664 5276 prodictus
691 5206 921 5277 colligit,
950 5214 1010 5263 et
1032 5216 1204 5279 super
1227 5210 1502 5263 cancellos
1531 5208 1761 5278 capituli

130 5295 325 5365 ponit,
364 5299 437 5348 ut
472 5294 571 5364 qui
616 5296 747 5349 ante
791 5294 868 5349 ibi
918 5308 1033 5351 non
1086 5303 1265 5363 erant,
1297 5298 1383 5352 vel
1430 5308 1529 5368 pro
1574 5296 1763 5368 aliqua

128 5384 302 5454 gravi
336 5381 718 5453 occupatione
754 5397 890 5441 suos
938 5386 1192 5458 accipere
1229 5386 1339 5441 non
1365 5390 1644 5458 poterant,
1677 5386 1765 5440 Vel

131 5473 321 5528 etiam
354 5475 683 5541 quoreutes
729 5473 843 5528 non
894 5474 1273 5540 inveniebant,
1314 5475 1488 5531 finitis
1521 5474 1767 5548 vesperis

208 5574 385 5653 (143)
409 5577 478 5639 ω
499 5582 612 5650 est,
637 5578 949 5661 descriptos
973 5581 1036 5642 in
1061 5584 1342 5657 catalogo.

1842 4506 1900 4553 et
1937 4502 2063 4552 cum
2106 4498 2232 4551 aliis
2261 4495 2329 4550 ad
2361 4497 2465 4550 hoc
2493 4494 2819 4549 necessariis
2861 4496 2930 4551 de
2970 4497 3207 4568 singulis
3236 4498 3435 4556 diebus

1837 4586 2111 4641 venientis
2136 4585 2483 4656 septimanae,
2517 4589 2581 4638 ut
2608 4582 2880 4655 quidquid
2910 4586 2966 4639 in
2998 4587 3095 4641 illo
3137 4592 3194 4641 et
3238 4587 3296 4643 in
3336 4588 3433 4645 illo

1839 4676 1930 4731 die
1958 4675 2080 4730 dari
2095 4674 2277 4735 debet,
2303 4673 2635 4744 tempestive
2653 4673 3030 4744 provideatur.
3056 4674 3351 4747 (UD.)Item
3374 4679 3435 4733 in

1838 4765 1991 4819 brevi
2015 4763 2234 4819 notabit
2262 4776 2543 4817 summam
2592 4768 2889 4833 porcorum
2942 4764 2999 4817 et
3045 4764 3304 4829 arietum,
3339 4769 3435 4839 qui

1839 4854 2117 4909 debentur
2148 4853 2217 4907 de
2254 4850 2587 4906 obedientiis
2627 4850 2764 4914 suis,
2797 4857 2863 4905 ut
2897 4852 3185 4908 confestim
3219 4854 3289 4910 de
3330 4857 3435 4912 hoc

1843 4942 2205 5015 quaestionem
2231 4945 2466 5004 moveat,
2491 4938 2535 4993 si
2559 4938 2694 5010 quid
2714 4956 2817 5010 per
2835 4940 3109 4996 incuriam
3126 4944 3195 4998 de
3214 4952 3438 4998 summa

1842 5043 2037 5086 eorum
2083 5029 2415 5099 cujusquam
2453 5026 2842 5082 obedientiarii
2888 5028 3141 5084 decedat.
3182 5032 3267 5085 Ab
3316 5032 3437 5101 ipsa

1842 5126 2065 5192 "quoque
2084 5116 2357 5173 cellerarii
2386 5116 2706 5171 obedientia
2731 5115 2979 5188 pendent
3004 5119 3205 5188 aliquae
3234 5120 3436 5173 villulae

1842 5209 1900 5264 in
1923 5208 2101 5262 vicino
2131 5220 2289 5279 aquze
2318 5206 2529 5277 positae.
2565 5206 2732 5278 (rara)
2762 5207 2839 5259 De
2872 5207 2958 5260 his
2989 5208 3164 5277 pascit
3193 5207 3437 5261 caballos

1843 5312 2004 5363 suos;
2034 5297 2111 5351 ibi
2143 5296 2590 5366 moraturpisces
2619 5303 3066 5364 comparaturus,
3102 5290 3182 5348 vel
3211 5294 3440 5366 ingenia

1842 5392 2180 5448 sti-acturus,
2213 5383 2416 5455 quibUS
2447 5384 2625 5453 pisces
2655 5382 2972 5453 capiuntur.

1921 5476 1980 5532 Si
2011 5474 2138 5549 quis
2173 5472 2413 5529 fratrum
2460 5470 2601 5527 adeo
2639 5476 2726 5526 est
2760 5471 3039 5539 inﬁrmus,
3071 5476 3136 5528 ut
3181 5472 3253 5528 de
3300 5475 3443 5531 lecto
