3908 6168
290 290 435 350 1105

1341 302 1760 360 CONSTITUT.
1802 303 2141 359 lllRSAUG.
2184 335 2250 346 —
2288 305 2423 362 LIB.
2465 309 2539 364 II.

3427 308 3569 368 1106

279 415 446 472 xima
477 421 671 475 tamen
699 419 1074 479 sollicitudine
1092 424 1284 482 studet
1313 443 1415 500 per
1441 444 1537 483 eos
1565 428 1726 501 lapsa
1749 428 1966 489 clau-A
2050 428 2180 483 Haec
2217 434 2304 484 est
2348 437 2537 486 autem
2585 432 2916 504 psalmodia.
2948 450 3072 505 quae
3107 439 3370 490 cantatur
3418 437 3570 491 inter

280 505 397 559 stri
421 510 573 561 tecta
600 509 913 577 reficere,et
940 528 1175 583 quaeque
1201 515 1287 568 vel
1317 532 1416 586 per
1450 516 1654 586 ipsum,
1682 518 1767 571 vel
1798 533 1897 588 per
1976 518 2343 588 operandum.
2370 520 2617 575 Primum
2650 539 2773 593 quae
2795 523 3067 577 remansit
3093 530 3221 595 post
3246 524 3489 595 primam
3510 530 3568 581 et

277 594 465 649 alium
481 596 805 653 admonitus
815 600 1061 667 novit,ex
1072 617 1175 656 sua
1185 602 1504 659 obedientia
1522 606 1761 660 fratrum
1787 606 1896 680 uisi-

281 682 396 738 bus
424 684 488 739 in
514 686 760 741 claustro
773 688 1069 759 profutura
1091 689 1373 746 ferventer
1391 697 1449 747 et
1465 693 1719 758 indilate,
1743 702 1891 767 post-

275 773 493 843 positis
541 775 929 844 exterioribus,
978 778 1258 835 exhibere.
1311 782 1398 835 Ad
1449 785 1889 854 perpetrandum

276 866 483 917 autem
513 863 631 918 haec
657 866 849 919 omnia
889 883 924 920 a
959 868 1249 924 cellerario
1295 870 1467 925 habet
1512 889 1746 944 quaeque
1783 873 1889 927 sibi

273 956 423 1006 sunt
450 953 789 1011 necessaria.
839 955 1003 1021 Huic,
1034 957 1181 1012 sicut
1208 964 1264 1013 et
1294 960 1510 1015 caeteris
1538 961 1887 1017 obedientia-

272 1037 405 1105 riis,
433 1041 663 1112 quando
693 1058 922 1099 necesse
950 1044 1139 1113 habet,
1173 1063 1340 1103 mane
1364 1048 1433 1102 de
1469 1050 1713 1106 claustro
1737 1052 1886 1108 exire

271 1126 437 1195 licet,
471 1134 728 1202 tempore
752 1132 995 1204 hyemali
1026 1151 1155 1190 mox
1196 1136 1357 1191 ﬁnita
1389 1137 1580 1192 litania
1610 1139 1885 1195 diurnali-

271 1213 389 1270 bus
420 1234 486 1272 se
514 1219 771 1287 calciare,
806 1221 994 1277 lavare
1038 1229 1096 1278 et
1130 1230 1370 1295 pectere,
1421 1226 1610 1297 sicque
1647 1228 1717 1283 ad
1748 1228 1883 1284 obe-

268 1304 561 1362 dientiam
610 1324 767 1363 suam
806 1311 998 1381 exire;
1039 1312 1137 1367 sed
1176 1320 1373 1385 postea
1405 1320 1520 1369 tam
1551 1318 1881 1388 tempestive

267 1393 452 1450 debet
471 1396 676 1463 redire,
717 1404 783 1453 ut
809 1415 938 1454 cum
984 1408 1260 1457 conventu
1298 1418 1446 1474 aqua
1474 1403 1767 1461 benedicta
1796 1424 1883 1462 as-

267 1499 482 1553 persus
516 1485 692 1556 possit
725 1487 909 1542 tribus
940 1490 1287 1546 orationibus
1320 1492 1608 1548 interesse.

839 1578 1075 1633 CAPUT
1099 1581 1318 1635 XLVII.

882 1667 952 1721 De
985 1667 1302 1724 hortulano.

1976 611 2101 675 post
2122 606 2449 677 capitulum.
2476 610 2677 663 Postea
2706 627 2900 664 omnes
2922 612 3205 682 regulares
3235 614 3386 667 horae
3411 630 3567 668 more

1975 695 2392 750 canonicorum.
2424 699 2580 752 Inter
2606 699 2764 768 cujus
2792 699 2961 754 etiam
2984 717 3178 771 preces
3206 701 3570 773 subjungitur

1973 783 2243 852 psalmus,
2301 786 2461 841 Verba
2492 803 2633 853 mea,
2676 793 2733 841 et
2773 799 2986 859 septem
3035 789 3235 861 psalmi
3282 807 3382 861 per
3428 791 3567 845 alias

1969 870 2156 937 horas,
2182 872 2382 928 divisio
2408 893 2421 941 ;
2453 879 2570 929 tres
2585 876 2691 947 qui"
2704 884 2999 931 remanent
3016 878 3184 932 simul
3210 879 3360 933 inter
3371 895 3565 950 preces

1970 959 2331 1032 Completorii
2354 961 2636 1018 dicuntur.
2660 965 2731 1019 Et
2755 965 2940 1036 ipsum
2959 964 3399 1038 Completorium
3427 984 3569 1040 pra:-

1966 1047 2131 1101 cedit.
2162 1048 2395 1119 Vesperi
2423 1066 2525 1121 pro
2553 1052 2812 1107 ﬁdelibus
2838 1054 3135 1108 defunctis.
3172 1055 3566 1110 Annectuntur

1967 1137 2191 1206 psalmi,
2209 1138 2305 1208 qui
2336 1139 2519 1193 solent
2544 1139 2652 1194 dici
2680 1157 2780 1211 pro
2801 1140 3174 1197 familiaribus
3196 1143 3561 1214 posttertiam

1966 1229 2024 1278 et
2044 1230 2171 1295 post
2193 1227 2333 1281 duas
2347 1227 2515 1281 horas
2527 1235 2852 1300 sequentes.
2880 1230 2937 1285 Si
2960 1231 3138 1285 visum
3159 1231 3333 1285 fuerit
3351 1232 3559 1286 domno
3618 1226 3622 1230 Δ

1963 1313 2173 1378 abbati,
2226 1320 2291 1369 ut
2332 1317 2575 1387 amplius
2631 1324 2953 1389 operentur,
3005 1320 3308 1390 ampliatur
3336 1335 3558 1391 quoque

1962 1402 2277 1472 psalmodia
2297 1404 2365 1458 de
2385 1406 2624 1476 psalmo.
2654 1408 2740 1461 Ad
2756 1408 3059 1462 Dominum
3100 1425 3227 1461 cum
3253 1409 3562 1463 tribularer

1964 1507 2142 1561 usque
2170 1493 2240 1546 ad
2272 1494 2442 1547 finem
2477 1495 2753 1558 Psalterii,
2784 1501 2841 1549 et
2868 1501 3002 1550 tunc
3023 1497 3194 1550 etiam
3228 1514 3263 1550 a
3282 1496 3557 1567 principio

1938 1579 2235 1649 epsalterii,
2279 1582 2467 1638 Gloria
2514 1584 2675 1637 Patri
2718 1588 2843 1654 post
2886 1590 3003 1638 tres
3052 1585 3297 1655 psalmos
3334 1601 3559 1650 semper

1962 1667 2311 1740 interposito.
2338 1671 2547 1725 Verum
2579 1672 2752 1725 finitis
2776 1672 2899 1727 istis
2928 1674 3160 1743 psalmis
3190 1691 3290 1744 pro
3310 1673 3557 1728 familia-

348 1753 489 1823 (υυ.)
516 1751 624 1806 Sed
646 1758 703 1807 et
725 1754 1061 1810 hortulanus
1090 1758 1380 1813 cellerario
1409 1759 1576 1816 debet
1603 1778 1725 1817 esse
1752 1763 1880 1817 sub-
1899 1821 1943 1833 “
1963 1755 2137 1822 libus,
2171 1763 2367 1829 postea
2394 1758 2634 1813 domnus
2677 1759 2839 1827 abba,
2864 1778 2988 1814 Cum
3021 1762 3266 1833 Primum
3293 1762 3552 1829 νοῙιιθΓίίῑν

261 1821 482 1910 jactus,
503 1847 569 1895 ut
587 1841 634 1896 si
665 1843 799 1914 quid
828 1843 998 1899 fuerit
1018 1846 1075 1900 in
1105 1847 1288 1913 horto,
1324 1849 1470 1920 quod
1492 1850 1612 1922 ipse
1641 1821 1946 1907 voluerit-B
1962 1821 2150 1900 innuit
2172 1821 2444 1901 fratribus
2491 1847 2561 1901 ab
2610 1865 2777 1919 opere
2821 1821 3057 1915 cessare,
3091 1855 3148 1904 et
3187 1850 3257 1904 ad
3291 1868 3350 1905 se
3376 1850 3556 1922 magis

269 1930 344 1984 ad
380 1931 680 1986 servitium
704 1933 965 1997 fratrum,
996 1934 1321 1991 obedienter
1347 1937 1552 1993 habeat
1579 1939 1649 1993 ab
1679 1940 1790 1994 illo.
1818 1941 1879 1995 Si

268 2019 404 2090 quis
456 2019 699 2076 fratrum
750 2021 822 2076 ab
880 2039 946 2077 eo
994 2024 1207 2095 aliquid
1258 2026 1371 2080 tale
1416 2027 1485 2082 de
1523 2028 1880 2084 nascentibus

266 2107 426 2163 horti
449 2111 703 2180 postulat
727 2127 827 2182 pro
857 2111 1190 2167 inﬁrmitate
1224 2114 1433 2186 aliqua,
1480 2116 1585 2170 hoc
1630 2134 1741 2172 non
1772 2119 1880 2173 nisi

272 2213 413 2251 cum
465 2199 744 2253 cellerarii
784 2200 1011 2256 licentia
1055 2202 1223 2257 debet
1251 2204 1302 2258 ei
1345 2204 1688 2276 impendere.
1722 2211 1747 2233 *
1776 2208 1881 2262 Cui

252 2286 434 2341 nullo
458 2287 630 2342 modo
660 2293 746 2343 est
779 2305 1127 2345 concessum.
1165 2293 1297 2360 (ua)
1328 2297 1393 2346 ut
1428 2310 1675 2365 unquam
1707 2296 1879 2350 meri-

1962 1935 2310 2005 appropiare.
2340 1936 2507 1990 Jubet
2542 1942 2607 1991 ut
2644 1937 2856 2008 aliquid
2885 1937 2961 1991 ibi
3002 1939 3240 2008 legatur,
3272 1940 3439 1993 citius
3463 1945 3552 1994 ta-

1963 2040 2093 2077 men
2122 2024 2429 2079 finiendum
2455 2044 2469 2094 ;
2521 2025 2652 2096 quia
2686 2026 2807 2097 ipse
2840 2027 2923 2080 vel
2945 2026 3088 2081 alius
3116 2044 3181 2081 eo
3206 2028 3441 2097 jubenle
3470 2029 3554 2082 fa-

1962 2117 2156 2165 cturus
2195 2120 2282 2166 est
2316 2114 2448 2167 inde
2485 2131 2801 2169 sermonem
2827 2133 2840 2181 ;
2886 2121 2943 2169 et
2972 2116 3076 2169 hoc
3104 2122 3191 2169 est
3213 2116 3454 2171 maxime
3485 2117 3555 2171 de

1961 2200 2077 2254 vita
2094 2201 2181 2254 vel
2199 2201 2268 2254 de
2289 2202 2679 2257 collationibus
2732 2205 2987 2270 Patrum,
3022 2204 3170 2274 quod
3198 2205 3436 2259 aedificet
3461 2222 3559 2259 au-

1961 2289 2325 2354 dientes.Quo
2346 2291 2524 2357 ﬁnito,
2543 2292 2746 2345 iterum
2761 2292 3024 2363 imposita
3042 2293 3559 2364 psalmodia,rever-

218 2408 221 2409 ν
261 2374 505 2430 dianam
537 2376 733 2431 horam
764 2379 1083 2449 regularem
1113 2380 1320 2435 audeat
1348 2384 1737 2454 supersedere,
1765 2385 1873 2440 nisi
1955 2383 2159 2433 tuntur
2185 2395 2297 2433 non
2327 2380 2594 2434 facientes
2633 2386 2764 2435 ante
2795 2386 2852 2434 et
2874 2386 3043 2436 retro.
3077 2383 3257 2446 Quam
3289 2388 3346 2437 et
3372 2384 3555 2454 pueri,

260 2463 581 2535 aliquando
607 2464 666 2520 in
698 2482 808 2520 uno
834 2467 926 2521 die
953 2468 1029 2522 sit
1057 2467 1107 2522 ei
1138 2486 1344 2541 magna
1374 2472 1676 2526 necessitas
1695 2491 1875 2528 rema.
1955 2467 2003 2520 si
2031 2468 2090 2521 in
2116 2468 2238 2522 loco
2267 2474 2420 2535 sunt,
2460 2468 2574 2522 sive
2606 2470 2859 2539 juvenes,
2891 2487 3018 2524 cum
3046 2470 3286 2540 primum
3327 2472 3557 2526 claustri

258 2553 440 2608 nendi
468 2560 638 2608 :tunc
662 2555 951 2611 licentiam
976 2574 1012 2610 a
1042 2557 1227 2628 priore
1248 2560 1470 2630 quaerit,
1503 2563 1527 2586 ί
1557 2561 1710 2616 Idem
1741 2580 1869 2618 cum
1956 2556 2129 2610 limen
2165 2557 2479 2626 attigerint,
2508 2558 2708 2612 altiore
2733 2574 2863 2612 voce
2888 2558 3077 2613 levant
3097 2574 3199 2613 nec
3227 2559 3557 2630 priusquam

258 2641 478 2697 viderit
518 2660 685 2714 poma
735 2650 961 2699 matura
1004 2663 1145 2712 esse,
1174 2652 1233 2701 et
1278 2647 1510 2702 inutiles
1558 2649 1761 2705 herbas
1812 2652 1872 2705 in
1954 2650 2261 2699 conventus
2299 2650 2429 2699 ante
2466 2646 2777 2715 capitulum
2825 2648 3114 2709 consistat,
3149 2652 3552 2713 conticescunt,

255 2731 434 2786 horto
464 2733 793 2798 excrevisse,
822 2733 990 2789 debet
1018 2734 1192 2806 priori
1229 2735 1619 2806 innotescere;
1650 2740 1798 2794 sicut
1819 2747 1876 2795 et
1958 2733 2165 2787 domno
2215 2733 2416 2787 abbate
2468 2736 2868 2804 pronuntiante
2923 2752 3145 2789 versum
3195 2738 3556 2804 Adiutorium

254 2820 616 2890 cellerarius,
666 2822 714 2877 si
766 2839 992 2878 necesse
1015 2862 1031 2889 ,
1086 2823 1243 2878 fabas
1277 2841 1449 2880 novas
1493 2827 1564 2881 de
1610 2827 1874 2883 folliculis
1957 2827 2235 2887 nostrum,
2267 2821 2480 2876 faciunt
2500 2838 2695 2876 omnes
2720 2828 2852 2877 ante
2868 2830 2926 2876 et
2945 2824 3397 2891 retro,etiterum
3419 2841 3558 2895 prae-

253 2909 382 2964 suis
414 2926 667 2981 egerere,
700 2918 766 2966 ut
792 2912 905 2966 sive
933 2913 1006 2967 ad
1030 2913 1345 2968 evellendus
1393 2915 1618 2982 herbas,
1656 2917 1770 2971 sive
1800 2919 1872 2972 ad
1956 2909 2127 2963 misso
2159 2911 2489 2976 Benediciteg
2514 2910 2797 2982 accipiunt
2824 2910 3106 2965 licentiam
3142 2912 3426 2982 loquendi,
3456 2913 3556 2967 sed

253 2999 588 3070 colligenda
604 3016 771 3071 poma
797 3000 974 3072 ipsius
995 3002 1161 3072 jussu
1180 3002 1365 3073 prima
1397 3004 1454 3058 in
1484 3006 1743 3075 sequenti
1779 3006 1871 3061 die
1953 2997 2110 3070 prius
2136 2998 2267 3052 lotis
2290 2999 2551 3053 manibus
2580 2999 2755 3053 libros
2784 2999 3083 3071 accipiunt,
3127 3017 3297 3071 quam
3340 3001 3555 3071 aliquid

253 3089 657 3159 tempestivius
684 3090 959 3160 pulsetur,
1000 3096 1057 3144 et
1084 3091 1399 3161 psalmodia
1416 3093 1477 3146 in
1503 3093 1746 3164 idipsum
1768 3095 1869 3149 dif-
1886 3093 1929 3153 C
1951 3087 2281 3157 loquantur.

252 3176 521 3246 feratur;
554 3177 650 3231 sed
669 3194 959 3249 nunquam
974 3184 1168 3233 tamen
1189 3180 1322 3251 quid
1351 3181 1873 3255 hujusmodioperis
2029 3177 2173 3247 Ergo
2199 3193 2347 3230 nona
2388 3194 2611 3248 quoque
2642 3178 2823 3248 magis
2852 3194 3021 3249 quam
3076 3179 3134 3232 in
3182 3178 3307 3232 aliis
3355 3178 3552 3233 diebus

254 3282 292 3321 a
321 3271 453 3321 toto
484 3271 764 3321 conventu
793 3267 1000 3338 agitur;
1042 3268 1151 3322 nisi
1193 3270 1532 3340 regulariter
1556 3271 1867 3326 ordinetur.
1953 3266 2323 3320 acceleretur.
2354 3265 2661 3338 Postquam
2692 3272 2920 3321 ventum
2947 3268 3117 3321 fuerit
3143 3268 3210 3321 ad
3244 3266 3440 3322 horam
3472 3269 3551 3322 lo-

252 3354 577 3425 Siquando
617 3360 806 3409 autem
855 3356 968 3411 tale
1008 3357 1142 3427 quid
1186 3363 1274 3411 est
1317 3359 1619 3428 agendum,
1652 3360 1723 3414 ad
1765 3361 1870 3415 hoc
1952 3354 2181 3424 quendi,
2214 3371 2411 3409 rursus
2431 3355 2502 3409 ad
2534 3354 2675 3426 opus
2705 3371 2976 3409 manuum
3003 3355 3085 3410 ire
3115 3356 3546 3427 compellantur.

252 3443 501 3514 quidem
532 3443 602 3497 de
644 3444 943 3510 conversis,
987 3450 1222 3516 rogante
1268 3447 1558 3502 cellerario
1598 3447 1871 3518 jubentur
1950 3442 2080 3497 Haec
2109 3446 2196 3497 est
2232 3444 2565 3514 psalmodia,
2601 3460 2769 3515 quam
2818 3449 2952 3497 tunc
3002 3444 3356 3498 adoriuntur.
3412 3445 3551 3500 Post

250 3531 339 3586 ire
372 3532 451 3586 de
482 3533 807 3586 matutinali
837 3533 1028 3597 missa,
1062 3535 1144 3587 vel
1174 3535 1419 3606 capitulo
1439 3536 1498 3590 in
1522 3537 1864 3592 auditorium
1947 3532 2090 3585 Deus
2125 3533 2361 3586 auribus
2392 3533 2593 3603 psalmi
2621 3532 2946 3595 familiares,
2996 3533 3090 3603 qui
3120 3533 3264 3586 infra
3291 3549 3549 3605 vesperos

254 3619 582 3692 hospitum,
604 3620 719 3676 sive
749 3621 808 3675 in
833 3622 1009 3676 alium
1036 3622 1220 3677 locum
1257 3624 1580 3694 hujusmodi
1618 3626 1864 3681 claustro
1947 3636 2018 3674 ex
2044 3636 2198 3674 more
2225 3620 2507 3686 dicuntur,
2544 3621 2598 3675 id
2630 3627 2716 3674 est
2742 3622 2974 3675 Domzne
2994 3623 3198 3674 mandi
3217 3624 3545 3678 orationem.

246 3709 598 3780 contiguum
623 3727 636 3777 ;
668 3714 726 3763 et
750 3715 944 3765 tamen
970 3710 1104 3765 dum
1133 3711 1235 3765 tali
1263 3713 1419 3784 operi
1450 3714 1738 3784 insistunt,
1754 3715 1866 3770 nisi
1947 3710 2283 3764 Benedim‘sti
2304 3725 2432 3763 cum
2458 3709 2691 3779 reliquis
2714 3709 2835 3763 sine
2854 3709 3425 3781 appenditio,vesperi
3446 3728 3548 3782 pro

249 3799 494 3870 quando
524 3797 717 3851 tabula
742 3797 814 3851 ad
835 3798 1179 3869 loquendum
1201 3799 1767 3871 percutitur,omnino
1786 3802 1866 3858 eis
1950 3797 2207 3852 ﬁdelibus
2236 3798 2531 3853 defunctis.
2554 3799 2696 3852 Cum
2731 3803 2917 3852 autem
2953 3798 3195 3852 ofﬁcium
3223 3815 3324 3870 pro
3354 3799 3550 3854 defun-

247 3884 414 3956 loqui
440 3898 560 3937 non
589 3882 956 3955 permittitur.
1946 3887 2052 3941 etis
2081 3886 2291 3958 absque
2323 3888 2600 3942 Matutino
2634 3888 2714 3952 ﬁt,
2753 3904 2976 3958 semper
3013 3887 3083 3941 ad
3113 3894 3333 3942 noctem
3363 3905 3546 3944 reser-

821 3973 1064 4028 CAPUT
1092 3973 1341 4032 XLVIII.
1945 3982 2150 4031 vantur
2198 3993 2324 4030 cum
2394 3977 2557 4029 Verba
2605 3992 2744 4040 mea,
2777 3975 2825 4029 si
2869 3974 3079 4029 habent
3123 3976 3489 4030 tricenarium
3527 3992 3543 4032 :

368 4062 451 4116 De
471 4075 630 4128 opere
658 4077 954 4123 manuum,
987 4065 1231 4131 qualiter
1262 4067 1598 4129 regulariter
1616 4067 1735 4133 ﬁat.
1947 4070 2140 4135 postea
2169 4065 2467 4118 inchoatur
2495 4064 2824 4134 psalmodia,
2842 4063 2935 4116 ubi
2966 4064 3140 4134 priori
3168 4065 3285 4117 vice
3312 4064 3547 4118 dimissa

321 4151 348 4173 ⁹
380 4148 650 4213 Qualiter
681 4154 871 4203 autem
902 4165 1043 4220 opus
1080 4166 1349 4227 manuum
1376 4153 1712 4223 regulariter
1739 4154 1858 4220 ﬁat,
1944 4159 2048 4207 est.
2072 4154 2377 4224 Postquam
2400 4152 2605 4206 reversi
2627 4151 3001 4216 consederint,
3027 4168 3094 4205 ea
3118 4150 3235 4205 vice
3253 4152 3543 4220 praemisso

243 4242 312 4293 ut
339 4238 467 4292 hoc
504 4238 677 4292 etiam
723 4238 975 4309 digeram
1025 4238 1086 4292 in
1129 4239 1239 4304 die,
1286 4256 1397 4311 quo
1439 4243 1717 4312 agendum
1752 4247 1857 4310 est,
1943 4243 2264 4307 Bcnedicite,
2326 4257 2511 4294 sermo
2559 4240 2749 4311 agitur
2803 4240 2861 4293 in
2909 4240 3172 4303 claustro,
3221 4240 3379 4294 scilla
3412 4246 3543 4294 ante

242 4327 405 4381 illico
439 4333 509 4382 ut
532 4327 736 4381 fratres
757 4327 1123 4394 surrexerint,
1142 4327 1301 4383 factis
1327 4330 1692 4396 orationibus,
1716 4336 1856 4385 nutu
1942 4330 2249 4400 capitulum
2300 4345 2582 4399 percussa.
2615 4330 2662 4382 A
2691 4344 2803 4399 qua
2850 4333 3185 4397 exurgentes
3206 4332 3262 4381 et
3288 4332 3423 4382 tunc
3451 4328 3546 4383 de-

238 4417 472 4489 prioris
502 4416 764 4487 pulsatur
806 4415 876 4469 ad
917 4416 1180 4488 primam,
1220 4434 1388 4488 quam
1424 4419 1654 4489 psalmis
1689 4419 1924 4508 inter-D
1945 4435 2098 4473 mum
2129 4423 2258 4472 ante
2286 4423 2335 4471 et
2354 4422 2503 4472 retro
2542 4416 2830 4508 facientes,
2863 4416 3071 4471 domno
3101 4415 3395 4508 abbateex
3422 4421 3543 4471 toto

239 4506 450 4560 missis
478 4506 599 4559 sola
638 4505 893 4575 sequitur
929 4505 1126 4559 litania
1162 4507 1446 4578 missaque
1487 4508 1855 4564 matutinalis.

237 4594 586 4667 Capitulum
617 4610 841 4665 quoque
892 4595 1019 4665 plus
1066 4594 1370 4661 breviatur,
1422 4612 1591 4666 quam
1636 4597 1695 4650 in
1732 4597 1859 4652 aliis

235 4683 479 4748 diebus,
515 4687 571 4737 et
594 4699 721 4737 mox
745 4699 1011 4754 percussa
1038 4682 1253 4750 tabula,
1284 4690 1341 4739 et
1371 4671 1861 4755 praemisso'Bene-

235 4773 418 4828 dicite
479 4772 754 4827 Dominus
791 4771 933 4827 abba
971 4772 1321 4844 pronuntiat,
1359 4774 1566 4827 Eamus
1605 4775 1679 4829 ad
1726 4791 1859 4844 opus

236 4876 567 4917 manuum.
592 4861 913 4932 Imponitur
942 4862 1274 4932 psalmodia,
1317 4878 1440 4933 quae
1469 4868 1594 4933 post
1618 4864 1857 4934 primam

234 4957 331 5006 est
372 4950 733 5007 intermissa.
776 4950 1051 5005 Incedunt
1086 4967 1212 5004 cum
1253 4951 1626 5021 processione.
1673 4952 1753 5006 ita
1797 4956 1863 5007 ut

224 5042 508 5112 juniores
564 5040 679 5093 sint
723 5038 915 5110 primi,
947 5039 1164 5110 priores
1189 5039 1394 5093 ultimi.
1441 5038 1583 5094 Cum
1629 5046 1854 5095 ventum

230 5130 425 5185 fuerit
457 5127 531 5182 ad
561 5128 744 5183 locum
773 5128 1065 5199 operandi,
1090 5128 1235 5182 versi
1257 5144 1452 5182 omnes
1481 5128 1553 5182 ad
1582 5128 1856 5183 orientem

232 5237 344 5293 per
372 5219 645 5274 ordinem
672 5217 1005 5271 consistunt.
1039 5216 1125 5271 Ad
1154 5217 1325 5270 ﬁnem
1354 5215 1523 5270 unius
1552 5216 1756 5286 psalmi
1783 5214 1860 5269 fa-

232 5311 411 5364 ciunt
441 5312 578 5361 ante
601 5312 660 5361 et
695 5310 867 5371 retro,
897 5310 955 5360 et
992 5305 1199 5359 domno
1228 5304 1429 5359 abbate
1454 5305 1861 5376 pronuntiante

233 5405 385 5454 tunc
415 5396 574 5450 dicto
601 5411 765 5449 versu
790 5412 803 5447 :
844 5395 985 5450 Deus
1020 5396 1084 5447 in
1115 5395 1469 5463 adjutorium
1503 5410 1687 5447 meum
1718 5413 1734 5447 :
1767 5394 1861 5448 Se-

232 5488 455 5559 quitur
511 5500 526 5537 :
583 5484 753 5552 Kyrie
780 5485 1001 5537 eleison.
1056 5485 1216 5536 Pater
1253 5488 1453 5537 noster.
1496 5484 1860 5549 Adjutora’um

235 5581 541 5631 nostrum.
580 5572 751 5628 Facta
778 5588 975 5649 rursus
1002 5571 1390 5645 inclinatione,
1421 5571 1699 5659 incipiunt
1734 5588 1862 5646 ope-

233 5664 385 5740 vani:

1942 4507 2365 4579 pronuntiante,
2400 4511 2536 4560 tunc
2588 4506 2736 4560 dicto
2768 4506 2873 4560 hoc
2923 4521 3107 4569 versu,
3148 4507 3460 4559 Benedictus
3493 4522 3544 4560 es

1940 4595 2189 4654 Domine.
2248 4594 2505 4665 sequitur
2543 4595 2711 4664 Kyrie
2753 4596 2953 4649 eleison
2999 4609 3126 4647 cum
3171 4593 3544 4650 familiaribus

1940 4683 2284 4755 appendiciis
2329 4684 2693 4752 Adiutorium
2724 4688 2997 4737 nostrum.
3032 4683 3102 4736 Et
3137 4681 3285 4750 facto
3332 4691 3463 4738 ante
3486 4688 3546 4739 et

1940 4778 2093 4827 retro
2142 4772 2337 4826 dicunt
2393 4773 2707 4837 Benedicite,
2758 4775 2815 4824 et
2858 4770 2940 4826 sic
2984 4771 3155 4825 datur
3191 4771 3422 4827 licentia
3468 4772 3548 4827 lo-

1941 4860 2169 4932 quendi.
3078 4882 3085 4885 λ

2014 4950 2083 5004 Et
2121 4949 2256 5020 quia
2302 4953 2389 5002 est
2415 4948 2785 5017 consuetudo,
2822 4952 2889 5002 ut
2922 4964 3090 5019 opere
3126 4949 3276 5003 facto
3325 4948 3541 5009 bibant.

1943 5044 2240 5109 postquam
2274 5038 2494 5109 pulsato
2521 5037 2682 5107 signo
2715 5037 2785 5091 ad
2816 5053 3105 5108 vesperam
3135 5038 3370 5092 fecerint
3398 5037 3544 5091 ordi-

1939 5144 2070 5182 nem
2099 5126 2169 5181 ab
2208 5126 2398 5197 aliquo
2434 5127 2628 5192 fratre,
2661 5126 2751 5180 cui
2781 5126 2888 5180 hoc
2918 5126 3074 5196 prior
3099 5124 3359 5195 injunxit,
3392 5140 3542 5196 cym-

1941 5215 2068 5270 balo
2091 5231 2356 5286 percusso
2372 5214 2655 5268 vaduntin
2677 5214 3034 5268 refectorium
3064 5212 3350 5266 bibere.Et
3366 5210 3543 5264 scien-

1942 5305 2099 5367 dum,
2133 5304 2264 5375 quia
2312 5304 2539 5375 quando
2588 5304 2695 5357 hoc
2723 5302 3040 5372 contigerit,
3091 5305 3286 5371 postea
3325 5315 3543 5367 nequa-

1943 5409 2133 5464 quam,
2158 5397 2224 5446 ut
2251 5392 2523 5463 alioquin,
2547 5392 2731 5445 solent
2758 5390 2947 5444 bibere
2977 5389 3123 5441 infra
3161 5386 3538 5441 collationem.

1943 5480 2103 5545 Quod
2143 5481 2191 5534 si
2232 5497 2342 5534 non
2392 5481 2500 5534 nisi
2543 5480 2718 5534 semel
2750 5482 3073 5549 operantur,
3105 5484 3238 5529 tunc
3265 5476 3544 5529 sermonis

1944 5571 2099 5625 locus
2122 5575 2208 5623 est
2227 5569 2284 5623 in
2302 5569 2548 5623 claustro
2590 5574 2649 5623 et
2682 5582 2861 5638 usque
2899 5565 2971 5618 ad
3000 5565 3319 5619 Benedictus
3350 5580 3402 5618 es
3428 5581 3544 5619 non

1945 5658 2202 5713 differtur
2246 5676 2257 5710 :
2312 5657 2411 5711 sed
2458 5656 2693 5710 strictim
2740 5655 2964 5720 dicitur,
3004 5652 3294 5724 praemissa
3322 5671 3388 5711 ac
3416 5653 3545 5709 sub-
