3886 6172
462 301 601 359 1107

1501 303 1559 357 S.
1597 300 1997 358 GUILLELM'I
2036 297 2341 355 ΑΒΒΑΤΙΒ
2378 294 2718 353 HIRBAUG.

3526 287 3637 347 1108

458 432 658 500 juncta
685 430 853 487 solita
879 429 1260 503 inclinatione.
1289 428 1365 484 Et
1390 429 1439 483 si
1467 428 1692 500 quando
1720 427 1860 482 ﬂent
1880 428 1939 482 in
1971 426 2333 494 seeApotum
2363 427 2420 477 et
2446 428 2665 480 caetera,
2693 410 2818 489 q'um
2844 414 2918 471 ad
2935 414 3087 486 ipsos
3406 412 3638 468 ministre-

467 520 661 590 quanti
688 525 851 592 nocte
873 518 1170 575 duodecim
1207 518 1496 580 lectiones,
1546 516 1778 571 minime
1818 516 1904 570 bis
1932 532 2059 588 onc-

462 615 680 665 rantur.

1033 734 1269 789 CAPUT
1296 732 1486 787 XLIX.

927 842 1000 899 De
1030 841 1386 913 refectorario
1418 835 1560 909 (145)
1574 881 1586 894 .

536 948 621 1004 Ad
648 946 1005 1015 refectprium
1032 952 1165 1002 sunt
1210 946 1334 1011 duas
1373 944 1577 1011 claves,
1618 958 1856 1014 quarum
1886 957 2059 1003 unam

464 1051 691 1109 semper
722 1035 893 1105 habet
922 1035 1265 1101 cellerarius,
1298 1039 1363 1089 ut
1398 1034 1442 1087 si
1473 1032 1617 1097 forte
1652 1032 1857 1103 aliquis
1885 1032 2063 1090 frater

468 1143 570 1199 pro
600 1124 788 1196 aliqua
814 1141 981 1180 causa
1003 1125 1252 1191 nondum
1283 1121 1661 1194 Complatorio
1681 1126 1905 1181 cantato
1930 1126 1987 1181 et
2015 1119 2064 1173 si

469 1214 626 1286 prior
662 1231 721 1269 se
750 1213 1061 1279 collocavit,
1098 1213 1269 1283 (ναν.)
1313 1228 1438 1267 cum
1489 1210 1740 1278 ejusdem
1790 1208 2064 1265 cellerarii

468 1303 697 1358 licentia
727 1302 936 1369 bibere,
970 1302 1017 1355 si
1057 1317 1196 1372 opus
1244 1300 1338 1363 sit,
1361 1300 1557 1371 possit.
1587 1299 1693 1361 Sed
1723 1304 1785 1353 ut
1807 1298 1942 1368 quid
1969 1313 2063 1355 co-

466 1390 661 1444 medat
684 1396 812 1461 post
839 1388 1299 1460 Completorium,
1344 1388 1427 1441 vel
1475 1386 1645 1451 etiam
1693 1390 1820 1456 post
1846 1399 2063 1443 coenam

468 1478 876 1547 ministrorum,
922 1494 1210 1548 nunquam
1274 1475 1465 1546 aliqua
1530 1475 1748 1531 ratione
1797 1473 2061 1549 cuiquam

469 1566 632 1637 fratri
664 1566 928 1621 incolumi
952 1565 1334 1637 permittitur;
1362 1563 1605 1633 exceptis
1625 1562 1694 1617 de
1725 1561 1811 1616 via
1842 1561 2063 1625 venien-

470 1654 636 1727 tibus.
656 1655 678 1677 ‘
691 1654 751 1719 Si
782 1655 907 1724 quis
928 1660 1114 1708 autem
1133 1653 1279 1707 infra
1298 1652 1654 1717 refectionem
1676 1651 2063 1721 ministrorum

469 1759 697 1815 necesse
726 1741 896 1799 habet
912 1741 1169 1803 bibere,a
1197 1746 1331 1795 tunc
1359 1740 1611 1807 ordinem
1641 1745 1870 1808 regente
1895 1738 2065 1801 licen-

469 1832 608 1888 tiam
649 1830 810 1902 petit,
840 1830 948 1901 nisi
968 1829 1228 1897 abbatem
1254 1829 1339 1883 vel
1369 1829 1610 1899 priorem
1644 1828 1712 1893 ad
1746 1828 1957 1891 scillam
1987 1843 2070 1881 se-

473 1920 607 1993 dere
638 1918 980 1991 cognoverit,
1013 1936 1046 1973 a
1077 1935 1188 1990 quo
1208 1917 1562 1983 solummodo
1580 1934 1703 1981 eam
1731 1917 1801 1979 ad
1827 1916 2068 1993 gradum

472 1988 694 2081 accipit.
712 1988 852 2072 ‘Qua
878 1988 1109 2078 accepta
1145 2007 1404 2077 factoque
1445 2010 1577 2059 ante
1614 2011 1672 2072 et
1706 1988 1857 2069 retro
1886 2003 1955 2067 ad
1984 2004 2069 2069 lp-

473 2113 601 2153 cum
633 2112 799 2150 suum
832 2095 1005 2161 vadit,
1051 2094 1452 2166 praemissaque
1482 2093 1708 2161 silentio
1747 2094 2064 2157 Benedicite,

472 2185 919 2255 benedictionem
949 2201 1077 2247 cum
1099 2184 1260 2255 signo
1287 2183 1468 2245 crucis
1498 2199 1669 2253 super
1714 2188 1909 2253 potum
1937 2181 2073 2246 facit

475 2291 541 2343 ac
578 2273 737 2328 bibit.
770 2273 1018 2343 Surgens
1044 2272 1177 2329 facit
1204 2278 1335 2335 ante
1363 2278 1419 2340 et
1448 2279 1600 2333 retro
1631 2276 1687 2325 et
1712 2271 1843 2336 exit.
1877 2270 1986 2333 Sed
2016 2274 2074 2323 et

476 2363 526 2425 si
553 2361 643 2416 cui
665 2362 863 2417 eadem
897 2360 1117 2421 bibendi
1152 2361 1472 2427 necessitas,
1495 2360 1657 2427 ﬁnita
1685 2359 2073 2426 ministrorum

477 2467 656 2521 ccena,
696 2449 991 2521 incumbit,
1040 2450 1087 2504 si
1120 2455 1206 2515 est
1231 2449 1291 2504 in
1322 2454 1616 2513 conventu,
1647 2448 1861 2509 occulte
1898 2447 2073 2503 licen-

482 2540 619 2616 tiam
660 2539 822 2610 signo
849 2539 1070 2610 quaerit.
1113 2538 1269 2604 Quod
1321 2538 1371 2605 si
1410 2554 1521 2606 non
1569 2536 1795 2611 poterit,
1829 2536 2073 2607 priorem

2140 528 2220 565 ne.
2250 513 2417 567 Lecto
2450 509 2684 578 majoris
2707 507 2897 563 missae
2934 501 3424 573 Evangelio,potum
3449 517 3534 572 per
3549 502 3646 571 jus-

2139 601 2297 655 titias
2321 601 2666 671 partiuntur.
3258 587 3265 593 ’

2218 690 2423 743 Verum
2454 683 2723 758 quidquid
2781 681 2897 737 tale
2929 678 3141 735 iaciam
3178 692 3385 749 semper
3404 676 3456 732 id
3476 682 3648 740 careat,

2143 783 2211 834 ut
2236 776 2425 837 nullus
2467 775 2642 842 laicus
2670 788 2771 845 pro
2798 771 3023 825 illorum
3054 766 3368 823 invitatione
3390 764 3443 820 in
3465 764 3654 830 refecto-

2142 866 2229 922 rio
2257 868 2547 938 appareat.
2596 847 2759 927 Quod
2802 859 2853 914 ei
2894 855 3113 913 duabus
3148 854 3353 910 vicibus
3383 854 3655 919 eemeditnr,

2142 961 2273 1028 post
2308 954 2698 1009 Benedicamus
2737 951 2990 1004 Domino.
3020 944 3093 1001 ad
3142 959 3389 1016 vespenes
3425 947 3657 1005 euantes,

2144 1060 2245 1116 per
2271 1059 2466 1097 omnes
2494 1055 2718 1094 mensas
2745 1035 3055 1108 provident,
3079 1033 3127 1089 si
3156 1033 3278 1104 quis
3302 1047 3435 1103 pene
3454 1036 3659 1102 autpotu

2144 1133 2380 1203 indiget.
2414 1131 2483 1185 Et
2513 1129 2557 1182 si
2590 1126 2715 1199 quis
2758 1123 2962 1181 libram
2992 1138 3155 1179 suam
3179 1126 3351 1176 totam
3377 1118 3598 1185 comedit,
3620 1125 3664 1174 et

2154 1219 2432 1292 justitiam
2466 1217 2641 1272 ebibit
2666 1234 2680 1282 ;
2705 1219 2764 1269 et
2788 1219 2926 1281 tunc
2947 1210 3179 1266 dimidia
3196 1209 3335 1265 libra
3350 1208 3667 1280 apponituret

2146 1309 2217 1363 de
2250 1306 2471 1378 justitia
2504 1305 2645 1359 nihil
2674 1302 2985 1368 minuitur;
3032 1316 3158 1371 quae
3186 1303 3245 1353 et
3277 1315 3342 1353 ea
3364 1298 3470 1351 vice
3493 1312 3667 1367 semper

2147 1396 2333 1452 danda
2364 1402 2473 1460 est,
2496 1394 2591 1447 sed
2615 1392 2785 1447 etiam
2813 1390 2863 1445 si
2895 1405 3038 1460 opus
3064 1394 3170 1448 est,
3199 1392 3445 1458 augetur.
3481 1384 3614 1449 Quia.
3632 1386 3669 1441 si

2146 1484 2450 1556 aliquando
2484 1482 2671 1537 denuo
2719 1495 2831 1534 non
2880 1476 3158 1540 reﬁciunt,
3200 1480 3383 1530 tamen
3420 1473 3578 1539 denuo
3606 1471 3669 1536 hi-

2149 1575 2282 1629 bere
2305 1588 2593 1643 nunquam
2634 1568 2923 1625 omittunt.
2955 1570 2977 1594 *
3008 1566 3069 1621 Si
3103 1564 3194 1619 cui
3236 1564 3305 1617 de
3330 1561 3463 1616 libra
3484 1577 3571 1615 sua
3597 1577 3673 1632 pa-

2148 1679 2273 1717 rum
2308 1660 2519 1731 aliquid
2540 1657 2821 1729 superfuit
2844 1655 2902 1710 id
2946 1654 3134 1725 ipsum
3179 1656 3453 1706 cenaturo
3481 1665 3675 1703 reserva-

2148 1758 2261 1817 tur,
2291 1757 2349 1806 et
2375 1749 2444 1804 ad
2475 1746 2849 1819 quantitatem
2905 1742 3153 1798 dimidim
3196 1745 3445 1811 augetur,
3483 1753 3572 1794 nec
3604 1737 3675 1791 alii

2149 1840 2458 1911 quidquam
2489 1835 2783 1901 minuitur,
2810 1829 3227 1904 quantumlibet
3244 1829 3313 1899 dp
3340 1844 3404 1883 ea
3426 1825 3676 1897 sumpsisse

2148 1929 2424 1984 videatur.
2460 1926 2520 1981 Si
2548 1930 2739 1979 autem
2771 1922 2843 1979 ad
2875 1922 2993 1976 hinc
3020 1918 3359 1991 peragenda,
3388 1933 3501 1988 qua:
3516 1914 3679 1985 scripta

2149 2023 2302 2083 sunt,
2331 2015 2437 2088 ipsi
2468 2014 2656 2070 minus
2693 2010 3002 2073 sufﬁciunt,
3052 2007 3151 2063 alii
3195 2008 3397 2063 fratres
3436 2020 3470 2059 a
3500 2002 3681 2071 refecto-

2150 2106 2302 2163 rario
2330 2103 2511 2175 rogati
2550 2102 2611 2157 in
2659 2098 3005 2171 adjutorium
3050 2112 3249 2165 eorum
3292 2093 3472 2149 uenire
3506 2107 3599 2147 non
3620 2106 3683 2144 se-

2151 2198 2354 2251 nuunt.
2401 2189 2756 2263 Gandelahra
2803 2192 2863 2245 et
2902 2185 3164 2242 candelas
3210 2201 3246 2239 a
3295 2182 3516 2239 sacrista
3560 2180 3683 2233 datas

2153 2298 2378 2354 semper
2404 2280 2572 2354 debet
2597 2277 2827 2342 habere,
2866 2281 2932 2331 ut
2975 2273 3417 2346 quotiescunque
3454 2284 3576 2341 opus
3605 2273 3682 2331 est,

2154 2372 2271 2433 sive
2301 2369 2672 2440 coenantibus,
2703 2365 2819 2424 sive
2836 2362 3157 2436 bibentibus
3179 2357 3602 2431 accensaspnesit
3618 2371 3689 2426 ep-

2154 2474 2383 2532 ponere.

2227 2548 2680 2616 Quotiescunque
2703 2543 2775 2615 ad
2799 2541 3133 2598 charitatem
3161 2538 3504 2611 propinauit,
3532 2535 3631 2606 ipse
3649 2536 3694 2587 et

481 2644 736 2728 sagfsum
766 2627 838 2682 ad
864 2628 967 2681 hoc
1001 2627 1200 2728 ipsum.
1235 2625 1505 2728 agdusits_
1526 2625 1863 2728 ξεῖξιξξθηείιυε
1891 2624 1960 2728 ad
1978 2626 2075 2695 iu-
2156 2636 2363 2708 aliquis
2392 2634 2621 2704 adiutor
2649 2633 2773 2703 ejus
2804 2628 3063 2685 mediolis
3084 2626 3231 2696 (illo.
3261 2625 3560 2697 infundunt.
3575 2621 3694 2686 euo-

484 2716 697 2816 εξίίὲείηλ
720 2732 880 2816 δμδηξ
899 2723 1163 2783 consueti!
1187 2715 1437 2783 inclinat.
1457 2719 1514 2768 et
1528 2714 1828 2777 bibiturusi
1847 2718 2071 2779 caetera.
2156 2743 2281 2783 rum
2317 2724 2485 2781 etiam
2518 2722 2630 2781 duo
2653 2719 2836 2791 sinapi
2862 2719 2945 2774 uel
2975 2722 3131 2777 aceto
3152 2717 3496 2787 pulmentum
3521 2711 3598 2767 cui
3617 2711 3697 2765 hoc

481 2807 630 2883 sicut
656 2806 1039 2878 praescriptum
1072 2809 1176 2873 est,
1211 2805 1448 2875 peragit.

2167 2812 2433 2875 convenit,
2456 2811 2744 2870 condiunt.
2767 2807 2853 2865 Ad
2878 2807 3066 2877 ipsum
3085 2810 3282 2863 autem
3310 2805 3481 2871 solum
3501 2799 3699 2874 pertinet

555 2894 691 2967 .Post
714 2893 1072 2965 collationem
1103 2909 1232 2959 rem
1260 2892 1469 2965 bibere.
1495 2891 1833 2963 quinecesse
1860 2889 2076 2951 habue-
2101 2962 2136 2971 _
2158 2910 2226 2963 ut
2249 2902 2462 2961 scillam
2498 2899 2703 2971 pulset,
2729 2913 2854 2969 quae
2880 2896 2952 2953 ad
2971 2896 3077 2953 hoc
3100 2895 3287 2951 solum
3316 2893 3373 2955 in
3402 2888 3700 2961 minime

484 2962 825 3057 Fiferle
853 2986 1147 3059 οοηγθιηιιιι
1168 2981 1288 3052 ipse
1308 2962 1597 3051 Paululum
1611 2986 1743 3035 ante
1772 2962 2139 3050 capitulumc
2164 2989 2446 3063 refectorli
2482 2962 2698 3060 pendet
2710 2962 2824 3059 (un.
2877 2987 3025 3053 Var.)
3055 2983 3241 3056 Quam
3283 2981 3471 3055 statim
3505 2982 3615 3050 post
3633 2975 3702 3029 be-

487 3089 587 3126 seu
618 3073 742 3142 ejus
771 3071 1000 3147 ostium,
1031 3054 1157 3125 cum
1180 3070 1396 3124 caeteris
1424 3069 1671 3132 divertit,
1704 3068 1893 3139 ibique
1913 3067 2081 3134 licen-

2167 3052 2541 3140 nedictionein
2586 3052 2868 3148 generalis
2914 3052 3086 3131 semel
3131 3052 3397 3145 percutit,
3426 3074 3489 3128 ut
3520 3082 3607 3139 per
3625 3064 3706 3122 hoc

489 3161 628 3234 tiam
656 3159 953 3232 accipiens.
989 3158 1362 3227 cellerarium,
1399 3157 1484 3223 vel
1512 3156 1821 3228 quemlibet
1857 3157 1927 3219 de
1974 3155 2080 3219 his,

2167 3170 2367 3227 fratres
2383 3165 2654 3225 admoniti
2678 3168 2917 3235 surgant
2932 3162 3005 3220 ad
3024 3152 3709 3233 propinandumliiecscilla

493 3249 590 3321 qui
625 3249 931 3319 divertunt,
983 3264 1169 3302 secum
1201 3249 1391 3313 venire
1432 3246 1701 3317 deposcit,
1757 3251 1815 3314 et
1857 3244 1915 3311 in
1963 3244 2084 3315 ipso

493 3338 732 3413 introitu
770 3338 838 3409 ad
871 3338 1040 3407 ﬁnem
1062 3335 1266 3391 tabulae
1292 3336 1510 3405 sedens,
1548 3336 1867 3401 Benedicite,
1902 3334 1973 3388 ad
1997 3333 2089 3409 lie-

494 3426 867 3499 nedictionem
918 3441 1043 3495 cum
1097 3424 1259 3494 signo
1290 3424 1471 3497 crucis
1496 3429 1689 3493 aperte
1719 3422 2089 3497 pronuntians

496 3513 662 3593 bibit.
701 3512 862 3585 Quod
892 3518 949 3566 et
986 3510 1223 3583 quisque
1259 3516 1386 3581 post
1432 3511 1783 3587 collationem
1815 3509 2092 3577 bibiturus

499 3601 763 3657 similiter
793 3601 945 3663 facit.
970 3598 1212 3669 Rediens
1243 3615 1374 3668 ergo
1395 3598 1463 3665 de
1494 3597 1789 3667 refectorio
1815 3597 2092 3666 velunde-

500 3706 742 3760 cunque,
774 3688 882 3742 nisi
902 3689 971 3741 de
1000 3688 1202 3745 itinere
1238 3687 1443 3751 veniat,
1489 3686 1535 3740 si
1580 3694 1694 3755 tam
1719 3687 1879 3743 tarde
1908 3703 2093 3756 occur-

502 3779 661 3851 rerit,
680 3785 745 3833 ut
764 3777 1166 3845 confessionem
1187 3782 1345 3831 extra
1365 3776 1596 3831 chorum
1608 3793 1733 3837 cum
1755 3776 1943 3847 aliquo
1964 3779 2095 3843 ante

506 3868 752 3927 Gloriam
784 3866 951 3939 primi
979 3865 1179 3937 psalmi
1203 3864 1386 3923 dicere
1411 3881 1523 3931 non
1554 3864 1749 3936 possit.
1790 3865 2010 3931 intrans
2030 3879 2096 3929 ex

504 3955 926 4031 consuetudine,
971 3954 1027 4023 in
1059 3955 1181 4024 loco
1227 3970 1328 4008 suo
1368 3970 1494 4007 cum
1532 3955 1705 4008 iratre
1727 3954 1890 4024 juxta
1912 3969 1971 4021 se
2002 3968 2097 4019 su-

507 4046 697 4119 perius
726 4050 929 4109 stante.
961 4045 1162 4101 stando
1183 4044 1589 4117 confessionem
1621 4044 1774 4112 dicit.

574 4137 720 4207 (_UD.)
738 4135 847 4190 Sed
876 4139 938 4203 ut
966 4134 1191 4203 redeam
1214 4133 1280 4188 ad
1309 4133 1630 4204 superiora:
1667 4130 2094 4203 Refectorarius,

507 4224 613 4297 sub
643 4241 703 4295 se
731 4224 949 4295 aliquot
994 4223 1197 4285 fratres
1241 4222 1428 4291 habet,
1458 4221 1553 4292 qui
1584 4238 1709 4289 cum
1738 4238 1804 4275 eo
1827 4220 1981 4287 omni
2011 4220 2102 4287 die

2170 3258 2429 3331 pulsatur
2456 3255 2523 3315 ad
2557 3252 3003 3325 benedictionem
3043 3255 3209 3321 potus
3254 3249 3314 3305 in
3351 3242 3711 3319 quolibettem

2170 3361 2474 3419 capparum
2492 3344 2577 3403 sel
2594 3341 2850 3401 albarum
2872 3345 2931 3398 et
2953 3337 3134 3397 tribus
3148 3336 3352 3396 diebus
3370 3332 3711 3419 Rogatiepum,

2172 3414 2557 3507 fin—quolibet
2596 3445 2818 3503 quoque
2871 3426 3261 3491 anniversario
3313 3423 3561 3485 maxime,
3595 3414 3713 3490 quod

2174 3530 2365 3582 tamen
2397 3538 2515 3581 non-
2540 3519 2747 3593 agitur,
2778 3518 2955 3585 War.)
2985 3515 3034 3573 si
3063 3512 3389 3584 huiusmodi
3434 3515 3583 3582 potus
3612 3520 3713 3593 pro-

2175 3612 2406 3684 pinatur
2427 3626 2527 3682 pro
2547 3591 2754 3681 domno
2785 3603 3006 3668 abbate,
3037 3602 3125 3662 vel
3148 3602 3339 3673 priore
3368 3600 3437 3669 de
3467 3598 3546 3657 via
3569 3594 3640 3672 Vel
3661 3591 3716 3684 de

2175 3678 2489 3772 luminaria
2512 3678 2802 3769 redeunte,
2828 3693 2916 3751 vel
2939 3707 3040 3764 pro
3059 3690 3347 3750 sententia
3363 3684 3633 3762 cellerarii,
3652 3678 3718 3772 vel

2178 3790 2225 3845 si
2255 3770 2381 3861 quis
2408 3786 2554 3845 alius
2596 3782 2889 3858 familiaris
2916 3780 3251 3840 charitatem
3285 3777 3444 3837 nobis
3471 3770 3717 3861 impendit,

2177 3856 2290 3933 nisi
2315 3877 2390 3932 sit
2430 3873 2656 3945 aliquod
2694 3856 2901 3926 festum
2947 3868 3242 3924 duodecim
3282 3867 3590 3939 lectionum.
3636 3856 3721 3914 Sed

2178 3963 2576 4021 refectorarius
2615 3966 2772 4019 stans
2810 3960 2992 4015 elevat
3017 3956 3310 4012 brachium
3342 3961 3558 4009 extensa
3583 3961 3719 4003 manu

2180 4056 2239 4110 in
2265 4054 2494 4111 modum
2522 4050 2767 4107 tenentis
2797 4048 3059 4120 poculum
3079 4046 3161 4100 sic
3187 4045 3334 4100 dans
3352 4044 3564 4115 signum
3579 4036 3726 4111 propi-

2181 4143 2375 4199 nandi.
2406 4142 2491 4197 Ad
2521 4140 2666 4213 quod
2688 4140 2892 4193 fratres
2920 4135 3181 4207 omnibus
3209 4134 3335 4190 sine
3363 4127 3725 4203 exspectatione

2185 4229 2519 4304 pulsationis
2540 4234 2736 4301 potum
2766 4227 2825 4281 in
2852 4223 3094 4297 propriis
3121 4222 3339 4295 pateris
3362 4221 3608 4277 alterunt.

509 4319 638 4386 P03t
683 4313 991 4383 capitulum
1057 4311 1331 4367 mensalia
1386 4310 1443 4377 ίη
1499 4310 1609 4365 ﬁne
1664 4310 2167 4379 uniuscuiusqueu
2259 4320 2494 4385 Quando
2541 4305 2731 4373 alitem
2776 4315 2980 4375 fratres
3025 4318 3154 4383 post
3200 4327 3412 4366 nonam
3449 4307 3729 4379 operantur.

511 4418 721 4471 mensae
750 4402 954 4471 iterum
989 4401 1205 4467 reclusa
1221 4404 1451 4470 ponant.
1482 4399 1603 4462 Quo
1640 4398 1785 4453 facto
1819 4404 2105 4465 revertun-

512 4496 607 4547 tur
635 4490 693 4545 in
721 4490 1028 4560 capitulum
1053 4508 1066 4556 ;
1095 4489 1227 4559 quia
1247 4503 1535 4558 nunquam
1555 4486 1633 4541 ibi
1653 4486 2104 4558 desunt,quando

511 4578 706 4648 tabula
742 4578 1053 4649 percutitur
1100 4578 1170 4632 ad
1210 4576 1573 4648 loquendum.
1617 4578 1782 4643 (υαν.)
1834 4575 2109 4639 Percussa

513 4665 709 4720 tabula
744 4665 814 4720 ad
850 4671 1093 4737 coeptum
1125 4682 1265 4735 opus
1310 4665 1571 4727 redeunt,
1601 4664 1912 4729 cochlearia
1953 4664 2109 4741 prius

516 4769 644 4826 pum
672 4753 846 4817 linteo
887 4753 1097 4807 mundo
1125 4753 1425 4822 diligenter
1461 4759 1615 4808 tersa
1643 4758 1878 4824 ponunt,
1911 4752 2109 4818 tapdiu

517 4857 632 4897 non
664 4841 990 4906 auferenda,
1016 4840 1266 4911 quandiu
1295 4846 1425 4896 ante
1446 4841 1688 4912 priorem
1720 4847 1955 4911 apparet
1982 4858 2109 4900 scu-

516 4931 672 5002 tella,
706 4935 925 5001 ponunt
963 4934 1020 4984 et
1060 4945 1267 4999 panes;
1301 4930 1398 5000 qui
1447 4930 1491 4995 sl
1536 4930 1648 4997 sint
1697 4929 2108 5000 aliquantulum

518 5016 817 5093 combusti,
850 5017 1062 5088 habent
1102 5018 1171 5083 ad
1211 5018 1314 5077 hoc
1344 5018 1619 5084 cultellos,
1653 5017 1857 5089 quibus
1896 5034 1992 5073 eos
2019 5035 2113 5073 ra-

517 5107 656 5181 dant
680 5128 691 5163 :
717 5107 789 5165 ad
820 5108 926 5173 hoc
942 5108 1113 5171 etiam
1145 5108 1458 5179 mappulas,
1478 5123 1618 5178 quas
1640 5106 1794 5178 prius
1813 5105 1885 5163 ad
1906 5107 2111 5173 collum

516 5197 889 5269 suspendunt,
911 5201 975 5251 ut
995 5197 1242 5255 radendo
1271 5198 1422 5268 ipsos
1451 5212 1624 5267 panes
1644 5195 1860 5267 possint
1880 5194 2114 5249 honeste

518 5287 591 5347 ad
622 5292 815 5358 pectus
845 5286 1133 5353 reclinare.
1159 5285 1273 5357 Ipsi
1292 5285 1463 5349 etiam
1492 5284 1767 5355 sanguine
1797 5282 2031 5351 minutis
2057 5287 2116 5336 et

2184 4416 2320 4466 tunc
2348 4409 2513 4465 aliter
2531 4408 2736 4477 agitur.
2768 4406 2912 4461 Nam
2926 4408 3222 4476 postquam
3245 4401 3408 4471 signa
3429 4398 3497 4470 ad
3516 4404 3734 4465 vespam

2187 4505 2424 4555 sonante
2449 4502 2754 4567 conveptus
2781 4494 3015 4547 chorum
3040 4491 3359 4561 intravepit,
3400 4494 3458 4543 et
3482 4485 3617 4541 facta
3640 4493 3739 4567 om-

2188 4588 2342 4643 tione
2392 4566 2710 4657 cymbalum
2765 4597 3093 4655 percussum
3142 4579 3333 4645 fuerit,
3387 4566 3738 4639 nefoctomrius

2191 4676 2507 4749 praecedens
2534 4672 2704 4743 solita
2721 4671 2948 4726 vascula
2964 4685 3089 4724 cum
3112 4673 3248 4739 potu
3277 4664 3464 4722 infuso
3481 4662 3740 4749 praeponit.

2192 4748 2250 4827 et
2275 4764 2476 4819 fratres
2500 4778 2569 4816 ea
2597 4760 2774 4832 ipsius
2820 4763 3048 4829 rogatu,
3075 4756 3163 4812 vel
3207 4754 3381 4811 etiam
3424 4768 3523 4809 sua
3550 4748 3739 4820 sponte.

2193 4855 2252 4909 in
2281 4852 2537 4911 introitu,
2570 4849 2891 4923 accedentes
2911 4844 3250 4918 acceperint.
3281 4848 3485 4915 cetera
3510 4836 3660 4897 solito
3675 4847 3747 4923 er-

2193 4942 2326 4997 dine
2353 4918 2658 5012 peragunt.
2678 4937 2831 4993 Scire
2874 4940 3064 4991 autem
3093 4932 3281 4994 debet,
3314 4930 3448 5003 quia
3467 4924 3668 4999 quoties
3699 4918 3746 4973 in

2194 5028 2529 5102 praecedenti
2568 5027 2805 5082 fratrum
2851 5023 3091 5096 prandio
3131 5022 3203 5077 ad
3252 5026 3449 5095 potum
3502 5014 3745 5102 pulsatur.

2195 5096 2563 5174 nihilominus
2580 5117 2638 5172 in
2652 5113 2909 5186 sequenti
2930 5111 3317 5170 ministrorum
3327 5105 3526 5166 similis
3538 5096 3748 5175 pulsatio

2195 5208 2402 5278 agitur.
2436 5207 2562 5276 Ipse
2583 5204 2753 5260 etiam
2783 5202 2867 5259 uel
2897 5201 3124 5268 adiutor
3150 5199 3291 5270 ejus.
3325 5193 3547 5267 quando
3575 5190 3751 5253 εηιυεε

2195 5301 2325 5370 post
2347 5294 2642 5367 prandium
2672 5290 3063 5354 meridiantur,
3088 5305 3201 5349 non
3228 5286 3443 5345 omittit
3458 5283 3530 5341 ad
3554 5278 3753 5370 refecto-

519 5376 754 5445 caeteris,
807 5375 915 5443 hac
972 5375 1113 5443 liora
1153 5372 1551 5443 reﬁcientibus,
1600 5372 1808 5453 debent
1832 5387 2036 5449 panem
2060 5386 2085 5424 ε

2198 5364 2365 5441 rium-
2380 5382 2584 5446 redire,
2615 5380 2805 5452 ibique
2831 5380 2939 5446 his,
2970 5394 3095 5450 qum
3122 5377 3196 5435 ad
3219 5393 3280 5432 se
3310 5364 3753 5447 pertinentcitius

595 5551 1111 5677 mg)
1130 5548 1302 5631 habet
1318 5548 1619 5619 refectam.
1639 5548 1747 5618 hoc
1764 5552 1851 5615 est
1877 5546 1988 5615 loci.
2015 5544 2114 5617 ubi

522 5629 829 5707 esseque!
850 5629 1131 5707 eontem-

2269 5539 2411 5619 (ΗΘ)
2439 5539 2583 5615 Vict.
2618 5540 2766 5615 dicte
2794 5553 2968 5614 iam
2998 5534 3102 5614 liii
3128 5551 3190 5614 il:
