3908 6168
196 245 201 248 ’
272 283 417 346 nos

1307 285 1730 346 CONSTFI‘U’P.
1771 287 2113 345 HIRSAUG.
2162 321 2222 331 -
2263 288 2399 346 LIB.
2439 289 2514 346 II.

3396 261 3561 352 'mo

272 413 541 483 peractus
559 422 674 469 non
700 417 959 469 moratur
984 412 1297 469 dormitum
1325 413 1671 478 ire.Quando
1692 418 1879 468 autem
1899 416 1947 473 A
1967 414 2037 467 ad
2057 414 2388 469 alterutram
2421 414 2651 468 missam
2683 413 2823 469 albis
2841 414 3157 471 induuntur
3178 413 3239 470 in
3261 386 3420 472 festis
3436 432 3569 469 san-

274 505 593 561 couventus
629 517 744 559 non
772 502 1125 568 meridiatur,
1146 502 1262 557 sive
1296 503 1490 568 semel,
1509 502 1623 556 sive
1645 502 1728 556 bis
1753 502 1884 555 refi-

274 588 486 657 cietur,
519 596 638 648 tam
665 591 786 662 ipse
826 608 997 662 quam
1047 592 1337 661 adjutores
1388 591 1496 656 sui,
1530 592 1577 644 si
1606 608 1746 662 opus
1777 597 1881 659 est,

278 676 457 745 idem,
478 696 602 752 quas
622 679 695 736 ad
724 696 786 735 se
808 680 1116 751 pertinent,
1144 681 1441 752 provisuri,
1460 681 1596 734 illuc
1623 681 1882 747 redeunt,

186 844 189 845 ν
270 767 600 839 epehlearia
628 769 897 826 auferunt
924 773 983 823 et
1010 769 1082 824 ad
1103 769 1335 835 fontem,
1373 770 1519 824 sicut
1537 774 1595 822 et
1622 769 1736 831 illa,
1762 785 1885 840 quae

271 856 352 916 ad
382 856 744 931 refectionem
772 857 1146 924 abstulerunt,
1181 858 1437 925 abluunt.
1458 859 1615 912 Tunc
1633 858 1805 912 etiam
1835 858 1886 913 si

272 945 458 1007 semel
486 946 820 1020 mmeditur.
850 946 1000 1002 sicut
1025 951 1156 1018 post
1183 963 1422 1014 canam,
1449 947 1634 1001 aufert
1660 963 1885 1002 mensa-

1966 509 2206 570 ctorum,
2228 520 2350 574 quae
2370 503 2427 556 in
2455 503 2899 573 Quadragesima
2927 510 3247 571 occurrunt,
3267 506 3324 559 in
3357 505 3562 575 vigiliis

1967 593 2217 663 quinque
2248 591 2636 663 principalium
2651 592 3014 647 festivitatum
3031 598 3087 647 et
3108 593 3354 664 quinque
3374 594 3563 649 Domi-

1966 679 2126 746 nicis,
2150 680 2207 735 id
2237 686 2324 734 est
2354 680 2412 733 in
2435 680 2618 751 prima
2632 681 2919 734 Adventus
2932 680 3176 743 Domini,
3202 682 3564 753 Septuagesi—

1967 785 2094 835 mee,
2118 769 2594 839 Quadragesimae,
2641 769 2857 833 Mediae,
2889 774 2945 823 et
2989 769 3048 823 in
3077 770 3305 825 Palmis.
3346 771 3411 824 In
3436 770 3562 845 aliis

1965 874 2097 912 vero
2117 858 2312 913 diebus
2339 874 2449 912 non
2483 856 2592 911 nisi
2611 857 2879 925 dimidiae,
2901 864 3104 929 praeter
3122 874 3375 913 mensam
3404 859 3562 931 prin-

1966 946 2223 1018 cipalem,
2268 945 2685 1017 cooperiuntur,
2724 950 2781 1000 et
2824 947 2923 1011 ita,
2955 952 3022 1000 ut
3049 963 3152 1002 nec
3178 948 3422 1011 scutellae
3457 963 3563 1003 nec

269 1033 383 1103 lia,
402 1050 526 1105 qua
542 1036 725 1094 cemit
750 1051 872 1091 esse
902 1051 1099 1091 vacua.
1128 1035 1239 1089 Pro
1259 1042 1451 1089 tamen
1477 1035 1767 1090 auferendi
1791 1052 1889 1107 op-
1961 1035 2200 1106 justitiae
2226 1051 2395 1106 super
2422 1034 2693 1089 mensalia
2721 1039 3024 1105 ponantur.

271 1123 632 1192 pnﬂunitate
650 1124 842 1179 nullus
857 1123 927 1181 de
954 1140 1151 1180 mensa
1171 1124 1240 1193 ad
1259 1140 1513 1178 mensam
1540 1124 1886 1178 transeundo

268 1211 379 1269 alii
407 1228 468 1267 se
498 1211 666 1267 debet
715 1211 1043 1282 adjungere.
1072 1213 1209 1266 Post
1246 1228 1464 1273 cmnam
1511 1217 1701 1266 tamen
1730 1212 1887 1283 prius

269 1315 412 1359 eum
438 1300 653 1358 caeteris
669 1300 856 1355 induit
874 1301 1252 1369 nocturnales;
1276 1301 1375 1355 sed
1398 1308 1652 1371 tempore
1662 1301 1884 1371 hyemis

270 1394 410 1460 post
433 1390 733 1447 Benedictis
762 1390 834 1444 ad
865 1405 1123 1459 vesperos
1148 1392 1209 1444 in
1247 1390 1607 1444 refectorium
1652 1389 1884 1443 veniens

274 1476 441 1548 prius
469 1476 725 1547 providet
746 1477 817 1533 de
853 1482 991 1548 potu
1027 1477 1265 1531 fratrum
1305 1483 1364 1532 et
1414 1478 1587 1533 finitis
1612 1477 1879 1548 vesperis,

2600 1123 2836 1179 CAPUT
2862 1123 2933 1181 L.

2390 1214 2464 1267 De
2491 1213 2850 1281 suscipiendis
2867 1215 3131 1281 personis.

2037 1303 2060 1327 θ
2089 1301 2147 1357 Si
2168 1301 2430 1373 quaelibet
2451 1317 2694 1372 persona
2712 1317 2840 1356 cum
2865 1301 3217 1372 processione
3237 1301 3561 1374 suscipitur,

1964 1390 2167 1445 fratres
2193 1406 2389 1445 omnes
2410 1389 2726 1444 induuntur
2753 1389 2911 1453 albis,
2946 1395 3003 1444 et
3025 1390 3135 1444 nisi
3166 1407 3199 1444 a
3226 1391 3433 1446 domno
3461 1391 3563 1446 ab-

1965 1479 2095 1534 bate
2116 1478 2487 1551 praecipiatur,
2508 1494 2674 1533 nemo
2690 1484 3196 1550 unquam,excepto
3210 1496 3363 1550 rege,
3394 1496 3561 1551 papa,

268 1565 403 1636 ipso.
433 1582 659 1636 quoque
687 1582 817 1622 cum
845 1566 1061 1621 caeteris
1117 1567 1476 1623 nocturnales
1513 1566 1716 1620 induit.
1747 1565 1887 1620 Post
1966 1570 2160 1640 etipso
2180 1574 2338 1639 patre
2360 1567 2779 1634 monasterii,in
2808 1568 2999 1639 cappis
3025 1569 3349 1639 suscipitur.
3375 1568 3556 1624 Debet

268 1670 499 1713 scenam
527 1660 812 1725 procurat,
836 1661 902 1710 ut
926 1672 1133 1723 mensa
1157 1672 1223 1710 ex
1249 1661 1369 1710 toto
1397 1660 1715 1726 scopentur.

347 1743 453 1804 Sui
476 1743 623 1813 juris
651 1749 742 1800 est
767 1744 1057 1799 cultellum
1088 1744 1282 1799 domni
1302 1743 1523 1811 abbatis
1551 1760 1794 1809 servare,
1825 1747 1885 1798 et

270 1832 337 1894 in
367 1833 605 1891 scutalia
635 1833 784 1901 sicut
810 1839 868 1888 et
894 1833 1154 1888 cochlear
1181 1832 1232 1887 ei
1260 1834 1734 1904 apportarerse,
1770 1848 1884 1887 non

271 1919 448 1987 alius,
510 1937 638 1976 cum
670 1921 1029 1991 manutergio
1057 1922 1220 1975 aﬂ'ert
1253 1922 1302 1975 ei
1329 1938 1553 1993 panem,
1586 1937 1753 1992 quem
1783 1937 1885 1991 pa-

268 2013 445 2069 terna
472 2010 788 2070 reverentia
815 2027 881 2064 ex
909 2026 1016 2081 usu
1037 2011 1218 2081 poscit
1237 2010 1523 2075 communi
1536 2026 1657 2064 esse
1675 2010 1884 2064 melio-

268 2114 418 2161 rem.
455 2099 798 2169 Siligeneum
828 2115 1031 2170 panem
1062 2116 1288 2170 semper
1326 2098 1494 2153 debet
1533 2100 1591 2153 in
1620 2103 1885 2170 promptu

269 2186 511 2251 habere,
542 2192 607 2248 ut
636 2203 764 2245 cum
794 2187 998 2258 aliquis
1025 2204 1127 2259 pro
1182 2188 1288 2242 hoc
1341 2187 1564 2258 signum
1607 2187 1758 2249 facit,
1800 2188 1884 2241 vel

268 2290 382 2339 sua
408 2280 611 2346 sponte
638 2275 925 2349 fratribus,
949 2292 1090 2347 quos
1118 2274 1361 2331 libenter
1387 2275 1534 2330 vesci
1564 2276 1742 2344 novit,
1764 2279 1884 2329 sta-

268 2363 379 2429 tim
412 2362 550 2423 dare
582 2363 776 2435 possit.
800 2365 946 2422 Nam
973 2364 1183 2421 nullius
1200 2365 1422 2435 generis
1451 2365 1613 2435 panis
1651 2364 1710 2418 in
1738 2364 1883 2418 refe-

270 2453 461 2515 Gtol'iQ
489 2453 826 2521 comeditur,
859 2453 955 2524 qui
983 2470 1098 2511 non
1121 2452 1192 2508 ab
1240 2454 1362 2524 ipso
1384 2470 1450 2523 ex
1478 2453 1884 2521 consuetudine

268 2540 603 2608 sidentur;
641 2558 753 2601 non
791 2548 984 2599 tamen
1015 2560 1143 2599 cum
1174 2542 1528 2613 manutergio
1558 2542 1743 2610 alicui,
1775 2542 1883 2597 nisi

263 2631 379 2693 noli
409 2629 622 2707 domno
648 2630 857 2689 abbati.

344 2719 638 2790 Reliquias
667 2720 829 2790 panis
874 2725 995 2779 tam
1048 2724 1178 2791 post
1201 2720 1563 2775 refectionem
1596 2719 1882 2775 ministro-

266 2824 425 2873 mm,
460 2824 632 2878 quam
664 2808 903 2868 fratrum
922 2825 1049 2865 cum
1073 2808 1327 2880 cophinis
1372 2809 1494 2880 ipse
1517 2825 1619 2880 per
1645 2824 1881 2862 consue-

268 2895 541 2958 tudinem
577 2896 797 2969 aufert;
828 2897 938 2953 nisi
958 2898 1183 2968 quando
1214 2898 1286 2952 ad
1312 2897 1726 2968 eleemosynam
1748 2912 1878 2966 per-

1900 1665 2155 1748 Bautem
2187 1657 2475 1729 providere
2505 1656 2789 1722 ostiarius,
2821 1673 2892 1711 ne
2923 1657 2982 1711 in
3026 1657 3161 1711 hora
3194 1658 3562 1741 spsceptionis

1966 1746 2203 1801 nimium
2231 1745 2306 1799 sit
2332 1750 2601 1809 remotus,
2636 1745 2956 1815 quicunque
3007 1750 3094 1799 est
3148 1746 3558 1817 suscipiendus.

1966 1835 2112 1904 Ergo
2136 1833 2397 1888 omnibus
2416 1834 2632 1887 vestitis
2675 1839 2733 1887 et
2760 1833 2819 1887 in
2850 1834 3022 1887 choro
3052 1832 3424 1905 congregatis,
3466 1836 3565 1906 qui

1965 1923 2306 1994 processioni
2334 1923 2648 1976 inserviunt
2692 1922 2948 1976 ordinate
2982 1927 3137 1976 stant
3165 1928 3297 1976 ante
3322 1923 3562 2002 gradum

1964 2013 2143 2066 versis
2157 2011 2401 2066 vultibus
2418 2012 2488 2065 ad
2503 2000 3136 2065 conventum.Sacerdos
3166 2013 3250 2065 vel
3273 2000 3561 2080 diaconus,

1968 2101 2066 2172 qui
2113 2101 2223 2155 fert
2246 2105 2466 2155 textum
2504 2099 2787 2170 Evangelii
2813 2100 2869 2152 in
2901 2100 3108 2165 medio,
3150 2105 3207 2154 et
3233 2100 3500 2171 utrinque
3530 2117 3566 2155 a

1966 2190 2140 2244 latere
2161 2191 2283 2259 ejus
2302 2188 2676 2258 conversi,qui
2703 2192 2900 2241 tenent
2928 2187 3282 2257 candelabra;
3309 2188 3405 2259 qui
3431 2206 3564 2244 vero

1965 2293 2171 2349 aquam
2201 2283 2260 2335 et
2286 2276 2638 2331 thuribulum
2667 2276 2903 2331 extremi
2930 2276 3061 2331 hinc
3107 2283 3164 2331 et
3216 2277 3362 2343 inde,
3419 2283 3477 2332 et
3503 2277 3565 2344 hi

1965 2383 2160 2422 omnes
2190 2366 2397 2421 debent
2426 2383 2547 2420 esse
2576 2365 2634 2421 in
2655 2366 2868 2436 cappis,
2885 2366 3032 2420 sicut
3059 2371 3116 2420 et
3135 2367 3373 2439 domnus
3395 2353 3560 2434 abba,

1963 2457 2069 2521 vel,
2103 2472 2168 2510 eo
2198 2456 2450 2517 absente,
2484 2454 2658 2525 prior.
2690 2454 3202 2527 Appropinquante
3258 2461 3448 2509 autem
3496 2471 3563 2511 eo

1965 2546 2061 2616 qui
2094 2543 2483 2615 suscipiendus
2503 2548 2604 2604 est,
2620 2542 2900 2613 incipiunt
2928 2542 3140 2613 pulsari
3169 2545 3357 2598 omnia
3379 2545 3559 2615 signa,

1965 2640 2023 2688 et
2039 2650 2165 2687 mox
2195 2633 2250 2686 in
2276 2632 2528 2685 exeundo
2555 2632 2894 2702 praecedunt,
2942 2631 3037 2702 qui
3071 2648 3275 2702 aquam
3305 2639 3361 2687 et
3385 2633 3568 2688 thuri-

1962 2722 2159 2776 bulum
2190 2722 2412 2775 ferunt:
2444 2736 2583 2791 quos
2612 2725 2944 2791 sequuntur,
2976 2719 3072 2789 qui
3099 2721 3563 2790 portant'cande-

1964 2811 2124 2864 labra
2145 2815 2203 2864 et
2243 2814 2457 2865 textum
2527 2807 2811 2878 Evangelii
2862 2807 3013 2861 inter
3051 2808 3175 2880 ipsa
3206 2808 3560 2877 candelabra,

1961 2900 2167 2953 domno
2194 2898 2397 2952 abbate
2434 2897 2659 2950 eosdem
2712 2895 3035 2950 comitante.
3068 2896 3206 2950 Post
3252 2912 3347 2950 eos
3400 2896 3555 2951 ince-
3658 2906 3661 2913 '

262 2984 479 3038 tinent.
513 2985 709 3040 Potest
754 2984 944 3051 etiam,
977 2985 1024 3040 si
1051 2986 1191 3040 adeo
1228 3002 1354 3041 sero
1383 2989 1488 3052 est,
1519 3001 1677 3039 omna
1704 2984 1874 3039 mini-
1893 3000 1937 3061 α
1960 2988 2103 3047 dunt
2144 2988 2359 3059 priores
2388 2985 2587 3039 eodem
2616 2984 2832 3051 ordine,
2880 3000 2991 3054 quo
3025 2985 3209 3039 solent
3237 2985 3307 3039 ad
3336 3001 3560 3040 crucem

260 3077 527 3149 stratum
557 3088 687 3129 cum
716 3074 876 3132 micis
931 3073 1128 3144 accipi,
1162 3091 1234 3129 ne
1273 3080 1504 3145 propter
1532 3074 1638 3129 hoc
1666 3072 1878 3127 diutius

266 3160 528 3224 debeant
553 3161 867 3223 immorari.
898 3163 959 3221 Si
981 3163 1282 3233 contigerit
1309 3163 1554 3233 aliquem
1586 3167 1718 3216 ante
1763 3163 1881 3215 col-

260 3250 548 3327 laticium
566 3252 815 3318 reﬁcere,
828 3251 913 3310 illi
958 3252 1350 3308 refectorarius
1374 3268 1577 3323 panem
1602 3256 1660 3305 et
1685 3256 1880 3323 potum

258 3338 443 3405 debet
499 3338 844 3402 ministrare.
893 3340 1227 3412 Quicunque
1277 3357 1409 3395 vero
1455 3345 1651 3411 postea
1677 3340 1875 3405 reiicit,

260 3427 407 3493 huic
434 3427 765 3507 cellerarius
788 3431 1110 3501 necessaria
1138 3428 1501 3485 ministrabit.
1533 3429 1617 3483 Ad
1651 3428 1880 3483 manda-

255 3522 392 3582 tum
416 3532 574 3582 enim.
599 3516 697 3586 qui
714 3517 1033 3589 cymbalum
1058 3534 1425 3588 percussurus
1446 3517 1879 3588 egreditur,ipse

254 3604 545 3671 continua
584 3605 969 3676 subsequitur.
1001 3606 1337 3678 Cymbalum
1368 3610 1427 3660 et
1464 3606 1651 3675 scillae
1685 3605 1743 3661 in
1778 3621 1880 3676 pa-

256 3711 504 3767 tesceve
543 3694 709 3762 lavat,
742 3699 801 3750 et
822 3695 881 3752 in
910 3696 1107 3753 eodem
1137 3696 1259 3752 loco
1299 3694 1587 3749 malleolos
1633 3694 1871 3763 ligneos,

250 3800 413 3854 quos
433 3799 472 3841 β
496 3782 712 3845 decano
741 3783 885 3842 villae
913 3785 1132 3856 accipit,
1165 3800 1286 3839 esse
1318 3788 1600 3855 procurat.
1624 3782 1877 3854 Hospiti-

254 3871 371 3939 ἔθυε
399 3872 955 3947 supervenientibus,
1005 3878 1175 3944 prout
1222 3873 1373 3928 videt
1418 3872 1498 3927 eis
1538 3872 1681 3937 dari,
1716 3876 1878 3926 curat

249 3960 580 4027 stationem
612 3960 674 4022 in
702 3962 893 4026 ehem,
916 3960 1037 4033 ipse
1066 3978 1288 4033 quoque
1307 3961 1405 4017 dat
1432 3960 1662 4016 sedendi
1690 3960 1876 4014 locum

249 4050 317 4117 in
356 4048 688 4113 refectorio.
717 4050 935 4124 Quibus
982 4054 1037 4106 et
1074 4050 1326 4120 justitias
1367 4049 1587 4104 noviter
1622 4049 1786 4120 latas.
1827 4048 1876 4103 si

1959 3076 2278 3147 procedere.
2318 3073 2494 3139 Tunc,
2528 3072 2745 3133 caeteris
2774 3072 2921 3127 infra
2951 3073 3239 3127 ecclesiam
3269 3090 3562 3128 remanen-

1960 3164 2131 3231 tibus,
2151 3163 2390 3216 domnus
2410 3160 2556 3214 abba
2575 3176 2703 3215 cum
2722 3159 2967 3228 praefatis
2983 3161 3403 3230 processeribus
3427 3177 3561 3232 pro-

1962 3253 2109 3307 cedit
2136 3251 2352 3305 obviam
2382 3266 2561 3320 usque
2583 3249 2653 3302 ad
2676 3249 2859 3302 valvas
2893 3248 3154 3303 ecclesiae.
3434 3255 3442 3261 ’

2036 3341 2094 3395 Si
2116 3344 2202 3394 est
2234 3356 2382 3411 papa
2399 3339 2485 3392 vel
2511 3354 2625 3403 rex,
2654 3337 2738 3389 vel
2774 3335 2945 3390 Pater
2970 3337 3316 3404 monasterii,
3346 3337 3443 3408 qui
3469 3354 3560 3393 su-

1960 3430 2216 3501 scipitur,
2238 3434 2392 3487 totus
2407 3430 2713 3480 conventus
2743 3441 2921 3496 usque
2950 3425 3020 3479 ad
3055 3430 3273 3496 portam
3304 3426 3559 3482 Paradisi

1962 3519 2104 3589 (147)
2134 3516 2513 3589 progreditur,
2546 3519 2603 3568 et
2651 3514 2698 3568 si
2735 3518 2821 3569 est
2850 3530 2996 3586 papa
3025 3513 3110 3567 vel
3141 3514 3433 3585 episcopus
3461 3516 3558 3571 ﬂa-

1960 3607 2171 3662 bellum
2203 3605 2253 3658 ei
2284 3604 2475 3667 datur,
2503 3619 2613 3674 quo
2634 3602 2879 3673 seipsum
2909 3608 3205 3673 aspergat:
3240 3603 3327 3657 sin
3345 3610 3556 3672 autem,

1959 3696 2096 3767 ipse,
2132 3694 2227 3765 qui
2249 3692 2616 3763 suscipientes
2645 3691 2911 3762 aspergit,
2940 3696 2998 3744 et
3040 3692 3331 3746 incensum
3360 3709 3462 3763 per
3497 3709 3559 3748 se

1955 3784 2281 3855 impositum
2335 3782 2537 3843 eidem,
2571 3782 2950 3850 cujuscunque
2987 3781 3063 3834 sit
3111 3779 3343 3845 ordinis,
3376 3781 3557 3837 offert.

1956 3873 2170 3928 Deinde
2191 3876 2347 3925 textu
2368 3870 2641 3940 evangelii
2660 3869 2983 3949 deosculato
2996 3872 3276 3938 cantuque
3297 3868 3559 3941 imposito

1956 3961 2258 4016 revertitur
2276 3959 2574 4029 processio,
2591 3957 2795 4011 domno
2833 3956 3035 4010 abbate
3060 3973 3209 4019 eum,
3244 3958 3340 4028 qui
3369 3974 3558 4013 susce-

1957 4055 2089 4121 ptus
2119 4054 2205 4102 est
2225 4064 2324 4118 per
2350 4062 2580 4100 manum
2602 4046 2840 4100 ducente
2868 4060 3047 4115 usque
3077 4044 3149 4097 ad
3179 4049 3368 4114 tapete
3407 4047 3557 4116 quod

1956 4143 2197 4193 stratum
2210 4142 2297 4191 est
2309 4142 2442 4190 ante
2463 4136 2642 4189 altare
2680 4138 2885 4187 sanctae
2900 4131 3095 4186 Crucis
3116 4147 3286 4202 super
3297 4133 3551 4201 juncum.

249 4154 411 4210 ρριιε
452 4143 569 4205 est,
590 4143 655 4199 ut
672 4139 948 4211 laventur,
978 4140 1221 4210 reponit.
1256 4140 1399 4194 Nam
1426 4143 1658 4209 propter
1686 4138 1791 4193 hoc
1813 4142 1878 4191 ut

249 4227 481 4299 aliquis
524 4227 607 4289 vel
628 4228 899 4298 exiturus,
923 4228 1010 4293 vel
1040 4228 1110 4282 de
1139 4228 1344 4282 itinere
1376 4228 1622 4288 rediens,
1657 4225 1878 4280 benedi-
1959 4225 2320 4281 lbidimissus
2341 4225 2411 4278 ab
2432 4239 2516 4288 eo,
2542 4221 2848 4293 prosternit
2865 4237 2924 4274 se
2944 4220 3017 4274 ad
3030 4219 3364 4274 orationem.
3397 4220 3558 4275 Abba

245 4317 523 4383 stionem
550 4316 769 4388 mipu,
784 4316 906 4388 ipse
925 4317 1011 4373 vel
1035 4317 1260 4387 adjutor
1275 4318 1397 4386 eius
1425 4317 1726 4386 diligenter
1752 4319 2150 4416 pro-Dantem
2192 4311 2305 4366 illic
2345 4314 2645 4381 exspectat,
2662 4309 2868 4408 .donec.
2893 4307 3205 4361 orationem
3236 4308 3431 4416 finiat.)
3448 4309 3557 4372 Qui

246 4405 457 4477 spicit,
482 4403 583 4474 qui
612 4404 701 4462 rei
727 4411 864 4479 quot
890 4405 1093 4464 fratres
1131 4404 1581 4471 benedictionem
1611 4410 1744 4458 tunc
1786 4418 1874 4457 ac-
1894 4396 1942 4416 "
1958 4420 2089 4458 vero
2109 4399 2453 4474 processioni
2472 4397 2801 4461 inserviunt,
2828 4396 2972 4450 sicut
2996 4412 3168 4467 supra
3196 4396 3268 4449 ad
3293 4397 3555 4467 gradum,

244 4494 488 4565 cipiunt
514 4510 531 4559 ;
561 4497 625 4551 ut
648 4493 790 4568 sciat
828 4494 1079 4563 justitias
1118 4510 1418 4565 apponere,
1450 4492 1771 4559 obserVans,
1812 4497 1875 4546 ut
1954 4492 2033 4546 ita
2058 4491 2150 4545 hic
2173 4496 2305 4545 ante
2334 4489 2514 4543 altare
2545 4485 2788 4540 ordinati
2815 4485 3154 4539 consistunt.
3174 4484 3363 4539 Finito
3390 4490 3559 4541 cantu

244 4582 493 4649 milium
516 4580 746 4653 fratrem
762 4583 831 4637 ad
852 4599 1109 4638 mensam
1130 4581 1362 4637 alterius
1399 4582 1482 4637 vel
1502 4580 1738 4636 inferius
1764 4580 1875 4634 col-
1955 4587 2209 4635 cessatur
2233 4595 2270 4633 a
2297 4575 2635 4649 pulsatione,
2657 4572 3020 4643 subjungitur
3048 4588 3195 4626 unus
3223 4573 3294 4626 de
3323 4572 3411 4627 his
3433 4589 3556 4628 ver-

242 4672 436 4739 ιροει.
460 4669 609 4741 quin
632 4671 773 4731 sciat
797 4672 917 4740 ejus
945 4671 1200 4727 ordinem
1226 4687 1366 4727 esse.
1956 4669 2167 4735 siculis,
2195 4667 2293 4738 qui
2346 4669 2621 4735 congruat
2657 4668 2926 4733 susceptae
2967 4677 3240 4732 personae,
3281 4667 3561 4731 protector

321 4761 483 4826 Item
516 4758 591 4820 ad
618 4757 778 4820 illum
807 4761 1069 4831 pertinet,
1102 4765 1167 4815 ut
1194 4760 1347 4816 omni
1373 4758 1465 4814 die
1494 4757 1787 4815 Dominica
1820 4763 1877 4814 et
1956 4764 2157 4819 noster,
2186 4759 2363 4825 aspice
2387 4755 2545 4809 Deus.
2590 4753 2711 4806 Fiat
2740 4767 2943 4805 manus
2975 4750 3073 4804 tua
3111 4765 3279 4819 super
3304 4766 3421 4806 nos.
3453 4753 3561 4806 Do-

242 4847 622 4919 ferias;qu
640 4853 765 4919 post
786 4849 1095 4921 capitulum
1125 4849 1224 4905 illa
1243 4848 1623 4917 manutergia,
1672 4864 1795 4918 quae
1817 4846 1875 4901 in
1963 4849 2155 4901 minus
2183 4845 2451 4899 custodiat
2482 4844 2781 4895 introitum
2813 4845 2976 4893 tuum
3033 4845 3081 4893 et
3110 4842 3340 4895 exitum.
3374 4840 3563 4896 Sacer-

238 4938 516 5007 ψυωο
538 4937 786 5008 pendent
812 4939 884 4993 ad
906 4938 1209 5009 targendas
1254 4953 1475 5001 manus,
1507 4940 1707 4990 mutet.
1738 4938 1880 4992 Item
1961 4935 2107 4989 dotes
2138 4936 2225 4987 tui
2249 4933 2492 4986 induant
2510 4932 2818 4999 justitiam.

239 5032 314 5097 ιιι
333 5025 497 5085 Sciat
518 5025 725 5094 quibus
736 5026 938 5087 diebus
952 5043 1160 5082 mensae
1175 5043 1242 5080 ex
1258 5030 1377 5081 toto
1389 5041 1515 5081 cum
1536 5023 1880 5079 mensalibus
2033 5022 2295 5076 Redeunt
2341 5035 2535 5074 omnes
2581 5033 2710 5071 cum
2769 5015 2996 5070 silentio
3021 5015 3080 5069 in
3109 5014 3365 5079 chorum,
3390 5027 3564 5069 unus-

242 5120 372 5177 sint
398 5115 815 5188 cooperiendm.
848 5116 918 5172 Et
945 5116 1051 5173 hoc
1078 5119 1167 5171 est
1195 5114 1414 5186 quoties
1439 5114 1627 5171 cuncti
1675 5112 1879 5168 fratres
1962 5110 2201 5182 quisque
2224 5110 2284 5163 in
2312 5109 2496 5163 locum
2527 5123 2691 5160 suum
2714 5124 2727 5174 ;
2760 5105 2841 5159 ita
2870 5111 2932 5159 ut
2960 5104 3177 5175 priores
3199 5103 3315 5156 sint
3324 5098 3564 5171 proximi

1960 5269 2119 5310 num.
2150 5249 2185 5308 8
2243 5249 2502 5315 habetur,
2547 5253 2671 5315 erat
2725 5246 3033 5320 oratorium
3085 5238 3565 5320 qpadriporticum

1959 5308 2222 5385 basilicae,
2260 5308 2596 5376 Paradismn
2638 5312 2873 5392 dictum,
2899 5308 3047 5370 unde
3093 5308 3162 5366 ab
3195 5308 3566 5392 eti—oratorio

1999 5413 2061 5449 er
2089 5382 2426 5448 Paradisum
2459 5388 2834 5462 procedebant
2859 5387 2916 5462 in
2967 5383 3319 5462 processione
3349 5382 3553 5462 clerici.

327 5257 491 5327 (147)
530 5259 694 5314 Porta
734 5257 997 5310 Paradisi
1018 5274 1045 5327 :7
1088 5254 1392 5312 Paradisus
1428 5253 1879 5327 quadriperticus

245 5325 386 5389 erat
420 5334 567 5384 ante
592 5327 881 5382 basilicam
925 5326 1254 5395 Vaticanam
1313 5344 1348 5380 a
1391 5325 1758 5380 Cdnstantino
1797 5325 1871 5379 M.

242 5404 572 5464 odiﬁcata,
603 5415 640 5452 a
678 5392 966 5469 Simplicio
995 5392 1055 5452 et
1072 5398 1357 5469 Symacho
1380 5397 1649 5469 Romanis
1678 5396 1875 5469 ponti-
1958 5412 2068 5469 per
2089 5394 2426 5469 Paradisum
2445 5392 2834 5469 procedebant
2859 5392 2916 5469 i_n
2967 5392 3319 5469 processipne
3349 5392 3455 5469 cl‘er

529 5454 843 5543 geminati
867 5454 931 5543 et
980 5454 1298 5543 Severauus
1332 5469 1414 5543 de
1444 5468 1566 5543 yll.
1598 5454 1763 5543 Urbis
1785 5483 1875 5522 ec—
1958 5454 2167 5543 Eodem
2192 5464 2423 5543 nomine
2435 5454 2728 5543 bodieque
2736 5458 2887 5543 apud
2917 5454 3018 5510 nos
3039 5454 3566 5543 appellant;
3630 5530 3635 5535 1

338 5546 573 5667 ἔξθαῖ
580 5539 884 5667 dixit
1227 5538 1876 5665 ἓᾟξιξέεέῗεὲθέἕὲξ

1967 5536 2206 5667 ἓωξῗβῇω
2251 5534 2479 5609 majoris
2533 5525 3033 5603 quidripbrticum,
3060 5525 3249 5598 {vulgo
3303 5525 3568 5587 Paradeis

2009 5626 2050 5662 az
2094 5624 2174 5662 in.
3044 5640 3062 5664 ,

296 5605 657 5672 ὃίτῦἀῖἱιῖ
669 5605 877 5667 Veteri
906 5605 1489 5668 'orawtiouali'basilicm
1516 5605 1695 5665 sancti
1722 5605 1876 5662 Petri
1963 5605 2174 5675 eum.
