3908 6168
409 220 543 278 ΗΜ
572 284 584 295 ,
1445 226 1501 280 S.
1544 227 1938 284 (iUILLELMI
1978 229 2279 285 ABBATIS
2318 229 2656 285 I-llRSAUG.
3516 224 3642 283 1112

415 345 581 400 altari
607 346 921 419 principali.
946 349 1168 403 Ultimis
1183 354 1371 403 autem
1393 350 1600 405 domno
1623 352 1824 408 abbate
1849 360 1905 408 et
1924 371 2009 423 eo,
2030 360 2076 417 Α
2099 355 2323 409 licentia
2375 355 2531 409 ducit
2572 369 2698 408 eum
2745 352 2801 407 in
2830 354 3153 407 claustrum.
3174 353 3243 408 Et
3273 353 3320 406 si
3364 368 3471 407 non
3511 354 3647 407 novit

419 436 515 505 qui
546 442 837 507 susceptus
863 444 949 491 est
984 455 1108 492 cum
1168 439 1274 501 his,
1300 440 1396 510 qui
1438 442 1779 510 processioni
1831 443 2015 497 inser—
2096 451 2351 498 nostrum
2407 444 2683 511 ordinem,
2713 443 2870 514 prius
2911 443 2962 497 ei
3008 442 3295 497 humiliter
3332 442 3561 496 ostendit
3587 443 3648 496 de

414 523 591 591 viunt,
625 526 859 579 chorum
890 526 1257 584 intrantibus:
1287 530 1333 582 si
1361 529 1530 583 Pater
1544 532 2010 594 monasteriLrex,
2096 533 2501 587 consuetudine
2529 538 2742 597 nostra,
2771 531 2981 586 scilicet
3020 536 3087 585 ut
3113 531 3161 585 si
3187 526 3239 585 ei
3274 531 3468 602 placet,
3489 531 3650 585 intra-

418 613 504 666 vel
527 614 885 683 apostolicus,
921 617 1248 687 suscipitur,
1280 618 1414 672 item
1441 625 1638 673 cantus
1667 619 2008 692 imponitur:
2095 629 2259 676 turus
2290 621 2577 676 ecclesiam
2599 620 2670 675 ad
2701 620 2873 675 limen
2891 620 3109 674 veniam
3129 625 3285 690 petat
3300 624 3655 690 etprosternat

422 701 469 754 si
498 719 626 756 vero
648 704 941 776 episc0pus
968 706 1051 759 vel
1076 705 1266 765 abbas.
1298 708 1546 778 psalmus
1566 709 1781 780 primus
1817 710 2017 764 decan-
2096 727 2156 765 se
2186 711 2256 764 ad
2282 710 2614 775 orationem,
2644 710 2690 764 si
2721 715 2807 764 est
2835 709 2956 763 dies
2996 710 3196 765 festus.
3222 709 3481 763 Adhaeret
3514 708 3560 761 ei
3574 710 3654 779 ju-

419 793 598 848 tatur.
638 793 869 847 Interim
892 794 1133 849 domnus
1158 795 1329 850 abbas
1388 814 1446 851 se
1496 798 1765 863 disvestit,
1802 804 1860 851 et
1895 799 2015 853 sine
2096 800 2243 870 giter
2271 805 2326 854 et
2354 799 2707 853 monstratin
2727 799 2929 869 quibus
2946 798 3082 852 locis
3096 797 3299 853 debeat
3321 797 3655 869 orare,primo

419 896 579 933 mora
608 882 831 936 rediens
864 890 988 953 post
1019 886 1295 955 psalmum
1338 887 1580 956 primum
1619 892 1677 941 et
1705 887 2014 941 orationem
2099 890 2168 944 ad
2188 890 2244 944 S.
2267 888 2594 952 Crucem,in
2625 888 2792 941 choro
2810 887 2880 941 ad
2911 888 3089 941 altare
3121 886 3444 958 principale,
3475 886 3520 941 si
3543 902 3656 941 oon-

422 967 772 1024 Dominicam
799 971 1096 1031 subinfert,
1116 991 1217 1044 pro
1240 975 1497 1046 episcopo
1526 992 1698 1030 unum
1725 977 1794 1030 de
1822 977 2020 1047 praedi-
2098 985 2298 1033 ventus
2325 994 2436 1032 non
2460 984 2545 1030 est
2572 977 2627 1029 in
2656 992 2741 1041 eo,
2764 981 2864 1029 aut
2903 975 2950 1028 si
2976 974 3211 1030 ecclesia
3235 991 3351 1029 non
3373 979 3457 1028 est
3472 974 3654 1033 clausa.

425 1057 528 1109 ctis
559 1058 827 1129 quinque,
863 1077 1027 1130 quem
1062 1067 1251 1116 tamen
1302 1063 1457 1134 prius
1499 1081 1608 1118 non
1649 1065 1868 1122 dixerit.
1912 1066 2020 1120 Pro
2101 1075 2159 1123 et
2186 1069 2337 1121 intus
2376 1073 2508 1121 sunt
2534 1065 2705 1136 aliqui
2755 1065 3074 1136 populares,
3111 1063 3338 1118 tant'um
3366 1063 3436 1117 ad
3485 1063 3654 1128 altare,

422 1144 625 1200 abbate
664 1147 1025 1219 subjungitur
1053 1167 1246 1204 versus
1267 1152 1495 1207 Salrmn
1518 1156 1607 1220 fac
1626 1170 1841 1206 scrtum
1872 1156 2020 1210 Mitte
2104 1157 2250 1228 quod
2274 1163 2360 1210 est
2387 1157 2443 1210 in
2464 1156 2657 1210 dextra
2679 1160 2839 1225 parte
2878 1153 3053 1216 chori,
3083 1161 3141 1207 et
3183 1152 3256 1226 ad
3295 1152 3354 1207 S.
3378 1152 3593 1206 Mariam
3612 1152 3659 1205 in

423 1237 478 1288 ei
504 1237 751 1298 Domine,
788 1254 913 1291 cum
938 1240 1133 1294 ordine
1163 1241 1213 1294 ei
1235 1248 1596 1311 congruente.
1626 1242 1786 1306 Quod
1814 1243 1861 1295 si
1901 1243 2020 1313 epi—
2104 1246 2288 1300 medio
2310 1246 2486 1316 ipsius
2513 1243 2829 1315 capellae.Si
2851 1247 3119 1312 tempore,
3152 1258 3264 1312 quo
3296 1242 3496 1294 fratres
3520 1240 3661 1294 meri-

426 1326 581 1395 seopi
608 1327 693 1379 vel
721 1326 893 1381 abbas
921 1329 1090 1384 simul
1119 1331 1797 1402 suscipiuntur,dicuntur
1818 1332 1874 1385 hi
1896 1350 2019 1387 ver—
2104 1334 2334 1387 diantur
2357 1333 2550 1387 eadem
2573 1347 2742 1386 causa
2773 1330 3178 1401 supervenerit,
3210 1334 3341 1400 post
3382 1344 3573 1382 nonam
3596 1328 3664 1383 in-

426 1430 543 1472 sus.
565 1415 880 1471 Sacerdotes
913 1422 1014 1472 tui.
1050 1421 1202 1473 Mille
1232 1424 1327 1473 eis.
1359 1421 1514 1474 Tunc
1549 1420 1594 1473 si
1625 1426 1710 1474 est
1737 1421 1908 1476 abbas
1938 1421 2020 1475 vel
2104 1422 2447 1482 troducitur;
2488 1421 2536 1475 si
2578 1437 2707 1475 vero
2763 1424 2887 1491 post
2929 1419 3358 1490 completorium
3397 1434 3461 1471 ex
3495 1417 3661 1471 eadem

428 1503 721 1574 episcopus
749 1506 927 1559 nostri
948 1508 1178 1573 ordinis,
1203 1503 1433 1575 ducunt,
1482 1509 1539 1562 in
1571 1526 1736 1579 quem
1777 1511 1882 1563 sibi
1904 1509 2020 1581 pla-
2101 1528 2269 1566 causa
2286 1511 2561 1564 adventus
2581 1509 2755 1580 ipsius
2777 1525 2895 1562 esse
2914 1507 3285 1577 dignoscitur,
3316 1524 3385 1560 ea
3402 1512 3555 1560 nocte
3571 1507 3666 1560 exit

429 1595 537 1654 cet,
570 1592 776 1646 locum.
828 1594 886 1647 Si
934 1612 1064 1649 vero
1114 1612 1277 1667 papa,
1308 1599 1394 1651 vel
1449 1614 1566 1660 rex,
1596 1598 1677 1652 vel
1729 1591 2088 1670 cpiscopusB
2108 1602 2416 1656 claustrum
2452 1614 2768 1663 remanens,
2798 1598 2856 1651 in
2885 1596 3141 1667 sequenti
3168 1596 3263 1650 die
3300 1600 3432 1650 ante
3457 1595 3665 1665 primam

427 1680 701 1735 clericalis
756 1683 990 1747 ordinis,
1037 1684 1251 1739 ducunt
1289 1704 1418 1740 eum
1466 1687 1522 1741 in
1561 1688 1806 1758 aliquem
1837 1688 2019 1742 locum
2106 1690 2188 1744 vel
2216 1690 2327 1744 alio
2356 1696 2610 1759 tempore
2634 1693 2766 1741 ante
2784 1687 3009 1741 tertiam
3036 1685 3206 1739 simili
3228 1685 3397 1739 modo
3415 1690 3665 1743 oraturus,

429 1766 584 1837 prius
614 1770 684 1823 ad
712 1770 818 1824 hoc
857 1771 1090 1827 honeste
1109 1775 1391 1845 tapetibus
1421 1782 1478 1830 et
1501 1777 1732 1830 cortinis
1747 1793 2022 1848 praepara-
2105 1785 2162 1834 et
2186 1795 2409 1833 versum
2425 1782 2554 1849 post
2580 1776 2829 1847 singulas
2858 1776 3025 1829 horas
3078 1780 3415 1845 accepturus
3441 1770 3668 1826 introdu-

430 1862 573 1922 tum,
602 1857 789 1929 ibique
818 1860 950 1915 data
978 1862 1365 1919 benedictione
1408 1866 1541 1919 facit
1567 1866 1779 1936 aliquid
1805 1867 1874 1920 de
1896 1866 2020 1936 lege
2101 1869 2263 1923 citur.

428 1945 617 2001 divina
644 1964 831 2002 coram
863 1967 928 2004 eo
958 1952 1267 2018 recitari,et
1285 1954 1442 2009 lectis
1469 1954 1650 2010 tribus
1669 1959 1767 2009 aut
1781 1961 2024 2026 quatuor
2178 1957 2355 2011 Porro
2381 1955 2428 2009 si
2460 1954 2735 2024 ejusmodi
2766 1954 2971 2025 hospes
3010 1969 3111 2023 per
3137 1952 3360 2023 aliquot
3375 1956 3586 2023 tempus
3621 1950 3668 2003 in

429 2034 637 2099 verbis,
672 2037 859 2106 signat
890 2039 1130 2095 domnus
1183 2041 1327 2096 abba
1382 2044 1593 2106 lectori,
1627 2050 1692 2098 ut
1729 2045 2023 2099 lectionem
2108 2045 2444 2099 monasterio
2492 2060 2559 2098 ex
2614 2058 2950 2114 quacunque
2992 2057 3163 2095 causa
3200 2041 3417 2095 morari
3446 2038 3664 2103 voluerit,

430 2124 609 2183 ﬁniat.
641 2125 901 2197 dictoque
930 2130 1230 2184 Benedicite
1259 2133 1545 2185 osculatur
1590 2139 1932 2204 susceptum,
1970 2139 2029 2187 et
2108 2134 2238 2187 talis
2268 2149 2390 2187 esse
2421 2137 2625 2203 potest,
2660 2137 2724 2186 ut
2758 2132 2929 2185 etiam
2957 2131 3004 2184 si
3036 2129 3208 2183 abbas
3247 2130 3345 2188 sit,
3374 2134 3669 2183 nontamen

431 2212 528 2266 alii
576 2213 797 2280 fratres,
831 2216 925 2287 qui
955 2234 1083 2271 cum
1132 2235 1197 2272 eo
1227 2226 1357 2273 sunt
1396 2221 1465 2274 ad
1502 2222 1671 2291 pedes
1709 2224 1832 2291 ejus
1853 2222 2027 2276 semel
2106 2223 2285 2277 facilis
2305 2223 2357 2276 ei
2385 2221 2725 2276 concedatur
2750 2221 3053 2290 ingressus.
3079 2219 3186 2272 Sed
3208 2217 3477 2290 quamdiu
3494 2217 3670 2271 domno

430 2301 600 2355 iidem
633 2308 764 2357 ante
793 2305 1046 2359 osculum
1080 2307 1295 2361 veniam
1323 2314 1596 2379 petentes,
1625 2311 1671 2363 si
1702 2316 1788 2365 est
1810 2312 2025 2382 episeo-
2109 2311 2298 2366 abbati
2327 2311 2505 2365 visum
2528 2310 2718 2373 fuerit,
2748 2308 2883 2362 foris
2929 2313 3205 2371 moratur,
3229 2312 3429 2379 postea
3455 2305 3672 2360 introdu-

432 2407 538 2461 pus
565 2391 648 2446 vel
674 2391 865 2458 abbas;
897 2393 941 2447 si
973 2402 1160 2449 autem
1188 2413 1303 2459 rex,
1326 2398 1409 2451 vel
1433 2399 1773 2468 apostolicus
1812 2406 1869 2454 ct
1897 2406 2027 2454 ante
2110 2401 2284 2466 citur;
2318 2398 2706 2470 praescriptum
2739 2404 2929 2451 tamen
2951 2396 3205 2451 ordinem
3231 2396 3544 2450 orationum
3564 2409 3671 2464 pro-

433 2484 490 2534 et
520 2486 733 2550 postea.
770 2482 982 2536 Deinde
1010 2500 1137 2536 cum
1186 2501 1252 2538 eo
1303 2486 1552 2557 loquitur
1595 2489 1740 2558 quod
1772 2488 1872 2542 sibi
1900 2505 2028 2543 con—
2108 2495 2236 2561 pter
2263 2493 2378 2542 tam
2411 2489 2638 2557 longum
2672 2487 2943 2540 adventus
2967 2490 3026 2539 et
3070 2484 3670 2539 introductionisinter-

432 2585 637 2638 gruum
652 2569 891 2623 videtur.
915 2572 1161 2626 Tandem
1180 2574 1308 2627 facit
1331 2592 1458 2629 eum
1478 2577 1548 2629 ad
1565 2576 1865 2647 hospitium
1879 2577 2023 2642 duci,
2109 2580 2315 2631 vallum
2347 2594 2460 2631 non
2476 2574 3266 2645 observaturus.Capellanum
3290 2572 3397 2639 etsi
3415 2571 3668 2643 proprium

434 2656 733 2728 ipsumque
754 2676 879 2713 cum
904 2660 1164 2715 omnibus
1201 2662 1319 2717 suis
1361 2664 1689 2719 charitative
1714 2672 1771 2719 et
1798 2667 2029 2720 honeste
2110 2667 2335 2732 habeat,
2362 2667 2514 2736 prior
2541 2664 2732 2719 abbati
2770 2663 3025 2735 providet
3060 2664 3260 2729 alium,
3295 2662 3392 2734 qui
3424 2663 3673 2716 lucernam

432 2747 683 2800 tractari.
711 2747 1007 2802 Sciendum
1032 2756 1246 2821 autem,
1267 2751 1411 2822 quod
1436 2754 1646 2819 nullus,
1679 2755 1774 2824 qui
1800 2755 1874 2808 sit
1900 2771 2030 2825 pro-
2113 2774 2145 2810 a
2177 2754 2486 2809 camerario
2518 2761 2800 2825 acceptam
2849 2758 2979 2807 ante
3026 2769 3155 2806 eum
3200 2758 3373 2806 noctu
3399 2755 3586 2822 portet.
3621 2763 3673 2801 ex

434 2835 692 2890 fessionis
748 2837 807 2890 in
859 2838 1302 2909 Quadragesima
1330 2858 1457 2895 cum
1488 2847 1653 2897 cantu
1701 2844 2024 2915 suscipitur,
2107 2845 2269 2915 cujus
2296 2843 2465 2897 etiam
2491 2842 2782 2912 diligentia
2818 2840 2877 2894 in
2921 2839 3153 2905 caeteris,
3190 2855 3321 2910 quae
3354 2839 3425 2893 ad
3454 2837 3672 2892 ordinem

434 2941 617 2995 neque
652 2925 710 2978 in
741 2926 882 2980 albis
908 2945 919 2989 ;
948 2935 1180 2999 excepto
1221 2931 1369 3000 quod
1400 2931 1457 2984 hi
1497 2937 1740 2998 tantum,
1766 2932 1860 3002 qui
1902 2932 2410 3005 pro-“pertinent,
2444 2932 2742 3001 adjuvetur
2763 2929 2914 2983 illius
2943 2928 3291 2997 ignorantia.

526 2981 542 2995 ι
911 2981 919 2989 -
1089 2981 1101 2999 ι
1158 2981 1169 2983 ~
1773 2981 1860 3002 -ρ-
1905 2981 1997 3003 τη
2110 2981 2410 3005 ιν--η-ν---τ
2447 2981 2727 3001 --τα---η-
2949 2981 3139 2997 η
3175 2981 3203 2982 η

436 3013 673 3067 cessioni
707 3015 1020 3070 inserviunt
1048 3016 1189 3071 albis
1213 3024 1270 3073 et
1315 3020 1505 3090 cappis
1523 3027 1655 3075 sunt
1685 3020 1887 3074 induti.
1921 2981 2091 3075 Ne-C
2184 3022 2325 3076 Cum
2350 3024 2577 3074 ventum
2604 3018 2774 3073 fuerit
2799 3018 2869 3072 ad
2896 3017 3094 3072 horam
3112 3016 3454 3078 refectionis,
3476 3014 3611 3087 prior
3632 3015 3678 3065 et

436 3103 647 3159 minem
674 3105 844 3159 etiam
864 3122 1113 3176 unquam
1134 3125 1261 3161 cum
1294 3110 1645 3179 processione
1675 3110 2029 3181 suscipimus,
2116 3110 2288 3166 abbas
2307 3110 2476 3164 simul
2507 3110 2724 3163 intrant
2744 3107 3121 3164 refectorium.
3153 3111 3212 3160 et
3240 3106 3366 3177 pari
3396 3106 3599 3158 incessu
3622 3102 3678 3153 si-

438 3198 737 3264 postquam
768 3196 1128 3249 nocturnales
1157 3197 1465 3252 induimus.
2116 3201 2234 3255 mul
2256 3198 2613 3271 progreditur
2634 3213 2761 3251 cum
2791 3196 2886 3250 illo
2907 3196 2979 3249 ad
3026 3210 3304 3261 mensam,
3340 3201 3399 3249 et
3422 3193 3592 3265 priore
3609 3204 3677 3243 se-

1053 3286 1286 3341 CAPUT
1313 3285 1410 3340 LI.
2115 3291 2284 3345 dente
2311 3288 2383 3342 ad
2397 3287 2630 3348 scillam,
2663 3285 2844 3356 ipsam
2866 3285 3026 3339 sedet
3044 3284 3114 3338 ad
3141 3285 3269 3354 ejus
3308 3284 3599 3345 sinistram,
3631 3282 3679 3332 et

721 3374 796 3426 De
822 3375 1068 3437 ostiario,
1104 3375 1163 3426 id
1190 3379 1264 3426 est
1294 3375 1509 3427 custode
1532 3375 1777 3442 hospitii.
2113 3380 2212 3433 dat
2231 3376 2426 3431 lectori
2448 3374 2919 3429 benedictionem.
2953 3372 3248 3444 Capellani
3289 3373 3428 3442 ejus,
3452 3371 3540 3442 qui
3570 3383 3674 3423 cum

514 3460 626 3525 (ιω.
655 3462 796 3529 car.)
851 3462 1128 3531 Hospites,
1182 3462 1278 3531 qui
1328 3463 1645 3532 equitantes
1699 3464 2022 3531 adveniunt,
2113 3467 2235 3539 ipso
2255 3468 2547 3528 venerunt,
2566 3462 2741 3518 siduo
2785 3466 2937 3530 sunt,
2963 3462 3132 3515 simul
3156 3461 3362 3515 sedent
3382 3455 3676 3514 sicutetalii

442 3550 747 3602 monachos
775 3565 997 3619 quoque
1041 3556 1094 3602 et
1146 3550 1494 3605 honestiores
1535 3552 1764 3606 clericos
1794 3554 2027 3624 pedites,
2116 3555 2383 3626 hospites,
2410 3551 2731 3624 quamvisin
2752 3552 2922 3604 choro
2951 3555 3008 3605 et
3026 3550 3097 3603 ad
3126 3550 3502 3611 collationem,
3541 3548 3677 3617 prout

443 3651 643 3690 uxores
672 3638 843 3690 etiam
884 3636 1194 3691 villicorum
1222 3644 1279 3692 et
1322 3656 1516 3694 omnes
1550 3640 1698 3695 brevi
1730 3642 2034 3712 portitores
2118 3645 2292 3717 priori
2315 3643 2553 3705 videtur,
2581 3640 2894 3693 abinvicem
2918 3643 3272 3709 separentur.
3316 3638 3425 3693 Sed
3452 3637 3497 3691 si
3523 3636 3677 3706 plures

444 3730 632 3778 custos
661 3725 907 3796 hospitii,
938 3726 1032 3795 qui
1060 3743 1124 3779 ex
1177 3728 1579 3783 consuetudine
1634 3736 1720 3783 est
1754 3731 2033 3798 sacerdos,
2120 3738 2271 3795 sunt,
2288 3748 2458 3803 quam
2476 3730 2688 3784 dictum
2717 3734 2821 3788 est,
2837 3744 2947 3781 non
2965 3744 3159 3781 omnes
3173 3726 3674 3782 simulcollocantur.

446 3828 573 3866 cum
602 3814 756 3867 omni
777 3814 975 3885 recipit
995 3815 1357 3885 benignitate.
1381 3816 1663 3888 Quidquid
1681 3836 1820 3889 opus
1846 3820 2035 3885 fuerit,
2119 3824 2194 3877 At
2221 3821 2267 3875 si
2297 3837 2365 3875 ea
2384 3817 2773 3890 supervenerit
2802 3816 2959 3882 hora,
3009 3832 3121 3886 qua
3160 3817 3463 3870 servitores
3487 3815 3594 3884 jam
3623 3808 3680 3863 ad

447 3917 482 3955 a
510 3903 799 3957 cellerario
828 3902 1043 3974 quaerit,
1074 3910 1130 3957 et
1159 3904 1203 3957 si
1261 3906 1405 3959 forte
1430 3907 1753 3961 cellerarius
1790 3925 1899 3962 non
1933 3915 2035 3975 est,
2120 3909 2485 3965 reﬁciendum
2514 3906 2904 3969 consederunt,
2927 3903 3210 3958 detinetur
3224 3905 3452 3959 interim
3472 3918 3504 3955 a
3529 3900 3681 3971 priore

448 3992 649 4063 qumrit
672 4009 706 4046 a
733 3993 1063 4059 camerario,
1113 4000 1177 4047 ut
1225 3993 1271 4048 si
1320 3995 1447 4049 talis
1475 4001 1563 4049 est
1614 3997 1788 4061 locus,
1828 3998 2039 4069 absque
2120 4016 2222 4072 per
2247 3998 2499 4070 spiritale
2527 3994 2888 4066 colloquium,
2924 3998 2982 4046 et
2999 3999 3301 4064 postquam
3325 3993 3682 4047 servitoresre-

448 4081 601 4135 omni
631 4081 989 4136 excusatione
1016 4087 1394 4153 comparetur.
1442 4084 1601 4147 Quod
1632 4085 1679 4139 si
1717 4085 1859 4139 forte
1879 4085 2041 4139 celle—
2120 4088 2373 4152 fecerint,
2403 4085 2582 4140 reﬁcit
2610 4090 2666 4138 et
2693 4085 2814 4154 ipse
2860 4082 3061 4135 sedens
3094 4082 3165 4135 ad
3195 4087 3369 4153 caput
3393 4076 3681 4135 alterutrius

448 4170 632 4224 rarius
660 4170 837 4236 abest,
875 4176 933 4224 et
966 4171 1078 4224 tale
1124 4171 1259 4242 quid
1305 4178 1391 4226 est
1442 4173 1740 4235 inclusum,
1783 4174 1932 4244 quod
1971 4174 2040 4227 ad
2123 4192 2396 4247 supremae
2415 4174 2636 4230 tabulae,
2661 4169 3434 4239 comitibusejussedentibus
3457 4169 3600 4238 juxta
3615 4179 3675 4217 se.

447 4259 754 4331 hospitium
783 4259 1039 4331 protinus
1065 4260 1443 4314 necessarium
1480 4268 1567 4316 est
1592 4279 1777 4328 usum,
1811 4263 1905 4317 ille
1928 4278 2040 4327 vas,
2128 4265 2287 4329 Quod
2332 4263 2378 4317 si
2407 4268 2523 4316 tam
2547 4278 2672 4315 sero
2723 4258 3033 4327 advenerit,
3063 4262 3128 4312 ut
3182 4264 3317 4312 ante
3364 4257 3679 4311 collationem

448 4350 508 4404 in
530 4366 641 4420 quo
661 4354 849 4420 sperat
878 4348 1014 4402 illud
1047 4349 1340 4413 contineri,
1375 4350 1465 4420 pie
1488 4350 1763 4405 violentus
1797 4367 1909 4405 non
1945 4341 2098 4405 (ἴασι)
2126 4353 2279 4408 reﬁci
2306 4368 2416 4406 non
2438 4350 2636 4422 possit,
2658 4365 2837 4418 usque
2893 4353 3020 4418 post
3063 4347 3489 4419 completorium
3516 4354 3681 4411 exspe-

449 4436 593 4491 bitat
621 4438 882 4507 frangere
910 4437 969 4490 in
994 4437 1095 4490 tali
1116 4438 1468 4502 necessitate,
1499 4444 1563 4492 ut
1589 4439 1883 4510 integritas
1911 4440 2046 4494 cha-
2128 4447 2261 4508 ctat,
2293 4445 2630 4511 acceptaque
2673 4436 3074 4491 benedictione.
3100 4435 3156 4490 in
3192 4435 3458 4507 praedicto
3482 4433 3591 4486 loco
3614 4443 3683 4481 se-

450 4525 636 4579 ritatis
673 4542 775 4596 per
800 4525 990 4579 omnia
1032 4526 1279 4580 salvetur
1317 4527 1369 4580 in
1402 4527 1714 4583 exhibenda
1737 4529 2048 4601 hospitibus
2129 4531 2269 4585 deus
2290 4530 2488 4594 reﬁcit,
2520 4527 2614 4582 ubi
2642 4526 2832 4580 tamen
2862 4526 3006 4579 alius
3028 4524 3203 4579 frater
3230 4541 3297 4579 eo
3327 4529 3565 4594 tempore
3589 4530 3680 4572 non

452 4614 823 4668 humanitate.
2130 4620 2289 4675 sedet
2316 4618 2591 4684 reﬁciens;
2625 4614 2724 4669 sed
2753 4615 2822 4669 ad
2852 4616 3021 4668 ﬁnem
3069 4612 3272 4668 tabulae
3302 4619 3566 4668 extremae.
3594 4603 3681 4669 Qui

524 4703 622 4757 Est
643 4703 811 4756 etiam
836 4704 1202 4767 consuetudo,
1234 4704 1281 4758 si
1301 4705 1591 4760 cellerario
1615 4722 1727 4773 non
1757 4712 1861 4773 est,
1894 4707 2046 4779 quod
2129 4709 2322 4773 etiam,
2365 4706 2569 4761 siinfra
2582 4703 2938 4758 refectionem
2954 4703 3337 4757 ministrorum
3367 4701 3445 4755 ita
3469 4693 3681 4760 advenit,

452 4792 533 4847 eis
561 4795 826 4863 apponat,
876 4797 941 4846 ut
986 4792 1043 4845 in
1091 4793 1448 4847 refectorium
1498 4800 1629 4848 ante
1669 4795 1929 4849 abbatem
1959 4797 2045 4849 vel
2127 4806 2191 4852 ut
2206 4814 2331 4852 cum
2351 4796 2432 4850 eis
2470 4793 2711 4866 pleniter
2729 4794 2957 4847 reﬁcere
2975 4792 3312 4862 nequiverit.
3356 4790 3465 4844 illis
3487 4797 3683 4854 surgen-

451 4881 696 4953 priorem
721 4881 924 4947 veniat,
950 4887 1005 4935 et
1022 4881 1150 4935 inde
1168 4881 1390 4952 signum
1416 4883 1760 4939 faciat.Tunc
1780 4884 2044 4938 continuo
2126 4887 2279 4941 tibus
2306 4887 2427 4955 ipse
2455 4890 2597 4937 nutu
2626 4881 2979 4953 praesidentis
3004 4885 3278 4944 remanet,
3299 4886 3357 4934 et
3389 4892 3553 4948 usque
3569 4874 3680 4925 dum

452 4988 487 5025 a
515 4969 847 5042 praesidente
875 4969 956 5023 illi
976 4969 1249 5035 innuitur,
1274 4976 1337 5024 ut
1367 4988 1555 5025 coram
1593 4990 1653 5027 se
1691 4972 1871 5044 posita
1899 4972 2044 5027 acci-
2127 4977 2541 5048 pertranseant,
2573 4976 2685 5026 stat
2706 4970 2929 5024 inclinis
2974 4970 3325 5040 refectusque
3352 4981 3558 5021 versum
3574 4973 3679 5015 cum

426 5060 588 5133 _piat.
621 5059 1028 5115 Verumtamen
1056 5060 1304 5114 studiose
1324 5066 1499 5126 cavet,
1526 5066 1591 5115 ut
1628 5078 1919 5132 nunquam
1950 5078 2045 5114 ex-
2128 5064 2343 5136 psalmo
2370 5066 2503 5116 ante
2528 5059 2782 5114 eamdem
2805 5058 3054 5112 tabulam
3079 5057 3222 5111 ﬁnit.

449 5165 711 5216 traneum
744 5149 1083 5203 monachum
1116 5150 1405 5220 permittat
1459 5152 1765 5207 claustrum
1815 5153 2047 5213 intrare,
2205 5150 2510 5205 Prmdictus
2524 5147 2717 5208 abbas,
2739 5148 2786 5201 si
2803 5147 3126 5201 societatem
3146 5156 3392 5200 nostram
3414 5137 3674 5215 quaesierit,

449 5256 741 5313 quousque
769 5239 1006 5293 solerter
1034 5238 1362 5310 inquisitum
1395 5240 1598 5295 habeat
1621 5241 1691 5294 ab
1711 5257 1795 5307 eo,
1823 5241 1894 5294 ad
1917 5241 2049 5310 quid
2134 5246 2430 5312 postquam
2458 5237 2805 5307 disputatum
2849 5236 3022 5290 fuerit
3051 5235 3110 5289 in
3139 5234 3378 5305 capitulo
3406 5233 3471 5285 de
3494 5227 3674 5287 ordine,

446 5330 655 5394 veniat,
679 5345 751 5384 an
778 5329 949 5383 etiam
976 5329 1215 5398 legatus,
1248 5329 1362 5383 sive
1406 5336 1726 5385 moraturus
1759 5330 2037 5394 adveniat,
2134 5335 2408 5401 quantum
2432 5327 2603 5399 priori
2631 5325 2869 5388 videtur,
2902 5325 3079 5379 mittit
3094 5340 3197 5395 pro
3234 5339 3317 5378 eo.
3344 5319 3569 5375 Veniens
3590 5329 3675 5368 au-

448 5418 547 5473 sed
567 5417 795 5488 aliquod
813 5417 1144 5473 iterfaciens
1173 5418 1446 5489 hospitari
1466 5424 1687 5474 tantum
1718 5419 1869 5473 velit.
1900 5423 2040 5487 (01).)
2124 5422 2239 5471 tem
2273 5416 2333 5469 in
2384 5415 2712 5484 capitulum,
2763 5419 2879 5467 tam
2937 5412 3057 5484 ipse
3085 5427 3255 5483 quam
3306 5408 3525 5464 comites
3571 5403 3671 5501 eius

449 5506 609 5573 Quod
648 5506 696 5561 si
749 5507 855 5561 hoc
883 5511 1109 5569 tantum
1160 5506 1381 5578 quaerit,
1412 5507 1534 5565 sine
1563 5524 1723 5568 mora
1749 5512 1808 5563 et
1835 5506 2046 5578 absque
2128 5504 2444 5577 (interiores
2470 5508 2663 5562 tamen
2718 5501 2815 5558 illo
2857 5500 3227 5581 procidentes)
3258 5501 3450 5575 petunt
3482 5500 3670 5548 veniam
