3908 6168
211 288 334 348 1113

1223 295 1642 355 CONSTITUT.
1686 296 2025 353 HlRSAUG.
2070 327 2133 339 —
2174 297 2311 353 LIB.
2353 298 2425 354 ΙΙ.

3286 288 3291 293 ’
3336 301 3472 359 1m

205 432 296 488 pro
326 415 452 487 ipsa
475 414 760 470 societate.
802 416 926 479 Qua
950 418 1126 489 petita
1156 424 1213 475 et
1241 428 1502 494 ex0ptata
1531 423 1857 483 societateA
1880 422 2035 477 cinas
2080 422 2331 488 claustri,
2363 424 2595 494 quesita
2641 424 2886 488 licentia,
2922 430 3110 480 custos
3152 426 3375 498 hospitii
3407 425 3479 479 ad

206 510 469 576 surgunt;
502 505 656 577 prior
678 522 899 577 quoque
927 507 1073 562 sicut
1105 509 1346 565 domnus
1374 511 1537 577 abba,
1569 512 1616 566 si
1642 512 1801 566 ades-

206 601 299 658 set,
350 600 410 649 et
458 600 613 650 totus
641 602 946 651 conventus
972 613 1267 668 assurgere
1304 605 1362 654 et
1405 601 1621 656 tamdiu
1650 607 1800 655 stare

206 682 379 749 debet,
436 699 727 754 usquequo
758 684 877 755 ipse
916 690 974 740 et
1009 686 1145 741 socii
1184 687 1335 741 illius
1389 688 1802 742 fraternitatem

205 772 488 843 accipiant.
523 771 703 837 Quam
730 772 1025 844 postquam
1056 777 1391 847 acceperint,
1416 784 1482 832 ut
1504 783 1591 832 est
1610 778 1799 844 moris,

207 878 321 916 cum
379 862 542 928 libro,
600 866 835 932 rogatur
872 868 933 917 ut
968 863 1181 930 sedeat,
1215 882 1318 920 nec
1358 867 1703 937 permittitur
1739 872 1805 921 ut

205 950 436 1021 amplius
482 950 698 1005 veniam
738 956 914 1022 petat.
958 952 1105 1006 Socii
1159 970 1291 1009 vero
1340 957 1462 1025 ejus
1516 972 1695 1026 usque
1731 957 1801 1011 ad

207 1039 519 1109 analogium
563 1040 998 1105 retrocedentes,
1039 1046 1227 1095 ternas
1258 1048 1458 1113 petunt
1485 1044 1677 1099 venias
1705 1061 1803 1100 su-

205 1142 297 1198 per
320 1144 525 1181 manus
555 1134 611 1181 et
635 1145 824 1198 genua
850 1134 1047 1183 contra
1072 1130 1316 1201 priorem
1348 1132 1418 1185 ad
1461 1132 1713 1187 dextram
1748 1138 1806 1188 et

206 1216 269 1269 ad
313 1216 623 1281 sinistram,
674 1217 942 1272 fratribus
998 1226 1226 1274 econtra
1271 1237 1576 1293 parumper
1620 1239 1804 1277 assur-

1880 511 2210 566 alterutram
2244 512 2473 566 missam
2504 514 2721 568 inducit
2748 531 2843 569 eos
2871 515 3117 587 primum
3157 515 3214 570 in
3250 516 3482 569 domum

1881 599 2401 669 eleemosynariam,
2437 601 2496 654 in
2526 601 2838 667 cellarium,
2869 602 2926 656 in
2958 603 3277 674 coquinam,
3310 603 3368 656 in
3400 619 3486 657 re-

1881 686 2197 752 fectorium,
2231 689 2288 742 in
2322 689 2520 743 cellam
2568 690 2931 753 novitiorum,
2981 692 3038 746 in
3069 692 3482 760 dormitorium,

1880 774 1942 830 in
1966 777 2195 831 domum
2225 777 2600 833 infirmorum.
2637 779 2743 835 Ubi
2771 780 2974 835 fratres
3010 797 3122 835 non
3152 782 3481 852 loquuntur,

1885 881 1987 919 nec
2033 866 2153 937 ipse
2203 866 2435 921 verbum
2485 867 2634 921 facit.
2684 869 2856 923 Cavet
2896 874 3085 924 autem
3134 870 3364 924 omnino
3412 885 3485 924 ne

1886 971 2052 1025 quem
2074 955 2395 1010 introducat
2412 956 2473 1010 in
2498 956 2803 1012 claustrum
2826 974 2953 1012 cum
2973 958 3282 1014 calcaribus
3306 963 3407 1014 aut
3427 958 3486 1013 in

1886 1043 2019 1097 solis
2050 1043 2425 1099 femoralibus.
2455 1045 2690 1109 Quando
2722 1047 2983 1119 episcopi,
3013 1048 3201 1114 duces,
3229 1048 3484 1112 comites,

1885 1138 1944 1185 et
1969 1132 2091 1187 alia:
2124 1150 2340 1204 magnae
2367 1133 2756 1189 aestimationis
2780 1152 3031 1206 personae
3059 1137 3481 1207 superveniunt,

1885 1219 1996 1273 duo
2025 1220 2173 1274 cerei
2217 1237 2402 1275 coram
2452 1221 2550 1288 eis,
2585 1222 2763 1277 donec
2807 1240 2869 1278 se
2906 1224 2962 1278 in
3006 1225 3149 1279 lecto
3192 1225 3484 1291 collocent,

204 1304 376 1375 gendo
406 1304 826 1360 inclinantibus.
875 1307 945 1361 Et
987 1307 1121 1362 licet
1157 1310 1466 1380 capitulum
1518 1310 1683 1365 citius
1730 1311 1805 1365 sit
1868 1308 2094 1378 ~jugiter
2119 1309 2339 1364 ardent.
2394 1310 2557 1365 Alius
2586 1312 2754 1366 etiam
2788 1329 2983 1367 cereus
3022 1312 3099 1367 ibi
3130 1329 3358 1367 arsurus
3389 1329 3490 1383 per

207 1392 527 1460 finiendum,
558 1400 745 1449 tamen
787 1401 847 1449 ct
874 1396 955 1449 eis
990 1396 1316 1466 designatur
1333 1398 1491 1453 locus
1519 1399 1590 1453 ad
1614 1400 1809 1455 seden-
1890 1402 2068 1451 totam
2098 1402 2320 1452 noctem
2368 1414 2480 1453 non
2524 1399 2725 1454 deerit.
2781 1400 2933 1465 Quos
2974 1417 3162 1455 cereos
3191 1417 3226 1455 a
3252 1400 3490 1455 sacrista

209 1482 433 1537 dum.1n
460 1483 696 1537 ecclesia
718 1484 969 1540 defertur
990 1485 1170 1540 eidem
1196 1486 1403 1552 abbati,
1432 1494 1495 1543 ut
1518 1494 1629 1543 stet
1646 1490 1810 1559 juxta
1890 1486 2173 1557 quaesitos.
2223 1491 2410 1540 custos
2456 1487 2681 1558 hospitii
2728 1489 3103 1544 administrat.
3153 1488 3214 1544 Si
3256 1505 3386 1544 vero
3417 1488 3489 1543 ad

209 1574 372 1627 sedile
409 1574 624 1628 domini
660 1574 880 1630 abbatis
909 1576 980 1630 ad
1022 1576 1275 1631 dextram
1318 1578 1430 1632 sive
1460 1596 1705 1649 priesens
1734 1580 1810 1634 sit
1891 1591 2122 1628 manum
2171 1575 2328 1629 illum
2378 1593 2490 1630 non
2536 1576 2827 1640 invenerit,
2861 1578 2981 1649 ipse
3028 1594 3124 1632 eos
3168 1578 3490 1649 ubicunque

211 1662 314 1727 ille,
338 1662 458 1716 sive
484 1662 706 1729 absens,
728 1670 793 1718 ut
822 1664 1072 1735 imponat
1102 1666 1491 1737 antiphonam,
1515 1668 1610 1722 det
1638 1667 1805 1723 bene...
1838 1736 1845 1737 ί
1891 1668 2145 1734 repertos
2174 1663 2387 1734 absque
2416 1664 2604 1719 delicti
2633 1670 2769 1719 nota
2795 1665 3017 1737 accipit.
3048 1667 3157 1720 Dat
3185 1666 3354 1721 etiam
3386 1666 3492 1720 eis-

212 1752 503 1806 dictionem
531 1752 852 1817 lectoribus,
881 1756 906 1778 "
935 1759 993 1807 et
1020 1760 1194 1825 ponat
1220 1736 1511 1810 incensum
1546 1756 1604 1810 in
1634 1757 1809 1811 thuri-
1829 1736 1872 1796 Β
1890 1752 2018 1806 dem
2060 1752 2296 1807 sacrista
2341 1754 2532 1807 lumen
2578 1770 2837 1809 arsurum
2884 1772 2985 1827 per
3011 1760 3190 1810 totam
3239 1761 3485 1823 noctem,

212 1839 352 1895 bulo.
383 1840 646 1895 Armario
685 1847 873 1895 autem
922 1842 1231 1897 cavendum
1263 1849 1349 1898 est
1376 1861 1468 1910 ne,
1497 1845 1567 1899 ad
1614 1846 1811 1900 lectio-
1891 1841 2115 1912 quando
2146 1840 2319 1912 aliqui
2368 1842 2570 1897 fratres
2614 1844 2672 1897 in
2721 1844 2964 1915 hospitio
3008 1845 3313 1911 dormiunt,
3347 1845 3492 1900 sicut

210 1947 350 1996 nem,
382 1931 824 2002 responsorium,
849 1932 1221 2003 evangelium,
1249 1934 1519 2002 majorem
1552 1933 1636 1987 vel
1666 1933 1811 2003 prio-
1891 1946 2040 2001 saepe
2068 1930 2361 2001 contingit,
2387 1932 2535 2003 quod
2558 1933 2793 1987 veniunt
2818 1934 2971 1987 cellis
2999 1933 3209 1988 nostris
3230 1933 3315 1988 vel
3340 1934 3493 1988 novi-

210 2033 318 2071 rem
365 2019 597 2072 missam
638 2018 760 2073 sine
806 2035 1081 2073 consensu
1111 2018 1313 2089 prioris
1350 2036 1477 2073 eum
1510 2020 1806 2085 admittat;
1891 2019 1975 2082 tii,
2011 2020 2095 2073 vel
2125 2020 2220 2073 alii
2248 2020 2469 2086 fratres,
2501 2027 2568 2075 ut
2592 2021 2800 2076 faciant
2823 2022 3243 2093 professionem.

211 2107 349 2177 quod
395 2112 587 2162 tamen
635 2112 840 2162 nostra:
887 2107 1333 2180 congregationis
1377 2107 1562 2163 abbati
1594 2125 1693 2180 per
1719 2125 1809 2163 se-
1962 2107 2294 2180 Priusquam
2324 2110 2572 2180 hospites
2594 2110 2906 2175 discedant,
2936 2115 3213 2182 quotquot
3232 2112 3492 2182 jumenta

211 2195 384 2266 ipsum
405 2202 590 2267 potest
609 2196 925 2267 injungere.
952 2196 1020 2251 In
1042 2197 1392 2269 processione
1414 2198 1664 2269 qualibet
1681 2215 1808 2252 cum
1893 2213 2005 2251 non
2035 2197 2246 2252 ferrata
2274 2198 2500 2263 habent,
2525 2199 2594 2253 ad
2616 2215 2811 2253 omnes
2829 2200 2928 2253 dat
2954 2214 3101 2254 nova
3126 2200 3487 2254 ferramenta.

211 2284 354 2354 virga
384 2286 652 2356 pastorali
680 2286 990 2356 eodemque
1020 2292 1316 2358 apparatu,
1348 2304 1458 2358 quo
1487 2294 1544 2342 et
1571 2288 1812 2342 domnus
1895 2286 2116 2340 Ostium
2136 2286 2363 2341 claustri
2381 2304 2719 2358 unaquaque
2738 2295 2899 2343 nocte
2919 2294 3046 2360 post
3063 2288 3494 2359 completorium

210 2372 389 2438 abbas,
417 2374 533 2428 sive
562 2375 636 2428 sit
653 2392 899 2445 praesens
925 2375 1040 2429 sive
1070 2375 1290 2439 absens,
1322 2376 1550 2431 incedit.

274 2463 489 2534 Hospes
538 2469 727 2518 autem
782 2465 1089 2518 monachus
1145 2465 1473 2535 aliquandiu
1519 2464 1809 2520 nobiscum

209 2567 557 2606 commorans
575 2553 867 2607 lectionem
884 2554 1040 2624 legit,
1064 2554 1437 2624 responsoria,
1456 2554 1811 2625 privatasque

211 2642 402 2695 missas
445 2641 598 2695 canit
623 2642 870 2695 armario
900 2642 1246 2712 injungente,
1282 2648 1339 2695 et
1380 2642 1427 2696 si
1465 2642 1703 2696 voluerit
1739 2642 1810 2695 ad

210 2730 510 2784 tenendum
539 2731 771 2785 chorum
801 2730 906 2784 sibi
948 2747 1078 2784 eum
1121 2730 1396 2801 adjungit.
1426 2731 1529 2785 llic
1553 2731 1722 2795 idem,
1763 2731 1812 2784 si

213 2819 335 2889 quid
366 2824 568 2873 contra
612 2819 864 2890 regulam
893 2819 979 2873 vel
1013 2819 1267 2873 ordinem
1298 2820 1480 2873 facere
1508 2820 1815 2890 deprehen-

211 2906 375 2972 ditur,
402 2912 467 2961 ut
496 2908 777 2971 emendet,
813 2908 993 2962 verbis
1022 2908 1360 2979 aliquotiens
1379 2908 1734 2976 admonetur,
1758 2914 1816 2963 et

209 2996 255 3050 si
292 3013 406 3051 non
434 2996 833 3064 emendaverit,
872 2998 1179 3051 secundum
1227 2998 1479 3069 regulam
1519 3013 1650 3067 erga
1683 3013 1814 3051 eum

209 3086 407 3156 agitur.

272 3178 399 3246 (im.
416 3174 564 3243 var.)
582 3174 795 3246 Hospes
818 3175 913 3246 qui
936 3191 1293 3229 comessurus
1313 3180 1397 3229 est
1418 3175 1476 3229 in
1496 3174 1811 3242 refectorio,

208 3264 253 3318 si
286 3270 374 3318 est
397 3264 654 3329 clericus,
694 3263 950 3318 habitum
984 3280 1207 3335 quoque
1235 3264 1569 3335 clericalem,
1610 3281 1809 3335 super-

209 3354 488 3424 pellicium
518 3353 734 3407 scilicet
770 3359 827 3407 et
852 3353 1096 3424 desuper
1124 3369 1361 3424 cappam
1392 3353 1594 3408 induit.
1620 3353 1810 3408 Addit-

208 3447 325 3495 ctus
359 3443 432 3496 ad
465 3441 671 3496 ostium
714 3442 943 3495 claustri
980 3446 1267 3512 exspectat
1307 3458 1487 3512 usque
1513 3442 1645 3496 dum
1674 3441 1810 3496 invi-

207 3536 376 3597 tetur,
415 3535 479 3584 ut
521 3530 762 3585 domnus
806 3530 998 3595 abbas,
1050 3530 1133 3583 vel
1180 3548 1245 3584 eo
1302 3529 1530 3585 absente
1572 3531 1727 3601 prior
1756 3530 1808 3585 ei

207 3635 405 3690 aquam
437 3620 511 3674 ad
542 3636 743 3673 manus
770 3618 1032 3690 praebeat.
1061 3618 1169 3682 Qui
1199 3624 1255 3671 et
1281 3620 1566 3689 praecedit,
1594 3624 1661 3674 ut
1688 3620 1809 3674 scil-

206 3708 313 3762 lam
355 3709 565 3779 pulset.
601 3708 723 3772 Qua
751 3708 946 3761 audita
974 3712 1164 3761 custos
1204 3707 1431 3778 hospitii
1462 3708 1679 3762 inducit
1704 3709 1807 3770 ho-

208 3798 430 3867 spitem,
473 3802 532 3850 et
572 3796 622 3849 si
666 3812 775 3850 non
822 3801 911 3849 est
958 3795 1254 3866 episcopus
1296 3796 1383 3849 vel
1420 3795 1612 3861 abbas,
1656 3801 1810 3851 stant

206 3902 383 3957 usque
399 3886 536 3941 dum
560 3901 750 3939 versus
771 3884 1001 3938 finiatur
1017 3885 1181 3954 juxta
1199 3884 1494 3939 introitum
1512 3885 1806 3953 refectorii,

210 3974 409 4046 hospes
438 3981 682 4039 erectus,
724 3977 911 4027 custos
949 3972 1271 4042 inclinatus,
1298 3974 1443 4027 sicut
1478 3979 1537 4027 et
1577 3990 1813 4029 conven-

206 4066 320 4120 tus.
372 4064 563 4118 Finito
610 4078 773 4117 versu
819 4061 975 4114 ducit
1019 4078 1148 4115 eum
1195 4061 1392 4116 sedere
1438 4062 1507 4115 ad
1556 4079 1809 4117 mensam

208 4154 599 4226 principalem.
631 4155 652 4177 ⁶
683 4154 806 4217 Quo
833 4152 980 4206 facto
1009 4152 1078 4205 ad
1110 4152 1290 4206 locum
1321 4168 1486 4207 suum
1518 4153 1717 4223 pergit,
1751 4158 1810 4207 et

208 4250 508 4314 postquam
538 4242 699 4296 sedet
724 4245 857 4295 ante
887 4245 945 4294 et
985 4245 1137 4294 retro
1174 4239 1361 4293 faciat.
1395 4240 1453 4294 Si
1484 4245 1570 4293 est
1600 4239 1809 4310 episco-

206 4348 327 4401 pus,
343 4334 447 4387 dat
456 4331 902 4386 benedictionem
923 4329 1557 4399 lectori.Qualiscunque
1567 4328 1806 4384 fratrum

203 4421 276 4475 sit
302 4421 490 4487 cibus,
526 4419 732 4491 hospiti
780 4419 949 4473 simul
979 4435 1107 4473 cum
1145 4418 1331 4488 priore
1374 4417 1681 4472 liberaliter
1722 4422 1811 4471 est

201 4510 586 4567 serviendum.
615 4508 758 4563 Cum
779 4513 969 4563 autem
999 4507 1069 4561 de
1113 4522 1308 4560 mensa
1335 4505 1533 4562 fratres
1557 4522 1810 4561 surrexe-

200 4600 334 4661 rint,
364 4605 559 4653 custos
588 4596 815 4668 hospitii
845 4595 1181 4651 novissimus
1216 4594 1331 4648 exit
1357 4611 1483 4648 cum
1511 4593 1633 4665 ipso
1652 4594 1810 4649 iince-

198 4689 339 4743 dens
361 4686 734 4760 pedetentim,
755 4688 897 4753 (ιω.)
914 4690 971 4738 et
989 4684 1268 4755 psalmum
1288 4684 1530 4738 ‘Laudate
1550 4688 1806 4747 cantans,

200 4794 371 4849 quem
420 4777 478 4831 in
524 4774 805 4829 auditorio
856 4774 1141 4844 hospitum
1184 4772 1326 4835 finit,
1374 4789 1439 4826 eo
1478 4772 1664 4837 modo,
1698 4789 1809 4843 quo

200 4872 521 4922 conventus
547 4881 676 4918 cum
705 4880 869 4918 versu
898 4862 1108 4933 absque
1130 4862 1506 4916 inclinatione.
1541 4861 1811 4916 Similiter

202 4972 338 5026 erga
360 4953 695 5027 peregrinos
717 4952 1019 5006 monachos
1039 4957 1097 5004 et
1116 4950 1344 5004 clericos
1364 4950 1570 5020 agitur,
1586 4954 1813 5021 excepto

203 5045 359 5117 quod
398 5060 531 5098 cum
560 5043 708 5113 peris
734 5040 853 5097 suis
883 5046 941 5094 et
964 5040 1086 5094 sine
1115 5039 1536 5111 superpelliceis
1564 5039 1816 5093 introdu-

204 5139 443 5188 cuntur.
492 5131 647 5186 Nulli
690 5135 879 5184 autem
928 5128 1180 5184 saeculari
1227 5128 1366 5183 laico
1405 5128 1731 5182 conceditur
1757 5128 1814 5182 in

203 5228 412 5278 nostro
447 5220 741 5275 comedere
771 5218 1087 5274 refectorio.

276 5311 753 5381 Quandocunque
771 5309 977 5380 hospes
997 5307 1200 5378 aliquis
1219 5322 1632 5360 commessurus
1654 5310 1739 5360 est
1759 5306 1817 5360 in

204 5418 294 5467 eo,
321 5400 494 5473 prior
519 5399 606 5453 vel
653 5397 913 5453 ostiarius
955 5396 1122 5450 debet
1161 5396 1265 5449 hoc
1294 5396 1644 5450 innotescere
1672 5395 1818 5449 refe-

203 5489 485 5545 ctorario.
510 5489 569 5543 Si
597 5486 751 5541 laicis
771 5486 986 5541 clericis
1013 5486 1251 5540 societas
1283 5484 1451 5538 datur
1470 5485 1527 5539 in
1547 5484 1814 5555 capitulo,

1894 2374 1965 2428 ab
1997 2374 2116 2445 ipso
2140 2382 2225 2429 est
2249 2376 2642 2443 claudendum,
2667 2382 2728 2431 et
2753 2383 2918 2448 porta
2938 2377 3196 2432 vestibuli
3226 2377 3491 2443 ecclesiae,

1890 2463 2037 2518 sicut
2065 2465 2234 2518 etiam
2262 2482 2296 2518 a
2323 2465 2532 2519 famulo
2560 2467 2680 2534 ejus
2710 2466 2955 2521 exterior
2979 2472 3144 2538 porta
3173 2482 3490 2521 murorum.

1892 2553 1962 2606 Et
1987 2553 2293 2607 claustrum
2316 2554 2541 2624 quidem
2565 2560 2697 2608 ante
2723 2555 2974 2609 sonitum
2997 2556 3081 2609 vel
3110 2555 3220 2609 alio
3240 2561 3494 2626 tempore

1891 2646 2022 2694 ante
2072 2642 2289 2695 finitam
2343 2642 2597 2696 litaniam
2638 2660 2995 2714 nequaquam
3027 2644 3303 2715 aperitur.
3345 2644 3491 2698 lllud

1896 2746 2023 2783 vero
2038 2730 2245 2784 ostium
2266 2731 2552 2796 auditorii,
2579 2732 2727 2802 quod
2753 2739 2840 2786 est
2862 2733 3125 2797 exterius,
3151 2734 3343 2787 firmat
3362 2737 3494 2787 ante

1893 2818 2218 2888 capitulum,
2257 2824 2314 2873 et
2349 2819 2482 2873 dum
2511 2820 2712 2874 fratres
2747 2826 2882 2875 sunt
2908 2821 2967 2875 in
2992 2821 3259 2892 capitulo,
3290 2822 3336 2875 si
3366 2821 3494 2892 quis

1895 2906 2100 2977 pulsat,
2140 2908 2211 2961 ad
2255 2908 2393 2962 illud
2435 2910 2558 2979 ejus
2595 2915 2683 2962 est
2712 2926 2964 2979 surgere,
2999 2910 3273 2981 signoque
3317 2909 3495 2981 petita

1896 2995 2124 3050 licentia
2161 2995 2424 3059 abeundi,
2467 2998 2519 3051 ei
2560 2998 2801 3069 aperire.
2844 2998 3114 3053 Similiter
3150 2998 3211 3052 in
3260 2996 3494 3053 meridie

1829 3085 2099 3148 Costium
2126 3086 2355 3140 claustri
2387 3102 2488 3157 per
2518 3102 2642 3140 eum
2688 3088 2969 3153 ﬁrmatur,
3003 3088 3101 3142 sed
3144 3104 3256 3142 non
3308 3088 3493 3158 prius-

1897 3190 2066 3245 quam
2096 3174 2484 3229 ministrorum
2516 3174 2743 3230 refectio
2774 3176 3027 3231 finiatur.

2505 3298 2740 3354 CAPUT
2778 3300 2893 3356 ιιι.

2411 3423 2482 3476 De
2519 3424 2967 3491 elcemosynario.

1962 3528 2598 3595 (uo.)Quemadmodum
2615 3529 3127 3601 acustodehospitii
3146 3530 3497 3602 recipiuntur

1888 3634 2105 3685 omnes,
2150 3618 2246 3689 qui
2288 3618 2502 3672 faciunt
2547 3618 2657 3671 iter
2717 3618 3041 3689 equitando.
3093 3619 3290 3674 eodem
3331 3618 3497 3675 modo

1890 3712 2168 3778 quotquot
2196 3707 2412 3778 pedites
2438 3707 2668 3768 vadunt,
2691 3707 2761 3761 ab
2791 3708 3255 3780 eleemosynario,
3280 3708 3379 3779 qui
3410 3712 3497 3763 est

1890 3796 2177 3861 sacerdos,
2207 3800 2340 3850 sunt
2368 3795 2670 3867 recipiendi
2699 3814 2712 3863 ;
2755 3796 2998 3867 exceptis
3039 3796 3308 3851 uxoribus
3347 3796 3496 3851 villi-

1892 3902 2088 3940 corum
2140 3890 2197 3939 et
2246 3885 2466 3955 legatis,
2508 3884 2604 3955 qui
2642 3884 2835 3939 breves
2871 3889 3192 3955 apportant,
3236 3885 3497 3941 omnibus

1894 3990 2117 4046 quoque
2164 3972 2452 4028 monachis
2500 3978 2558 4026 et
2608 3972 3024 4027 honestioribus
3073 3973 3309 4039 clericis,
3351 3990 3498 4045 quos

1893 4066 2186 4126 omnes,ut
2202 4061 2585 4132 supradictum
2607 4066 2711 4125 est,
2736 4062 2907 4115 etiam
2935 4061 2982 4115 si
3002 4062 3219 4132 pedites
3241 4062 3495 4124 veniunt,

1892 4158 2079 4206 custos
2108 4146 2336 4221 hospitii
2367 4149 2597 4219 colligit.
2628 4151 2704 4204 At
2733 4149 2779 4203 si
2807 4150 3025 4219 aliquos
3053 4148 3197 4204 forte
3225 4150 3283 4203 in
3318 4151 3496 4204 comi-

1890 4246 2016 4295 tatu
2058 4257 2160 4295 suo
2205 4239 2449 4294 caballos
2486 4244 2586 4293 aut
2634 4239 2823 4292 asinos
2867 4236 3185 4301 habuerint,
3230 4240 3256 4264 “'
3306 4244 3496 4293 custos

1893 4329 2122 4401 hospitii
2150 4328 2393 4383 caballos
2412 4345 2537 4382 cum
2562 4327 2798 4382 totidem
2825 4325 3151 4381 hominibus
3176 4326 3414 4399 suscipit
3439 4333 3498 4383 et

1891 4424 2193 4492 procurat;
2224 4424 2282 4472 et
2317 4417 2795 4491 eleemosynarius
2824 4418 3012 4472 asinos
3041 4417 3165 4480 (nisi
3192 4417 3335 4472 forte
3363 4434 3494 4473 cum

1890 4510 1972 4564 eis
2005 4508 2215 4580 aliquid
2269 4525 2370 4580 pro
2418 4508 2691 4562 charitate
2743 4508 3066 4561 conferatur
3111 4508 3494 4577 monasterio;

1889 4604 2025 4653 tunc
2055 4598 2205 4652 enim
2235 4614 2331 4651 eos
2360 4596 2598 4667 suscipit
2624 4599 2814 4649 custos
2842 4594 3071 4666 hospitii
3099 4611 3227 4649 cum
3260 4595 3497 4650 totidem

1888 4686 2214 4741 hominibus
2244 4685 2665 4757 procurandos).
2695 4684 2772 4739 Ut
2801 4688 2991 4738 autem
3023 4682 3230 4738 habeat
3258 4685 3499 4739 eleemo-

1890 4775 2151 4848 synarius
2179 4775 2329 4829 unde
2370 4774 2457 4828 his
2486 4779 2545 4828 et
2570 4772 2802 4837 caeteris,
2837 4772 2934 4843 qui
2963 4772 3034 4826 ad
3079 4789 3140 4827 se
3185 4773 3494 4843 pertinent,

1893 4864 2213 4919 necessaria
2259 4863 2566 4935 provideat,
2599 4861 2966 4916 constitutum
3011 4868 3115 4926 est,
3157 4871 3223 4917 ut
3260 4864 3503 4934 exceptis

1894 4952 2144 5009 decimis.
2182 4968 2305 5023 quae
2333 4968 2397 5006 ex
2440 4950 2698 5005 instituto
2736 4965 3013 5005 canonum
3043 4950 3254 5005 dantur
3279 4950 3351 5004 ad
3380 4950 3501 5005 sin-

1893 5042 2057 5113 gulas
2086 5040 2368 5102 ecclesias,
2397 5039 2456 5093 in
2487 5054 2726 5109 quarum
2756 5037 3014 5093 terminis
3042 5038 3164 5093 sita:
3200 5042 3336 5092 sunt
3369 5054 3502 5108 pos-

1897 5130 2173 5185 sessiones
2210 5135 2436 5190 nostrae,
2469 5127 2722 5182 omnium
2754 5144 2963 5187 earum,
3000 5142 3213 5187 rerum,
3265 5141 3388 5195 quia
3427 5125 3500 5179 ad

1898 5218 2302 5273 monasterium
2323 5222 2493 5288 atque
2516 5216 2574 5270 in
2603 5232 2738 5270 usus
2762 5220 2986 5270 nostros
3009 5213 3383 5282 undecunque
3407 5213 3504 5268 de-

1898 5309 2178 5373 feruntur,
2210 5306 2440 5361 decimae
2485 5306 2692 5359 dentur
2732 5300 3195 5372 eleemosynario,
3241 5300 3501 5357 videlicet

1900 5394 2148 5466 frugum,
2183 5396 2317 5459 vini,
2338 5394 2466 5459 olei,
2512 5392 2880 5463 leguminum,
2912 5404 3227 5460 pomorum,
3263 5388 3501 5457 olerum,

1898 5485 2156 5555 piscium,
2174 5484 2523 5545 animalium,
2539 5496 2818 5545 vasorum,
2833 5477 3092 5547 vestium,
3108 5477 3491 5545 denariorum,

202 5578 264 5634 hi
296 5578 530 5634 veniam
561 5593 675 5631 non
705 5581 924 5648 petunt.
957 5576 1087 5645 tuo.)
1117 5574 1176 5630 Si
1207 5573 1393 5628 videre
1419 5573 1672 5644 gestiunt
1691 5572 1819 5627 ofﬁ-
1900 5573 2025 5629 auri
2054 5578 2112 5628 et
2134 5571 2375 5643 argenti,
2399 5575 2459 5625 et
2484 5569 2615 5624 ferri
2645 5567 2728 5622 vel
2759 5565 3059 5636 cujuslibet
3094 5566 3331 5633 metalli,
3362 5566 3497 5636 feni,
