3886 6172
490 303 632 378 H15

487 433 639 504 quod
651 432 709 494 in
723 432 1040 494 obedientia
1058 432 1336 490 eellerarii
1347 433 1499 488 nasci
1507 437 1618 494 tur,
1631 432 1714 484 vel
1729 431 2079 484 tantumdem

489 528 799 593 pratorum.
833 521 941 586 Qui
984 522 1155 582 etiam
1195 521 1520 578 cellerarius
1559 520 1723 574 annis
1759 520 1996 589 singulis
2027 519 2085 572 in

489 610 784 676 nativitatis
819 609 876 673 δ.
913 609 1125 673 Mariae,
1171 611 1482 680 plaustrum
1513 625 1688 664 unum
1720 625 1818 680 pro
1842 609 1954 662 feni
1985 608 2084 662 de-

483 697 652 768 sime.
686 699 772 763 vel
798 715 972 761 unum
997 699 1285 758 solidum.
1298 739 1310 753 .

561 786 853 853 Postremo
881 793 1062 850 totum
1091 787 1406 846 deoim‘atur
1425 787 1694 858 quidquid
1715 787 1861 842 intra
1887 787 2085 842 cellam

483 875 762 945 nascitur,
810 877 1079 941 nutritum
1121 877 1205 932 vel
1246 893 1414 947 opere
1455 893 1723 930 manuum
1771 877 2081 941 conficitur,

485 963 768 1035 quidquid
805 966 880 1028 de
934 966 1070 1027 foris
1116 966 1202 1023 vel
1244 967 1690 1037 possessionibus
1728 967 1937 1020 nostris
1985 967 2086 1027 de-

492 1051 689 1121 fertur,
726 1055 996 1126 quidquid
1025 1055 1220 1128 novitii
1249 1055 1321 1111 ad
1352 1056 1768 1117 conversionem
1802 1056 2086 1109 venientes

489 1143 803 1210 attulerint.
826 1144 903 1206 Ex
929 1143 1133 1214 quibus
1161 1149 1352 1202 tamen
1379 1143 1547 1198 nebus
1575 1145 1646 1198 ad
1674 1145 1826 1215 ipsos
1855 1145 2090 1198 vestien-

492 1231 614 1297 d06.
637 1232 685 1294 Si
725 1233 1032 1292 monachus
1055 1234 1279 1288 futurus
1307 1239 1393 1288 est
1421 1235 1665 1304 pretium
1689 1234 1924 1304 triginta
1961 1235 2090 1289 soli-

489 1320 712 1386 dorum.
761 1321 808 1381 si
849 1322 918 1382 de
966 1322 1335 1378 exterioribus
1381 1322 1649 1377 fratribus
1693 1323 1920 1376 futurus
1979 1331 2083 1388 est,

487 1409 736 1480 pmtium
759 1409 926 1474 ιιιιὶιιε
962 1411 1178 1476 talenti,
1202 1427 1236 1466 a
1261 1411 1573 1466 camerario
1602 1412 1722 1465 sine
1751 1413 1966 1466 decima
1995 1430 2090 1467 ex-

485 1498 749 1569 gipietur.
801 1499 880 1556 Ea
908 1505 1096 1556 tamen
1133 1504 1357 1555 tantum
1405 1516 1514 1553 non
1557 1491 1932 1569 decimantur,
1966 1519 2090 1572 quae

493 1588 731 1658 pecunia
753 1588 840 1646 vel
868 1587 994 1648 aliis
1024 1587 1190 1651 rebus
1221 1588 1375 1659 prius
1407 1589 1712 1652 decimatis,
1757 1596 2090 1644 coemuntur

489 1681 550 1740 et
573 1675 843 1746 quidquid
870 1675 980 1735 .cibi
1007 1677 1094 1734 vel
1124 1682 1307 1746 potus,
1341 1677 1503 1741 lacte,
1537 1678 1734 1742 cassis,
1766 1678 1902 1737 ovis.
1935 1678 2085 1742 lana,

489 1764 658 1830 melle
692 1775 748 1818 et
797 1781 944 1828 cera,
977 1766 1062 1819 vel
1109 1766 1325 1822 ceteris
1367 1766 1644 1820 similibus
1672 1767 1978 1838 percipitur
2021 1783 2086 1821 ex

385 1871 392 1876 '
487 1852 827 1919 animalibus
873 1853 1030 1924 prius
1075 1854 1387 1924 decimatis,
1439 1861 1495 1908 et
1541 1855 1811 1926 quidquid
1856 1855 1964 1910 cibi
2003 1854 2086 1916 vel

488 1947 656 2012 peius
681 1958 748 2005 ex
780 1959 1004 2002 annona
1034 1943 1190 2014 prius
1217 1943 1498 1998 decimata
1525 1944 1836 2000 conficitur.

561 2034 936 2106 Excipiuntur
963 2036 1133 2106 etiam
1159 2053 1309 2101 vasa,
1331 2037 1520 2108 pallia,
1543 2044 1742 2102 vestes,
1769 2039 2085 2106 cera,thus,

485 2123 728 2191 pecunia
750 2140 972 2194 qupque
1000 2141 1123 2194 quae
1155 2142 1223 2178 ex
1255 2142 1424 2179 censu
1454 2125 1524 2179 ad
1555 2127 1843 2181 ecclesiam
1872 2128 2088 2197 specia—

488 2209 621 2274 liter
642 2211 994 2280 persolvitur,
1019 2217 1077 2268 et
1103 2228 1450 2283 quaecunque
1477 2214 1586 2268 alia
1625 2215 1682 2268 in
1714 2215 2085 2269 ministerium

487 2299 737 2362 ecclesiae
781 2299 1142 2370 deputantur.
1191 2301 1250 2354 Si
1280 2301 1410 2372 quid
1455 2307 1644 2356 tamen
1683 2319 1750 2356 ex
1790 2303 1877 2356 his
1908 2306 1992 2358 vel
2021 2321 2087 2359 ex

489 2385 618 2449 aliis
664 2386 830 2447 rebus
878 2388 1266 2458 ecclesiasticis
1316 2390 1374 2444 in
1421 2407 1556 2445 usus
1586 2392 1826 2446 fratrum
1857 2410 2090 2448 venum-

489 2474 680 2540 ἀμην,
725 2477 850 2548 ipsa
892 2477 1127 2547 pecunia
1169 2478 1498 2534 decimatur.
1548 2481 1624 2534 Ea
1670 2497 1818 2546 vero,
1852 2499 1976 2552 quae
2018 2484 2088 2537 ad

493 2564 697 2626 altaria
718 2566 1048 2631 atteruntur,
1074 2567 1120 2620 si
1141 2567 1211 2620 ad
1236 2568 1423 2622 cibum
1451 2569 1534 2622 vel
1561 2574 1752 2639 potum
1782 2571 2085 2641 pertinent,

489 2655 786 2718 pelleret-io
825 2655 1244 2725 consignantur,
1277 2657 1522 2728 exceptis
1545 2658 1780 2728 panibus
1801 2676 1912 2713 non
1943 2661 2088 2715 inte-

485 2741 819 2813 sris,qui,ut
833 2759 1005 2813 supra
1023 2744 1234 2799 dictum
1255 2751 1360 2810 est,
1384 2745 1824 2817 eleemosynario
1846 2748 2080 2807 dantur.

488 2837 606 2900 mp.
643 2834 785 2899 var.)
828 2831 1008 2905 super.
1037 2832 1153 2888 hinc
1193 2834 1384 2888 omnia
1411 2834 1479 2888 de
1518 2835 1772 2906 reliquiis
1810 2836 2084 2903 ciborum,

489 2937 614 2992 quae
636 2927 937 2994 supersunt
957 2922 1224 2986 fratribus
1244 2924 1310 2977 ad
1339 2924 1636 2996 prandium
1665 2925 1748 2978 vel
1775 2925 1844 2978 ad
1870 2941 2087 2980 ctenam

488 3010 548 3074 in
567 3010 860 3071 retectario
881 3011 965 3067 vel
987 3011 1043 3066 in
1069 3012 1382 3068 inﬁrmaria
1399 3013 1818 3068 comedentibus
1845 3004 2085 3086 (excepta

485 3115 676 3172 ηηιρ,
727 3115 852 3168 qua;
886 3099 1125 3160 inﬁrmis
1168 3117 1269 3171 pro
1310 3103 1667 3172 reparatione
1714 3097 2085 3172 ministratur)

491 3187 658 3242 datur
681 3187 931 3259 quotidie
953 3189 1396 3260 elee'mosynario
1417 3191 1651 3244 dimidia
1671 3207 1800 3262 pars
1829 3193 2086 3262 pulmen-

487 3281 696 3342 torum,
726 3276 892 3347 (var.)
927 3293 1048 3347 quae
1078 3285 1269 3354 tamen
1311 3284 1654 3350 prtegustata
1695 3280 1988 3346 tolluntur,
2031 3286 2088 3335 et

490 3365 761 3436 quidquid
796 3366 955 3436 panis
996 3367 1183 3421 minus
1211 3370 1525 3439 quadrante
1569 3369 1870 3441 unicuique
1899 3387 2086 3424 come-

488 3453 643 3507 denti
675 3453 1033 3524 superfuerit.

561 3543 625 3604 In
648 3541 907 3600 omnibus
927 3559 1148 3613 quoque
1176 3544 1330 3598 feriis
1349 3546 1520 3600 sextis
1539 3547 1812 3601 adventus
1841 3548 2082 3616 Domini,

485 3637 548 3698 at
566 3630 1026 3702 quadragesima,
1051 3639 1109 3686 et
1136 3633 1192 3700 in
1221 3634 1421 3703 vigiliis
1445 3636 1694 3706 quinque
1720 3637 1842 3691 festi
1853 3638 2082 3693 vitatum

487 3719 546 3785 id
567 3726 652 3786 est
667 3721 1026 3778 Ascensionis
1042 3721 2084 3796 Domini,Pentescostes,apostolorum

490 3808 646 3870 Petri
671 3814 727 3864 et
750 3807 930 3874 Pauli,
959 3811 1374 3881 Assumptionis
1413 3812 1472 3868 Β.
1498 3814 1706 3878 κωπίω,
1734 3820 1792 3868 et
1821 3814 2086 3869 Omnium

490 3899 846 3960 Sanctorum.
869 3898 1154 3969 Reliquias
1174 3901 1335 3970 panis
1362 3917 1428 3956 ex
1460 3908 1578 3956 toto
1604 3903 1661 3956 in
1691 3920 2007 3974 parasceve,
2033 3909 2091 3958 et

487 4003 555 4048 eo
577 3987 832 4058 diraque
862 3987 1066 4058 aliquis
1098 4000 1418 4044 nostrorum
1464 3990 1701 4045 fratrum
1749 3993 1862 4062 (qui
1899 3998 2088 4047 tamen

489 4077 800 4139 manachus
822 4075 1012 4143 fuerit)
1028 4078 1176 4147 apud
1203 4094 1304 4132 nos
1325 4080 1611 4150 sepelitur,
1635 4081 1909 4151 quidquid
1930 4082 2090 4152 panis

490 4171 547 4230 et
571 4167 1008 4238 pulmentorum,
1028 4172 1086 4222 et
1108 4167 1179 4220 ad
1200 4184 1382 4221 seram
1405 4173 1569 4238 potus
1596 4169 1880 4228 residuum
1896 4170 2084 4224 fuerit.

490 4255 626 4320 Quia
655 4255 964 4323 sepultura,
997 4255 1043 4307 si
1073 4254 1214 4309 forte
1243 4256 1301 4309 in
1330 4257 1518 4327 aliquo
1547 4259 1940 4328 praedictorum
1970 4259 2092 4312 die-

489 4361 616 4407 cum
647 4343 914 4405 evenerit,
939 4344 1087 4414 quod
1119 4361 1218 4414 pro
1235 4346 1452 4415 jejunio
1481 4347 1728 4401 dandum
1757 4349 1958 4409 fuerat,
1979 4348 2090 4401 alia

489 4433 583 4495 die
627 4430 1051 4494 instauwbitur.
1096 4432 1400 4500 Praebendi;
1448 4435 1584 4502 ([48)
1618 4452 1841 4506 quoque
1872 4436 2092 4507 integra

493 4520 663 4581 datur
691 4537 790 4591 per
818 4521 1052 4590 triginta
1098 4521 1237 4587 dies,
1282 4523 1397 4577 sive
1427 4525 1735 4578 monachus
1765 4523 1954 4592 fuerit,
1977 4527 2092 4579 sive

491 4609 563 4670 de
605 4611 973 4668 exterioribus
1012 4611 1299 4668 fratribus.
1333 4612 1400 4668 In
1431 4613 1815 4676 anniversario
1844 4629 2086 4685 quoque,

491 4697 590 4758 sed
622 4700 878 4766 monachi
909 4707 1152 4755 tantum.
1864 4697 1866 4700 ’

563 4787 668 4843 Tot
707 4804 928 4859 quoque
975 4791 1034 4844 in
1072 4807 1221 4846 anno
1258 4791 1494 4861 triginta
1540 4789 1849 4862 praebenda;
1886 4791 2095 4850 dantur

493 4874 939 4947 elecmosynario
970 4896 1069 4948 pro
1096 4879 1466 4934 familiaribus
1485 4880 1780 4946 defunctis,
1803 4881 2016 4934 scilicet
2034 4880 2092 4934 in

492 4963 937 5036 Quadragesima
952 4975 1077 5039 post
1093 4969 1451 5023 Nativitatem
1473 4969 1852 5039 apostolorum
1871 4969 2020 5022 Petri
2037 4967 2095 5022 et

493 5054 674 5120 Bauli,
690 5060 748 5110 et
762 5063 888 5126 post
902 5057 1264 5112 festivitatem
1281 5058 1546 5120 Omnium
1568 5059 1920 5112 Sanctorum.
1940 5057 2094 5116 Man-

491 5143 687 5217 datum
714 5144 884 5199 trium
911 5163 1243 5218 pauperum,
1270 5153 1330 5200 et
1347 5147 1394 5200 si
1424 5163 1526 5218 per
1548 5152 1728 5201 totum
1746 5163 1958 5200 annum
1980 5163 2091 5201 non

489 5240 724 5303 geratur
736 5251 771 5289 a
788 5234 1073 5298 fratribus,
1089 5241 1280 5289 tamen
1305 5235 1663 5306 eleemosyna
1676 5247 1931 5289 remanet
1952 5251 2093 5289 nun-

493 5323 966 5393 quamfamulus
995 5324 1144 5378 enim
1175 5323 1622 5395 eleemosynarii,
1650 5323 1780 5377 licet
1808 5323 1977 5394 pedes
2005 5341 2095 5378 θος

492 5425 622 5472 Cum
652 5427 688 5466 a
719 5413 908 5483 vigilia
943 5413 1199 5478 omnium
1237 5418 1562 5470 sanctorum
1592 5429 1771 5483 usque
1811 5413 1882 5467 ad
1923 5418 2094 5484 caput

1515 301 1576 363 8.
1618 300 2010 360 GUILLEL‘MI
2047 300 2353 359 ABBATIS
2389 301 2731 360 HIBSAUG.

3559 311 3666 372 1116

2099 433 2146 491 Α
2163 431 2363 500 jejunii
2395 449 2504 487 non
2528 435 2698 502 lavet,
2712 433 2811 486 dat
2828 436 3018 485 tamen
3039 429 3233 484 libram
3255 435 3305 484 et
3321 432 3555 506 justitiam
3572 453 3668 493 cum

2167 523 2354 592 aliquo
2375 523 2582 587 edulio,
2613 523 2756 576 sicut
2785 541 2886 593 per
2904 528 3084 576 totum
3115 538 3331 588 annum,
3363 531 3412 576 et
3434 523 3598 580 libram
3619 527 3671 582 de

2165 611 2266 664 tali
2306 627 2468 681 pane,
2529 613 2747 682 qualem
2805 611 3014 665 habent
3075 610 3273 664 fratres
3322 611 3373 664 in
3421 611 3670 669 refectorio.

2167 699 2402 763 Quando
2423 700 2674 770 reliquiae
2694 701 2854 771 panis
2887 699 2944 754 in
2975 699 3262 753 refectorio
3289 699 3470 754 dantur
3490 701 3546 754 ad
3568 703 3675 757 elec-

2167 805 2484 860 mosynam,
2509 794 2644 844 tunc
2669 790 2787 860 ipse
2808 789 3275 861 eleemosynarius
3303 789 3355 842 in
3383 792 3595 862 sequenti
3609 792 3676 846 die

2166 875 2224 930 in
2253 876 2624 936 inﬁrmariam
2665 878 2813 932 infra
2852 877 3092 948 priorem
3124 877 3342 930 missam
3369 871 3480 931 cum
3518 878 3676 934 famulo

2165 983 2270 1021 suo
2301 967 2470 1029 venit,
2500 973 2558 1021 et
2600 967 2746 1037 quod
2787 967 2966 1038 pridie
3002 966 3238 1020 inﬁrmis
3265 965 3329 1018 de
3355 981 3482 1036 pane
3506 971 3552 1019 et
3577 973 3678 1036 potu

2167 1055 2463 1126 superfuit,
2486 1055 2552 1109 ad
2586 1071 2727 1126 opus
2747 1071 3055 1126 pauperum
3083 1055 3298 1126 accipit.

2239 1143 2520 1208 Quotidie,
2547 1144 2593 1199 si
2622 1150 2708 1198 est
2735 1132 3036 1208 litteratus,
3060 1143 3318 1198 lectorem
3336 1142 3414 1196 vel
3439 1145 3680 1198 armarium

2170 1233 2499 1302 interrogat,
2519 1240 2655 1304 quot
2677 1234 2907 1287 nomina
2925 1233 3310 1286 defunctorum
3329 1233 3536 1286 fratrum
3549 1248 3601 1285 ea
3616 1232 3681 1285 die

2171 1322 2532 1392 pronuntiata
2562 1323 2676 1376 sint
2703 1322 2760 1376 in
2785 1322 3048 1390 capitulo,
3076 1329 3140 1375 ut
3168 1322 3286 1392 ipse
3303 1337 3500 1391 quoque
3518 1337 3598 1392 pro
3619 1321 3684 1375 de-

2170 1410 2399 1464 vitanda
2434 1413 2640 1465 erroris
2686 1416 2744 1464 et
2793 1410 3087 1464 oblivionis
3142 1409 3466 1480 negligentia
3506 1409 3686 1463 totidem

2171 1498 2499 1571 praebendas
2527 1500 2736 1554 scribat
2755 1501 2811 1553 in
2836 1499 3029 1553 tabula
3045 1498 3257 1569 jugiter
3274 1498 3341 1552 ad
3361 1498 3455 1551 hoc
3471 1497 3688 1572 pendente

2169 1594 2300 1643 ante
2329 1589 2615 1643 cellarium
2635 1607 2649 1652 ;
2673 1591 2694 1627 9
2723 1594 2780 1643 et
2808 1589 2853 1642 si
2883 1589 3026 1643 forte
3054 1583 3371 1641 cellerarius
3396 1603 3482 1640 eas
3504 1587 3578 1639 die
3601 1587 3690 1672 ipsa

2171 1694 2238 1732 ex
2276 1677 2496 1748 integro
2541 1678 2676 1732 dare
2730 1695 2840 1732 non
2884 1683 3085 1748 potest,
3119 1676 3316 1730 deletis
3357 1675 3456 1738 his,
3485 1691 3586 1746 quae
3605 1675 3690 1744 jam

2108 1741 2427 1838 Baccepit:
2439 1772 2640 1822 caetera
2671 1783 2794 1838 quae
2822 1741 2935 1820 alia
2963 1767 3080 1820 vice
3109 1771 3428 1837 recepturus
3453 1741 3544 1825 est,
3582 1741 3692 1818 stare

2171 1855 2466 1928 permittit.

2244 1947 2372 2001 Haec
2396 1951 2585 2000 autem
2611 1943 3088 2015 eleemosynarius
3108 1960 3174 1997 ex
3202 1941 3505 1998 obedientia
3521 1957 3605 2009 sua
3622 1941 3694 1994 ad-

2171 2035 2475 2089 ministrat.
2496 2036 2598 2090 Om
2609 2051 2706 2088 nes
2721 2033 3116 2088 subterraneos
3130 2049 3292 2103 aquae
3309 2031 3495 2086 ductus
3514 2037 3561 2084 et
3580 2046 3696 2084 mun-

2169 2124 2388 2189 diciale,
2411 2139 2536 2177 cum
2570 2139 2710 2194 Opus
2739 2122 2926 2186 fuerit,
2956 2121 3086 2176 facit
3112 2116 3363 2192 purgari,
3393 2118 3568 2173 subtus
3587 2119 3698 2172 lava-

2169 2212 2299 2267 torii
2322 2213 2515 2267 sordes
2535 2212 2763 2277 auferri,
2784 2211 2982 2267 subtus
3004 2211 3390 2265 mortariolum
3415 2209 3554 2268 illud,
3572 2222 3697 2277 super

2167 2303 2317 2372 quod
2366 2301 2583 2356 humidi
2629 2301 2739 2356 cibi
2781 2301 2837 2355 in
2878 2299 3169 2354 refectorio
3208 2297 3574 2359 refunduntur,
3607 2310 3700 2348 are-

2172 2408 2300 2446 nam
2329 2397 2558 2462 propter
2590 2389 2822 2445 fetorem
2856 2389 3023 2452 mitti,
3056 2387 3272 2459 lapides
3301 2393 3356 2440 et
3380 2384 3620 2456 ejusmodi
3641 2384 3702 2436 in-

2171 2468 2426 2535 utilia‘de
2455 2481 2698 2534 claustro
2729 2479 2945 2550 projici.
2977 2478 3102 2547 Ipse
3133 2492 3356 2547 quoque
3383 2474 3532 2528 debet
3555 2487 3704 2543 procu-

2170 2586 2317 2636 rare,
2371 2585 2441 2622 ne
2491 2585 2636 2640 aqua
2696 2584 2798 2637 per
2851 2565 3196 2620 necessarias
3252 2555 3483 2618 fratrum
3529 2559 3704 2614 ductilis

2170 2658 2471 2730 aliquando
2500 2657 2664 2723 desit,
2688 2662 2745 2710 et
2772 2656 2898 2710 ideo
2922 2657 2981 2709 in
3007 2659 3222 2718 testate,
3245 2669 3368 2707 cum
3398 2667 3490 2723 pro
3508 2649 3705 2704 siccitate

2169 2764 2318 2818 aqua
2364 2746 2656 2810 minuitur,
2705 2745 2840 2800 facit
2891 2745 3111 2798 clausas
3147 2743 3273 2797 ﬁeri
3325 2743 3631 2810 frequenter,
3662 2742 3708 2788 ut

2169 2835 2572 2907 aliquantisper
2602 2840 2824 2889 retenta
2853 2832 3053 2904 majori
3077 2833 3295 2903 impetu
3316 2829 3505 2884 veniat.
3537 2826 3707 2880 Fenum

2171 2941 2393 2995 quoque
2422 2924 2588 2978 molle
2625 2922 2870 2977 secundo
2903 2921 3213 2976 abscissum
3244 2920 3315 2974 de
3342 2923 3511 2990 prato,
3531 2915 3592 2970 ad
3615 2930 3710 2967 eas-

2172 3014 2299 3068 dem
2328 3013 2673 3068 necessarias
2692 3011 3116 3069 accommodare
3136 3009 3323 3074 debet,
3349 3013 3404 3062 et
3426 3007 3494 3060 ad
3513 3006 3602 3060 hoc
3625 3018 3708 3056 non

2173 3052 2299 3068 υιν...
2328 3052 2575 3068 "ww..."
2590 3052 2673 3067 ...ο
2692 3052 3072 3069 μννν.,,...νυ...
3087 3052 3116 3064 ν
3137 3052 3323 3074 “ww
3351 3052 3404 3062 ν-
3426 3052 3494 3060 ..-
3514 3052 3598 3060 ----

2105 3052 2152 3132 β
2173 3103 2450 3157 modicum
2473 3121 2482 3155 :
2509 3101 2677 3156 habet
2693 3109 2750 3155 et
2766 3101 2985 3164 herbas,
3004 3117 3126 3172 qua:
3147 3099 3202 3152 in
3223 3100 3463 3154 claustro
3481 3097 3709 3149 crescunt.

2169 3192 2331 3256 Quod
2360 3191 2406 3245 si
2437 3191 2622 3245 fenum
2651 3191 2858 3244 habere
2896 3207 3008 3244 non
3036 3194 3241 3261 potest,
3274 3188 3467 3257 ligneae
3501 3182 3663 3237 astulm
3687 3195 3712 3232 a

2168 3280 2434 3336 fratribus
2453 3287 2768 3352 portantur.
2788 3279 3026 3334 Vascula
3044 3278 3114 3331 ad
3136 3275 3511 3348 recipiendum
3529 3268 3713 3342 sangui-

2169 3377 2298 3424 nem
2318 3369 2750 3424 minuendorum
2772 3368 3043 3440 providet,
3057 3372 3115 3421 et
3130 3383 3262 3420 cum
3284 3363 3480 3440 aliquis
3498 3355 3715 3415 minuerit

2167 3449 2344 3512 altera
2375 3459 2464 3512 die
2493 3457 2639 3512 infra
2679 3457 3068 3512 matutinalem
3101 3455 3334 3509 missam
3364 3453 3420 3507 in
3455 3451 3640 3506 foveam
3661 3443 3714 3499 ad

2167 3548 2271 3601 hoc
2299 3549 2480 3601 solum
2506 3547 2708 3600 factam
2739 3547 2979 3601 eundem
3009 3545 3344 3615 sanguinem
3373 3539 3573 3596 infundi
3596 3535 3712 3590 facit.

2167 3637 2378 3690 Iuncus
2407 3642 2465 3690 et
2505 3637 2563 3690 in
2593 3635 2881 3689 ecclesiam
2913 3639 2971 3688 et
3007 3634 3064 3687 in
3095 3635 3343 3687 claustro
3391 3646 3486 3702 per
3521 3642 3630 3682 eum
3653 3627 3719 3677 est

2170 3724 2560 3796 providendus.
2593 3725 2821 3794 Septem
2849 3723 2999 3777 enim
3026 3721 3240 3776 vicibus
3271 3738 3372 3792 per
3407 3733 3598 3773 annum
3624 3729 3718 3766 sco-

2169 3813 2290 3886 pari
2330 3815 2463 3868 facit
2491 3812 2802 3877 ecclesiam,
2829 3818 2885 3866 et
2914 3811 3182 3882 capellam
3215 3811 3274 3866 S.
3309 3809 3493 3864 Mariae
3521 3820 3631 3860 cum
3656 3815 3719 3853 re-

2171 3891 2340 3974 liquis
2368 3902 2615 3973 capellis,
2649 3902 2979 3965 claustrum,
3003 3900 3202 3954 cellam
3233 3897 3578 3956 novitiorum,
3604 3889 3722 3945 inﬁr-

2171 3991 2431 4056 mariam,
2453 3991 2828 4053 refectorium,
2852 3995 3148 4060 totumque
3163 3989 3339 4058 junco
3363 4001 3546 4040 recens
3564 3978 3719 4051 acqui-

2172 4081 2282 4135 sito
2335 4080 2555 4150 contegi
2602 4079 2981 4151 pavimentum
3033 4095 3046 4130 :
3102 4077 3159 4131 id
3217 4083 3307 4131 est
3356 4076 3415 4130 in
3467 4070 3722 4128 Nativitate

2173 4169 2499 4233 Bomini,ad
2523 4170 2756 4234 Pascha,
2783 4168 2852 4222 ad
2876 4168 3283 4228 Pentecostem.
3311 4164 3381 4218 ad
3407 4161 3721 4218 Nativitatem

2174 4259 2231 4314 8.
2267 4258 2518 4324 Joannis,
2535 4258 2606 4312 ad
2623 4257 3080 4327 Assumptionem
3102 4253 3161 4310 S.
3196 4255 3405 4318 Mariae,
3431 4259 3485 4306 et
3505 4245 3725 4305 Omnium

2111 4347 2531 4434 DBanctorum.
2561 4346 2668 4401 Sed
2699 4351 2755 4423 et
2782 4346 2840 4399 in
2869 4344 3084 4398 cunctis
3111 4341 3526 4434 festivitatibus,
3546 4338 3597 4390 in
3627 4332 3726 4434 qui-

2176 4434 2280 4489 bus
2307 4435 2419 4488 duo
2449 4439 2506 4488 et
2532 4435 2643 4489 duo
2673 4439 2965 4488 cantamus
2995 4431 3371 4504 responsoria,
3396 4435 3565 4483 totam
3589 4423 3729 4478 eccle-

2173 4522 2338 4587 siam,
2361 4523 2633 4602 capellam
2662 4522 2718 4576 S.
2752 4520 2962 4584 Mariae,
2995 4525 3053 4574 et
3080 4513 3265 4574 totum
3295 4519 3592 4573 claustrum
3619 4523 3729 4602 con-

2173 4612 2386 4683 spergit
2399 4597 2591 4682 junco.
2617 4612 2680 4666 1n
2710 4611 2866 4664 festis
2887 4627 3034 4674 vero,
3058 4627 3181 4681 quae
3210 4609 3266 4662 in
3294 4607 3483 4679 cappis
3514 4603 3590 4657 vel
3615 4597 3732 4675 albis

2175 4707 2438 4771 aguntur,
2487 4716 2586 4754 seu
2633 4716 2829 4754 omnes
2881 4699 3194 4753 Dominicas
3237 4695 3613 4767 Sexagesima,
3651 4702 3732 4758 per

2175 4790 2457 4858 ecclesias,
2469 4797 2523 4843 et
2539 4789 2608 4843 ab
2625 4791 2767 4843 ostio
2787 4788 3015 4859 majoris
3035 4787 3278 4842 ecclesiis
3296 4801 3474 4856 usque
3489 4782 3556 4836 ad
3569 4775 3736 4834 introi-

2174 4883 2296 4932 tum
2327 4879 2576 4950 capituli,
2600 4884 2658 4932 et
2685 4878 2744 4932 in
2772 4878 2958 4932 medio
2981 4877 3102 4946 ejus
3125 4883 3180 4930 et
3203 4875 3516 4944 ubicunque
3541 4879 3734 4923 necesse

2175 4974 2279 5033 est,
2313 4985 2424 5022 non
2454 4967 2688 5038 negligit
2709 4968 2944 5037 juncum
2974 4981 3258 5036 spargere,
3291 4971 3349 5017 et
3382 4971 3481 5016 hoc
3515 4959 3620 5014 sive
3644 4955 3734 5017 bis,

2175 5057 2289 5111 sive
2317 5057 2490 5111 semel
2511 5056 2857 5117 comedatur,
2881 5054 3024 5108 infra
3047 5053 3344 5125 prandium
3369 5051 3532 5106 debet
3553 5049 3734 5107 facere;

2174 5146 2273 5200 sed
2297 5146 2435 5200 nihil
2465 5131 2694 5200 omnino
2732 5144 2788 5197 in
2829 5144 3072 5197 claustro
3101 5142 3374 5214 loquitur,
3405 5139 3539 5211 quin
3561 5137 3738 5206 juncus

2174 5236 2257 5289 vel
2287 5235 2438 5289 aliud
2487 5235 2623 5306 quid
2671 5234 2740 5287 de
2788 5232 3107 5287 obedientia
3154 5246 3255 5287 sua
3302 5229 3431 5284 aliis
3476 5223 3739 5281 silentibus

2175 5324 2622 5378 administratur.

2246 5413 2374 5468 Non
2400 5411 2633 5483 negligit
2651 5411 2824 5466 etiam
2840 5414 3048 5465 mattas
3067 5409 3127 5464 in
3148 5406 3397 5473 ecclesia,
3422 5405 3480 5460 in
3498 5404 3737 5460 claustro.

566 5548 714 5641 $146)
739 5555 1030 5636 mitem
1058 5553 1167 5636 sibi
1200 5569 1266 5635 es
1295 5559 1461 5635 ροιμξ
1489 5554 1674 5637 Perii?
1703 5554 1928 5636 diem.
1952 5571 2075 5632 sua

2168 5556 2380 5631 omne
2402 5555 2704 5634 emititur-
