3886 6172
234 314 368 372 1H7

1255 326 1674 388 GONSTITU‘P.
1715 333 2056 389 HIRSAﬂG.
2101 362 2164 375 -—
2205 332 2343 388 LIB.
2385 332 2456 388 II.

3362 329 3506 389 1118

223 441 546 540 inca-[iitum
571 461 810 540 quoque,
849 463 913 500 ac
939 448 1252 518 refectorio,
1297 470 1467 525 super
1515 457 1711 511 sedilia
1767 459 1819 512 in
1841 456 2312 518 Aimbecilliores,
2359 455 2628 527 depositis
2671 454 2974 521 sedialibus
3030 473 3200 540 super
3255 472 3320 511 ea
3361 457 3514 534 inter

226 530 414 600 vigilia
434 532 698 587 Omnium
729 538 1060 599 Sanctorum
1083 544 1498 612 expandendas,
1525 552 1581 599 et
1603 563 1822 617 scopas,

225 619 425 689 quibus
484 623 826 678 mundentur
881 629 1124 692 canales,
1157 631 1302 684 ardes
1356 636 1822 702 necessariarum,

221 709 498 778 regularis
511 711 768 782 coquina,
794 720 849 768 et
872 715 1203 772 lavatorium
1223 722 1538 790 providere.
1565 725 1827 778 Providet

219 813 445 868 quoque
469 799 531 868 ip
559 801 912 857 refectorium
937 806 1204 876 cophinos
1219 810 1287 862 ad
1306 810 1414 865 reci
1420 812 1652 882 piendas
1664 801 1826 884 panis

222 887 510 957 reliquias.
543 889 912 946 Ramusculos
945 894 1227 950 frondium
1280 899 1350 952 ad
1405 900 1709 970 abigendas
1768 903 1824 956 in

219 980 415 1030 astate
445 994 685 1040 muscas,
721 982 983 1043 scutellas
1011 989 1069 1036 et
1096 985 1317 1040 ﬂabella
1336 989 1405 1043 ad
1423 989 1822 1060 abstergendas

220 1063 412 1124 micas,
447 1070 503 1118 et
541 1067 984 1140 quotiescunque
1029 1088 1170 1144 opus
1217 1082 1303 1129 est
1353 1078 1409 1131 in
1457 1079 1722 1144 claustro,
1767 1081 1819 1132 in

220 1151 570 1223 dormitorio,
597 1155 656 1209 in
685 1157 825 1212 cella
843 1159 1180 1216 novitiorum
1209 1163 1342 1218 facit
1365 1167 1574 1221 auferri
1594 1186 1824 1222 aranea-

221 1257 343 1295 rum
377 1242 536 1297 telas.

285 1328 355 1384 In
388 1331 482 1384 die
529 1339 723 1388 sancto
757 1335 1114 1394 Pentecostes
1155 1342 1300 1396 infra
1346 1344 1617 1415 hymnum
1668 1347 1816 1414 Veni,

219 1418 464 1481 Greater,
494 1421 565 1474 ad
597 1423 818 1482 tertiam
852 1432 937 1480 tot
968 1445 1241 1500 pauperes
1270 1449 1414 1502 pane
1444 1439 1500 1487 et
1550 1451 1718 1488 carne
1763 1442 1818 1488 et

215 1507 342 1564 vino
374 1509 420 1563 si
442 1509 700 1578 habetur,
733 1513 898 1568 debet
915 1519 1162 1583 reﬁcere,
1199 1527 1335 1590 quot
1362 1522 1566 1576 fratres
1604 1524 1660 1578 in
1697 1539 1818 1578 mo-

217 1598 462 1652 nasterio
487 1605 623 1667 tunc
653 1603 806 1656 novit
834 1620 974 1658 esse.
1011 1605 1272 1663 Providet
1308 1627 1529 1682 quoque
1558 1619 1623 1666 ut
1661 1614 1821 1667 lumi-

217 1687 373 1742 naria
393 1687 452 1741 in
474 1689 823 1757 dormitorio,
847 1693 903 1746 in
926 1694 1256 1761 infirmaria,
1279 1699 1336 1752 in
1357 1701 1664 1762 cellario,in
1683 1702 1821 1770 cella

1909 546 2182 600 orandum
2218 547 2430 615 jacent.
2463 545 2620 608 Quod
2673 545 2719 598 si
2762 545 2944 600 adhuc
2981 546 3154 616 aliqui
3184 555 3508 618 supersunt,

1908 635 1964 687 in
1997 635 2180 688 medio
2212 651 2380 704 super
2413 635 2791 704 pavimentum
2830 633 2886 686 in
2945 625 3128 704 genua
3182 639 3238 688 et
3263 626 3268 634 ”
3293 619 3509 708 cubitos

1908 723 2135 777 cadunt.
2166 723 2386 777 Tandiu
2417 722 2592 791 igitur
2622 738 2816 774 omnes
2866 723 2922 776 in
2963 719 3171 776 eodem
3226 723 3348 796 loco
3387 739 3512 777 ora-

1907 813 2078 867 tionis
2106 818 2302 866 tenent
2335 801 2584 876 modum,
2614 811 2729 864 sive
2750 812 3162 866 successionum
3190 813 3260 872 ad
3305 812 3507 890 levem,

1908 907 1966 956 et
2017 901 2087 956 ad
2138 902 2390 955 dextram
2448 900 2848 965 vicissitudine,
2903 917 3194 974 quousque
3252 901 3510 956 secundae

1909 990 2237 1059 pulsationis
2267 989 2546 1044 audierint
2574 1005 2796 1042 sonum.
2817 975 2970 1043 Tunc
2991 990 3510 1063 paritersurgentes

1905 1078 2130 1147 signant
2154 1095 2232 1143 se,
2265 1084 2322 1150 et
2353 1079 2422 1132 ad
2463 1083 2720 1132 neutram
2757 1078 2946 1131 lateris
2974 1095 3034 1132 se
3067 1084 3353 1138 moventes
3380 1083 3511 1144 ante

1905 1175 1962 1219 et
1982 1173 2133 1220 retro
2162 1167 2392 1221 faciunt.
2414 1167 2679 1236 Quisquis
2709 1183 2902 1220 eorum
2923 1167 3012 1219 his
3036 1167 3382 1221 orationibus
3393 1183 3508 1222 non

1901 1255 2236 1320 interfuerit,
2281 1257 2499 1308 veniam
2532 1255 2588 1308 in
2648 1255 2892 1324 capitulo
2943 1261 3174 1325 propter
3233 1257 3335 1309 hoc
3395 1271 3509 1316 non

1902 1345 2062 1414 petit.
2094 1345 2443 1398 Percantatis
2471 1345 2660 1415 itaque
2690 1335 2952 1397 sedendo.
2986 1344 3236 1414 psalmis,
3269 1344 3362 1416 qui
3404 1360 3511 1406 no-

1905 1439 2134 1487 cturnos
2163 1435 2484 1503 praecedunt
2509 1433 2579 1487 ad
2623 1431 2998 1503 pulsationem
3038 1417 3295 1486 duorum"
3326 1432 3512 1503 signo-

1903 1539 2028 1576 rum
2050 1529 2398 1593 consurgunt
2429 1528 2483 1576 et
2516 1521 2822 1591 primordia
2873 1527 3280 1592 noctumorum
3330 1537 3512 1604 usque

1904 1611 1974 1664 ad
2014 1613 2180 1664 ﬁnem
2214 1611 2428 1682 hymni,
2475 1612 2568 1682 qui
2623 1612 2900 1681 psalmum
2941 1612 3119 1663 Venite
3146 1611 3511 1682 subsequitur

1901 1699 1983 1752 ita
2007 1701 2205 1754 stando
2237 1705 2600 1766 venerantur;
2633 1699 2741 1753 nisi
2792 1699 2887 1770 qui
2924 1698 3303 1770 membrorum
3333 1695 3512 1760 debi-

217 1773 553 1830 novitiorum
585 1786 993 1850 praeparentur,
1021 1801 1258 1854 quorum
1299 1788 1556 1842 lucernas
1586 1789 1655 1842 de
1703 1790 1820 1843 sin-
1839 1775 1885 1834 Β
1905 1789 2062 1842 litate
2091 1789 2250 1853 adeo,
2274 1794 2335 1860 ut
2361 1795 2510 1842 stare
2536 1793 2837 1858 nequeant,
2871 1776 3309 1858 praegravantur.
3351 1787 3511 1862 Hanc

214 1863 359 1932 gulis
406 1864 544 1934 locis
575 1869 1058 1941 quotienscunque
1097 1890 1236 1945 opus
1262 1881 1364 1943 est,
1403 1876 1648 1932 famulus
1677 1879 1816 1948 eius,

217 1950 341 2019 ipso
360 1955 730 2022 praecedente,
764 1959 911 2013 infra
932 1962 1173 2031 priorem
1191 1965 1418 2023 missam
1441 1966 1607 2020 debet
1631 1983 1820 2038 aspor-

215 2045 353 2103 tare,
380 2049 439 2098 et.
469 2043 634 2114 adipe
669 2062 702 2098 a
729 2050 1039 2104 camerario
1069 2060 1293 2124 accepto
1339 2055 1599 2126 impletas
1639 2062 1696 2110 et
1748 2058 1817 2110 ad

215 2131 634 2188 accendendum
675 2146 1015 2208 praeparatas
1044 2149 1349 2211 reportare.
1418 2135 1424 2144 ’

281 2217 472 2289 Ipsius
495 2224 841 2292 providentia
868 2227 1160 2284 fodiuntur
1181 2231 1454 2299 omnium,
1480 2233 1537 2288 in
1577 2235 1698 2288 loro
1727 2252 1820 2289 se-

215 2308 627 2378 peliendorum,
655 2318 770 2367 tam
795 2315 1031 2371 fratrum
1064 2335 1231 2390 quam
1263 2322 1602 2379 exteriorum
1627 2325 1816 2395 sepul-

217 2398 378 2464 chra;
413 2399 515 2452 sed
537 2401 606 2453 ad
636 2403 812 2456 solam
847 2421 1156 2476 pauperum
1181 2414 1239 2462 et
1277 2411 1703 2480 peregrinorum
1763 2419 1821 2467 et

216 2485 480 2554 aliorum,
512 2489 608 2557 qui
635 2489 694 2544 in
725 2492 1168 2565 eleemosynaria
1193 2499 1528 2564 moriuntur,
1563 2501 1819 2572 sepultu-

215 2590 356 2639 ram,
385 2575 510 2646 ipse
539 2577 686 2647 ligna
709 2581 960 2650 providet
985 2585 1200 2638 caeteris
1229 2588 1489 2642 omnibus
1531 2589 1675 2643 villae
1718 2591 1816 2644 de-

217 2678 415 2734 canus.
457 2668 676 2721 Hocest
713 2670 905 2734 etiam,
966 2674 1114 2742 quod
1174 2691 1527 2746 nequaquam
1585 2678 1814 2744 omittit,

217 2753 352 2821 quin
378 2756 559 2810 semel
582 2756 640 2810 in
665 2759 981 2826 septimana
1024 2768 1202 2817 totam
1261 2765 1447 2819 villam
1494 2768 1814 2837 perlustret,

215 2855 475 2909 quaerens
502 2843 676 2898 sicubi
691 2863 904 2919 pauper
921 2850 1126 2921 aliquis
1143 2853 1329 2922 jaceat
1359 2861 1622 2924 aegrotus,
1650 2858 1672 2891 ί
1693 2862 1750 2909 et
1774 2857 1820 2910 si

215 2931 502 2988 masculus
533 2937 638 2996 est,
667 2935 993 2996 visitaturus
1018 2940 1228 2997 intrat:
1263 2943 1309 2996 si
1330 2942 1556 3008 femina,
1597 2950 1709 2998 stat
1749 2944 1818 2998 ad

215 3020 449 3086 ostium,
475 3026 532 3076 et
559 3023 833 3090 famulum
856 3044 1020 3082 suum
1055 3029 1229 3084 mittit
1264 3032 1335 3085 ad
1365 3048 1488 3085 eam
1518 3050 1645 3087 cum
1678 3050 1822 3104 pane

215 3113 274 3182 Bt
301 3109 456 3174 vino,
497 3118 554 3164 et
584 3128 709 3168 cum
751 3115 875 3170 aliis
930 3118 1253 3187 huiusmodi
1305 3121 1615 3192 speciebus,
1681 3139 1821 3194 quas

217 3197 483 3270 meliores
511 3203 760 3271 punierit
787 3203 1058 3262 invenire.

821 3295 1054 3351 CAPUT
1081 3299 1227 3354 LIII.

323 3377 401 3432 De
432 3379 539 3445 his,
573 3383 672 3449 qui
689 3398 918 3437 cursum
947 3390 1259 3515 rigu'ﬁzrem
1291 3390 1364 3442 ad
1380 3387 1436 3442 S.
1471 3389 1713 3444 Mariam

890 3473 962 3514 au
1007 3474 1066 3512 ιιι
1137 3500 1149 3511 .

890 3473 1149 3514 austum.

290 3538 312 3559 θ
333 3535 553 3607 Quibus
584 3541 910 3606 conceditur
933 3546 1249 3614 regularem
1272 3563 1497 3603 cursum
1524 3549 1720 3618 audire
1749 3551 1817 3606 ad

218 3624 273 3697 ξ.
317 3626 560 3708 Mariam
593 3629 1030 3696 sicutdiversam
1061 3635 1192 3692 illuc
1232 3637 1402 3704 eundi
1445 3637 1656 3692 habent
1689 3655 1823 3693 cau-

213 3730 361 3787 sam,
394 3715 478 3786 ita
505 3733 730 3788 quoque
758 3719 1107 3783 dissimiliter
1134 3724 1346 3782 ordinis
1386 3725 1591 3782 ibidem
1631 3726 1821 3795 obser-

217 3809 350 3874 vant
380 3805 657 3874 regulam,
689 3807 832 3873 Nam
865 3811 1106 3881 exceptis
1135 3811 1393 3878 inﬁrmis,
1427 3815 1524 3885 qui
1571 3817 1822 3886 quandiu

215 3891 604 3965 inﬁrmatur.
675 3898 868 3960 tandm
936 3900 1104 3960 etiam
1160 3919 1194 3956 a
1247 3911 1524 3958 conventu
1589 3921 1822 3976 seques-

219 3989 466 4052 trantur,
525 3985 737 4052 caeteri,
790 3987 992 4056 quibus
1049 3989 1154 4049 hoc
1199 3991 1542 4063 conceditur,
1597 3993 1654 4046 in
1707 4000 1821 4048 tres

214 4079 409 4143 partes
438 4079 578 4140 sunt
606 4073 786 4140 divisi,
819 4077 915 4146 qui
945 4083 1136 4137 tamen
1167 4095 1268 4150 per
1291 4081 1482 4136 omnia
1509 4081 1578 4136 de
1621 4089 1822 4136 caetero

216 4161 508 4226 intersunt
525 4167 845 4230 conventui.
863 4168 1188 4230 celierarius
1211 4170 1439 4236 scilicet,
1457 4173 1820 4240 camerarius,

213 4253 604 4332 granatarips,
632 4254 878 4317 decenas
934 4257 1093 4322 villae,
1133 4259 1418 4325 ostiarius,
1459 4261 1819 4325 inﬁrmarius,

1904 1879 2072 1931 etiam
2103 1877 2288 1931 standi
2316 1878 2733 1931 venerationem
2759 1876 2828 1945 ad
2851 1873 3155 1966 capitulum
3177 1863 3506 1930 eorumdem

1903 1972 2328 2032 nocturnorum;
2353 1966 2422 2018 ad
2447 1965 2668 2019 initium
2684 1982 2905 2036 quoque
2922 1965 2982 2019 et
3001 1965 3306 2036 capitulum
3333 1969 3506 2040 atque

1901 2055 1973 2109 ad
1991 2054 2264 2130 hymnum
2295 2054 2699 2108 matutinorum
2728 2053 3189 2124 singularumque
3214 2037 3504 2117 horarum,

1901 2145 1997 2198 sed
2039 2131 2344 2214 praecipue,
2361 2143 2428 2196 ad
2468 2145 2531 2197 Te
2547 2144 2719 2196 Deum
2744 2143 3060 2207 laudamus,
3090 2140 3160 2195 ad
3185 2143 3507 2208 Quicunque

1900 2237 2040 2298 υυιι,
2072 2233 2142 2285 ad
2181 2233 2499 2286 Benedictus
2540 2247 2762 2316 quoque
2802 2245 2868 2283 ac
2895 2231 3234 2298 Magniﬁcat,
3269 2229 3508 2314 quisque

1901 2321 2178 2379 observat.
2210 2319 2318 2373 nisi
2350 2336 2514 2390 quem
2547 2320 2676 2373 talis
2708 2325 2790 2383 (ut
2815 2319 3026 2372 dictum
3062 2324 3164 2384 est)
3199 2318 3500 2372 inﬁrmitas

1900 2413 2114 2478 gravet.

1975 2495 2038 2549 In
2089 2495 2482 2549 decantatione
2511 2510 2640 2547 vero
2673 2510 2851 2564 usque
2890 2493 2948 2547 in
2997 2494 3165 2547 tinem
3199 2498 3508 2559 nocturno-

1901 2600 2025 2637 rum
2059 2589 2115 2638 et
2137 2584 2538 2638 matutinorum
2571 2587 2626 2635 et
2646 2589 2771 2653 post
2787 2582 3154 2654 expletionem
3178 2588 3508 2651 cszterarum

1901 2674 2191 2730 horarum.
2234 2673 2327 2743 qui
2386 2672 2611 2742 aliquod
2651 2667 2867 2741 patitur
2901 2687 3224 2742 gravamen,
3262 2687 3375 2724 non
3424 2687 3510 2725 re-

1901 2761 2272 2832 prehenditur
2334 2777 2666 2832 quocunque
2715 2759 2879 2812 modo
2927 2759 3127 2812 sedens
3184 2759 3354 2812 faciat
3404 2759 3509 2812 sibi

1902 2851 2255 2904 relevamen:
2289 2835 2420 2920 v.'g.
2465 2849 2522 2904 Si
2543 2848 2742 2902 sedens
2773 2863 2943 2918 super
2996 2847 3377 2918 pavimentum
3436 2847 3509 2901 ad

1902 2940 2130 3003 formas,
2163 2939 2233 2992 ad
2258 2953 2568 3000 scamnum,
2607 2937 2689 2990 vel
2719 2936 2787 2990 ad
2829 2936 2982 2989 aliud
3009 2953 3067 3007 se
3117 2935 3355 3012 acclinat
3381 2952 3508 2990 sus-

1910 3027 2276 3090 tentaculum,
2329 3025 2376 3079 si
2447 3040 2612 3079 crura
2661 3024 2966 3095 protendit,
3027 3023 3111 3077 vel
3186 3023 3498 3094 contrahit.

1903 3116 2206 3170 Nocturnis
2260 3115 2436 3184 igitur
2498 3120 2556 3167 et
2612 3113 2927 3177 matutinis,
2977 3111 3323 3183 ceterisque,
3381 3127 3506 3182 quae

1901 3204 2154 3257 canenda
2183 3209 2334 3268 sunt,
2370 3201 2561 3267 ﬁnitis,
2595 3188 2708 3255 sive
2747 3201 2820 3255 sit
2857 3207 3080 3270 tempus
3123 3200 3335 3254 aestatis
3394 3191 3508 3254 Sive

1899 3291 2137 3361 hyemis,
2161 3291 2402 3345 infirmis
2429 3307 2489 3344 se
2517 3289 2940 3358 collocantibus,
2961 3290 3166 3344 fratres
3192 3305 3305 3360 prae
3330 3288 3508 3342 nimio

1902 3380 2003 3434 Dei
2032 3380 2317 3434 servitutis
2347 3378 2538 3434 labore
2569 3365 2844 3444 exhausti,
2878 3364 3270 3433 obedientiarii
3285 3393 3509 3448 quoque

1901 3469 2149 3539 praedicti
2190 3485 2250 3522 se
2308 3484 2434 3521 cum
2491 3468 2718 3521 licentia
2772 3468 3141 3535 recollocant;
3198 3465 3510 3521 camerario

1903 3558 2248 3626 providente,
2289 3563 2352 3610 ut
2379 3556 2448 3609 ad
2490 3557 2594 3610 hoc
2645 3556 2700 3609 in
2745 3556 3062 3610 inﬁrmaria
3106 3541 3206 3610 aut
3262 3555 3324 3609 in
3368 3555 3511 3609 cella

1906 3647 2243 3700 novitiorum
2286 3647 2458 3699 lectos
2522 3645 2802 3699 habeant:
2857 3645 3059 3716 quibus
3125 3651 3312 3698 tamen
3394 3660 3510 3699 non

1905 3735 2231 3788 conceditur
2261 3750 2361 3804 pro
2391 3733 2580 3803 aliqua
2623 3733 2952 3787 inﬁrmitate
2999 3749 3168 3804 super
3212 3732 3510 3787 culcitram

1905 3822 2171 3887 dormire,
2213 3835 2394 3891 neque
2446 3821 2634 3886 alicui,
2674 3820 2768 3890 qui
2815 3827 3148 3875 conventum
3197 3825 3382 3896 potest
3426 3825 3511 3874 te-

1904 3924 2056 3963 nere.
2083 3909 2280 3970 Cazteri
2312 3914 2522 3971 autem,
2555 3908 2651 3978 qui
2703 3909 2874 3978 hujus
2903 3909 3126 3979 quidem
3148 3906 3510 3978 indulgentia;

1903 4013 2012 4051 non
2043 4004 2176 4051 sunt
2196 3997 2392 4066 indigi,
2426 3997 2523 4050 sed
2551 4002 2743 4050 tamen
2772 3997 2871 4050 tali
2904 3999 2985 4066 (ut
3026 3997 3356 4067 praedictum
3402 4001 3506 4064 est)

1907 4086 2125 4140 ratione
2173 4086 2256 4138 vel
2298 4101 2399 4139 sua
2447 4084 2696 4154 ipsorum
2753 4085 3025 4154 petitione
3070 4085 3156 4137 vel
3201 4088 3512 4155 spontanea

1907 4173 2124 4227 abbatis
2171 4174 2286 4227 sive
2344 4172 2547 4244 prioris
2604 4173 2989 4243 compassione
3045 4173 3178 4226 illuc
3233 4170 3506 4242 deputati,

1907 4262 2038 4317 licet
2086 4279 2119 4316 a
2164 4267 2440 4316 conventu
2477 4261 2592 4314 sint
2659 4260 2887 4314 interim
2948 4260 3246 4330 segregati,
3323 4261 3509 4331 ipsum

217 4349 276 4409 βε
298 4343 392 4414 qui
413 4347 619 4413 pressat
639 4344 791 4415 operi
815 4347 1344 4419 crementariorum;
1368 4354 1425 4403 et
1439 4349 1495 4406 hi
1512 4349 1818 4411 interdum,
1839 4362 1888 4420 1)
1910 4356 2100 4405 tamen
2130 4351 2321 4404 taliter
2348 4349 2554 4403 debent
2581 4349 2812 4412 imitari,
2847 4355 2910 4403 ut
2937 4349 2985 4402 si
3013 4349 3107 4402 ille
3127 4366 3192 4405 ex
3216 4353 3513 4402 consuetu-

220 4433 320 4501 qui
347 4449 462 4501 prae
497 4431 672 4497 nimio
719 4433 918 4493 divinae
967 4436 1253 4508 servitutis
1309 4436 1499 4508 labore
1547 4439 1823 4502 exhausti,

217 4521 442 4594 nullum
465 4521 638 4583 choro
686 4523 953 4582 auxilium
1012 4532 1248 4595 possunt
1299 4527 1550 4582 conferre
1597 4528 1654 4581 in
1702 4545 1829 4581 can-

219 4611 428 4677 tando;
457 4611 694 4680 insuper
712 4618 770 4666 et
797 4612 874 4678 hi,
901 4613 994 4682 qui
1016 4631 1130 4686 pra;
1156 4616 1346 4686 aliqua
1365 4616 1653 4671 debilitate
1674 4618 1826 4672 intra

222 4700 310 4764 γβι
325 4706 484 4763 extra
500 4700 734 4763 chorum
751 4703 1287 4759 consuetudinaliter
1297 4712 1584 4776 nequeunt
1600 4722 1828 4760 manere

215 4789 477 4855 sedendo
503 4797 606 4849 aut
632 4791 850 4848 stando.
885 4793 1030 4862 Ergo
1059 4793 1114 4863 hi
1143 4811 1338 4848 omnes
1363 4795 1586 4865 quando
1622 4795 1692 4848 ad
1732 4811 1831 4849 no-

214 4885 458 4944 cturnos
487 4879 644 4938 scilla
670 4881 928 4950 pulsatur
947 4881 1005 4936 in
1037 4882 1328 4947 ecclesiam
1359 4884 1416 4937 S.
1457 4883 1646 4949 Mariae
1693 4900 1832 4937 con-

215 4967 519 5033 venientes
550 4968 608 5024 in
643 4985 765 5026 eam
799 4975 1016 5040 partem
1043 4971 1288 5038 regionis
1317 4973 1603 5039 secedunt,
1628 4973 1717 5026 cui
1775 4977 1832 5026 et

212 5057 278 5112 in
311 5057 489 5118 thoro
508 5057 763 5128 deputati
793 5065 942 5117 sunt.
968 5065 1025 5112 et
1046 5059 1252 5129 singuli
1270 5077 1370 5130 pro
1389 5062 1551 5114 modo
1571 5061 1829 5115 ordinum

213 5146 448 5216 Bligunt
469 5146 577 5204 sibi
608 5147 798 5212 etiam,
834 5147 949 5202 sive
978 5148 1230 5213 sedeant,
1280 5151 1396 5203 sive
1438 5149 1826 5221 procumbant,

213 5237 351 5296 loca
380 5235 734 5309 orationum:
763 5241 820 5290 et
847 5237 951 5291 hoc
980 5237 1088 5292 isto
1118 5238 1303 5291 modo.

294 5325 360 5379 Si
387 5330 474 5378 est
501 5325 707 5378 festum
738 5325 1033 5379 duodecim
1063 5326 1386 5388 lectionum,
1435 5327 1530 5398 qui
1569 5335 1704 5382 sunt
1743 5327 1834 5380 {ir-

211 5416 437 5478 miores
465 5427 636 5486 snper
652 5414 1068 5488 misericordias
1096 5416 1356 5471 sedilium
1380 5414 1558 5486 (149);
1582 5418 1680 5488 qui
1705 5433 1835 5472 vero

292 5553 462 5650 (ψ)
484 5555 627 5647 Υξφξξ
655 5563 850 5647 ηρξξω
875 5573 1001 5657 θῆρε
1032 5556 1123 5645 29,
1148 5557 1279 5643 illiti,
1302 5575 1341 5635 l-

1909 4439 2039 4493 dine
2058 4438 2224 4492 debet
2250 4453 2310 4491 se
2340 4437 2696 4501 recollocare,
2740 4436 2834 4491 isti
2872 4431 3027 4492 nullo
3072 4437 3238 4491 modo
3295 4434 3511 4508 absque

1909 4527 2133 4583 licentia
2188 4527 2294 4593 hoc
2342 4531 2690 4597 pmsumant
2739 4525 3067 4596 anticipare,
3126 4542 3232 4580 nec
3281 4533 3513 4597 prorsus

1909 4616 2214 4688 quidquam
2242 4615 2301 4668 in
2323 4613 2484 4668 lectis
2513 4618 2637 4684 post
2667 4614 2976 4677 matutinos
3005 4609 3270 4679 dormire,
3304 4614 3352 4668 si
3375 4629 3512 4670 con-

1908 4710 2108 4759 ventus
2125 4703 2262 4757 ordo
2280 4701 2856 4773 prohibetdormitum
2892 4703 3096 4757 redire.
3120 4703 3265 4758 Nam
3283 4703 3515 4759 interim

1909 4793 1970 4848 in
2001 4791 2236 4856 ecclesia
2261 4793 2318 4852 S.
2374 4791 2561 4845 Mariae
2608 4790 2964 4853 considentes
3001 4797 3335 4852 conventum
3387 4805 3516 4848 cum

1912 4882 2265 4954 processione
2295 4880 2572 4942 veniente,
2606 4880 2688 4933 illi
2708 4879 2908 4934 dantes
2937 4881 3141 4948 locum,
3177 4883 3262 4936 vel
3285 4876 3354 4936 in
3383 4881 3518 4936 dor-

1910 4971 2202 5026 mitorium
2223 4969 2307 5023 vel
2346 4969 2402 5024 in
2454 4969 2760 5023 claustrum
2801 4970 3072 5024 secedunt
3125 4967 3506 5028 inﬁrmorum.

1914 5060 2034 5124 Quo
2064 5071 2320 5124 exeunte,
2355 5058 2398 5111 si
2431 5057 2542 5126 tale
2571 5061 2654 5112 est
2685 5062 2930 5129 tempus,
2963 5059 3169 5113 iterum
3213 5059 3514 5114 redeuntes

1912 5148 2120 5204 ibidem
2151 5147 2510 5201 intervallum
2553 5152 2610 5199 et
2647 5146 2935 5201 residuum
2969 5148 3146 5200 noctis
3192 5143 3516 5214 transigunt.

1913 5237 2176 5308 spatium,
2209 5236 2452 5292 Diurnas
2475 5251 2698 5305 quoque
2720 5251 2915 5288 omnes
2962 5235 3129 5287 horas
3150 5233 3245 5297 ibi,
3269 5233 3513 5303 exceptis

1915 5325 2356 5389 obedientiariis,
2389 5329 2447 5378 et
2466 5323 2561 5395 qui
2586 5324 2728 5377 tales
2757 5328 2907 5386 sunt,
2929 5322 3024 5391 qui
3063 5321 3120 5374 in
3151 5321 3322 5374 choro
3345 5319 3518 5376 inter-

1916 5433 2037 5471 esse
2058 5419 2312 5486 possunt,
2343 5412 2602 5476 audiunt,
2632 5411 2743 5476 nisi
2782 5409 2882 5480 qui
2909 5409 3118 5463 inﬁrmi
3155 5407 3518 5475 refectionem
