3908 6168
469 240 601 298 1119

1513 245 1570 300 S.
1612 245 2003 302 GUlLLELMI
2043 240 2346 298 ABBATIS
2384 240 2724 323 HIRSAUG.

3563 239 3680 298 1120

461 368 828 437 Ρηενθηὶιιηι.
851 368 936 422 Ad
963 384 1200 438 quarum
1219 373 1411 425 tamen
1433 371 1802 442 singularum,
1822 371 1930 426 nisi
1947 372 2058 444 pri-
2074 373 2123 431 A
2141 378 2262 432 loca
2290 377 2441 432 intra
2468 377 2702 430 chorum
2744 390 2804 428 se
2824 372 3032 428 habere
3063 374 3305 443 sperant)
3333 370 3607 437 introeunt,
3635 371 3683 424 in

464 473 568 511 ma:
599 457 993 528 pulsationem,
1019 457 1124 528 ipsi
1153 475 1278 513 cum
1310 466 1608 524 conventu,
1638 461 1727 514 cui
1753 467 1888 515 tunc
1916 479 2060 515 sem-

463 565 564 620 per
591 549 890 614 intersunt,
923 567 1066 614 eam,
1117 567 1237 621 qua:
1274 553 1497 606 easdem
1535 554 1818 625 praecedit,
1860 555 2062 608 oratio-

463 652 612 701 nem,
646 643 777 691 ante
798 638 1030 692 chorum
1065 639 1294 693 faciunt.

532 723 823 780 Interdum
855 731 1044 780 autem
1082 728 1267 782 evenit
1294 733 1358 782 ut
1392 729 1637 795 interim,
1672 731 1805 784 dum
1850 731 2062 785 eisdem

461 811 703 868 inﬁrmis
734 816 903 870 missa
932 817 1171 881 canitur,
1197 817 1262 870 ad
1287 817 1546 888 primam,
1577 821 1658 873 vel
1681 821 1788 874 alio
1810 826 2062 891 tempore

464 902 534 956 ad
561 904 784 959 tertiam
817 906 1093 976 pulsetur.
1132 909 1308 975 Tunc,
1352 909 1580 962 dimisso
1628 909 1806 980 signo,
1844 927 2057 974 omnes,

465 991 676 1063 absque
728 995 966 1049 inﬁrmis
1021 998 1351 1068 centerisque
1399 998 1636 1052 eandem
1689 999 1912 1052 missam
1959 1016 2058 1052 au-

465 1080 768 1144 dientibus,
793 1089 923 1137 ante
965 1089 1020 1138 et
1043 1071 1191 1139 retro
1225 1085 1455 1149 faciunt,
1488 1090 1546 1139 et
1570 1087 1731 1156 signo
1769 1088 1947 1141 crucis
2003 1104 2062 1141 se

468 1172 749 1239 muniunt,
806 1174 901 1228 sed
953 1180 1144 1228 tamen
1202 1192 1490 1246 quousque
1534 1176 1694 1229 ﬁnita
1751 1176 1822 1230 sit
1870 1176 2060 1243 missa,

465 1259 663 1314 horam
693 1261 992 1317 instantem
1025 1281 1224 1318 canere
1264 1264 1548 1318 dilferunt.
1595 1265 1718 1328 Qua
1747 1266 1924 1332 ﬁnita,
1947 1272 2060 1320 tam

2141 468 2237 522 illa
2267 483 2416 531 vero,
2450 483 2571 536 qua:
2601 465 2722 519 sine
2764 464 2904 518 albis
2949 462 3154 532 agitur,
3187 467 3314 514 ante
3357 459 3566 512 chorum
3613 460 3683 514 di-

2143 560 2384 609 vertunt.

2215 645 2545 714 Quicunque
2562 647 2766 714 praeter
2783 639 3214 695 obedientiarios
3237 637 3536 691 illitteratos
3550 653 3685 706 regu-

2144 735 2318 788 larem
2350 748 2576 788 cursum
2610 732 2679 784 ad
2707 731 2764 786 S.
2798 729 3032 784 Mariam
3082 727 3341 794 audiunt,
3376 726 3690 796 quotiescun-

2145 839 2252 894 que
2273 822 2475 876 fratres
2503 818 2878 874 communiter
2897 815 3375 878 albisinduuntur,
3399 813 3538 866 nullo
3557 813 3689 866 modo

2143 911 2386 981 idipsum
2413 909 2716 980 aliquando
2743 907 3004 961 omittere
3047 907 3408 976 praesumunt,
3439 902 3525 955 sed
3552 900 3689 956 albati

2144 1007 2274 1054 ante
2304 999 2550 1059 tertiam,
2589 996 2822 1051 instanti
2852 996 3034 1050 ofﬁcio
3051 1011 3176 1049 cum
3198 992 3410 1048 caeteris
3434 991 3688 1050 intersunt;

2145 1089 2250 1143 nisi
2290 1088 2422 1142 talis
2471 1088 2553 1141 eis
2599 1086 2898 1140 inﬁrmitas
2947 1091 3082 1139 tunc
3127 1083 3436 1146 immineat,
3467 1097 3576 1151 qua!
3619 1097 3692 1134 eos

2145 1177 2327 1230 eidem
2365 1175 2592 1229 omnino
2638 1175 2910 1228 interesse
2939 1172 3243 1244 praepediat
3278 1189 3291 1236 ;
3325 1170 3422 1223 sed
3450 1185 3540 1222 nec
3589 1174 3693 1221 tunc

2146 1265 2267 1319 sine
2295 1265 2521 1318 licentia
2569 1263 2829 1318 omittere
2869 1262 3097 1316 audent.
3167 1259 3319 1314 Nulli
3371 1257 3691 1315 sacerdotum.

467 1349 678 1404 inﬁrmi
701 1369 868 1422 quam
890 1354 1094 1419 caeteri,
1120 1353 1215 1424 qui
1237 1354 1464 1408 missam
1486 1354 1739 1407 eamdem
1763 1354 2065 1410 audierunt
2147 1353 2243 1426 qui
2283 1354 2354 1407 ad
2383 1352 2702 1424 praedictam
2733 1351 3000 1423 capellam
3021 1349 3235 1420 jugiter
3265 1347 3418 1400 horis
3443 1345 3693 1408 intersunt,

467 1443 599 1492 ante
628 1445 686 1492 et
713 1445 861 1493 retro
890 1441 1155 1495 facientes
1185 1458 1356 1512 seque
1385 1442 1692 1512 signantes,
1744 1459 1937 1498 omnes
1972 1461 2066 1514 pa-
2147 1445 2278 1498 licet
2332 1445 2602 1513 majorem
2663 1442 2895 1496 missam
2949 1445 3197 1503 cantare,
3256 1453 3436 1508 neque
3478 1436 3694 1507 priorem,

469 1526 607 1579 riter
654 1529 885 1582 eandem
943 1530 1141 1584 horam
1212 1535 1464 1584 cantant.
1521 1531 1664 1601 Ergo
1728 1534 2069 1602 percantatis
2149 1533 2257 1587 nisi
2288 1532 2572 1586 interdum
2598 1532 2657 1585 in
2681 1530 2975 1585 duodecim
3003 1526 3356 1590 lectionibus,
3389 1526 3515 1596 quin
3541 1525 3696 1578 eadem

468 1614 622 1668 horis
644 1617 829 1670 nullus
857 1618 966 1670 nisi
997 1635 1094 1688 pro
1137 1635 1341 1688 magna
1396 1619 1729 1673 necessitate
1777 1621 2070 1690 praesumit
2091 1688 2124 1694 _
2149 1621 2304 1694 prior
2342 1622 2512 1674 inissa
2545 1626 2670 1691 post
2698 1619 3004 1690 capitulum
3022 1617 3214 1671 statim
3247 1615 3407 1669 nulla
3433 1615 3560 1667 hora
3603 1628 3696 1665 eam

468 1704 624 1774 prius
655 1706 805 1759 exire
830 1705 898 1759 de
924 1707 1174 1772 ecclesia,
1209 1724 1376 1777 quam
1398 1708 1613 1762 instans
1641 1709 1781 1762 hora
1810 1710 1867 1763 in
1897 1710 2066 1764 choro
2090 1688 2131 1746 Β
2152 1711 2495 1781 prmcedente
2539 1709 2780 1764 canitur.
2815 1707 2873 1762 Si
2924 1707 3050 1778 quis
3103 1721 3203 1776 pro
3259 1719 3514 1758 concessa
3555 1702 3698 1771 gratia

467 1790 638 1846 fuerit
668 1793 826 1847 ﬁnita
864 1795 972 1848 nisi
1029 1802 1358 1867 accepturus
1407 1796 1874 1850 benedictionem.
1908 1798 2067 1862 Quod

469 1880 516 1934 si
556 1881 679 1950 quis
709 1899 902 1936 eorum
934 1884 1002 1936 ad
1034 1885 1281 1955 aliquam
1315 1885 1447 1938 illuc
1474 1891 1597 1956 post
1622 1886 1869 1941 Gloriam
1901 1887 2068 1956 primi

468 1970 670 2040 psalmi
710 1972 967 2037 occurrit,
1011 1980 1295 2043 procurat,
1338 1974 1384 2026 si
1424 1980 1510 2027 est
1565 1975 1848 2029 litteratus
1901 1980 1966 2028 ut
2009 1976 2066 2030 in

472 2060 744 2113 minorem
767 2062 1021 2126 chorum,
1041 2065 1124 2116 vel
1148 2064 1194 2117 si
1217 2070 1301 2117 est
1322 2064 1662 2129 illitteratus,
1683 2065 2065 2132 antejchorum

471 2151 600 2200 ante
621 2148 769 2202 idem
802 2152 989 2205 Gloria
1027 2153 1216 2206 venire
1241 2154 1432 2223 possit.
1460 2153 1617 2216 Quod
1646 2154 1692 2206 si
1720 2160 1775 2207 et
1806 2155 1910 2207 hoc
1956 2171 2067 2208 non

471 2235 695 2307 poterit,
729 2238 798 2291 ad
839 2239 1078 2308 gradum
1137 2242 1304 2298 venit.
1346 2240 1484 2294 Inde
1533 2242 2070 2296 consuetudinaliter

469 2324 752 2386 recedens,
811 2328 1046 2392 czeteris,
1106 2346 1228 2400 quae
1291 2337 1625 2400 sequuntur,
1676 2331 1756 2384 ita
1799 2335 1886 2399 (ut
1935 2329 2068 2384 alibi

469 2412 691 2482 plenius
720 2416 1052 2476 estdictum)
1093 2419 1352 2488 peractis,
1398 2425 1552 2472 extra
1592 2419 1817 2473 secedit.
1855 2419 2064 2473 Verum

471 2500 518 2554 si
549 2503 672 2572 quis
701 2503 1140 2561 obedientiarius
1168 2508 1381 2579 aliquid
1433 2508 1617 2578 operis
1667 2515 1778 2561 tam
1827 2509 1990 2578 longe
2033 2524 2067 2561 a

471 2591 608 2645 cella
629 2599 892 2663 operatus
923 2595 1109 2661 fuerit,
1141 2603 1204 2650 ut
1244 2597 1314 2650 ad
1364 2598 1557 2651 horam
1613 2599 1930 2667 regularem
1980 2612 2068 2651 oc-

469 2695 698 2734 currere
728 2699 839 2736 non
872 2685 1064 2754 possit,
1099 2685 1145 2738 is
1185 2702 1306 2739 eam
1346 2685 1441 2740 ubi
1469 2692 1752 2756 operatur,
1787 2686 2062 2740 cantabit:

471 2771 655 2824 caeteri
678 2788 872 2826 omnes
891 2773 1084 2828 audito
1123 2775 1282 2844 signo
1324 2791 1450 2828 mox
1503 2775 1573 2828 ad
1615 2775 1929 2838 ecclesiam,
1979 2774 2068 2828 cui

471 2859 723 2930 deputati
752 2867 903 2927 sunt,
923 2868 1241 2918 occurrunt.
1273 2864 1603 2935 Quicunque
1635 2880 1764 2918 vero
1803 2865 1871 2918 de
1901 2863 2067 2918 itine-

470 2950 727 3004 rantibus
786 2951 945 3006 ﬁnita
998 2953 1137 3006 hora
1187 2953 1510 3016 adveniunt,
1544 2953 1614 3006 ad
1663 2953 1954 3007 ecclesiam
2007 2954 2063 3006 S.

2152 1802 2317 1856 horas
2341 1801 2548 1855 ibidem
2581 1802 2818 1856 audiens
2847 1818 2948 1872 pro
2972 1799 3309 1854 inﬁrmitate
3331 1793 3626 1866 aliquandiu
3655 1793 3697 1846 in

2154 1890 2466 1944 inﬁt-maria
2490 1891 2774 1960 quiescere
2807 1889 3000 1959 jussus
3030 1887 3218 1950 fuerit,
3250 1885 3481 1938 eandem
3518 1882 3698 1934 missam

2150 1997 2276 2034 cum
2333 1979 2572 2050 pristina
2625 1979 2849 2032 licentia
2906 1976 3151 2042 habebit,
3201 1991 3332 2029 cum
3381 1972 3606 2031 redierit,
3665 1967 3699 2020 si

2150 2068 2391 2122 domnus
2419 2067 2562 2121 abba
2591 2067 2642 2120 ei
2666 2066 2957 2126 concessit,
2990 2070 3046 2119 et
3074 2065 3120 2118 si
3151 2064 3403 2118 nondum
3448 2057 3696 2115 convaluit.

2151 2158 2309 2211 Hanc
2345 2164 2535 2211 autem
2564 2156 2845 2210 licentiam
2896 2155 3103 2221 nullus,
3159 2153 3270 2208 nisi
3318 2151 3545 2206 domnus
3592 2145 3699 2201 abba

2149 2250 2334 2317 potest
2364 2246 2420 2300 in
2450 2251 2784 2316 perpetuum
2811 2245 2965 2298 dare.

2739 2333 2976 2389 CAPUT
3012 2331 3156 2387 LIV.

2592 2424 2664 2477 De
2693 2424 2975 2489 capellano
3003 2420 3058 2475 S.
3085 2421 3296 2474 Maria.

2224 2510 2245 2532 ⁶
2269 2509 2601 2580 Capellanus
2635 2509 2851 2563 Sanctae
2880 2507 3073 2561 Mariae
3101 2507 3173 2560 ad
3202 2506 3491 2560 sinistrum
3515 2503 3700 2556 chorum

2152 2599 2396 2652 ecclesiae
2425 2599 2483 2652 in
2509 2603 2668 2669 parte
2699 2597 3028 2650 occidentali
3057 2612 3286 2666 semper
3329 2599 3439 2648 stat
3465 2593 3530 2645 ad
3557 2591 3700 2660 parie-

2150 2693 2284 2751 tem,
2318 2703 2430 2741 non
2475 2693 2666 2740 tamen
2714 2702 2935 2740 summo
2992 2685 3154 2751 loco;
3209 2683 3322 2737 nisi
3371 2687 3580 2736 caeteros
3616 2677 3702 2731 illic

2151 2780 2365 2830 stantes
2393 2774 2448 2829 in
2481 2776 2678 2830 ordine
2708 2775 3009 2846 praecellat.
3062 2772 3282 2828 Inﬁrmi
3311 2776 3495 2826 autem
3519 2769 3642 2822 sicut
3662 2771 3704 2819 et

2152 2864 2248 2917 alii
2277 2865 2335 2918 in
2367 2881 2432 2918 eo
2462 2869 2615 2919 stant
2646 2865 2835 2930 choro,
2881 2879 2991 2932 quo
3034 2862 3094 2916 in
3132 2861 3336 2930 majori
3394 2858 3605 2912 ecclesia
3640 2859 3705 2909 est

2151 2953 2337 3007 statio.
2361 2954 2600 3008 Iuvenes
2629 2970 2756 3007 vero
2785 2953 2843 3006 in
2859 2952 3110 3006 custodia
3137 2950 3329 3021 positi,
3358 2955 3483 3003 ante
3509 2947 3703 3000 formam

471 3037 658 3092 Mariae
680 3055 745 3092 ex
785 3056 892 3095 usu
943 3042 1179 3095 eandem
1236 3042 1432 3095 horam
1493 3058 1693 3095 canere
1737 3042 1820 3094 vel
1869 3041 2066 3095 audire
2089 3007 2322 3107 Cstant,
2360 3049 2426 3095 ut
2453 3042 2523 3096 ab
2556 3041 2814 3096 omnibus
2843 3041 3017 3094 videri
3045 3039 3292 3111 possint.
3332 3037 3484 3102 Quod
3524 3036 3564 3088 si
3597 3048 3705 3103 opus

469 3133 720 3196 possunt.
756 3129 984 3182 Missam
1014 3135 1203 3183 autem
1235 3130 1480 3200 priorem
1511 3136 1568 3184 et
1598 3131 1894 3199 majorem,
1923 3129 2068 3183 sicut
2151 3147 2271 3184 esse
2302 3131 2520 3196 viderit,
2566 3131 2715 3185 idem
2770 3131 3092 3201 capellanus
3127 3135 3247 3182 tam
3304 3128 3545 3181 inﬁrmos
3575 3135 3704 3193 quam

470 3222 528 3269 et
557 3217 710 3270 illam
728 3218 945 3284 horam,
979 3235 1149 3289 quam
1181 3218 1388 3272 inﬁrmi
1425 3225 1555 3273 ante
1605 3219 1904 3289 prandium
1935 3235 2067 3272 can-
2150 3220 2310 3284 alios,
2341 3221 2435 3291 qui
2484 3220 2560 3274 ibi
2602 3225 2753 3285 sunt,
2794 3219 2863 3272 ad
2919 3225 3226 3288 utrumque
3286 3217 3508 3270 chorum
3560 3211 3706 3265 videre

468 3310 612 3370 tant,
645 3312 777 3359 ante
816 3307 1068 3372 chorum,
1121 3307 1207 3360 vel
1271 3308 1329 3360 in
1381 3308 1585 3361 minori
1642 3309 1810 3363 choro
1864 3308 2070 3361 debent

470 3395 697 3461 audire;
731 3395 1005 3465 Vesperos
1036 3413 1257 3466 quoque
1287 3395 1345 3449 in
1369 3396 1566 3450 diebus
1588 3397 2065 3466 Quadragesimze,

471 3490 698 3554 excepto
729 3485 845 3538 solo
867 3484 1177 3538 cellerario.

541 3573 615 3624 At
643 3571 688 3624 si
719 3571 1019 3642 aliquando
1049 3571 1347 3641 contigerit
1363 3571 1606 3641 aliquem
1633 3572 2070 3626 Obedientiario-

471 3676 597 3712 rum
629 3661 864 3730 collegio
885 3661 1076 3713 domni
1131 3660 1349 3713 abbatis
1382 3662 1464 3713 vel
1495 3661 1696 3730 prioris
1713 3661 1875 3730 jussu
1903 3661 2074 3714 inter-

472 3765 612 3814 esse,
647 3750 739 3802 hic
787 3750 1168 3820 supradictam
1217 3750 1414 3804 horam
1463 3766 1587 3803 cum
1641 3749 1836 3804 eodem
1891 3756 2076 3821 potest

469 3838 684 3901 audire,
717 3839 811 3892 illo
841 3845 1030 3894 tamen
1062 3839 1432 3910 praecipiente.
1470 3839 1674 3892 Verum
1710 3841 1755 3892 si
1783 3841 1882 3911 qui
1923 3841 2073 3894 inter

467 3928 818 3998 supradictos
847 3934 1018 3983 tantae
1048 3929 1382 3982 valetudinis
1401 3929 1745 3994 sentiuntur,
1769 3936 1830 3983 ut
1853 3929 2072 3983 caeteris

470 4017 528 4070 in
549 4017 828 4072 audiendo
855 4023 1021 4072 cantu
1044 4018 1266 4089 aliquod
1297 4018 1641 4086 adjutorium
1692 4019 1909 4088 possint
1940 4036 2074 4072 con-

471 4106 636 4172 ferre,
660 4124 770 4161 non
793 4107 974 4161 solum
997 4107 1063 4160 ad
1089 4112 1387 4177 utramque
1410 4107 1638 4160 missam
1661 4107 1717 4160 in
1737 4108 2072 4161 alterutrum

470 4200 704 4252 chorum
734 4198 946 4251 intrare
993 4197 1415 4267 permittuntur,
1441 4197 1535 4251 sed
1559 4198 1730 4252 etiam
1761 4197 1808 4251 si
1830 4214 1940 4251 non
1993 4197 2074 4250 in-

470 4288 760 4352 traverint,
785 4286 1017 4358 proinde
1045 4286 1444 4358 corripiuntur.

546 4376 1090 4430 Obedientiariorum
1138 4376 1358 4447 aliquis,
1410 4376 1457 4429 si
1503 4376 1758 4440 voluerit,
1826 4375 2074 4442 missam,

473 4480 598 4534 quae
622 4465 859 4518 inﬁrmis
890 4482 1055 4519 mane
1093 4471 1372 4528 cantatur,
1408 4465 1591 4519 audit:
1641 4465 1814 4535 aliqui
1870 4482 2076 4520 eorun-

473 4553 599 4606 dem
629 4553 763 4606 alibi
801 4555 1040 4608 audiunt
1061 4554 1154 4608 ubi
1205 4553 1463 4624 privatim
1507 4554 1747 4608 canitur.
1790 4555 1852 4608 In
1911 4554 2068 4609 festis

473 4646 664 4695 autem
693 4642 984 4696 duodecim
1018 4643 1321 4696 lectionum
1365 4641 1533 4696 iidem
1563 4641 1974 4710 obedientiarii,
2014 4647 2072 4695 et

475 4730 661 4785 caeteri
689 4731 956 4800 praedicti,
983 4732 1077 4802 qui
1107 4737 1340 4802 possunt
1369 4737 1426 4784 et
1447 4731 1656 4796 volunt,
1698 4731 1768 4784 ad
1799 4733 2070 4800 majorem

474 4819 764 4874 ecclesiam
800 4821 1046 4884 veniunt,
1067 4826 1124 4873 et
1150 4820 1194 4872 si
1232 4820 1466 4873 litterati
1521 4824 1675 4884 sunt,
1733 4820 2072 4874 alterutrum

473 4910 706 4964 chorum
724 4909 970 4964 intrare:
1006 4910 1090 4963 sin
1119 4916 1331 4971 autem,
1363 4914 1495 4962 ante
1512 4909 1766 4974 chorum,
1790 4909 1860 4963 ad
1885 4915 2076 4964 utros-

474 5016 583 5070 que
632 5015 909 5069 vesperos,
975 4999 1045 5052 ad
1105 4999 1414 5052 matutinos
1462 5015 1684 5068 quoque
1740 5005 1797 5052 et
1847 5005 2076 5053 caeteras

474 5091 642 5144 horas
666 5104 958 5144 remanere
980 5093 1232 5159 possunt.
1259 5089 1433 5141 Porro
1453 5088 1498 5140 si
1523 5089 1718 5142 eadem
1767 5088 1905 5142 festa
1945 5105 2073 5142 cum

474 5179 616 5234 albis
640 5184 696 5232 et
725 5177 1076 5248 processione
1102 5176 1474 5241 celebrantur,
1505 5193 1720 5241 omnes,
1755 5193 1894 5247 quos
1914 5177 2074 5230 inﬁr-

473 5269 642 5324 mitas
693 5283 803 5320 non
857 5265 1111 5336 impedit,
1156 5265 1297 5319 albis
1347 5265 1679 5319 induuntur.
1740 5265 1899 5329 Quod
1942 5271 2076 5319 tunc

475 5357 700 5430 quando
740 5356 1018 5425 processio
1049 5371 1160 5409 non
1190 5354 1394 5424 agitur,
1440 5353 1510 5408 ab
1539 5354 1638 5418 eis,
1673 5355 1773 5425 qui
1802 5355 1951 5408 inter
1979 5371 2075 5408 eos

473 5446 725 5503 illiterati
755 5450 906 5507 sunt,
941 5462 1051 5499 non
1081 5444 1342 5516 exigitur.
1366 5445 1642 5500 Caeterum
1693 5444 1752 5498 in
1803 5444 1902 5497 illa
1953 5459 2079 5514 pro-

472 5537 741 5600 cessione,
774 5535 863 5589 cui
894 5534 1068 5591 albati
1097 5533 1381 5588 intersunt
1399 5549 1525 5586 cum
1554 5533 1770 5589 caeteris
1794 5533 1858 5604 (si
1886 5537 2078 5587 tamen

2152 3314 2538 3380 competenter
2568 3308 2793 3378 poterit.

2223 3397 2559 3451 Matutinum
2594 3397 2845 3467 aliasque
2875 3396 3041 3450 horas
3057 3394 3347 3463 regulares
3359 3391 3706 3448 sonalitercan-

2152 3491 2256 3548 tat,
2287 3503 2426 3556 quas
2448 3491 2637 3540 tamen
2665 3501 2775 3539 non
2798 3491 2930 3539 ante
2961 3485 3174 3554 incipit,
3209 3500 3381 3554 quam
3411 3482 3464 3534 in
3492 3475 3706 3534 choroin-

2153 3581 2343 3646 ceptas
2375 3591 2495 3628 esse
2561 3575 2918 3644 cognoverit;
2953 3578 3180 3643 excepto
3229 3589 3264 3625 a
3341 3566 3706 3642 Septuagesima

2155 3680 2332 3734 usque
2361 3663 2432 3717 ad
2461 3663 2711 3717 Pascha:
2747 3667 2882 3716 tunc
2937 3662 3085 3715 enim
3139 3661 3378 3714 dimissa
3423 3658 3566 3712 scilla
3606 3657 3706 3706 ante

2157 3757 2460 3806 nocturnos
2491 3753 2680 3805 statim
2723 3751 3034 3805 orationem
3077 3750 3223 3814 ﬁnit,
3279 3754 3337 3802 et
3391 3741 3704 3818 psalmodiam

2156 3841 2370 3911 incipit,
2396 3847 2590 3911 postea
2619 3840 2737 3893 sine
2761 3856 2921 3893 mora
2946 3845 3250 3892 nocturnos
3283 3835 3574 3905 subjungit.
3603 3827 3706 3892 Qui-

2158 3928 2260 3984 bus
2292 3929 2463 3982 ﬁnitis
2492 3945 2618 3982 cum
2654 3929 2886 3999 psalmis
2920 3927 3298 3980 familiaribus
3329 3924 3635 3979 matutinum
3657 3916 3706 3969 de

2157 4017 2418 4072 omnibus
2443 4018 2669 4083 sanctis,
2699 4017 2767 4069 de
2798 4017 3004 4071 Sancta
3029 4016 3226 4079 Maria,
3255 4033 3358 4085 pro
3379 4009 3629 4067 defunctis
3648 4006 3707 4058 in-

2156 4106 2312 4170 serit,
2343 4107 2486 4160 sicut
2514 4112 2570 4160 et
2599 4123 2699 4176 per
2726 4111 2902 4162 totam
2926 4106 3184 4175 hyemem
3215 4104 3370 4158 facit.
3394 4099 3591 4156 Deinde
3617 4109 3709 4148 ora-

2155 4194 2310 4248 tione
2367 4196 2514 4248 facta
2566 4195 2856 4265 regulares
2911 4193 3219 4246 matutinos
3248 4191 3498 4262 imponit.
3537 4188 3709 4241 Caetera

2085 4281 2233 4338 Dita
2251 4283 2497 4349 ordinat,
2532 4288 2596 4336 ut
2629 4283 2830 4353 psalmi
2860 4281 3166 4335 familiares
3195 4281 3265 4334 ad
3300 4280 3528 4352 primam
3576 4271 3709 4344 perti-

2161 4377 2358 4426 nentes
2390 4389 2515 4426 cum
2541 4377 2756 4442 septem
2800 4371 3029 4442 psalmis
3056 4375 3112 4423 et
3135 4369 3336 4423 litania
3366 4373 3490 4422 ante
3517 4364 3708 4436 primam

2159 4466 2476 4515 cantentur.
2508 4460 2739 4514 Librum
2771 4461 2829 4514 in
2851 4476 2962 4530 quo
2990 4459 3058 4511 ad
3093 4458 3434 4512 matutinum
3463 4449 3710 4523 legendum

2158 4554 2263 4616 est,
2296 4550 2464 4602 alicui
2499 4549 2754 4620 porrigit,
2791 4564 2956 4619 quem
3003 4547 3074 4600 ad
3117 4547 3223 4601 hoc
3271 4547 3526 4600 idoneum
3572 4536 3708 4593 novit.

2154 4637 2533 4707 Responsoria
2557 4653 2591 4691 a
2621 4637 2818 4708 quovis
2848 4637 3022 4690 fratre
3039 4636 3094 4689 in
3115 4636 3219 4690 hoc
3245 4636 3422 4705 magis
3436 4630 3588 4686 sciolo
3607 4627 3711 4679 sunt

2154 4727 2425 4781 canenda.
2461 4728 2638 4790 Quem
2661 4726 2764 4779 hoc
2791 4730 3012 4796 oportet
3047 4725 3210 4789 scire,
3235 4724 3384 4795 quod
3415 4724 3589 4776 horam
3632 4730 3710 4767 ca-

2156 4815 2326 4870 nendi
2356 4815 2687 4886 tempestive
2715 4813 2997 4883 surgendo
3053 4813 3363 4882 anticipare
3413 4809 3582 4864 debet.
3626 4798 3710 4856 Sed

2158 4905 2316 4959 ﬁnito
2340 4902 2718 4975 responsorio,
2747 4902 2832 4954 vel
2855 4902 3024 4955 etiam
3049 4901 3367 4955 invitatorio
3389 4903 3510 4952 ante
3524 4901 3574 4950 et
3592 4895 3710 4946 retro

2158 5010 2269 5047 non
2313 4993 2462 5048 facit.
2497 4993 2705 5045 Versus
2735 4996 2926 5044 autem
2955 4996 3013 5043 et
3041 4989 3230 5043 brevia
3275 4982 3622 5058 responsoria,
3647 4980 3710 5030 le-

2157 5082 2371 5137 ctiones
2401 5097 2623 5151 quoque
2653 5079 2721 5132 de
2747 5079 2802 5133 S.
2841 5078 3043 5146 Maria,
3069 5085 3126 5131 et
3167 5078 3238 5131 ad
3283 5077 3514 5131 ofﬁcium
3550 5068 3709 5123 defun-

2157 5177 2374 5224 ctorum
2402 5185 2527 5222 cum
2562 5167 2932 5238 responsoriis
2961 5166 3161 5220 stando
3191 5166 3326 5237 legit
3354 5170 3410 5219 et
3452 5165 3618 5218 cantat
3641 5157 3709 5224 ju'

2163 5259 2338 5323 venis,
2368 5257 2414 5311 si
2447 5257 2570 5328 quis
2594 5257 2770 5310 adest.

2228 5348 2373 5416 Ergo
2397 5345 2717 5417 capellanus
2739 5344 2888 5397 idem
2926 5347 3177 5413 tempore
3204 5341 3440 5413 byemali
3462 5335 3612 5393 ﬁnitis
3635 5331 3705 5384 in-

2159 5437 2450 5492 ﬁrmorum
2474 5432 2786 5496 matutinis,
2813 5431 3029 5486 caeteris
3051 5448 3291 5502 quoque,
3313 5447 3430 5501 quae
3443 5425 3706 5496 sequuntur

2161 5521 2522 5597 appendiciis,
2557 5521 2796 5598 primam
2823 5519 3102 5590 adjungit,
3153 5519 3282 5576 licet
3310 5515 3584 5588 saepissime
3618 5520 3705 5568 non
