3908 6168
165 282 302 341 H21

1199 281 1621 337 CONSTITUT.
1662 280 2005 338 HlRSAUG.
2046 312 2116 326 —-
2153 285 2291 341 LIB.
2332 287 2406 342 ΙΙ.

3300 292 3445 351 1122

164 406 389 460 modica
416 422 548 477 pars
592 406 774 460 noctis
809 405 994 460 adhuc
1034 405 1321 477 supersit:
1354 411 1412 459 et
1450 404 1580 476 qui;
1617 407 1979 465 nuu-Asunt
2015 409 2272 475 canendi,
2322 409 2491 465 horas
2537 427 2651 465 non
2703 417 2935 468 cantant
2980 414 3208 482 inﬁrmi,
3263 433 3445 488 neque

162 511 337 565 quam
359 505 487 566 post
516 495 858 549 matutinum
900 495 972 549 ad
1001 496 1209 549 lectum
1250 510 1420 548 causa
1447 493 1769 565 quiescendi

164 582 379 654 absque
431 583 655 637 licentia
684 583 849 647 redit,
882 584 992 639 nisi
1020 589 1326 639 conventus
1352 582 1595 653 idipsum
1621 583 1767 637 fece-

164 673 259 736 rit,
285 673 346 725 in
372 672 568 726 eadem
608 673 844 727 ecclesia
867 679 1122 727 moratur
1165 688 1457 743 quousque
1486 671 1767 742 processio

164 764 301 819 illuc
344 776 564 834 agatur.
613 765 769 819 Tunc
813 765 1040 836 quidem
1083 764 1273 818 exiens
1317 769 1450 817 ante
1496 764 1768 834 capellam

165 870 361 908 versus
388 854 699 907 claustrum
718 853 1095 919 inﬁrmorum,
1122 852 1207 906 vel
1230 854 1287 906 in
1316 852 1495 923 ipsam
1519 851 1772 906 inﬁrma-

166 942 334 1005 riam,
364 942 563 996 tandiu
603 941 682 995 ibi
711 946 1013 1013 exspectat,
1059 957 1236 1012 usque
1282 940 1414 995 dum
1463 945 1770 995 conventus

165 1030 565 1085 dormitorium
584 1031 873 1085 ascendat.
903 1030 1060 1095 Quod
1075 1030 1121 1084 si
1142 1036 1366 1101 tempus
1394 1046 1512 1085 non
1533 1036 1637 1096 est,
1658 1047 1769 1101 quo

168 1124 479 1174 conventus
509 1119 756 1173 dormire
798 1124 926 1191 post
975 1119 1282 1173 matutinos
1311 1119 1531 1185 debeat,
1562 1119 1683 1190 ipse
1710 1119 1768 1173 in

169 1208 370 1263 eadem
393 1209 628 1280 capella,
651 1209 901 1279 quandiu
928 1214 985 1262 et
1012 1209 1218 1272 caeteri,
1250 1213 1552 1279 exspectat.

236 1298 328 1351 Ad
355 1298 598 1352 eundem
629 1314 853 1369 quoque
880 1297 1144 1368 pertinet,
1169 1304 1232 1351 ut
1258 1296 1498 1351 inﬁrmis
1523 1296 1772 1369 quotidie

170 1386 404 1440 missam
432 1402 656 1441 summo
685 1403 851 1440 mane
877 1391 1097 1453 cantet;
1122 1386 1181 1440 in
1200 1386 1493 1440 duodecim
1521 1385 1771 1440 lectioni-

171 1475 274 1530 bus
293 1475 441 1529 etin
470 1475 678 1545 vigilia,
718 1481 775 1529 et
814 1475 872 1528 in
905 1480 1148 1545 quatuor
1176 1480 1495 1545 temporum
1517 1474 1767 1546 jejuniis,

173 1564 302 1618 etin
327 1564 795 1634 Quadragesima,
828 1580 1052 1635 semper
1078 1564 1148 1618 de
1191 1563 1314 1632 die;
1342 1564 1468 1618 aliis
1490 1581 1621 1618 vero
1650 1564 1771 1618 die-

172 1652 271 1707 bus
301 1670 405 1724 pro
431 1652 729 1720 defunctis,
763 1653 847 1707 vel
870 1669 1041 1723 quam
1073 1653 1329 1707 voluerit.
1351 1653 1419 1709 Et
1433 1653 1481 1707 si
1505 1653 1561 1707 in
1579 1653 1770 1724 aliquo

168 1741 371 1811 jejunii
392 1741 485 1795 die
513 1741 809 1796 duodecim
836 1742 1103 1797 lectiones
1134 1747 1548 1812 aguntur,tunc
1566 1742 1770 1813 deipso
1788 1752 1834 1812 Β

169 1829 385 1899 jejunio
406 1830 639 1884 missam
664 1829 741 1883 ibi
753 1835 963 1885 cantat.
978 1831 1063 1885 Ad
1078 1831 1390 1901 quamlibet
1405 1831 1635 1885 missam
1656 1847 1771 1885 non

173 1917 306 1988 legit
341 1925 594 1983 cantum,
625 1917 771 1973 sicut
804 1917 876 1972 ad
923 1918 1064 1972 alias
1110 1919 1357 1989 privatas
1410 1919 1629 1982 missas,
1672 1919 1769 1973 sed

174 2014 382 2062 cantat.
426 2007 672 2077 Quaeque
717 2006 788 2060 ad
826 2006 1059 2060 missam
1088 2006 1197 2061 sibi
1225 2007 1542 2062 necessaria
1578 2008 1771 2062 omnia

176 2095 285 2150 illic
314 2094 489 2149 habet
504 2095 721 2166 jugiter
747 2095 990 2166 reposita
1013 2112 1028 2159 ;
1050 2094 1242 2149 vinum
1269 2102 1327 2150 et
1344 2113 1491 2167 aqua
1520 2096 1688 2151 etiam
1710 2097 1766 2152 in

177 2190 333 2238 nocte
365 2184 442 2237 ibi
471 2200 760 2255 nunquam
791 2184 987 2248 deerit,
1012 2189 1077 2237 ut
1103 2183 1151 2237 si
1183 2184 1307 2255 quis
1335 2184 1507 2238 fuerit
1528 2184 1597 2238 ad
1615 2201 1770 2239 com-

176 2272 578 2328 municandum
599 2272 955 2327 inﬁrmum...
988 2272 1047 2326 in
1075 2279 1339 2344 promptu
1368 2273 1661 2327 habeatur.

241 2362 300 2417 Si
349 2362 655 2432 aliquando
687 2360 1002 2431 contigerit,
1053 2367 1117 2415 ut
1162 2361 1343 2431 prima
1398 2361 1562 2416 solito
1606 2362 1772 2417 citius

179 2450 448 2521 pulsanda
468 2451 561 2514 sit,
588 2451 702 2504 imo
730 2451 949 2521 quoties
974 2449 1230 2514 voluerit,
1263 2455 1396 2504 ante
1433 2451 1679 2505 sonitum
1711 2467 1772 2505 se

176 2540 336 2602 levat,
362 2538 684 2610 ubicunque
707 2538 971 2602 dormiat,
998 2543 1055 2593 et
1076 2555 1203 2592 mox
1246 2538 1375 2593 lotis
1403 2539 1663 2594 manibus
1700 2540 1771 2594 ad

177 2627 508 2683 lavatorium
550 2628 788 2682 fratrum
839 2628 1099 2697 factaque
1138 2627 1408 2693 oratione,
1445 2629 1770 2700 priusquam

178 2714 355 2784 prima
380 2715 653 2784 pulsetur,
679 2714 807 2768 alba
828 2715 1084 2785 stolaque
1109 2714 1382 2771 induitur.
1414 2717 1555 2770 Nam
1584 2716 1631 2770 si
1663 2724 1775 2770 sto-

178 2802 284 2855 lam
329 2810 466 2856 ante
515 2803 890 2873 pulsationem
926 2803 1121 2874 primae
1170 2820 1281 2858 non
1333 2804 1602 2864 induerit.
1639 2811 1774 2860 tunc

178 2889 386 2961 absque
424 2891 650 2945 licentia
695 2908 809 2946 non
856 2891 1125 2959 cantabit,
1173 2892 1272 2947 sed
1318 2894 1488 2948 misso
1516 2894 1774 2963 adjutore

179 2994 275 3031 suo
299 2978 587 3032 licentiam
608 2978 774 3049 petit.
818 2979 905 3033 Ad
942 2988 1175 3034 caeteras
1193 2980 1359 3034 etiam
1392 2980 1560 3034 horas
1590 2997 1691 3035 suo
1714 2981 1773 3035 in

179 3072 430 3136 tempore
461 3065 843 3120 decantandas
871 3083 982 3120 non
1015 3068 1215 3132 deerit,
1236 3073 1484 3138 excepto.
1506 3085 1631 3122 cum
1651 3084 1777 3139 pro-

180 3163 301 3228 pter
318 3159 524 3214 festum
539 3159 768 3230 aliquod
785 3159 913 3214 alba
930 3160 1013 3214 vel
1035 3176 1213 3231 cappa
1226 3160 1460 3215 indutus
1474 3162 1775 3216 conventui

180 3245 499 3301 interfuerit
514 3265 528 3316 ;
542 3253 677 3302 tunc
690 3248 798 3319 ipsi
816 3264 914 3318 per
925 3265 986 3302 se
1002 3248 1230 3303 tertiam
1252 3254 1310 3303 et
1328 3255 1540 3303 sextam
1552 3267 1776 3321 quoque

183 3335 514 3404 cantabunt;
546 3335 692 3391 sicut
714 3337 886 3391 etiam
917 3345 1053 3391 tunc
1083 3337 1319 3404 faciunt,
1339 3338 1386 3392 si
1417 3339 1639 3409 quando
1660 3339 1773 3405 ille,

182 3439 314 3479 casu
340 3425 530 3496 aliquo
548 3425 878 3496 impeditus,
898 3425 956 3479 in
974 3432 1228 3497 tempore
1248 3426 1382 3481 illuc
1404 3443 1513 3481 non
1544 3428 1773 3482 venerit.

250 3517 278 3537 ‘
294 3513 473 3568 Debet
492 3529 715 3584 quoque
735 3514 855 3585 ipse
875 3514 1124 3584 quotidie
1139 3515 1209 3569 ad
1236 3524 1534 3588 utramque
1545 3516 1773 3571 missam

184 3618 303 3656 esse
337 3603 399 3657 in
437 3603 714 3657 alterutro
740 3603 931 3669 choro,
977 3608 1205 3674 excepto
1231 3603 1278 3656 si
1303 3603 1543 3658 infirmis
1564 3605 1775 3659 eisdem

182 3691 329 3745 infra
350 3693 622 3763 majorem
643 3693 871 3746 missam
894 3699 1129 3759 sextam,
1155 3693 1239 3746 vel
1258 3693 1317 3747 in
1337 3694 1492 3758 Quad
1502 3695 1778 3766 ragesima

183 3796 442 3852 vesperos
483 3789 711 3836 cantare
734 3782 918 3836 debet.
954 3783 1038 3836 Ad
1070 3799 1237 3853 quam
1269 3788 1457 3837 tamen
1493 3789 1688 3855 postea
1716 3785 1775 3839 in

182 3870 353 3924 choro
403 3871 485 3924 vel
538 3878 669 3925 ante
711 3872 944 3925 chorum
993 3888 1104 3924 non
1157 3871 1358 3937 deerit,
1400 3872 1445 3925 si
1476 3872 1780 3927 necessitas

183 3959 373 4029 aliqua
394 3975 507 4013 non
530 3960 937 4031 supervenerit.
982 3960 1148 4014 Illum
1176 3960 1347 4013 etiam
1375 3960 1516 4015 scire
1537 3967 1775 4031 oportet,

185 4047 402 4117 quodin
415 4048 509 4102 die
527 4047 855 4103 Nativitatis
885 4048 1130 4115 Domini,
1159 4055 1215 4102 et
1242 4048 1301 4102 in
1338 4049 1460 4119 ejus
1481 4055 1692 4115 octava,
1726 4055 1780 4104 et

183 4135 240 4189 in
261 4137 568 4191 festivitate
590 4137 860 4192 Omnium
893 4140 1246 4200 Sanctorum,
1278 4154 1474 4193 cursus
1504 4138 1782 4209 quotidia-

184 4240 290 4279 nus
318 4225 389 4279 de
420 4226 477 4281 S.
506 4225 687 4279 Maria
734 4226 1059 4280 recitandus
1101 4232 1204 4291 est,
1257 4218 1519 4297 quodque
1564 4244 1786 4298 semper

1789 3025 1834 3088 C

1849 494 2176 564 psalterium
2228 497 2284 551 in
2329 514 2646 569 parasceve.
2694 498 2975 556 Praeterea
3005 494 3447 578 quotiescunque

1849 585 2110 652 regulare
2133 586 2411 656 jejunium
2450 588 2656 658 agitur,
2692 594 2748 642 et
2776 589 2846 643 ab
2880 592 3070 647 Idibus
3100 593 3447 664 Septembris

1848 688 2027 742 usque
2055 674 2127 728 ad
2156 675 2438 729 Kalendas
2450 676 2799 744 Novembris,
2815 695 2849 732 a
2868 679 3292 751 Septuagesima
3313 702 3449 755 quo-

1850 778 1959 831 que
1987 779 2165 833 usque
2196 763 2253 817 in
2276 764 2798 835 Quadragesimam,
2831 769 3005 824 ﬁnitis
3024 773 3267 842 vesperis
3295 774 3449 829 inﬁr-

1851 866 2093 915 morum,
2125 856 2427 923 antequam
2455 854 2524 907 ad
2546 856 2878 910 coenandum
2918 859 3295 928 egrediantur,
3327 864 3447 919 ofﬁ-

1850 939 1998 993 cium
2031 939 2418 996 defunctorum
2440 959 2611 1012 agere
2640 960 2749 997 non
2773 952 3045 1001 moratur.
3082 949 3257 1004 Debet
3276 952 3447 1008 etiam

1850 1034 2099 1092 cantare,
2133 1032 2352 1084 Placebo
2389 1033 2641 1095 Domino,
2683 1033 2741 1086 in
2783 1035 3028 1089 secunda
3054 1053 3285 1109 vespera
3313 1041 3450 1097 duo-

1850 1115 2031 1189 decim
2052 1117 2374 1186 lectionum,
2398 1120 2621 1190 quando
2641 1120 2699 1173 in
2720 1123 2964 1177 crastino
2990 1130 3451 1186 commemoratio

1851 1204 2088 1275 alicujus
2107 1206 2354 1261 defuncti
2378 1209 2625 1262 maxima
2654 1210 2766 1264 ritu
2794 1212 3016 1281 agenda
3043 1221 3145 1269 est.
3170 1216 3227 1270 Si
3257 1234 3451 1274 versus

1852 1294 1939 1347 vel
1960 1295 2209 1365 psalmus
2229 1296 2435 1367 aliquis
2455 1297 2511 1351 in
2540 1300 2893 1369 regularibus
2921 1302 3076 1357 horis
3117 1305 3187 1358 ad
3225 1304 3281 1359 S.
3329 1306 3448 1362 Ma-

1854 1382 1993 1436 riam
2036 1385 2556 1455 prtetermittentur,
2595 1395 2839 1463 propter
2854 1390 2957 1445 hoc
2982 1392 3100 1463 ipse
3130 1395 3452 1465 capellanus
3556 1424 3563 1425 ί

1853 1476 1912 1524 et
1938 1471 2054 1533 alii,
2078 1472 2173 1542 qui
2205 1473 2275 1527 ad
2311 1473 2619 1544 capitulum
2656 1477 2906 1543 veniunt,
2942 1480 2988 1533 si
3018 1497 3077 1535 se
3099 1482 3156 1536 in
3188 1483 3292 1537 hoc
3316 1484 3452 1539 deli-

1854 1560 2041 1631 quisse
2069 1569 2429 1631 cognoscunt,
2460 1563 2679 1618 veniam
2713 1571 2929 1635 petunt.

2459 1651 2695 1707 CAPUT
2733 1654 2843 1708 LV.

2204 1739 2278 1793 De
2307 1741 2664 1807 inﬁrmariis,
2695 1745 2804 1796 sire
2825 1746 3090 1810 inﬁrmis.

1920 1827 2038 1897 (un.
2078 1827 2231 1896 car.)
2273 1829 2645 1897 Intirmarius,
2684 1832 2779 1901 qui
2808 1834 3065 1888 sacerdos
3102 1835 3270 1891 debet
3306 1854 3447 1907 esse,

1851 1916 1921 1969 ad
1944 1916 2273 1988 obsequium
2308 1917 2660 1974 inﬁrmorum
2691 1922 2993 1992 separatim
3017 1923 3186 1979 habet
3209 1943 3452 1999 coquum

1808 2064 1811 2071 _
1852 2010 1910 2058 et
1938 2004 2257 2075 coquinam.
2301 2006 2368 2061 Et
2410 2007 2529 2078 ipse
2557 2024 2780 2079 quoque
2803 2010 3055 2081 quotidie
3082 2029 3115 2067 a
3143 2018 3452 2072 camerario
3526 2076 3535 2084 ,

1851 2094 2070 2164 quaerit.
2102 2094 2251 2165 quod
2300 2111 2440 2166 opus
2487 2096 2765 2163 habuerit,
2825 2105 2890 2153 ut
2927 2101 3075 2170 quod
3104 2102 3359 2159 inﬁrmis.
3382 2106 3454 2161 ad

1852 2180 2208 2237 refectionem
2233 2189 2319 2238 est
2340 2186 2790 2255 praeparandum,
2816 2190 3147 2259 tempestive
3174 2209 3453 2265 praepare-

1853 2276 1966 2329 tur.
2000 2274 2022 2296 "
2052 2273 2754 2344 Inﬁrmiautem,quamvis
2767 2276 3018 2345 quotidie
3036 2278 3264 2334 missam
3284 2298 3454 2353 quam

1854 2360 2153 2430 praedictus
2182 2360 2503 2431 capellanus
2532 2362 2615 2415 eis
2643 2368 2852 2430 cantat,
2884 2364 3141 2432 audiunt,
3165 2368 3235 2423 ad
3265 2371 3454 2426 matu-

1852 2449 2033 2502 tinum
2065 2454 2256 2503 tamen
2285 2467 2507 2520 semper
2535 2457 2956 2507 commorantur
2975 2470 3152 2526 usque
3167 2457 3301 2512 dum
3334 2477 3455 2516 ora-

1854 2537 1935 2592 tio
1966 2538 2147 2607 prima
2198 2544 2327 2609 post
2372 2540 2824 2594 communionem
2871 2542 3119 2597 ﬁniatur.
3168 2547 3255 2600 Ad
3286 2565 3457 2619 quam

1858 2626 2105 2684 missam,
2137 2643 2263 2681 cum
2286 2627 2946 2695 intraverintecclesiam,
2966 2630 3036 2684 ab
3066 2648 3151 2695 eo,
3191 2636 3285 2704 qui
3307 2636 3456 2692 inter

1856 2730 1951 2768 eos
1976 2714 2128 2785 prior
2157 2721 2241 2769 est
2272 2714 2335 2777 (si
2365 2722 2554 2768 tamen
2580 2715 2983 2787 estlittcratus)
3000 2736 3145 2790 aqua
3165 2721 3457 2780 benedicta

1855 2809 2250 2873 asperguntur,
2281 2803 2414 2857 licet
2439 2804 2607 2857 etiam
2639 2804 2885 2858 diluculo
2925 2807 2993 2860 ad
3029 2810 3298 2880 capeUam
3339 2814 3455 2868 sint

1854 2891 2086 2961 aspersi.
2119 2893 2422 2962 Postquam
2449 2908 2643 2946 omnes
2663 2893 3038 2963 consederint,
3069 2897 3126 2951 in
3156 2915 3351 2955 eorum
3370 2919 3458 2956 ar-

1858 2978 2023 3034 bitrio
2044 2985 2128 3034 est
2158 2985 2348 3034 utrum
2380 2980 2494 3034 illic
2521 2987 2783 3052 cooperto
2814 3000 2887 3036 an
2918 2985 3128 3041 nudato
3158 2989 3340 3059 capite
3365 3008 3455 3046 se-

1857 3068 2050 3137 deant,
2091 3068 2350 3122 similiter
2384 3074 2443 3123 et
2486 3070 2557 3124 ad
2602 3070 2656 3124 S.
2706 3070 2966 3126 Mariam.
3019 3073 3104 3128 Ibi
3145 3094 3366 3149 quoque
3412 3081 3461 3135 si

1859 3157 1983 3229 quis
2015 3158 2153 3211 adeo
2183 3157 2381 3212 debilis
2422 3164 2525 3221 est,
2560 3175 2731 3230 super
2751 3160 3007 3229 juncum.
3040 3164 3134 3234 qui
3166 3166 3372 3222 talibus
3400 3169 3459 3226 in

1858 3246 2088 3301 modum
2116 3247 2446 3300 lectisternii
2467 3248 2684 3318 jugiter
2712 3248 2828 3303 illic
2855 3250 2924 3304 ab
2954 3254 3200 3308 armario
3226 3257 3313 3310 vel
3334 3259 3458 3327 ejus

1858 3336 1949 3406 adj
1959 3341 2117 3390 utore
2138 3337 2662 3408 praeparatusjacet,
2681 3337 2902 3408 pellicio
2926 3340 3092 3412 capiti
3106 3346 3458 3417 superposito

1859 3439 2100 3495 pausare
2128 3430 2331 3495 potest.

1929 3512 2228 3567 Sciendum
2267 3519 2478 3579 tamen,
2512 3513 2661 3584 quia,
2714 3531 2826 3585 qua
2864 3516 2956 3570 die
2984 3518 3316 3580 radendum.
3358 3539 3460 3580 seu

1857 3601 2092 3656 radendi
2121 3608 2273 3667 sunt,
2301 3602 2369 3656 ad
2399 3603 2790 3657 matutinalem
2818 3605 3043 3660 missam
3069 3624 3180 3662 non
3209 3610 3462 3679 veniunt,

1858 3691 1955 3745 sed
2000 3690 2226 3744 interim
2268 3691 2544 3745 raduntur
2576 3708 2587 3742 :
2620 3693 2898 3748 raduntur
2934 3701 3122 3750 autem
3165 3699 3363 3769 pridie,
3399 3706 3463 3756 ut

1858 3796 2031 3850 supra
2077 3780 2284 3833 dictum
2333 3786 2437 3845 est,
2471 3798 2640 3851 quam
2688 3789 3024 3851 conventus;
3072 3786 3121 3840 si
3168 3788 3311 3842 forte
3358 3789 3463 3844 hoc

1862 3868 2066 3921 festum
2098 3868 2324 3938 aliquod
2367 3869 2453 3922 vel
2483 3869 2781 3924 defunctus
2811 3887 2921 3924 non
2962 3872 3196 3943 impedit
3228 3893 3242 3943 ;
3283 3883 3340 3930 et
3389 3878 3463 3932 ad

1863 3957 1969 4011 hoc
2004 3957 2337 4028 singulatim
2368 3958 2582 4012 rasoria
2612 3963 2669 4012 et
2697 3959 2871 4013 lintea
2901 3958 2970 4013 ab
3002 3960 3313 4019 inﬁrmario
3342 3983 3463 4020 ser-

1864 4050 2086 4111 vantur,
2120 4062 2243 4116 quae
2277 4046 2446 4099 etiam
2489 4063 2523 4100 a
2566 4047 2778 4101 famulo
2818 4055 3114 4113 acuuntur,
3150 4056 3208 4104 et
3235 4052 3292 4105 in
3322 4060 3462 4108 tem-

1866 4151 2001 4205 pore
2031 4150 2241 4188 rasurae
2281 4133 2351 4187 ab
2382 4135 2576 4188 eodem
2608 4135 2893 4190 rasoribus
2928 4136 3363 4197 distribuuntur.
3397 4143 3463 4197 In

1866 4224 1976 4288 die,
2009 4239 2119 4294 qua
2148 4223 2349 4277 fratres
2378 4223 2751 4277 communiter
2793 4224 2850 4277 in
2889 4224 3134 4280 claustro
3162 4229 3459 4285 raduntur.

182 4328 294 4367 uno
311 4314 620 4386 eodemque
642 4315 808 4369 modo
838 4315 913 4368 sit
938 4315 1263 4381 canendus;
1300 4315 1406 4369 nisi
1440 4314 1498 4369 in
1527 4315 1843 4387 Adventu_
1868 4318 1994 4383 post
2035 4311 2451 4383 percussionem
2508 4311 2713 4367 tabulae
2751 4329 2928 4383 usque
2966 4313 3100 4368 dum
3150 4318 3465 4387 psalmodia

182 4402 428 4469 Domini,
476 4379 547 4456 et
570 4404 718 4457 infra
754 4404 1089 4458 Natalitium
1130 4379 1347 4473 ipsius;
1389 4420 1423 4458 a
1459 4410 1594 4459 tunc
1631 4379 2189 4472 enimDincipiatur,
2212 4400 2423 4456 inﬁrmi
2442 4401 2613 4454 etiam
2648 4379 2976 4470 loquuntur.
3005 4403 3081 4456 At
3109 4379 3466 4475 quotiescun-

179 4497 381 4546 cantus
423 4492 608 4546 eidem
646 4492 885 4564 tempori
935 4508 1216 4563 congruas
1257 4492 1326 4546 de
1356 4509 1423 4546 ea
1449 4494 1689 4559 canitur,
1733 4501 1791 4549 et
1871 4507 1980 4560 que
2008 4496 2313 4544 conventus
2360 4489 2577 4544 duabus
2622 4490 2831 4546 vicibus
2870 4495 3195 4559 comederit,
3221 4497 3305 4551 vel
3333 4498 3466 4552 uni-

180 4581 330 4651 quod
370 4581 431 4635 in
474 4580 771 4637 duodecim
802 4581 1138 4635 lectionibus
1166 4581 1236 4635 ad
1268 4582 1609 4636 matutinum
1640 4583 1787 4653 ejus-

178 4669 310 4724 dem
339 4686 559 4730 cursus.
593 4671 836 4741 hymnus
883 4672 950 4723 Te
985 4671 1158 4724 Deum
1207 4672 1503 4724 laudamus
1552 4686 1662 4725 non
1704 4677 1791 4727 est

184 4757 712 4828 pratermittendus
735 4777 748 4826 ;
772 4764 829 4813 et
850 4758 997 4829 quod
1024 4764 1150 4829 post
1194 4760 1356 4813 Verba
1384 4774 1503 4813 mea
1533 4759 1790 4814 anniver-

186 4845 329 4899 salis
365 4845 549 4899 oratio
587 4844 837 4916 quotidie
879 4845 1025 4900 sicut
1061 4852 1120 4900 et
1145 4845 1203 4900 in
1241 4852 1537 4913 conventu,
1588 4847 1658 4902 ab
1697 4848 1793 4906 illo

178 4940 273 4989 est
304 4934 561 4989 dicenda.
618 4934 763 4989 Item
806 4934 855 4988 si
885 4935 1111 5004 quando
1154 4952 1256 5006 pro
1285 4935 1649 4991 tribulatione
1679 4942 1792 4992 tres

176 5023 408 5094 psalmi,
437 5023 495 5077 id
517 5029 621 5089 est,
652 5025 903 5089 Domine,
930 5024 1065 5092 quid
1095 5025 1480 5092 multiplicati.
1505 5026 1645 5080 Deus
1664 5042 1789 5080 nos-

180 5119 267 5167 ter
296 5114 607 5181 refugium.
631 5112 717 5168 Ad
742 5116 790 5166 te
812 5114 988 5166 levavi
1010 5130 1025 5165 :
1050 5118 1177 5183 post
1197 5112 1504 5183 capitulum
1517 5121 1650 5168 sunt
1665 5131 1793 5169 can-

178 5202 366 5265 tandi,
399 5202 458 5255 hi
497 5207 556 5255 et
593 5199 663 5254 ab
698 5200 937 5255 inﬁrmis
966 5217 1078 5255 non
1107 5208 1242 5255 sunt
1268 5202 1619 5273 negligendi;
1652 5202 1787 5273 quin

178 5307 280 5345 eos
315 5295 444 5360 post
479 5289 799 5360 regularem
824 5289 1042 5355 horam,
1079 5305 1203 5360 qua:
1228 5290 1536 5361 capitulum
1574 5298 1792 5345 antece-

178 5380 286 5444 dit,
316 5378 607 5449 prostrati,
630 5378 678 5432 si
711 5377 842 5432 talis
863 5386 952 5432 est
969 5379 1109 5444 dies,
1151 5384 1208 5433 et
1226 5379 1335 5450 ipsi
1354 5383 1598 5435 cantent.
1629 5380 1791 5434 Atta—

180 5483 325 5522 men
344 5467 391 5521 si
420 5467 647 5538 quando
678 5467 839 5521 Vcrba
853 5482 974 5521 mea
992 5472 1121 5539 post
1138 5468 1447 5539 capitulum
1474 5484 1575 5540 pro
1603 5469 1792 5539 aliquo

179 5554 485 5623 defuncto,
515 5556 679 5626 cujus
700 5554 886 5611 brevis
911 5555 972 5612 in
997 5555 1120 5628 ipso
1132 5556 1378 5628 capitulo
1397 5562 1789 5629 pressant/utar,

1870 4579 2084 4633 versale
2110 4579 2388 4650 jejunium
2429 4578 2777 4650 persolverit,
2806 4587 2940 4636 tunc
2971 4583 3067 4655 qui
3091 4584 3148 4639 in
3178 4585 3320 4640 lecto
3350 4604 3466 4642 non

1864 4669 2165 4738 jacuerint,
2200 4685 2311 4722 non
2340 4669 2612 4723 omittunt
2635 4669 2706 4723 ad
2737 4672 3007 4740 majorem
3040 4674 3265 4729 missam
3296 4674 3468 4731 inter-

1870 4757 2351 4828 esse,(UD.)usque
2372 4757 2506 4810 dum
2531 4757 2895 4829 Evangelium
2913 4759 2987 4813 sit
3010 4760 3236 4831 lectum,
3260 4768 3314 4818 et
3333 4770 3470 4820 tunc

1874 4846 2143 4899 recedunt
2161 4846 2231 4899 ad
2255 4847 2311 4900 S.
2346 4845 2606 4906 Mariam,
2640 4853 2705 4901 ut
2733 4853 2961 4902 cantent
2989 4858 3225 4917 sextam,
3252 4869 3354 4907 nec
3380 4854 3470 4909 ul-

1873 4934 2049 4988 terius
2080 4935 2358 5005 prandere
2387 4941 2699 4999 morantur,
2743 4936 2851 4991 nisi
2906 4937 2965 4992 in
3011 4939 3102 4994 die
3147 4947 3339 4996 sancto
3367 4959 3471 5014 pa-

1872 5039 2111 5087 resceve,
2133 5024 2155 5045 "
2188 5029 2324 5079 tunc
2355 5024 2504 5078 enim
2535 5041 2712 5095 usque
2743 5025 2814 5078 ad
2840 5026 3011 5080 ﬁnem
3039 5029 3213 5083 ofﬁcii
3243 5030 3319 5084 ibi
3348 5048 3474 5101 per-

1872 5112 2100 5177 sistunt,
2116 5116 2173 5164 et
2191 5111 2513 5165 discalciati.
2532 5117 2664 5179 (υυ.)
2681 5114 2739 5168 Si
2761 5119 2951 5168 autem
2965 5124 3271 5172 conventus
3292 5135 3471 5190 usque

1872 5200 1944 5254 ad
1974 5217 2179 5254 nonam
2215 5201 2576 5270 jejunaverit,
2619 5202 2726 5273 ipsi
2758 5210 2884 5274 post
2930 5204 3258 5275 capitulum,
3296 5208 3381 5260 vel
3421 5209 3469 5263 si

1872 5288 2179 5359 capitulum
2210 5296 2312 5352 est,
2346 5295 2477 5344 ante
2508 5290 2755 5355 tertiam,
2789 5298 2847 5345 et
2875 5291 2944 5345 ab
2988 5293 3178 5347 Idibus
3214 5293 3471 5364 Septem-

1873 5377 1988 5432 bris
2004 5395 2181 5450 usque
2197 5379 2266 5432 ad
2286 5379 2564 5433 Kalendas
2578 5379 2833 5433 Octobris
2849 5385 2976 5450 post
2990 5382 3216 5435 tertiam
3232 5387 3469 5449 stantes,

1873 5474 2103 5522 cantant
2150 5473 2364 5523 sextam
2396 5468 2683 5540 praemissa
2723 5467 2994 5534 oratione,
3036 5458 3107 5524 et.
3132 5470 3203 5524 ad
3234 5472 3471 5529 eandem

1880 5556 2216 5623 orationem,
2238 5557 2385 5612 sicut
2412 5558 2583 5612 etiam
2611 5557 2683 5613 ad
2724 5555 3052 5628 quamlibet,
3076 5559 3123 5614 si
3147 5564 3369 5632 tempus
3389 5570 3476 5621 est
