3908 6168
423 277 568 336 1127
660 250 663 253 ’

1449 280 1507 334 S.
1550 280 1942 336 GUlLLELMl
1982 281 2287 340 ABBATIS
2326 286 2667 342 HlRSAUG.

3526 294 3639 352 1128

424 404 474 458 A
500 403 704 475 quibus
732 420 1091 474 summopere
1120 408 1176 458 et
1215 404 1320 458 hoc
1364 408 1611 470 cavetur,
1644 409 1710 459 ut
1735 408 2024 475 nunquam
2042 405 2215 467 Ahoc
2240 408 2411 465 iidem
2444 410 2724 482 pincernte
2752 411 2810 465 in
2837 412 3023 479 domo,
3057 430 3168 484 qua
3193 417 3468 471 comedere
3491 420 3645 474 solent

427 492 716 547 occasione
746 491 977 547 indultae
1004 492 1407 547 misericordiae
1438 492 1650 564 aliquid
1683 493 1797 547 illic
1816 493 2028 564 absque

429 581 653 636 licentia
685 581 1008 650 loquantur.
1044 580 1295 645 Quorum
1343 582 1512 635 etiam
1558 582 1748 637 nullus
1774 582 1844 637 ad
1875 584 2030 637 lava-

426 669 635 723 torium
660 670 1012 724 inﬁrmorum
1049 687 1248 725 manus
1277 671 1427 724 lavat
1448 690 1461 737 ;
1484 671 1590 724 nisi
1611 688 1673 724 ex
1696 672 2029 726 necessitate

425 756 632 828 aliqua,
665 763 729 811 ut
779 763 865 813 est
893 757 1189 829 sanguinis
1228 761 1390 822 ﬂuor,
1440 759 1700 814 similiter
1747 761 1918 815 etiam
1948 760 2026 825 hi,

430 845 526 917 qui
552 851 835 900 coeturam
886 864 1046 901 suam
1096 853 1419 917 procurant,
1466 848 1541 901 ibi
1578 848 1855 903 lavantur.
1901 849 2029 904 Sta-

424 936 615 989 minea
647 952 748 989 sua
799 935 953 990 omni
1003 942 1258 1006 tempore
1297 941 1424 1007 post
1450 937 1760 992 matutinos
1788 954 1920 992 suos
1947 937 2029 992 in-

426 1023 580 1078 ﬁrmi
606 1023 840 1078 licenter
870 1024 1134 1078 induunt.

995 1113 1228 1170 CAPUT
1256 1113 1452 1169 LVIII.

657 1202 732 1256 De
751 1201 987 1268 famulis
1006 1205 1106 1269 qui
1130 1204 1389 1269 inﬁrmz's‘
1403 1205 1797 1271 obsequuntur.

497 1287 984 1359 Famulorum,qui
1005 1289 1077 1342 ad
1096 1290 1325 1344 domum
1349 1290 1703 1345 inﬁrmorum
1725 1290 2028 1362 pertinent,

425 1382 514 1432 tot
544 1395 609 1432 ex
653 1394 809 1431 more
849 1382 1001 1443 sunt,
1035 1383 1171 1448 quot
1207 1379 1279 1432 ad
1328 1379 1733 1433 inﬁrmantium
1764 1379 2032 1451 obsequia

429 1466 735 1520 sufﬁciunt.
757 1469 891 1530 (ιω.)
919 1465 995 1519 Hi
1021 1466 1069 1519 si
1098 1467 1308 1532 volunt,
1332 1468 1581 1538 quotidie
1611 1468 1681 1522 ad
1712 1470 1768 1523 S.
1796 1468 2029 1523 Mariam

2109 498 2821 564 considentes,charitatem
2849 500 3266 557 bibunt.Nullus
3291 510 3466 559 tamen
3480 522 3643 561 eorum

2111 587 2414 658 quidquam
2450 589 2522 643 ibi
2554 590 2623 643 de
2651 590 2772 644 cibo
2801 591 2881 644 vel
2919 598 3052 662 potu
3078 598 3285 661 gustat,
3328 593 3429 647 nisi
3472 602 3523 648 et
3552 597 3648 649 illic

2110 675 2372 731 dormiat.
2404 677 2551 748 (υο.)
2580 679 2736 733 Unus
2762 697 2826 733 ex
2857 680 2969 733 illis
2986 680 3057 734 ad
3087 682 3190 734 hoc
3217 689 3300 735 est
3325 683 3541 736 maxime
3566 685 3649 738 de-

2112 770 2363 835 putatus,
2403 774 2465 821 ut
2514 768 2661 822 lavet
2705 785 2920 838 pannos
2951 770 3021 822 ad
3061 775 3312 823 cocturas
3337 770 3553 825 fratrum
3575 790 3652 826 ne-

2111 855 2405 921 cessarios,
2440 856 2621 910 focum
2660 856 2847 921 faciat,
2890 865 2948 911 et
2989 874 3193 929 aquam
3238 859 3527 926 calefaciat,
3563 878 3655 931 qua

2111 944 2360 997 scutellae
2402 951 2536 999 sunt
2580 946 2848 1000 lavandae.
2884 948 2906 969 θ
2951 947 3055 1000 Cui
3080 947 3309 1001 omnino
3340 948 3655 1004 interdictum

2111 1037 2213 1092 est,
2246 1038 2311 1087 ut
2336 1033 2406 1088 de
2435 1034 2559 1088 cibo
2585 1035 2671 1088 vel
2704 1044 2839 1106 potu
2864 1034 3216 1090 inﬁrmorum
3248 1036 3533 1107 quidquam
3550 1043 3650 1093 tan~

2107 1135 2242 1190 gere
2270 1130 2591 1193 praesumat.

2702 1213 2937 1268 CAPUT
2963 1213 3105 1269 LIX.

2147 1299 2222 1353 De
2249 1300 2447 1366 fratre,
2473 1316 2631 1370 quem
2658 1307 2821 1355 noctu
2860 1304 3183 1369 inﬁrmitas,
3207 1307 3291 1357 vel
3320 1307 3379 1358 in
3409 1304 3490 1358 die
3505 1320 3630 1358 occu-

2778 1376 3015 1441 pace-rit.

2188 1461 2213 1485 *
2242 1459 2441 1514 Frater
2461 1461 2558 1532 qui
2588 1467 2754 1516 noctu
2801 1461 2860 1515 in
2891 1461 3219 1517 dormitorio
3251 1463 3354 1518 tali
3381 1462 3666 1517 inﬁrmitate

430 1555 660 1609 missam
715 1554 977 1620 audiunt,
1031 1554 1339 1626 pacemque
1379 1556 1680 1627 accipiunt,
1721 1564 1777 1611 et
1813 1558 2032 1628 quoties

2122 1563 2361 1616 praeoccu
2372 1555 2624 1619 patur,ut
2636 1549 2845 1620 absque
2862 1550 3102 1604 fratrum
3122 1551 3503 1622 inquietudine
3518 1566 3667 1620 usque

429 1643 613 1697 visum
643 1642 1042 1714 fuerit,corpus
1070 1643 1294 1698 Domini
1323 1629 1547 1699 sumere
1572 1652 1826 1715 possunt.
1844 1648 1867 1671 *
1889 1647 2033 1710 Quo-

2122 1635 2181 1689 ad
2215 1644 2520 1691 nocturnos
2552 1638 2857 1708 perdurare
2904 1655 3015 1692 non
3046 1641 3245 1710 possit,
3283 1656 3318 1693 a
3353 1637 3600 1693 fratribus
3622 1638 3670 1690 in

428 1732 589 1798 tidic,
618 1731 727 1785 nisi
758 1731 832 1785 sit
859 1733 1127 1802 generale
1151 1734 1434 1804 jejunium
1468 1733 1613 1787 infra
1641 1717 2094 1788 matutinalemB
2112 1726 2397 1780 ViCinitate
2425 1726 2531 1779 Sibi
2560 1726 2987 1790 dormientibus.
3017 1727 3242 1782 licentia
3267 1727 3494 1799 apriOI‘e
3511 1725 3670 1796 aequi"

431 1820 663 1874 missam
693 1819 763 1873 de
794 1820 917 1874 cibo
949 1826 1005 1874 et
1031 1827 1166 1891 potu
1208 1823 1621 1893 aliquantulum
1661 1830 2029 1894 praegustant,

429 1913 496 1962 ut
520 1907 820 1979 prandium
848 1910 1113 1978 generale
1148 1916 1304 1963 tanto
1335 1911 1553 1965 facilius
1593 1917 1913 1982 eXSpectare
1936 1928 2034 1966 va-

437 1995 611 2049 leant.
647 1995 789 2059 Quid
818 2000 1006 2049 autem
1047 1996 1299 2067 obsequii
1329 1998 1630 2057 exhibeant
1658 2000 1896 2054 inﬁrmis
1927 1999 2033 2054 sub

433 2083 658 2138 silentio
680 2085 1136 2154 praetereundum
1169 2102 1278 2139 non
1310 2093 1414 2141 est.

503 2173 685 2243 Igitur
711 2173 781 2227 ad
828 2178 1133 2228 nocturnos
1175 2175 1367 2229 audito
1395 2176 1578 2247 signo,
1606 2175 1816 2248 aliquis
1838 2193 2033 2232 eorum

432 2267 717 2333 procurat,
772 2267 836 2316 ut
877 2262 1068 2317 lumen
1115 2264 1185 2317 ad
1223 2265 1586 2332 necessarias,
1623 2271 1680 2319 et
1723 2282 1851 2320 cum
1893 2283 2035 2338 opus

435 2355 541 2418 est,
575 2350 635 2404 in
664 2350 908 2404 claustro
966 2367 1189 2422 quoque
1225 2368 1421 2407 eorum
1452 2353 1832 2423 accendatur;
1884 2355 2034 2427 quod

436 2439 613 2493 ﬁnitis
627 2439 919 2494 nocturnis
940 2456 1040 2510 per
1058 2439 1431 2495 inﬁrmarium
1452 2441 1820 2512 agitur.Tunc
1840 2443 2030 2506 etiam,

436 2528 485 2582 si
514 2544 626 2582 non
657 2528 733 2582 sit
762 2528 1003 2582 hiemale
1030 2534 1272 2601 tempus,
1306 2531 1610 2600 praedictus
1648 2531 1894 2586 famulus
1922 2549 2035 2587 non

436 2616 667 2687 negligit
700 2618 782 2671 eis
809 2617 991 2671 focum
1027 2634 1361 2688 praeparare.
1420 2619 1623 2674 Nullus
1652 2637 1845 2675 eorum
1889 2621 2037 2677 infra

434 2706 743 2776 capitulum
792 2705 850 2759 in
896 2706 1206 2760 inﬁrmaria
1254 2724 1546 2761 remanere
1594 2709 1902 2779 prmsumit,
1929 2710 2039 2765 nisi

439 2794 701 2849 infirmus
731 2794 938 2865 aliquis
966 2794 1022 2849 in
1045 2796 1298 2867 proximo
1318 2795 1574 2851 obiturus
1604 2797 1695 2851 sit.
1718 2799 1875 2852 Tunc
1891 2815 2039 2854 unus

439 2900 503 2937 ex
531 2883 641 2937 illis
670 2889 945 2948 remanet,
987 2890 1045 2937 et
1085 2884 1155 2938 de
1198 2884 1547 2953 adjutoribus
1577 2886 1871 2940 inﬁrmarii
1891 2904 2038 2943 unus

437 2988 564 3027 cum
593 2972 713 3034 illo,
738 2989 809 3026 ne
841 2972 911 3026 ad
941 2972 1272 3043 capitulum,
1316 2974 1602 3044 surripere
1630 2981 1816 3046 queat,
1851 2983 1907 3030 et
1933 2976 2036 3030 ali-

438 3061 569 3132 quid
600 3062 939 3124 auscultare,
959 3062 1106 3132 quod
1128 3079 1240 3116 non
1271 3062 1633 3132 expediat.Ad
1659 3080 1823 3133 quem
1849 3077 2036 3119 tamen

437 3150 785 3204 inﬁrmat-ius
812 3156 935 3203 acto
964 3167 1029 3203 ex
1060 3156 1220 3221 parte
1261 3151 1507 3221 capitulo
1538 3151 1703 3215 redit,
1735 3158 1798 3206 ut
1828 3158 1885 3207 et
1914 3153 2037 3224 ipse

436 3239 621 3294 eidem
665 3237 909 3310 capitulo
940 3238 1124 3293 inesse
1150 3239 1345 3311 possit.
1379 3239 1565 3293 Finito
1602 3240 1848 3311 capitulo
1876 3259 2035 3297 men-

437 3328 578 3382 salia
603 3344 774 3398 super
801 3328 1024 3382 tabulas
1045 3328 1386 3398 expendunt,
1412 3344 1612 3398 panem
1640 3334 1697 3383 et
1725 3330 2037 3385 cochlearia

436 3420 744 3485 apponunt,
773 3414 1025 3484 justitias
1048 3431 1179 3469 vero
1209 3415 1446 3485 implere
1467 3422 1601 3486 potu
1623 3434 1688 3470 ac
1703 3434 2036 3489 supermea-

439 3503 518 3557 sis
547 3519 755 3574 ponere
782 3520 958 3573 usque
988 3503 1045 3557 in
1067 3504 1245 3573 ipsam
1268 3504 1490 3574 prandii
1524 3503 1719 3559 horam
1742 3506 2030 3576 diﬂerunt;

440 3591 574 3661 quia
596 3596 733 3645 tunc
761 3591 1004 3662 primum
1037 3591 1107 3644 de
1136 3592 1360 3645 cellario
1391 3593 1630 3646 eundem
1676 3599 1868 3664 potum
1900 3596 2035 3650 affe-

437 3685 590 3733 runt.
623 3679 730 3742 Qui
765 3680 935 3732 etiam
967 3680 1138 3749 hujus
1177 3687 1312 3734 sunt
1339 3680 1665 3752 disciplinae,
1699 3688 1762 3737 ut
1786 3684 2037 3753 quandiu

437 3767 742 3822 comedunt
766 3767 996 3833 inﬁrmi,
1029 3783 1319 3839 nunquam
1348 3785 1538 3827 coram
1568 3770 1651 3824 eis
1680 3770 1913 3826 sedeant
1939 3780 2039 3828 aut

436 3855 765 3917 consistant,
796 3855 893 3910 sed
924 3872 1051 3909 cum
1082 3856 1209 3927 quis
1242 3874 1437 3912 eorum
1466 3859 1779 3930 perfecerit,
1807 3868 2038 3932 prapter

437 3944 585 4015 quod
614 3949 839 3999 vocatus
866 3949 971 4009 est,
1006 3961 1202 3999 rursus
1230 3946 1489 4000 celeriter
1507 3947 1638 4001 exit.
1665 3949 1820 4003 Nihil
1842 3951 2035 4016 edulii,

435 4038 664 4104 excepto
695 4034 830 4097 sale,
861 4039 1041 4097 aceto,
1075 4038 1133 4087 et
1160 4033 1361 4106 sinapi,
1390 4035 1435 4089 si
1480 4052 1620 4107 opus
1659 4042 1764 4100 est,
1809 4055 1912 4109 per
1942 4056 2038 4094 eos

433 4121 584 4177 inter
601 4122 1005 4176 comedendum
1033 4124 1354 4193 apponitur,
1390 4129 1447 4177 et
1464 4131 1654 4179 tamen
1680 4128 2036 4194 scutellaaﬂel

434 4210 483 4264 si
513 4228 636 4283 qua:
666 4210 988 4281 hujusmodi
1018 4217 1170 4272 sunt,
1194 4228 1293 4283 per
1313 4212 1463 4283 ipsos
1488 4213 1840 4269 auferuntur.
1864 4216 2038 4270 Justi-

433 4301 526 4355 tiae
554 4306 748 4355 tamen
781 4316 952 4371 super
996 4315 1240 4365 mensas,
1271 4318 1447 4370 usque
1475 4309 1603 4373 post
1638 4320 1854 4358 coenam
1883 4311 2033 4359 stare

2115 1813 2222 1867 sita
2248 1814 2371 1868 sine
2399 1831 2557 1868 mora
2585 1815 2653 1868 ad
2685 1815 2915 1869 domum
2954 1815 3312 1871 inﬁrmorum
3357 1815 3597 1880 ducitur;
3633 1814 3671 1867 si

2117 1894 2394 1957 vero—tam
2421 1903 2689 1958 mediocri
2719 1904 3051 1959 inﬁrmitate
3072 1904 3384 1971 laborat,ut
3411 1909 3672 1959 nocturnos

2116 1999 2438 2062 exspectare
2463 1993 2662 2057 valeat,
2691 2009 2818 2047 mox
2849 1998 2914 2047 ut
2933 2002 3048 2047 tres
3067 1993 3355 2049 orationes
3382 1993 3557 2047 ﬁnitas
3575 2008 3672 2045 esse

2116 2082 2353 2148 noverit,
2385 2082 2770 2137 inﬁrmitatem
2826 2100 2987 2137 suam
3037 2083 3210 2153 priori
3240 2082 3547 2145 innotescit,
3578 2086 3672 2135 sta-

2115 2170 2332 2240 timque
2354 2169 2504 2224 illius
2528 2171 2691 2240 jussu
2705 2188 2807 2242 per
2836 2172 3065 2225 fratrem
3089 2172 3337 2242 aliquem
3368 2171 3438 2225 ad
3462 2171 3675 2225 inﬁrma-

2115 2258 2255 2312 riam
2288 2258 2533 2315 ducitur.
2562 2260 2830 2331 Idemque
2858 2260 2926 2314 de
2950 2261 3152 2330 juvene
3186 2260 3454 2314 custodiae
3477 2257 3671 2322 tradito,

2117 2347 2165 2400 si
2194 2348 2385 2402 taliter
2403 2348 2739 2413 inﬁrmatur,
2763 2366 2863 2420 per
2880 2349 3166 2403 custodem
3179 2347 3671 2420 acquisitalicentia,

2116 2437 2321 2507 agitur.
2355 2437 2461 2500 Qui
2490 2443 2677 2492 autem
2705 2438 2786 2492 ita
2803 2438 3035 2509 coeperit
3054 2438 3355 2504 inﬁrmari,
3386 2443 3449 2491 ut
3474 2451 3674 2490 conven-

2116 2530 2237 2578 tum
2270 2530 2463 2580 tenere
2490 2542 2601 2579 non
2620 2526 2995 2597 possit,priori
3017 2526 3403 2580 inﬁrmitatem
3428 2524 3671 2597 patefacit,

2120 2614 2205 2667 vel
2230 2613 2278 2667 si
2307 2614 2508 2684 placet,
2541 2614 2598 2668 in
2629 2615 2874 2686 capitulo
2904 2615 3122 2669 veniam
3146 2615 3309 2686 petit,
3333 2621 3390 2669 et
3416 2616 3673 2675 monstrat,

2120 2703 2264 2773 quod
2293 2703 2553 2759 inﬁrmus
2581 2704 2673 2771 sit,
2716 2711 2774 2758 et
2803 2704 2852 2758 si
2880 2704 3010 2758 talis
3044 2706 3167 2775 ejus
3206 2703 3502 2758 inﬁrmitas
3527 2706 3673 2773 patet,

2120 2793 2274 2863 prior
2303 2793 2389 2847 vel
2415 2810 2520 2848 sua
2541 2799 2760 2864 sponte,
2797 2794 2883 2848 vel
2913 2793 2984 2847 ab
3007 2794 3118 2848 alio
3146 2793 3485 2858 admonitus,
3514 2791 3671 2844 statim

2120 2882 2188 2935 ad
2220 2880 2592 2936 infirmariam
2634 2899 2762 2937 eum
2810 2882 2892 2937 ire
2936 2881 3134 2952 jubet;
3188 2883 3280 2938 sin
3324 2888 3525 2947 autem,
3566 2878 3675 2933 foris

2119 2970 2352 3025 chorum
2384 2987 2505 3025 esse
2536 2977 2739 3041 potest,
2780 2977 2843 3025 ut
2872 2988 2973 3041 pro
3000 2979 3128 3025 voto
3157 2987 3264 3025 suo
3295 2971 3469 3043 possit
3491 2970 3672 3024 sedere.

2190 3067 2299 3123 (un.
2336 3063 2481 3125 car.)
2514 3060 2851 3114 Cellerarius
2893 3066 3073 3125 curat,
3106 3066 3171 3115 ut
3193 3060 3255 3114 in
3280 3059 3560 3115 refectorio
3584 3072 3676 3111 non

2118 3147 2327 3220 absque
2358 3148 2629 3219 pietantia
2657 3165 2785 3203 eum
2811 3148 3079 3203 dimittat.
3107 3149 3251 3202 Cum
3270 3154 3456 3203 autem
3475 3146 3673 3200 biduum

2118 3238 2203 3292 vel
2231 3238 2480 3292 triduum
2497 3237 2860 3303 transierit,si
2880 3237 3078 3291 melius
3094 3253 3204 3291 non
3220 3235 3675 3301 habuerit,iterum

2118 3344 2219 3398 pro
2248 3327 2446 3381 eadem
2475 3343 2645 3381 causa
2683 3326 2902 3380 veniam
2938 3327 3094 3396 petit,
3126 3332 3183 3379 et
3227 3326 3305 3380 ad
3346 3323 3675 3380 inﬁrmariam

2115 3416 2198 3469 ire
2220 3416 2470 3487 jubetur.
2500 3416 2659 3479 Quod
2681 3415 2729 3469 si
2742 3416 2912 3469 etiam
2940 3417 3135 3470 eodem
3160 3415 3255 3468 die
3276 3414 3561 3469 inﬁrmitas
3577 3410 3674 3479 ejus

2114 3504 2173 3559 in
2210 3511 2431 3560 tantum
2486 3505 2805 3569 excreverit,
2854 3505 3080 3559 domum
3116 3504 3470 3558 inﬁrmorum
3509 3503 3560 3555 in
3585 3515 3676 3570 qua

2117 3594 2420 3648 refectione
2448 3593 2634 3647 carnis
2649 3599 2904 3647 carentes
2927 3592 3273 3656 cohabitant,
3300 3594 3461 3662 jussu
3487 3588 3671 3661 prioris.

2118 3682 2307 3753 aliquo
2335 3699 2523 3737 secum
2547 3688 2716 3737 eunte
2736 3699 2800 3736 ac
2820 3680 3543 3744 demonstrante,intrabit.'
3558 3678 3673 3732 Nam

2119 3788 2471 3843 quacumque
2500 3772 2640 3825 hora
2665 3770 2896 3826 cuilibet
2923 3770 3174 3825 ordinem
3203 3776 3342 3825 tunc
3369 3768 3590 3842 pleniter
3611 3779 3676 3817 re-

2115 3861 2271 3931 genti
2300 3860 2524 3915 videtur
2551 3861 2656 3915 hoc
2686 3860 2967 3932 expedire,
3000 3858 3314 3930 quemlibet
3349 3859 3675 3930 mgrotantem

2120 3949 2191 4003 ad
2226 3949 2598 4003 inﬁrmariam
2629 3949 2763 4003 facit
2789 3950 2891 4002 ire.

2192 4037 2405 4093 Similis
2442 4054 2664 4109 quoque
2713 4038 2850 4091 ordo
2899 4041 3157 4091 servatur
3198 4037 3263 4091 in
3310 4053 3396 4101 eo,
3428 4034 3518 4107 qui
3557 4030 3676 4086 infra

2119 4125 2457 4180 Matutinum
2472 4143 2573 4197 pro
2592 4125 2920 4180 inﬁrmitate
2941 4126 3010 4179 de
3026 4126 3195 4179 choro
3216 4125 3492 4185 exivit,vel
3511 4120 3675 4177 eadem

2118 4213 2449 4268 necessitate
2479 4213 2648 4268 etiam
2677 4221 2901 4268 coactus
2924 4214 3157 4268 chorum
3185 4230 3302 4268 non
3330 4212 3567 4268 intravit.
3588 4210 3674 4264 Pro

2118 4319 2231 4373 qua
2255 4319 2317 4356 re
2345 4302 2404 4356 in
2423 4302 2670 4357 crastina
2685 4302 2931 4373 capitulo
2954 4303 3170 4357 veniam
3191 4302 3355 4373 petit,
3385 4299 3676 4372 requisitas-

433 4389 817 4454 dimittuntur,
851 4393 916 4442 ut.
943 4388 1039 4459 qui
1066 4389 1346 4444 voluerint
1373 4390 1581 4456 bibere,
1613 4392 1846 4463 possint.
1879 4389 2100 4448 TuneD
2122 4407 2230 4462 que
2259 4407 2294 4444 a
2323 4390 2508 4462 priore
2552 4396 2745 4446 utrum
2779 4391 2979 4445 melius
3022 4390 3273 4445 habeat?
3320 4391 3368 4445 si
3412 4386 3676 4460 respondet

434 4482 665 4535 demum
718 4478 918 4532 ablatas
956 4483 1014 4531 et
1059 4486 1340 4533 evacuatee
1383 4479 1552 4534 simul
1604 4486 1912 4552 ponuntur.
1974 4483 2034 4538 Si

432 4567 765 4622 mandatum
791 4567 1054 4637 generale
1083 4573 1216 4622 tunc
1256 4574 1343 4622 est
1385 4569 1684 4639 agendum,
1729 4577 2035 4642 antequam

435 4672 657 4711 caenare
687 4655 898 4710 inﬁrmi
924 4654 1224 4726 incipiant,
1255 4656 1369 4710 sive
1399 4656 1474 4710 sit
1510 4657 1566 4711 in
1596 4663 1809 4723 aestate,
1832 4660 1948 4715 sive
1975 4660 2033 4715 in

435 4744 658 4815 hyeme,
691 4743 927 4813 singulis
950 4759 1101 4815 aqua
1132 4744 1303 4799 iidem
1331 4745 1526 4800 famuli
1547 4746 1717 4817 pedes
1747 4747 1952 4817 lavant,
1982 4756 2040 4805 et

436 4832 612 4888 linteo
640 4837 894 4903 tergunt.

510 4921 817 4993 Postquam
845 4925 1153 4976 conventus
1191 4922 1353 4977 ﬁnito
1397 4924 1663 4980 mandato
1683 4925 2036 4984 refectorium

435 5012 726 5084 ingressus
753 5010 943 5073 fuerit,
972 5010 1165 5068 vinum
1220 5011 1367 5082 quod
1419 5030 1520 5084 pro
1566 5014 1843 5070 charitate
1868 5015 2036 5073 iidem

437 5101 636 5155 famuli
668 5098 903 5154 bibituri
930 5099 1145 5165 sunt,in
1170 5100 1677 5172 cellario,exigente
1702 5103 2033 5169 infirmario,

436 5188 901 5262 accipiunt.Quod
924 5188 1155 5242 allatum
1179 5189 1390 5260 pateris
1409 5189 1781 5246 intunduntet
1799 5192 2037 5248 inﬁrmis

436 5279 752 5351 porrigunt.
789 5276 1002 5331 Inﬁrmi
1032 5281 1221 5331 autem
1253 5294 1363 5332 non
1395 5279 1551 5348 prius
1579 5280 1817 5334 eundem
1842 5288 2036 5352 potum

436 5368 795 5433 benedicunt,
830 5382 998 5436 quam
1030 5383 1225 5420 omnes
1253 5366 1307 5419 in
1328 5384 1527 5422 manus
1547 5369 1910 5440 accipiunt,et
1926 5372 2033 5426 hoc

368 5492 369 5495 η
437 5457 657 5529 publice
712 5455 944 5520 faciunt,
988 5455 1135 5509 sicut
1173 5455 1344 5508 etiam
1391 5456 1831 5529 quotiescunque
1864 5459 2032 5514 simul

436 5547 524 5601 vel
545 5544 908 5616 singulariter
920 5542 1312 5607 bibunt.Quod
1335 5543 1652 5601 bibentibus
1679 5549 2032 5619 superest,de

2115 4484 2283 4536 etiam
2311 4481 2508 4534 domne
2528 4496 2546 4532 :
2565 4479 2800 4550 jubetur
2817 4495 3032 4534 sessum
3052 4479 3167 4545 ire;
3193 4482 3243 4533 si
3267 4486 3457 4534 autem
3483 4473 3673 4537 dixerit,

2117 4585 2249 4634 non,
2272 4567 2506 4639 jubetur
2528 4574 2686 4623 extra
2711 4568 2942 4622 chorum
2965 4567 3295 4639 aliquandiu
3318 4583 3456 4623 esse.

2189 4657 2300 4712 Sed
2328 4663 2415 4712 est
2442 4657 2750 4722 sciendum,
2775 4657 2825 4710 si
2855 4657 3005 4711 infra
3021 4658 3331 4728 capitulum
3359 4656 3428 4710 ad
3456 4654 3676 4709 inﬁma-

2117 4746 2263 4801 riam
2292 4746 2418 4818 quis
2446 4746 2530 4800 ire
2553 4745 2804 4816 jubetur,
2824 4745 2973 4817 quod
3002 4745 3075 4799 ad
3111 4745 3303 4799 sedem
3332 4761 3487 4799 suam
3514 4742 3558 4796 is
3582 4754 3675 4793 non

2120 4836 2450 4899 revertetur,
2480 4850 2770 4906 quousque
2796 4834 2944 4888 idem
2976 4834 3282 4905 capitulum
3312 4833 3549 4895 ﬁniatur,
3583 4827 3675 4883 nisi

2120 4941 2155 4979 a
2180 4924 2366 4996 priore
2394 4923 2607 4989 audiat,
2641 4923 2791 4996 quod
2820 4923 2892 4977 ad
2938 4938 3183 4994 przesens
3202 4923 3335 4977 illuc
3361 4923 3441 4977 ire
3464 4918 3672 4979 debeat;

2118 5019 2253 5069 tunc
2270 5014 2417 5068 facto
2446 5012 2515 5067 ad
2550 5013 2856 5067 sessionem
2888 5028 3049 5066 suam
3073 5017 3205 5066 ante
3224 5018 3282 5065 et
3308 5007 3674 5075 retro,nemine

2118 5102 2376 5168 ducente,
2409 5100 2517 5155 nisi
2559 5100 2634 5155 sit
2670 5100 2892 5171 juvenis
2922 5100 2979 5154 in
3009 5099 3265 5153 custodia
3299 5098 3511 5169 positus
3532 5106 3673 5165 quem

2117 5191 2375 5262 sequitur
2402 5189 2765 5255 inﬁrmarius,
2795 5188 3073 5257 discedet;
3106 5196 3164 5243 et
3182 5189 3231 5242 si
3249 5203 3472 5242 necesse
3497 5181 3674 5239 habue-

2118 5280 2211 5346 rit,
2242 5280 2300 5334 in
2331 5281 2493 5344 lecto,
2524 5279 2571 5334 si
2602 5296 2767 5350 quem
2806 5278 2882 5332 ibi
2920 5279 3201 5348 jacentem
3229 5294 3341 5331 non
3386 5272 3598 5329 invenit.
3623 5283 3672 5322 se

2113 5369 2338 5433 luterim
2369 5367 2829 5427 collocabittnam
2860 5368 3049 5423 nullus
3068 5368 3127 5422 in
3146 5367 3289 5423 lecto
3308 5365 3548 5424 alterius,
3578 5356 3669 5413 nisi

2113 5458 2209 5514 illo
2238 5458 2621 5530 permittente,
2650 5458 2735 5512 vel
2763 5457 2833 5511 ad
2873 5462 3219 5513 momentum
3246 5469 3308 5510 se
3337 5453 3497 5510 debet
3517 5449 3666 5505 collo-

2111 5548 2261 5619 care)
2291 5547 2378 5603 vel
2408 5546 2455 5603 si
2481 5545 2622 5612 vult,
2659 5545 2714 5601 in
2760 5546 3032 5624 capellam
3081 5544 3250 5600 vadit.
3299 5542 3357 5599 Si
3393 5546 3569 5598 autem
3604 5534 3663 5588 de
