3908 6168
192 252 331 311 1129

1228 251 1651 308 CONSTITUT.
1693 247 2038 306 HIRSAUG.
2082 279 2147 290 —
2186 249 2325 305 LIB.
2366 248 2440 303 II.

3322 247 3468 308 1130

186 376 427 451 capitulo
455 394 568 433 non
590 376 775 442 exivit,
815 380 1089 431 conventu
1119 377 1178 432 in
1217 379 1486 451 capellam
1508 379 1777 442 intrante,
1799 381 1846 437 A
1865 392 2001 431 nere
2034 390 2328 446 quousque
2356 375 2663 426 conventus
2696 372 2831 426 illuc
2859 373 3057 429 tendat
3079 390 3207 430 cum
3234 391 3465 447 proces-

183 469 302 539 ipse
356 484 457 539 per
512 466 855 522 auditorium
887 467 945 520 in
992 466 1361 521 inﬁrmariam
1395 468 1595 521 tendit.
1628 468 1785 521 Tunc

182 558 531 612 inﬁrmarius
558 556 964 611 lectisternium
992 557 1114 626 ejus
1143 557 1211 610 de
1247 557 1597 615 dormitorio,
1622 557 1786 625 justi-

182 648 319 701 tiam
350 664 478 701 cum
528 646 805 700 cochleari
855 647 924 699 de
975 646 1266 699 refectorio
1319 646 1449 699 facit
1500 646 1783 716 apportari

183 752 351 805 quam
366 737 537 790 etiam
556 745 747 808 postea
758 751 884 789 cum
898 735 1019 805 ipso
1031 735 1303 788 cochleari
1325 734 1784 805 reportabit,cum

182 826 431 895 primum
454 827 545 879 ille
575 827 831 879 inﬁrmus
862 841 1031 878 sanus
1062 824 1118 877 in
1166 831 1497 877 conventum
1534 824 1779 877 redierit.

254 915 497 969 Carnem
530 932 641 969 non
662 914 923 977 comedit,
952 912 1077 976 nisi,
1104 919 1168 966 ut
1197 913 1277 966 ait
1292 921 1518 967 sanctus
1550 912 1787 966 Benedi-

181 1009 324 1068 ctus,
358 1005 588 1058 omnino
612 1003 810 1057 debilis
841 1008 899 1057 et
925 1006 1167 1071 :egrotus
1196 1002 1304 1068 sit;
1340 1002 1487 1073 quod
1520 1002 1565 1054 si
1596 1002 1783 1063 fuerit,

180 1092 338 1162 prior
367 1094 438 1147 ad
468 1093 681 1146 horam'
699 1092 919 1163 prandii
942 1091 1251 1145 inﬁrmario
1277 1091 1633 1145 admonente.
1654 1106 1784 1144 eum

179 1182 391 1247 invisit,
426 1188 482 1236 et
510 1183 581 1236 ad
606 1183 785 1236 locum
824 1182 925 1235 tali
973 1181 1198 1234 inﬁrmo
1249 1197 1559 1251 congruum
1582 1180 1737 1233 ducit
1768 1197 1780 1245 ;

181 1272 318 1326 facit
345 1272 515 1325 etiam
545 1288 770 1325 carnem
802 1270 1109 1342 apportari,
1144 1286 1310 1340 quam
1343 1276 1399 1323 et
1437 1286 1536 1340 per
1582 1285 1784 1324 manus

181 1361 364 1432 ipsius
392 1366 707 1432 porrectam
734 1359 1006 1431 praecipit,
1026 1364 1090 1413 ut
1105 1358 1382 1414 comedat.
1413 1362 1552 1425 (01).)
1584 1359 1783 1413 Sivero

182 1450 340 1522 prior
367 1450 507 1503 alias
535 1455 838 1520 occupatus
869 1449 1001 1502 illuc
1030 1464 1141 1501 non
1176 1452 1359 1518 potest
1392 1447 1598 1512 venire,
1630 1448 1785 1501 inﬁr-

184 1539 367 1593 mario
395 1545 583 1611 potest
612 1539 670 1592 in
710 1537 1033 1609 hujusmodi
1072 1536 1247 1590 vicem
1281 1553 1442 1590 suam
1472 1537 1784 1591 committe-

184 1645 261 1682 re.
303 1628 392 1683 Ab
426 1645 493 1683 ea
520 1628 639 1682 vice
674 1627 885 1698 absque
916 1626 1131 1690 baculo,
1164 1642 1333 1697 quem
1365 1626 1608 1679 famulus
1637 1626 1787 1680 inter

1868 464 2043 518 sione.
2079 464 2327 528 Quorum
2348 467 2609 516 neutrum
2648 467 2835 516 tamen
2856 463 3125 520 fratribus
3141 466 3470 523 adolescen-

1866 554 2107 607 tioribus
2131 552 2473 606 conceditur.
2507 552 2621 605 Aut
2664 551 2709 605 si
2736 558 2823 606 est
2847 558 3087 625 tempus,
3124 573 3234 627 quo
3264 558 3467 616 fratres

1868 658 1980 696 non
1996 641 2367 695 meridiantur
2385 646 2397 706 (
2412 641 2423 694 1
2439 637 2687 708 :30),tunc
2704 640 2984 709 similiter,
3003 644 3050 697 si
3068 647 3298 713 mavult,
3318 650 3469 704 vadit

1868 733 1924 785 in
1974 731 2280 802 capellam;
2317 731 2473 799 (ευ.)
2525 730 2673 799 quod
2720 731 2888 785 etiam
2945 734 3084 787 nulli
3113 735 3466 793 inﬁrmorum

1869 820 2218 891 prohibetur.
2244 823 2265 843 '
2293 819 2493 873 Nullus
2521 827 2708 872 autem
2745 836 2939 875 eorum
2971 824 3213 893 aliquem
3257 827 3463 882 librum

1870 910 1944 963 ibi
1968 910 2055 963 vel
2082 910 2154 963 ad
2185 915 2533 962 momentum
2565 908 2807 980 inspicit,
2860 911 2965 965 nisi
3021 915 3092 967 ad
3121 917 3467 972 matutinum

1872 999 2060 1070 legere
2089 998 2407 1061 lectionem,
2438 998 2523 1051 vel
2564 1001 2979 1069 responsorium
3012 1010 3237 1059 cantare
3268 1007 3462 1077 possit.

1872 1087 1976 1140 Sed
2009 1086 2057 1140 si
2085 1086 2200 1139 vult
2226 1086 2432 1155 legere,
2474 1085 2662 1139 statim
2688 1086 2893 1141 dicitur
2941 1090 3011 1155 ei,
3062 1097 3125 1144 ut
3176 1094 3373 1148 redeat
3407 1095 3467 1149 in

1868 1181 2223 1229 conventum.
2255 1175 2469 1227 Rursus
2492 1182 2617 1244 post
2637 1190 2854 1228 omnem
2886 1176 2962 1230 ibi
2985 1179 3160 1246 sedet,
3190 1188 3289 1237 aut
3318 1184 3468 1254 jacet

1868 1264 2092 1335 quando
2123 1263 2181 1316 in
2212 1264 2457 1317 claustro
2488 1263 2738 1317 sederint
2765 1266 2833 1318 ad
2861 1266 3175 1325 lectionem.

2457 1351 2702 1407 CAPUT
2740 1354 2851 1408 LX.

1868 1455 1985 1521 Qua
2013 1455 2119 1519 lege
2143 1452 2529 1505 obalz'entiarii
2558 1456 2879 1518 a’grotantes
2914 1456 2974 1508 in
3017 1456 3176 1511 domo
3206 1460 3466 1526 inﬁrmo-

2438 1548 2569 1584 rum
2596 1538 2902 1587 morentur.

1937 1635 1957 1658 *
1987 1630 2222 1695 Quando
2244 1629 2416 1702 prior,
2451 1631 2815 1693 camerarius,
2850 1633 3460 1707 cellerarius,sacrista,

182 1718 591 1772 comedendum
612 1734 786 1789 prope
807 1733 935 1771 eum
974 1715 1181 1787 posuit,
1217 1716 1355 1784 (UD.)
1389 1732 1667 1786 nusquam
1696 1715 1849 1782 in-B
1867 1720 1951 1773 vel
1980 1719 2184 1789 reliqui
2214 1720 2388 1782 intus,
2429 1719 2517 1773 vel
2556 1719 2690 1773 toris
2720 1720 3053 1777 obedientiis
3081 1728 3334 1797 occupati
3360 1728 3465 1784 do-

183 1807 350 1871 cedit,
401 1807 622 1861 etiamsi
653 1824 743 1861 res
795 1806 999 1876 exigat,
1038 1811 1102 1859 ut
1130 1804 1318 1857 triduo
1358 1805 1445 1858 vel
1484 1805 1724 1875 amplius
1753 1822 1786 1860 a

182 1913 350 1951 carne
378 1897 677 1962 abstineat,
710 1902 766 1951 et
799 1913 913 1950 non
939 1894 1045 1949 nisi
1079 1894 1291 1966 capello
1318 1900 1486 1965 caput
1515 1895 1784 1965 cooperit.

183 1985 249 2039 Et
276 1986 542 2040 baculum
573 1986 800 2057 quidem
839 1986 897 2039 in
947 1990 1110 2039 nocte
1141 1989 1199 2037 et
1228 1984 1462 2038 meridie
1490 1985 1631 2038 lecto
1658 1985 1787 2037 inﬁ-

181 2075 279 2145 git,
315 2076 550 2146 reliquis
584 2076 732 2129 horis
756 2077 916 2145 juxta
946 2092 1006 2128 se
1055 2073 1233 2145 ponit.
1262 2075 1284 2097 ‘
1334 2073 1557 2145 Absque
1602 2074 1787 2128 frocco

183 2180 292 2218 non
322 2165 493 2218 debet
521 2182 805 2236 quoquam
846 2165 948 2229 ire,
986 2163 1097 2217 nisi
1150 2162 1217 2216 ad
1264 2164 1606 2217 necessarias
1637 2182 1650 2219 :
1691 2180 1789 2217 ex-

184 2260 360 2324 cepto,
395 2253 444 2307 si
477 2259 594 2307 tam
622 2253 821 2307 debilis
852 2260 954 2319 est,
986 2258 1050 2307 ut
1094 2251 1364 2321 indigeat,
1418 2252 1488 2307 ab
1534 2253 1644 2307 alio
1690 2270 1785 2306 su-

185 2343 441 2396 stentari.

249 2432 335 2485 Ad
356 2432 658 2486 inﬁrmarii
681 2438 868 2487 autem
890 2450 1083 2488 curam
1108 2434 1372 2505 pertinet,
1389 2432 1526 2487 utin
1551 2431 1786 2501 singulis

182 2521 508 2591 hujusmodi
528 2522 844 2576 refectionis
865 2524 1238 2594 indigentiam
1266 2523 1567 2592 diligenter
1593 2522 1785 2591 explo-

182 2622 268 2665 ret
320 2611 614 2682 prioriquc
646 2618 919 2682 quantum
957 2613 1014 2666 in
1066 2612 1186 2683 ipso
1218 2618 1321 2675 est,
1366 2610 1445 2664 rei
1494 2610 1784 2664 veritatem

181 2700 602 2766 denuntiet.(un
630 2700 743 2767 )Ad
762 2707 1058 2773 utramque
1076 2702 1300 2756 missam
1324 2701 1379 2755 id
1405 2706 1490 2755 est
1515 2701 1785 2770 majorem

182 2794 238 2843 et
264 2789 660 2843 matutinalem
696 2790 849 2843 venit
898 2790 967 2844 ad
1017 2791 1331 2856 ecclesiam,
1362 2806 1682 2861 quanquam
1716 2789 1786 2842 ad

182 2879 456 2947 majorem
476 2894 589 2931 non
629 2877 735 2949 ipsi
763 2895 941 2949 usque
974 2887 1101 2950 post
1129 2879 1501 2949 evangelium,
1536 2880 1679 2932 sicut
1708 2878 1789 2931 di-

180 2974 334 3021 ctum
360 2973 466 3032 est,
500 2966 741 3020 intersit.
797 2968 912 3021 Etsi
941 2968 1251 3038 capitulum
1303 2985 1416 3022 non
1466 2968 1655 3031 intret,
1704 2971 1786 3020 ta-

1868 1825 2020 1863 mum
2054 1810 2407 1863 inﬁrmorum
2440 1808 2712 1862 inﬁrmati
2756 1810 3169 1881 ingrediuntur,
3221 1834 3348 1871 mox
3394 1818 3464 1873 de

1869 1898 2022 1952 omni
2052 1898 2497 1952 obedientiarum
2548 1914 2778 1952 suarum
2829 1902 3153 1957 executione
3200 1911 3257 1958 et
3284 1908 3465 1977 provi-

1868 1987 2025 2041 sione
2056 1988 2457 2057 egrediuntur;
2493 1993 2720 2058 excepto
2751 1989 2894 2058 quod
2927 1991 3129 2045 fratres
3176 1994 3280 2048 sub
3327 1996 3465 2067 ipsis

1871 2076 2036 2146 positi
2068 2093 2262 2130 eorum
2295 2077 2527 2130 consilio
2557 2076 2613 2130 in
2648 2078 2881 2147 agendis
2927 2079 3232 2149 interdum,
3274 2084 3323 2137 si
3363 2101 3466 2138 ne-

1870 2182 2022 2219 cesse
2043 2171 2146 2231 est,
2175 2165 2258 2219 uti
2288 2165 2717 2236 permittuntur.
2744 2166 2823 2220 De
2846 2166 3178 2225 obedientiis
3196 2173 3314 2227 suis
3330 2191 3469 2244 prte-

1870 2258 2030 2324 cepto
2076 2254 2327 2324 ipsorum
2359 2254 2497 2307 nihil
2538 2254 2617 2308 eis
2646 2256 2925 2324 defertur;
2959 2259 3056 2312 sed
3084 2261 3255 2330 prior,
3284 2263 3331 2316 si
3360 2262 3469 2317 sibi

1869 2343 2108 2409 videtur,
2130 2343 2484 2413 adjutoribus
2507 2361 2698 2399 eorum
2730 2347 3001 2418 praecipit,
3017 2351 3183 2420 quod.
3218 2357 3275 2406 et
3294 2369 3468 2423 quan-

1870 2438 1990 2486 tum
2014 2432 2119 2485 sibi
2149 2433 2443 2503 placuerit,
2470 2439 2539 2488 ut
2568 2451 2680 2488 non
2726 2436 2862 2505 ipsis
2890 2442 3136 2505 tantum,
3168 2441 3265 2495 sed
3295 2442 3466 2497 etiam

1870 2522 2087 2576 czeteris
2136 2521 2375 2575 inﬁrmis
2408 2522 2463 2575 in
2501 2539 2799 2577 commune
2830 2534 3179 2597 apportetur.
3230 2531 3286 2586 Si
3319 2532 3468 2603 quod

1868 2628 2000 2664 vero
2032 2611 2240 2664 eisdem
2273 2610 2692 2666 obedientiariis
2714 2629 2745 2666 a
2776 2614 2936 2668 nobis
2965 2634 3158 2672 eorum
3190 2619 3467 2675 directum

1869 2700 2055 2764 fuerit,
2080 2716 2193 2753 non
2223 2699 2333 2753 illis
2363 2707 2750 2770 praesentatur,
2786 2704 2880 2757 sed
2909 2721 2941 2757 a
2962 2706 3250 2762 cellerario
3271 2710 3470 2780 accipi-

1868 2794 1980 2851 tur,
2007 2795 2065 2841 et
2092 2788 2147 2842 in
2182 2805 2478 2842 commune
2516 2790 2890 2860 dispensatur,
2924 2799 2980 2847 et
3009 2803 3223 2865 postea,
3247 2798 3294 2851 si
3323 2798 3468 2853 vide-

1869 2883 1983 2941 tur,
2016 2878 2227 2931 eisdem
2254 2878 2357 2931 hoc
2387 2876 2629 2931 breviter
2657 2880 2967 2935 intimatur.

1942 2966 2410 3037 (un.)Circatores
2427 2972 2617 3020 autem
2636 2968 2959 3039 frequenter
2981 2972 3209 3028 visitant
3238 2975 3469 3032 domum

187 3072 334 3121 men,
369 3073 499 3127 quae
521 3056 579 3109 in
604 3056 848 3127 capitulo
890 3056 1174 3127 leguntur,
1208 3058 1509 3122 auscultat,
1554 3056 1784 3122 scilicet,
1810 3045 2248 3123 Cinﬁrmorum,
2300 3062 2357 3109 et
2381 3055 2680 3125 diligenter
2717 3060 3012 3129 explorant
3059 3064 3338 3134 quomodo
3363 3066 3471 3138 ipsi

187 3146 531 3199 sententiam
558 3145 765 3214 regulae
789 3144 875 3199 vel
906 3144 974 3198 de
1005 3146 1312 3215 evangelio.
1337 3150 1395 3199 et
1410 3145 1790 3217 rursus,quod
1873 3162 1932 3199 se
1957 3144 2202 3199 habeant
2229 3144 2458 3210 inﬁrmi,
2494 3152 2551 3199 et
2575 3146 2709 3199 item
2740 3148 3102 3218 inﬁrmarius,
3128 3153 3174 3206 si
3203 3171 3373 3223 quam
3397 3157 3473 3211 vi-

184 3234 395 3305 legitur
425 3235 499 3289 ad
536 3234 925 3301 collationem;
961 3235 1059 3288 sed
1102 3251 1230 3289 cum
1274 3235 1345 3289 ad
1402 3236 1506 3291 hoc
1559 3239 1789 3289 ventum
1872 3235 2018 3289 derit
2041 3250 2236 3289 eorum
2265 3233 2686 3304 negligentiam,
2715 3236 2878 3303 sicut,
2905 3239 2952 3291 si
2989 3239 3049 3293 in
3076 3241 3357 3299 dominica
3378 3245 3471 3300 die

187 3324 376 3391 fuerit,
406 3330 473 3379 ut
521 3331 727 3394 agatur
764 3324 833 3377 de
889 3324 1248 3395 negligentiis
1277 3324 1535 3391 fratrum,
1572 3325 1643 3378 ad
1688 3326 1793 3378 hoc
1875 3324 1945 3378 ad
1974 3323 2353 3394 aspersionem
2384 3339 2543 3393 aquae
2574 3322 2875 3380 benedictae
2896 3326 2953 3380 in
2982 3327 3125 3383 lecto
3164 3348 3277 3386 non
3307 3334 3472 3388 sede-

189 3414 537 3468 audiendum
562 3430 671 3467 non
704 3413 870 3468 debet
892 3431 1014 3468 esse
1056 3414 1308 3468 curiosus
1343 3432 1354 3468 :
1390 3431 1516 3468 mox
1546 3414 1695 3468 enim
1725 3414 1794 3466 de
1878 3413 2013 3481 rint,
2045 3412 2093 3465 si
2125 3412 2451 3482 frequenter
2477 3412 2637 3466 tarde
2678 3413 2749 3467 ad
2775 3431 3028 3471 mensam
3055 3421 3310 3476 venerint
3356 3424 3474 3489 (sed

189 3504 336 3557 ostio
384 3502 617 3569 recedit,
665 3502 761 3557 ubi
791 3502 1066 3557 accubans
1100 3504 1451 3569 auscultavit,
1476 3511 1535 3557 et
1554 3504 1600 3557 si
1629 3502 1798 3557 fuerit
1880 3501 2125 3555 maxime
2145 3501 2204 3554 in
2233 3501 2554 3571 loquendo),
2594 3507 2651 3555 et
2679 3503 2726 3556 si
2756 3503 3000 3574 primum
3025 3506 3111 3561 bis
3140 3510 3225 3563 vel
3252 3516 3343 3566 ter
3370 3513 3473 3568 ad-

193 3593 251 3647 in
282 3594 445 3657 lecto,
477 3609 539 3646 se
566 3592 877 3656 collocabit,
903 3592 1211 3656 sinautem,
1238 3598 1336 3647 aut
1358 3593 1416 3646 in
1440 3593 1672 3663 capella,
1699 3596 1799 3645 aut
1881 3590 2099 3655 moniti,
2133 3590 2420 3644 noluerint
2470 3608 2596 3644 eum
2631 3592 2847 3658 audire,
2907 3594 3012 3650 hoc
3064 3597 3229 3653 debet
3263 3601 3385 3672 ipse
3413 3603 3473 3658 in

190 3681 254 3735 in
282 3681 530 3735 claustro
553 3682 720 3751 juxta
746 3697 871 3735 eam
902 3681 1010 3736 sito
1056 3681 1343 3751 quiescere
1396 3680 1620 3751 poterit.
1660 3679 1800 3734 Silet
1881 3681 2125 3752 capitulo
2155 3680 2477 3735 reclamare.
2524 3680 2686 3735 Prior
2704 3688 2893 3737 autem
2925 3702 3069 3751 mox,
3094 3693 3156 3742 ut
3186 3689 3477 3747 inclamati

195 3786 263 3824 ex
289 3787 466 3837 more,
491 3787 667 3841 usque
688 3770 824 3824 dum
866 3775 994 3840 post
1034 3770 1341 3841 capitulum
1373 3769 1564 3823 tabula
1595 3786 1797 3840 percu-

188 3859 373 3914 tiatur
385 3861 456 3914 ad
481 3860 847 3931 loquendum.
868 3860 924 3915 Si
938 3859 1175 3929 alicujus
1187 3858 1316 3912 talis
1335 3859 1622 3913 medicina:
1650 3858 1796 3913 indi—

178 3955 299 4018 get,
327 3949 539 4020 absque
567 3949 795 4003 licentia
829 3949 1033 4020 prioris
1068 3965 1169 4020 per
1220 3948 1593 4001 inﬁrmarium
1651 3949 1795 4002 hanc

178 4037 396 4092 habere
425 4038 651 4109 poterit.
680 4037 738 4092 Si
759 4054 888 4092 vero
920 4054 1060 4108 Opus
1090 4037 1259 4091 habet
1278 4043 1561 4091 cocturam
1593 4037 1796 4091 facien-

182 4125 264 4194 di,
300 4133 402 4181 aut
420 4126 900 4198 phlebotomandi,
934 4143 1034 4197 per
1062 4126 1435 4180 inﬁrmarium
1465 4142 1498 4179 a
1522 4125 1707 4197 priore
1736 4126 1795 4179 li-

1881 3770 2112 3826 fuerint.
2143 3769 2319 3823 mittit
2339 3770 2409 3823 ad
2426 3786 2519 3823 eos
2541 3770 2897 3826 claustralem
2922 3775 3187 3845 priorem,
3217 3785 3274 3832 et
3304 3781 3477 3835 circa-

1880 3866 2051 3925 tores,
2101 3858 2527 3928 convocatisque
2565 3860 2826 3914 omnibus
2882 3864 3187 3933 capitulum
3236 3884 3365 3923 cum
3394 3871 3475 3925 eis

1880 3949 2089 4019 agitur,
2112 3954 2168 4000 et
2196 3947 2242 3999 si
2273 3947 2400 4017 quis
2429 3946 2577 4000 inter
2598 3964 2693 4001 eos
2726 3950 3128 4007 admonitionis
3157 3961 3476 4028 transgres-

1877 4055 1971 4092 sor
1999 4038 2260 4090 inventus
2310 4035 2498 4100 fuerit,
2536 4036 2748 4106 virgam
2782 4039 3085 4109 aliquando
3135 4046 3471 4114 experietur.

1877 4127 2078 4181 Adhuc
2103 4126 2295 4191 etiam,
2317 4125 2367 4178 si
2385 4124 2638 4178 eamdem
2671 4143 2789 4179 rem
2812 4127 3016 4183 iterare
3035 4136 3473 4206 praesumpserit,

184 4217 435 4270 centiam
466 4216 728 4286 acquirit.
1879 4215 1939 4269 in
1966 4215 2275 4286 capitulum
2310 4219 2549 4278 vocatus,
2580 4214 2857 4284 judicium
2885 4216 3096 4289 absque
3146 4221 3316 4277 dubio
3345 4225 3477 4287 sub,-

259 4304 385 4358 Hoc
401 4310 593 4359 autem
609 4304 805 4359 ordine
838 4305 956 4359 haec
975 4304 1265 4375 sanguinis
1296 4304 1534 4358 minutio
1553 4301 1796 4375 aquovis
1879 4304 1999 4371 ibit,
2034 4310 2087 4359 et
2115 4304 2162 4357 si
2182 4303 2315 4357 talis
2343 4309 2445 4369 est,
2470 4303 2565 4374 qui
2594 4306 2776 4359 carnis
2808 4306 3162 4365 refectionem
3181 4312 3368 4381 habet,
3402 4316 3474 4370 il-

179 4392 419 4447 inﬁrmo
449 4399 536 4449 est
566 4393 802 4464 agenda.
838 4394 1072 4457 Quando
1096 4395 1353 4464 regulare
1378 4394 1659 4464 jejunium
1684 4391 1859 4462 agi-1)
1878 4394 1968 4447 luc
1995 4392 2178 4447 eundo
2208 4391 2469 4470 baculum
2495 4392 2554 4445 in
2584 4392 2864 4448 auditorio
2895 4397 3190 4469 relinquet,
3212 4401 3232 4423 '
3253 4404 3348 4473 qui
3379 4421 3475 4460 au-

174 4489 303 4547 tur,
344 4482 501 4537 ﬁnita
552 4488 775 4537 tantum
818 4483 1064 4554 regulari
1115 4484 1274 4547 hora,
1308 4500 1430 4553 qua;
1461 4483 1530 4536 ab
1559 4480 1798 4535 inﬁrmis
1881 4488 1995 4537 tem
2026 4482 2197 4535 talem
2229 4481 2827 4544 habetinﬁrmitatem.
2853 4490 2914 4538 ut
2935 4484 3128 4541 baculo
3150 4505 3340 4546 carere
3364 4510 3477 4548 non

170 4580 322 4627 ante
356 4572 652 4643 prandium
680 4572 932 4644 ipsorum
962 4578 1241 4637 cantatur,
1277 4571 1335 4625 in
1367 4570 1799 4641 quadragesima
1882 4572 2081 4636 valeat,
2129 4586 2257 4623 eum
2297 4586 2483 4623 secum
2516 4570 2574 4623 in
2605 4571 2912 4642 capitulum
2966 4581 3171 4646 portat,
3230 4581 3478 4638 seniores

168 4681 319 4719 vero
356 4669 479 4734 post
518 4678 779 4734 vesperos
809 4680 1004 4717 eorum
1052 4663 1218 4729 dicto,
1275 4663 1664 4715 Benedicamus
1693 4662 1798 4714 Do—
1874 4660 2086 4731 jugiter
2131 4658 2270 4713 inibi
2313 4665 2727 4713 commorantes
2777 4667 2834 4716 et
2860 4662 2917 4717 in
2948 4664 3138 4736 aliquo
3167 4668 3266 4723 tali
3295 4671 3478 4728 delin-

173 4757 377 4814 mino,
408 4753 726 4807 inchoanda
752 4758 855 4806 est.
881 4754 1022 4807 Cum
1045 4758 1234 4806 autem
1256 4749 1337 4805 bis
1364 4750 1697 4811 comeditur,
1727 4749 1798 4803 ad
1882 4754 2117 4821 quentes
2143 4765 2255 4803 non
2285 4748 2415 4813 illic,
2450 4748 2549 4802 sed
2581 4748 2638 4803 in
2669 4750 2914 4821 capitulo
2956 4762 3090 4809 sunt
3113 4758 3474 4830 corripiendi,

160 4842 418 4895 initium
445 4841 674 4910 majoris
695 4840 879 4895 missa:
899 4841 1179 4911 ineipitur.
1208 4842 1362 4895 Inter
1391 4840 1793 4894 comedendum
1882 4838 2087 4910 quippe
2116 4838 2263 4891 male
2292 4836 2510 4907 agendo
2541 4837 2681 4892 alios
2716 4841 3253 4915 scandalizaverunt,
3281 4850 3482 4920 quibus

163 4931 419 4984 inﬁrmo
444 4929 607 4983 alteri
626 4930 787 4999 juxta
831 4947 890 4984 se
932 4929 1147 4984 sedenti
1176 4929 1244 4983 de
1283 4929 1404 4983 cibo
1430 4946 1533 4983 suo
1581 4935 1636 4983 et
1665 4934 1799 4999 potu
1881 4928 2025 4982 bene
2053 4927 2253 4998 agendi
2279 4926 2594 4997 exemplum
2624 4944 2745 4983 esse
2776 4929 3093 4987 debuerint.

162 5021 432 5076 licenter
450 5024 637 5091 potest
656 5019 875 5090 partiri.
916 5022 1050 5088 (01).)
1086 5020 1219 5073 Post
1248 5018 1547 5089 prandium
1578 5035 1800 5088 quoque
2467 5033 2702 5090 CAPUT
2738 5037 2886 5095 LXI.

160 5126 293 5164 Ποη
326 5108 469 5162 licet
488 5108 540 5161 εί
572 5124 770 5162 vacare
803 5107 1164 5178 loquacitati;
1210 5106 1309 5160 ⁸θά
1339 5107 1607 5161 continu”
1628 5124 1687 5161 se
1710 5124 1802 5178 PO'
1888 5124 2116 5191 Quando
2162 5125 2385 5191 inﬁrmi
2421 5139 2524 5176 sua
2561 5130 2763 5192 sponte,
2815 5129 2897 5181 vel
2943 5133 3120 5183 vocati
3155 5134 3379 5187 veniant
3407 5134 3483 5188 ad

161 5199 259 5254 nit
294 5198 367 5252 in
399 5197 671 5251 lectulum
709 5214 894 5260 suum,
921 5197 1006 5250 vel
1035 5202 1322 5267 exspectat
1352 5197 1419 5250 ad
1455 5197 1511 5251 S.
1540 5196 1799 5261 Mariam,
2524 5198 2851 5263 capitulum.

160 5303 379 5360 usque
406 5286 545 5341 dum
575 5286 772 5341 fratres
803 5286 872 5340 de
894 5284 1186 5339 refectorio
1216 5285 1451 5339 redeant
1480 5304 1492 5352 ;
1536 5285 1579 5339 si
1612 5291 1800 5340 tamen
1954 5292 1976 5315 “
2008 5284 2308 5340 Sciendum
2326 5291 2514 5340 autem
2536 5285 2605 5338 de
2627 5285 2883 5351 inﬁrmis,
2903 5289 3034 5359 quia
3049 5294 3106 5342 et
3124 5290 3170 5344 si
3193 5309 3481 5365 nunquam

160 5384 371 5434 tantae
423 5375 723 5447 gravitatis
750 5392 871 5431 esse
920 5374 1284 5445 dignoscitur.
1326 5374 1347 5395 "
1381 5376 1519 5429 Item
1556 5374 1613 5429 in
1643 5380 1803 5429 nocte
1888 5373 2228 5444 processioni
2249 5374 2732 5437 alicuiintersunt,
2750 5381 2937 5429 tamen
2961 5383 3193 5448 propter
3211 5384 3483 5453 quosdam

158 5465 546 5541 percantatis
578 5465 868 5520 matutinis
896 5464 1251 5520 inﬁrmorum
1291 5469 1476 5535 potest
1512 5462 1591 5518 ibi
1621 5480 1806 5518 rema-
1888 5478 2109 5532 magna:
2150 5462 2538 5518 aestimationis
2575 5462 2824 5534 hospites
2853 5464 2923 5518 ad
2947 5466 3258 5536 capitulum
3286 5488 3486 5529 vocan-

250 5569 420 5649 (150)
451 5572 519 5629 Id
544 5577 632 5627 est
658 5573 950 5627 dormiunt
981 5576 1217 5640 tempore
1247 5573 1586 5628 meridiano.

457 5670 729 5734 Parnm.
780 5670 898 5734 CL.
3175 5675 3254 5740 36
