3886 6172
479 234 616 296 1ηεῆ
1504 235 1563 295 S.
1601 236 1996 296 GDILLELMI

2104 234 2330 293 ΞΒΑῬῙΒ
2365 235 2712 303 BERS‘AUG.
3533 243 3638 311 iiii

476 362 915 431 ammoneant
931 362 1124 433 vigilia
1152 361 1479 417 Nativitatis
1508 361 1753 429 Domini,
1784 366 1843 416 et
1871 363 1931 416 in
1957 363 2066 415 An.
2085 363 2281 425 Atum.
2303 368 2501 425 tenere
2536 378 2655 423 non
2676 378 2842 433 posse
2882 362 3103 425 videtin
3140 361 3423 425 inﬁrmatio
3446 382 3643 430 comma

478 453 831 510 nuntiatione
857 452 999 522 ejus.
1028 452 1186 506 Tunc
1212 451 1362 505 enim
1391 452 1580 506 nullus
1618 468 1813 506 eorum
1844 458 2072 522 propter
2152 457 2340 516 nente,
2365 452 2555 506 statim
2584 446 2769 509 redire
2788 450 3037 522 jubetur.
3066 450 3343 513 Sciendum
3367 459 3523 513 autem
3542 452 3647 527 quia

474 542 695 603 veniam
712 540 1164 603 communiterab
1180 540 1441 595 omnibus
1455 541 1753 610 petendam
1770 540 1845 594 ibi
1869 541 2067 605 deerit,
2153 557 2217 594 ea
2246 541 2338 596 die
2368 558 2483 611 qua
2506 541 2575 596 de
2607 540 2927 595 inﬁrmaria
2952 540 3115 603 redit,
3144 541 3189 595 si
3215 557 3414 596 carnem
3437 546 3642 612 comedit,

474 631 582 687 nisi
607 648 721 702 prae
742 631 1071 686 inﬁrmitate
1098 631 1232 686 iiluc
1264 631 1452 685 venire
1489 647 1600 684 non
1630 631 1823 701 possit.
1850 631 1983 685 Post
2000 632 2069 684 ﬁ-.
2155 647 2335 700 neque
2398 630 2491 687 ille
2538 630 2711 685 alium
2770 647 2953 702 neque
3006 629 3151 683 alius
3211 629 3353 685 illum
3402 631 3643 700 inclamat;

474 721 658 777 nitum
707 726 895 777 autem
939 737 1255 776 sermonem
1288 720 1500 774 diutius
1537 719 1670 774 illuc
1703 737 1817 773 non
1848 737 2069 774 moran—
2150 719 2238 773 sin
2268 725 2477 782 autem,
2503 725 2620 775 tam
2647 720 2793 775 alius
2831 736 3001 790 quam
3020 719 3140 789 ipse
3166 717 3233 773 ab
3250 718 3347 777 alio
3360 719 3644 775 inclamatur.

472 810 1033 864 tur'sedintirmario
1048 809 1386 864 admonente
1398 808 1586 862 statim
1606 809 1789 862 redire
1795 809 2070 878 jubentur
2148 809 2339 862 Talem
2370 825 2500 864 vero
2539 826 2824 863 excessum
2854 808 3038 880 potuit
3067 809 3337 862 incurrere
3380 825 3466 878 pro
3498 826 3584 879 quo
3605 810 3649 864 in

545 900 778 955 Interim
801 901 935 954 dum
964 900 1139 954 frater
1170 915 1338 953 carne
1359 898 1626 965 reficitur,
1645 898 1846 951 fratres
1867 915 2066 969 super-
2149 896 2392 955 crastino
2432 904 2652 969 sponte,
2695 899 2783 952 vel
2831 897 3167 952 inclamatus
3211 896 3407 950 veniam
3431 897 3563 967 petit.
3600 898 3653 953 Et
3810 958 3811 973 η

472 989 759 1044 venientes
782 989 1193 1053 osculari,sieut
1204 996 1261 1042 et
1275 988 1388 1051 alii,
1422 1004 1535 1042 non
1555 988 1902 1058 prohibetur.
1927 992 2063 1057 mn.)
2146 989 2456 1047 notandum
2486 988 2634 1058 quod
2654 988 2702 1042 si
2731 987 2857 1059 quis
2875 986 3654 1055 inﬁrmuscausarepausationis
3810 984 3811 1079 χ

472 1079 707 1143 Quando
733 1078 814 1132 ita
832 1078 1194 1142 convaluerit,
1230 1082 1295 1132 ut
1324 1077 1508 1131 redire
1537 1078 1714 1148 possit
1733 1077 1802 1130 ad
1822 1094 2064 1131 conven-
2144 1079 2212 1132 ad
2246 1078 2493 1149 aliquam
2521 1078 2718 1132 cellam
2749 1083 2835 1132 est
2863 1075 3189 1141 mittendus,
3230 1074 3374 1145 prius
3411 1073 3550 1128 debet
3582 1091 3652 1133 νον

469 1173 614 1234 tum,
651 1168 924 1222 redeundi
968 1167 1248 1221 licentiam
1271 1166 1473 1236 quaerit
1500 1183 1537 1220 a
1577 1168 1766 1235 priore
1785 1182 1885 1236 per
1905 1166 2063 1220 infir-
2147 1166 2300 1221 niam
2326 1167 2385 1221 in
2414 1167 2662 1238 capitulo
2698 1172 2908 1238 petere,
2944 1169 3002 1219 et
3046 1170 3245 1236 postea
3285 1161 3657 1221 benedictionem

468 1257 734 1310 marium.
769 1258 787 1280 ’
816 1257 960 1311 Nam
994 1256 1053 1310 in
1083 1257 1201 1326 ejus
1230 1255 1463 1309 arbitrio
1487 1261 1594 1324 est,
1623 1260 1688 1309 ut
1712 1255 1902 1309 nullus
1932 1256 2062 1310 inde
2145 1255 2388 1311 abeundi
2423 1256 2694 1326 accipere.

468 1346 811 1416 egrediatur,
845 1346 1183 1416 priusquam
1205 1344 1309 1414 ipsi
1340 1351 1564 1414 tempus
1604 1344 1879 1398 videatur.
1911 1344 2062 1415 (ου.)
2720 1344 2954 1402 CAPUT
2990 1344 3160 1399 LXII.

467 1434 624 1497 Tunc
646 1442 937 1505 unguntur
964 1434 1133 1488 calcei
1163 1435 1286 1504 ejus
1314 1432 1621 1497 diurnales,
1647 1433 1781 1488 etin
1805 1434 2062 1504 sequenti
2458 1435 2534 1488 De
2563 1437 2817 1488 unctione
2848 1436 3050 1500 fratris
3078 1440 3398 1502 agrotantis.
3468 1446 3475 1451 '

465 1522 555 1577 die
586 1523 771 1577 induit
797 1540 890 1577 eos
912 1524 1215 1577 rediturus.
1243 1524 1383 1578 Cum
1416 1524 1596 1594 primo
1621 1522 1841 1593 signum
1872 1524 2061 1594 pulsa-
2219 1518 2360 1592 luo.)
2378 1522 2576 1576 Frater
2596 1521 3106 1592 quiseinﬁrmitate
3125 1523 3663 1590 ingravescentem

465 1617 562 1666 tur
590 1613 660 1666 ad
690 1613 948 1683 primam,
974 1613 1059 1666 vel
1088 1612 1134 1666 si
1160 1612 1228 1666 de
1250 1616 1521 1683 tempore,
1549 1629 1659 1682 quo
1677 1612 1847 1666 tertia
1873 1618 2062 1667 canta-
2143 1610 2220 1664 rit
2247 1611 2304 1667 in
2337 1612 2589 1681 proximo
2613 1610 2682 1665 ab
2711 1612 2814 1669 hoc
2842 1612 3046 1667 saeculo
3075 1613 3453 1683 migraturum,
3472 1612 3531 1666 de
3546 1610 3663 1666 omni

465 1706 578 1765 tur,
611 1707 742 1757 ante
770 1701 1100 1772 capitulum,
1134 1707 1249 1755 stat
1276 1718 1448 1772 prope
1491 1702 1698 1759 ostium
1729 1701 1797 1755 ad
1849 1702 1904 1756 S.
1938 1703 2056 1761 Ma-
2075 1719 2126 1778 Β
2144 1699 2487 1755 conscientia
2504 1716 2611 1757 sua
2635 1700 2841 1754 domno
2867 1699 3057 1755 abbati
3086 1702 3172 1755 vel
3203 1702 3368 1772 priori
3403 1702 3663 1763 conﬁtetur,

463 1791 632 1859 riam,
655 1799 717 1849 et
736 1807 861 1845 cum
887 1791 1090 1844 viderit
1111 1807 1305 1844 omnes
1334 1790 1534 1844 fratres
1556 1791 1847 1851 transisse,
1872 1791 2060 1861 sequi-
2144 1795 2205 1843 et
2247 1796 2411 1856 rogat
2439 1794 2499 1843 ut
2529 1789 2653 1842 oleo
2704 1789 3062 1845 infirmorum
3114 1797 3374 1861 ungatur.
3425 1791 3669 1849 Adducunt

462 1885 557 1933 tur
582 1896 677 1934 eos
700 1880 758 1934 in
789 1881 1099 1935 ecclesiam.
1135 1882 1155 1902 θ
1193 1880 1251 1935 Si
1279 1881 1484 1950 aliquis
1513 1887 1603 1935 est
1621 1880 1689 1934 de
1720 1879 2062 1935 obedientia-
2142 1894 2269 1939 eum
2293 1880 2448 1949 prius
2473 1879 2531 1933 in
2555 1879 2861 1950 capitulum
2887 1879 2998 1934 duo
3028 1881 3238 1935 fratres
3267 1881 3410 1943 inter
3426 1895 3613 1944 manus,
3634 1876 3670 1931 si

461 1968 579 2032 riis,
611 1969 658 2022 is
686 1986 869 2040 neque
898 1970 1048 2040 loqui
1078 1986 1260 2039 neque
1298 1970 1413 2024 ullo
1444 1969 1608 2023 modo
1638 1969 1707 2023 de
1740 1968 2059 2024 obedientia
2142 1974 2233 2022 est
2248 1969 2387 2025 adeo
2414 1969 2691 2034 infirmus,
2734 1975 2792 2023 et
2821 1976 3015 2039 petens
3042 1971 3289 2035 veniam,
3340 1985 3484 2031 reum
3527 1984 3578 2021 se
3616 1965 3668 2019 de

461 2072 564 2109 sua
591 2055 649 2109 in
680 2057 986 2127 capitulum
1034 2074 1094 2111 se
1122 2058 1501 2112 intromittcre
1540 2058 1845 2128 praesumit,
1877 2074 2061 2129 neque
2141 2057 2332 2111 multis
2352 2058 2707 2128 negligentiis
2726 2065 2921 2112 contra
2950 2059 3274 2123 Dominum,
3296 2065 3355 2113 et
3381 2062 3557 2112 contra
3576 2054 3672 2109 illos

463 2144 562 2198 illa
590 2144 682 2198 die
711 2162 919 2214 equum
947 2148 1284 2212 ascendere;
1311 2146 1417 2201 nisi
1450 2147 1582 2216 quid
1596 2147 1885 2210 acciderit,
1910 2147 2060 2217 quod
2140 2163 2200 2201 se
2237 2148 2556 2202 conﬁtetur.
2608 2148 2939 2218 Impertitur
2982 2147 3035 2201 ei
3090 2148 3248 2218 prior
3302 2145 3671 2207 absolutionem,

460 2231 509 2289 si
540 2248 651 2287 non
681 2233 808 2298 iret,
830 2250 1002 2302 grave
1021 2235 1291 2287 damnum
1324 2236 1664 2289 monasterio
1694 2235 1946 2302 inferret,
1979 2236 2057 2289 si-
2139 2237 2354 2290 cunctis
2382 2237 2869 2307 respondentibus,
2888 2241 3093 2299 Amen;
3118 2243 3177 2291 et
3198 2238 3319 2308 ipse
3340 2235 3574 2290 similiter
3596 2231 3670 2285 eis.

459 2326 554 2374 cut
606 2321 674 2375 de
717 2320 907 2392 planto
958 2323 1045 2377 vel
1096 2323 1422 2393 huiusmodi
1453 2324 1700 2393 negotio.
1749 2325 1858 2378 Pro
1897 2329 2057 2379 tanta
2136 2325 2444 2379 Reducitur
2463 2330 2519 2379 et
2546 2326 2852 2379 collocatur
2879 2325 2939 2379 in
2959 2326 3101 2380 lecto
3129 2326 3253 2391 tali,
3288 2330 3402 2379 tam
3430 2322 3673 2384 submisso,

458 2424 703 2480 namque
727 2410 1059 2467 necessitate
1087 2411 1256 2465 etiam
1285 2412 1354 2466 de
1381 2412 1502 2483 ipsa
1533 2413 1843 2467 infirmaria
1885 2412 2059 2466 exibit
2135 2414 2231 2468 ubi
2259 2415 2464 2468 fratres
2493 2414 2743 2485 undique
2754 2415 3374 2486 possintcircumstare.
3405 2412 3558 2484 (van)
3576 2410 3678 2463 Post

456 2499 515 2553 in
541 2498 788 2561 hortum,
821 2500 922 2557 sed
945 2500 1268 2567 nullatenus
1290 2501 1348 2555 in
1370 2501 1527 2556 illum
1556 2502 1760 2569 locum,
1794 2518 1904 2573 quo
1920 2518 2051 2556 eum
2132 2503 2441 2573 capitulum
2472 2503 2723 2557 recitatis
2738 2504 2970 2574 psalmis
3001 2506 3163 2559 Verba
3188 2511 3390 2568 mea,et
3403 2501 3571 2556 tabula
3587 2514 3679 2569 per-

457 2587 711 2658 equitare
739 2604 965 2647 necesse
991 2590 1155 2645 foret.
1183 2590 1585 2645 Verumtamen
1617 2596 1750 2651 tunc
1766 2607 1877 2645 non
1889 2608 2050 2661 egre-
2135 2609 2300 2649 cussa
2328 2593 2589 2647 sacerdos
2618 2592 3089 2651 hebdomadarius
3115 2593 3373 2648 induitur
3401 2591 3533 2654 alba,
3566 2587 3681 2641 stola

457 2678 613 2734 ditur
632 2694 733 2747 per
760 2678 1089 2743 claustrum,
1122 2679 1219 2732 sed
1250 2680 1444 2749 paucis
1463 2679 1763 2739 scientibus
1784 2679 2054 2734 educetur
2136 2688 2193 2735 et
2222 2680 2443 2746 fanone,
2463 2681 2545 2735 vel
2574 2681 2717 2735 alius
2746 2681 3026 2747 sacerdos,
3085 2681 3179 2736 cui
3236 2681 3305 2735 ab
3353 2677 3575 2734 armario
3599 2675 3682 2728 hoc

455 2783 559 2839 per
587 2767 832 2837 aliquem
863 2774 1139 2823 secretum
1169 2768 1372 2832 locum,
1403 2786 1502 2839 per
1527 2786 1691 2839 quem
1720 2769 1938 2839 expleto
1959 2785 2053 2823 ne-
2133 2769 2466 2840 injungitur.
2501 2770 2651 2834 Quos
2682 2787 2848 2840 aqua,
2875 2770 3231 2841 praecedente
3250 2786 3429 2831 cruce,
3449 2782 3562 2822 cum
3575 2763 3681 2817 duo-

451 2857 607 2926 gotio
635 2857 843 2911 iterum
874 2864 1185 2912 revertetur
1216 2857 1275 2912 in
1302 2858 1693 2913 inﬁrmariam.
2133 2858 2238 2912 bus
2263 2876 2293 2912 e
2317 2859 2492 2913 latere
2516 2859 2692 2913 cereis
2717 2865 2987 2930 sequente
3017 2860 3347 2928 comitatur,
3378 2864 3537 2928 atque
3556 2853 3685 2908 illum

530 2948 666 3017 (01).)
697 2947 835 3001 Cum
876 2948 1091 3002 venerit
1112 2948 1181 3001 ad
1204 2948 1511 3019 capitulum
1529 2955 1587 3002 et
1613 2948 2047 3018 postlectionem
2072 2999 2112 3019 η
2132 2947 2431 3014 armarius,
2474 2955 2703 3018 portans
2734 2947 2941 3002 librum
2990 2954 3046 3001 et
3075 2948 3269 3002 oleum
3307 2948 3642 3011 infirmorum.
3668 2941 3683 2959 '
3712 2989 3721 3005 .

455 3034 966 3107 priorjusserit,,ut
981 3037 1052 3091 de
1067 3038 1262 3091 ordine
1286 3037 2044 3108 loquantur,statim,surgit,
2070 2999 2265 3090 CPost
2294 3037 2441 3099 hunc
2469 3044 2792 3102 conventus,
2818 3038 2866 3091 si
2886 3044 3075 3091 tamen
3098 3037 3290 3091 minor
3315 3035 3472 3107 copia
3489 3032 3688 3088 fratmm

453 3124 502 3178 si
525 3129 715 3193 tamen
746 3125 930 3185 carnis
959 3126 1316 3181 refectionem
1342 3126 1537 3185 habuit
1568 3145 1580 3193 ;
1623 3133 1681 3180 et
1709 3126 1927 3180 veniam
1959 3144 2050 3196 pc-
2131 3132 2217 3179 est
2242 3126 2302 3180 in
2333 3128 2452 3180 loco
2483 3140 2493 3173 :
2525 3127 2573 3180 si
2594 3133 2783 3181 autem
2814 3126 3117 3187 multitudo
3150 3127 3264 3180 hoc
3292 3126 3413 3180 fieri
3445 3138 3547 3177 non
3571 3116 3687 3191 pati-

451 3218 578 3268 tens
634 3214 714 3268 ita
761 3215 1120 3286 prosequitur
1149 3234 1160 3269 :
1195 3217 1369 3269 Eram
1398 3218 1461 3268 in
1500 3217 1657 3269 domo
1688 3218 2048 3283 in/irmormn
2131 3219 2241 3276 tur,
2270 3220 2358 3269 tot
2396 3215 2622 3278 fratres,
2654 3221 2801 3286 quot
2832 3215 2902 3269 ad
2949 3215 3100 3270 istud
3143 3215 3397 3270 ofﬁcium
3426 3209 3689 3270 sufficiunt,

454 3304 707 3358 ordinem
737 3309 990 3361 nostrum
1020 3322 1131 3358 non
1160 3306 1427 3359 custodivi
1459 3308 1555 3365 ita,
1586 3310 1646 3359 ut
1666 3306 1847 3359 debui.
1872 3305 1981 3359 Sed
2003 3305 2049 3360 si
2130 3309 2247 3359 tam
2281 3303 2556 3372 juniores,
2590 3320 2755 3374 quam
2787 3304 3033 3358 seniores
3062 3303 3132 3357 ab
3162 3304 3413 3359 armario
3446 3310 3690 3355 assumen-

457 3390 568 3447 duo
597 3393 684 3446 vel
703 3393 897 3463 plures
915 3399 1066 3459 sunt,
1089 3410 1236 3457 unus
1257 3393 1352 3465 qui
1385 3393 1537 3463 prior
1570 3399 1655 3447 est
1692 3394 1903 3451 eisdem
1933 3410 2051 3448 ver—
2132 3392 2189 3446 di
2217 3399 2368 3447 sunt.
2402 3392 2545 3449 Illuc
2572 3410 2671 3464 per
2699 3393 2988 3447 ecclesiam
3034 3394 3092 3449 S.
3140 3393 3341 3449 Mariae
3377 3391 3505 3457 itur,
3549 3391 3597 3442 et
3617 3400 3691 3456 pe-

454 3479 541 3534 bis
599 3498 701 3551 pro
746 3482 1011 3541 omnibus
1055 3483 1356 3554 respondet
1382 3482 1573 3545 dicens
1628 3501 1642 3535 :
1705 3484 1943 3537 Eramus
1988 3487 2052 3538 in
2130 3481 2503 3539 rauditorium
2558 3481 2791 3537 reditur.
2824 3482 3083 3537 Psalmus
3110 3480 3596 3553 quinquagesimus
3624 3489 3692 3527 ca-

457 3570 634 3632 domo,
661 3575 717 3623 et
743 3570 824 3625 sic
845 3578 1047 3625 caztera
1078 3590 1088 3625 τ
1125 3578 1183 3625 et
1209 3571 1363 3643 prior
1376 3571 1753 3640 respondens:
1788 3574 1941 3633 Deus,
1971 3571 2054 3625 in-
2132 3571 2306 3625 nitur.
2341 3572 2462 3636 Quo
2493 3571 2671 3638 ﬁnito,
2703 3571 2955 3643 psalmus
2989 3572 3123 3626 Deus
3146 3574 3216 3626 in
3237 3573 3461 3625 nomine
3489 3583 3591 3631 tuo,
3606 3567 3692 3617 etc.

460 3658 601 3731 quit,
632 3661 915 3727 indulgeat
944 3662 1109 3721 nobis,
1141 3661 1414 3728 quidquid
1446 3661 1521 3712 ibi
1539 3661 1865 3728 deiiquistis.
1898 3661 2056 3715 Tunc
2133 3664 2387 3716 Miserere
2417 3666 2541 3722 mei,
2582 3663 2741 3725 Deus,
2776 3664 3051 3726 miserere,
3081 3664 3186 3729 qui
3207 3677 3316 3729 per
3347 3661 3555 3713 beatum
3575 3656 3699 3708 Jaco-

458 3748 541 3802 illi
570 3748 739 3803 altius
766 3749 1243 3817 inclinantcontra
1259 3749 2049 3820 priorem,contradexteram,
2135 3752 2265 3806 bum
2318 3753 2625 3818 apostolum
2651 3756 2815 3803 tuum.
2851 3751 3046 3805 dimitti
3076 3767 3091 3802 :
3125 3750 3470 3817 Inﬁrmatur
3497 3747 3604 3815 qui:
3645 3742 3694 3791 in

461 3844 520 3891 et
546 3849 741 3893 contra
770 3838 1077 3905 sinistram,
1108 3845 1165 3892 et
1184 3839 1263 3894 eis
1282 3838 1539 3893 similiter
1561 3856 1591 3893 a
1621 3839 1858 3909 singulis
1890 3840 2052 3893 incli-
2134 3842 2301 3905 vobis,
2331 3845 2388 3893 et
2436 3839 2672 3909 reliqua.
2732 3844 2850 3905 (uo.
2890 3842 3036 3909 oar.)
3091 3839 3482 3910 Imponuntur
3518 3838 3698 3905 septem

460 3933 650 3989 natur.
677 3927 835 3982 Tunc
863 3928 922 3981 in
952 3929 1073 3982 loco
1103 3928 1446 3998 poenitentiae
1474 3928 1725 3998 injungit
1744 3928 1853 3983 illis
1875 3929 2048 3998 prior,
2134 3928 2336 4000 psalmi
2361 3945 2487 3983 cum
2518 3928 2642 3982 istis
2671 3920 2998 3999 antiphonis
3028 3942 3040 3977 :
3071 3928 3235 3983 Sana
3264 3944 3371 3991 me,
3416 3917 3696 3980 Deus.Psal-

460 4024 527 4072 ut
552 4022 781 4073 cantent
808 4024 1022 4089 septem
1051 4017 1318 4088 psalmos,
1348 4017 1432 4071 vel
1482 4017 1578 4087 qui
1618 4018 1877 4075 nesciunt
1904 4019 2055 4089 psal-
2139 4035 2282 4081 mus,
2297 4020 2541 4083 Domine,
2569 4034 2675 4081 me,
2696 4020 2759 4070 in
2775 4019 2987 4085 furore.
3012 4015 3323 4089 l.Antiph.
3345 4018 3483 4071 Erat
3508 4012 3701 4082 quidam

463 4124 608 4173 mos,
630 4108 834 4179 septies
869 4108 1180 4161 orationem
1202 4107 1572 4161 Dominicam.
1597 4109 1619 4129 θ
1649 4106 1723 4161 Et
1765 4107 2055 4161 sciendum
2140 4110 2385 4175 regulus.
2413 4108 2560 4162 Psal.
2598 4110 2750 4163 Beati
2785 4123 3044 4175 quorum.
3067 4106 3309 4177 Antiph.
3328 4107 3571 4167 Domine,
3587 4112 3703 4169 puer

464 4204 552 4261 est
579 4215 689 4269 quo
714 4198 951 4273 quisque
979 4198 1149 4262 etiam
1194 4195 1554 4251 refectionem
1598 4195 1808 4250 habens
1844 4214 1909 4251 eo
1944 4198 2054 4264 die,
2140 4214 2309 4251 meus.
2340 4196 2486 4250 Psal.
2527 4198 2776 4257 Domine,
2812 4212 2879 4249 ne
2906 4199 2969 4249 in
2998 4197 3214 4262 furore.
3265 4194 3326 4249 2.
3368 4192 3592 4264 Antiph.
3627 4190 3708 4245 Cor

463 4289 612 4359 quod
640 4288 710 4353 de
727 4288 1045 4356 infirmaria
1067 4286 1230 4351 redit,
1282 4286 1330 4340 si
1360 4287 1419 4339 in
1447 4290 1613 4339 nocte
1637 4286 1750 4340 tale
1780 4287 1911 4357 quid
1933 4287 2058 4351 dor—
2074 4318 2124 4376 D
2154 4284 2891 4339 contritum.Psal.Miscrrre
2905 4285 3032 4350 mei,
3050 4284 3214 4338 Deus.
3239 4283 3480 4353 Antiph.
3497 4282 3706 4337 Domine.

464 4378 807 4432 mientinon
836 4382 1117 4442 evenerat,
1169 4381 1356 4447 potest
1397 4375 1815 4437 communicare
1846 4394 1859 4441 ;
1901 4375 2056 4446 prius
2075 4368 2406 4428 ’ἀκαρπία
2426 4374 2573 4428 Psal.
2608 4376 2854 4436 Domine;
2885 4374 3104 4427 exaudi.
3133 4372 3191 4430 1.
3224 4371 3465 4443 Antiph.
3497 4368 3714 4428 Domine.

468 4472 662 4533 tamen
705 4466 853 4520 facta
873 4466 1253 4532 confessione;
1284 4474 1385 4519 aut
1416 4465 1464 4519 si
1482 4464 1776 4535 presbyter
1804 4471 1890 4520 est
1919 4466 2067 4521 mis-3.
2139 4480 2253 4518 non
2280 4480 2406 4518 sum
2460 4466 2690 4531 dignus.
2710 4524 2713 4527 Α
2737 4463 2847 4516 Pro
2877 4461 3156 4516 defunctis
3199 4460 3429 4533 antiph.
3482 4459 3615 4514 Cum
3649 4454 3715 4507 δοῖ

463 4570 589 4611 sam
617 4554 892 4625 privatam
919 4561 1164 4608 cantare.
2137 4558 2325 4613 autem
2345 4555 2640 4607 occidisset.
2666 4551 2808 4614 Psal,
2840 4554 3070 4607 Domine
3098 4552 3331 4605 exaudi.

541 4643 602 4699 Si
625 4643 750 4714 quis
770 4655 856 4698 est
883 4643 1021 4697 adeo
1044 4644 1322 4707 infirmus,
1373 4647 1437 4696 ut
1484 4642 1542 4697 in
1584 4643 1728 4698 lecto
1760 4644 1968 4713 jaceat,
2001 4648 2058 4698 et
2208 4642 2442 4697 interim
2466 4640 2723 4695 sacerdos
2753 4641 2861 4695 hoc
2883 4639 3049 4695 modo
3077 4638 3216 4693 facit
3248 4639 3597 4699 unctionem.
3615 4632 3719 4688 Pol-

468 4731 579 4788 aiio
610 4731 734 4786 cibo
753 4732 908 4786 reﬁci
936 4749 1049 4787 non
1076 4733 1272 4803 possit,
1296 4732 1352 4789 in
1384 4732 1503 4803 ipso
1530 4732 1776 4791 adventu
1808 4732 2053 4800 Domini,
2139 4731 2230 4785 lici
2261 4731 2446 4785 oleum
2468 4730 2659 4795 illinit,
2684 4734 2741 4783 et
2760 4746 2891 4787 cum.
2915 4728 3110 4783 eodem
3136 4728 3352 4804 pollice
3367 4728 3590 4799 signum
3609 4736 3720 4778 cnl-

468 4837 568 4877 seu
592 4822 655 4876 in
683 4822 1109 4893 Septuagesima
1143 4822 1194 4876 ei
1223 4822 1571 4892 pennittitur
1615 4838 1745 4877 esus
1777 4821 2054 4876 carnium.
2139 4822 2217 4875 cis
2246 4820 2519 4891 imprimit
2546 4836 2715 4890 super
2745 4826 3051 4889 utrumque
3075 4818 3310 4877 oculum
3328 4865 3332 4868 ι
3353 4818 3438 4872 ita
3464 4813 3682 4875 dicendo
3711 4828 3723 4861 ε

461 4911 484 4932 '
510 4912 581 4966 Et
601 4911 1048 4982 quandocunque
1088 4911 1454 4974 convaluerit,
1486 4911 1655 4965 etiam
1685 4911 1734 4965 si
1771 4910 1846 4964 sit
1874 4911 2060 4965 media
2141 4913 2242 4964 Per
2269 4912 2436 4963 istam
2466 4911 2783 4964 unctionem
2812 4912 2861 4961 et
2897 4923 3055 4961 suam
3082 4908 3417 4974 piissimdm
3439 4904 3728 4958 misericor-

461 5001 1014 5073 Quadragesima,vel
1031 5001 1083 5054 in
1108 5001 1280 5066 ramis
1311 5001 1644 5070 palmarum,
1683 5000 1823 5071 petit
1843 5000 2057 5054 veniam
2139 5000 2293 5052 diam
2340 4999 2623 5065 indulgeat
2657 4999 2757 5051 tibi
2787 4999 3053 5059 Dominus
3073 4996 3360 5064 quidquid
3381 4996 3617 5064 peccasti
3643 5003 3731 5059 per

459 5090 520 5145 in
541 5092 805 5164 capitulo,
830 5092 975 5147 sicut
1002 5089 1125 5144 ﬁeri
1163 5090 1305 5143 solet
1333 5105 1433 5160 pro
1477 5090 1816 5143 comestione
1844 5088 2047 5142 carnis.
2133 5088 2487 5142 t‘isum.Item
2501 5103 2670 5158 super
2689 5092 2986 5155 utramque
3000 5100 3197 5138 aurem
3210 5081 3728 5156 propterauditum:

460 5180 681 5253 Reliqui
709 5198 903 5235 omnes
944 5180 1156 5234 diutius
1182 5179 1261 5232 ibi
1288 5196 1399 5233 non
1430 5187 1741 5243 morantur,
1786 5179 1882 5232 sed
1926 5194 2053 5231 con-
2133 5194 2302 5248 super
2324 5184 2565 5247 utraque.
2587 5176 2754 5241 labia,
2788 5180 3017 5246 propter
3035 5179 3271 5245 gustum
3296 5192 3312 5242 ;
3350 5190 3525 5245 super
3546 5183 3732 5226 nasum

454 5271 648 5327 ventui
678 5271 1082 5325 condonantur.
1110 5270 1311 5324 Utrum
1331 5274 1518 5323 autem
1539 5270 1642 5322 hoc
1663 5270 1758 5323 ﬁat
1789 5268 1849 5321 in
1875 5266 2050 5321 domi-
2131 5267 2189 5321 in
2222 5266 2572 5337 longitudine
2599 5273 2826 5337 propter
2845 5264 3143 5333 odoratum
3165 5281 3177 5326 ;
3197 5278 3605 5334 supenmauus
3621 5273 3733 5330 pro-

456 5361 583 5434 nica
613 5361 698 5427 vel
725 5360 786 5427 in
803 5360 942 5416 feria
964 5358 1235 5427 secunda,
1285 5358 1345 5412 in
1388 5358 1642 5429 ipsorum
1668 5363 1754 5411 est
1788 5356 2044 5413 arbitrio.
2129 5362 2255 5427 pter
2284 5361 2521 5423 tactum,
2555 5361 2612 5409 et
2637 5352 2915 5415 sacerdoti
2948 5352 3338 5417 extrinsecus:
3363 5368 3539 5425 super
3556 5348 3737 5422 pedes.

454 5451 665 5517 Verum
684 5455 810 5521 post
834 5449 1071 5524 petitam
1093 5447 1333 5516 veniam,
1354 5446 1402 5501 si
1420 5447 1557 5518 quis
1578 5462 1774 5507 eorum
1801 5462 2044 5505 convea-
2127 5449 2356 5516 propter
2383 5444 2684 5512 incessum,
2724 5458 2894 5515 super
2939 5440 3167 5509 lumbos
3186 5440 3497 5513 utrinque
3517 5443 3736 5513 ponte!
