3886 6172
475 277 607 338 [135
1500 272 1559 327 S.
1598 271 1989 326 GUILLELMI
2026 269 2331 325 ABBATIS
2368 272 2708 328 HIRSAUG.
3552 286 3667 345 1136

463 403 613 476 quod
642 405 836 474 postea
866 399 1069 470 agitur,
1104 398 1189 452 vel
1220 397 1370 451 infra
1400 396 1709 467 quamlibet
1748 395 2446 466 processio-Acantantes,
2467 400 2684 466 placebo
2712 400 2966 465 Domino,
3000 407 3058 455 et
3077 402 3206 458 illuc
3223 406 3483 463 venientes
3507 410 3670 481 adjun-

461 481 590 549 nem
631 507 793 547 cruce
815 491 932 561 jam
964 489 1022 542 in
1062 487 1396 541 vestibulum
1442 486 1677 556 perlata,
1710 484 1903 539 tabula
1929 502 2056 556 per-
2136 491 2281 554 gunt
2304 502 2362 540 se
2392 487 2716 557 psalmodiae
2744 505 2960 554 eorum,
2990 508 3131 562 quos
3156 492 3229 547 ibi
3256 495 3553 552 invenerint.
3568 501 3668 554 Sive

461 584 690 643 cutitur,
710 596 874 635 nemo
906 578 1103 641 currit,
1126 576 1231 630 nisi
1259 576 1391 629 item
1410 574 1614 646 quibus
1630 575 1782 645 prior
1808 574 2057 628 innuerit
2138 580 2324 628 autem
2352 582 2503 629 totus
2545 582 2867 639 conventus,
2901 580 3013 634 sive
3053 598 3118 635 ex
3172 590 3323 654 parte
3370 593 3553 652 currat,
3579 590 3670 642 cir-

458 688 584 726 cum
621 668 901 741 praedictis
953 663 1392 721 obedientiariis.
1449 662 1591 731 ((31).)
1641 663 1699 716 Si
1756 669 1945 717 autem
1993 662 2051 716 in
2136 669 2479 717 cumstantes
2511 666 2738 720 fratrem
2768 666 2853 721 bis
2882 669 2967 722 vel
2996 676 3086 723 ter
3115 672 3278 725 Credo
3298 676 3355 727 in
3387 691 3543 729 unum
3566 694 3669 732 can.

456 760 749 814 refectorio
777 758 863 811 vel
893 757 964 811 ad
987 754 1342 809 collationem
1404 752 1588 805 adhuc
1644 752 1860 813 sedent,
1920 752 2050 806 inde
2131 756 2273 816 tant,
2297 753 2604 806 smondum
2622 754 2817 808 ﬁnivit.
2840 756 2976 825 tun.)
2997 758 3151 813 Tunc
3167 762 3372 829 agenda
3391 764 3669 827 est,domno

455 865 677 921 quoque
706 846 1023 918 prosiliunt.
1061 844 1461 896 Verumtamen
1510 841 1691 894 lavato
1730 857 1961 909 corpore
1994 847 2051 895 et
2130 839 2330 895 abbate
2367 843 2449 895 vel
2479 843 2662 912 priore
2679 846 3098 914 pronuntiante,
3118 848 3327 915 litania,
3351 858 3403 905 et
3418 853 3668 925 unicuique

452 939 510 992 in
538 936 824 993 ecclesiam
855 935 1169 1004 deportato,
1227 933 1249 953 "
1294 930 1341 983 si
1396 930 1645 983 nondum
1711 929 1874 983 lectio
1919 947 2047 984 cum
2130 931 2344 984 nomini
2374 938 2693 986 sanctorum
2724 934 3181 1006 subjungendum
3230 945 3330 1004 est,
3368 957 3457 994 ora
3496 959 3581 1011 pro
3603 961 3663 997 eo.

448 1044 614 1082 versu
641 1028 871 1094 Agimus
899 1025 999 1076 tibi
1034 1024 1246 1089 gratias
1297 1019 1458 1072 ﬁnita
1507 1025 1646 1080 erat,
1696 1025 2048 1073 revertentur
2129 1019 2227 1073 Est
2255 1026 2444 1074 autem
2466 1022 2852 1093 prolonganda
2880 1026 2964 1077 vel
2990 1025 3308 1093 brevianda,
3326 1036 3479 1099 prout
3503 1034 3668 1103 permi.

450 1133 644 1173 omnes
671 1116 729 1170 in
757 1111 1143 1169 refectorium:
1177 1114 1235 1162 et
1260 1109 1306 1161 si
1337 1108 1520 1162 adhuc
1549 1108 1852 1162 comesturi
1883 1116 1939 1162 et
1969 1108 2045 1162 bi-
2127 1110 2262 1162 serit
2292 1110 2560 1181 temporis
2598 1112 2774 1180 ratio;
2809 1119 2863 1166 et
2894 1116 3199 1170 secundum
3241 1118 3385 1188 quod
3433 1120 3485 1173 in
3529 1138 3667 1176 causa

446 1206 620 1261 bituri
644 1209 823 1269 erant,
848 1200 1071 1272 quando
1094 1199 1264 1251 ictum
1293 1196 1499 1251 tabulae
1523 1197 1823 1261 audierint,
1848 1204 2043 1268 postea
2125 1197 2667 1271 migraturiperspici
2685 1202 3039 1271 potuerit,vel
3053 1205 3320 1259 aestimari
3336 1208 3666 1278 prolonganda

444 1295 739 1351 comedent
768 1298 825 1346 et
849 1290 1058 1354 bibent,
1108 1286 1327 1341 etiamsi
1364 1287 1439 1340 sit
1473 1286 1531 1339 in
1577 1287 2037 1357 Quadragesima.
2124 1286 2208 1339 vel
2246 1295 2566 1343 sanctorum
2598 1291 2847 1359 {nomina
2875 1293 3197 1363 repetendo,
3233 1296 3317 1349 vel
3356 1296 3461 1350 alia
3500 1298 3664 1367 adjun-

441 1384 591 1456 (un.)
619 1383 779 1449 Quod
809 1382 854 1435 si
875 1380 944 1434 ad
967 1377 1209 1433 sonitum
1223 1374 1426 1429 tabulae
1450 1392 1644 1428 omnes
1662 1375 1779 1443 )am
1807 1375 2039 1430 dimise-
2119 1377 2304 1445 gendo
2329 1396 2341 1444 ;
2374 1377 2677 1432 brevianda
2699 1396 2830 1434 vero
2884 1383 3139 1452 quaedam
3164 1385 3558 1456 supprimenda,
3586 1387 3664 1441 Fi.

440 1477 558 1530 rint
583 1472 894 1534 comedere,
917 1473 974 1522 et
996 1466 1161 1521 lectio
1177 1481 1301 1519 cum
1333 1480 1495 1518 versu
1519 1463 1676 1516 ﬁnita
1697 1463 1899 1529 fuerat,
1924 1464 2037 1519 loto
2120 1466 2253 1520 nitis
2283 1484 2411 1521 vero
2452 1474 2773 1523 sanctorum
2818 1471 3137 1527 nominibus
3180 1474 3463 1529 confestim
3502 1476 3664 1530 subin-

382 1612 385 1615 .
438 1580 688 1636 corpore,
709 1567 767 1616 et
794 1561 852 1614 in
878 1556 1166 1612 ecclesiam
1200 1555 1255 1609 S.
1294 1553 1482 1607 Mariae
1510 1552 1694 1606 delato
1729 1552 1785 1605 in
1812 1553 2038 1623 majori-
2117 1554 2333 1609 fertur:
2371 1557 2651 1624 Propitius
2670 1564 2796 1620 esto,
2825 1574 2990 1628 parce
3012 1564 3080 1623 ei,
3126 1563 3372 1627 Domine,
3411 1580 3527 1619 cum
3564 1565 3666 1619 reli-

437 1653 668 1710 ecclesia
695 1667 820 1705 cum
848 1648 1061 1719 psalmo
1092 1645 1344 1698 Miserere
1402 1645 1525 1703 mei,
1594 1643 1745 1706 Deus,
1807 1643 2031 1708 ﬁniunt,
2116 1644 2256 1714 quis.

433 1746 456 1768 *
486 1742 697 1798 Eodem
718 1738 884 1794 modo
914 1736 983 1790 ad
1001 1733 1358 1788 collationem
1386 1731 1641 1795 redeunt,
1694 1731 1741 1784 si
1784 1732 1900 1802 jam
1956 1733 2033 1787 le-
2049 1756 2096 1816 Β
2186 1731 2374 1787 Finita
2407 1733 2625 1798 litania,
2656 1734 2703 1788 si
2738 1736 2975 1790 necdum
3006 1737 3207 1804 ﬁnivit,
3244 1738 3329 1794 bis
3375 1741 3455 1796 vel
3488 1747 3566 1797 ter
3597 1742 3663 1796 vel

429 1834 672 1888 ctionem
702 1846 815 1884 non
842 1824 1108 1881 ﬁnierint
2110 1822 2327 1893 quoties
2386 1823 2508 1895 ipsa
2563 1841 2653 1879 res
2697 1826 2972 1894 docuerit,
3011 1827 3081 1881 ab
3130 1830 3407 1893 omnibus,
3438 1837 3497 1885 ut
3538 1831 3663 1903 prius

498 1925 561 1978 In
583 1926 745 1976 nocte
775 1932 1015 1988 quoque,
1051 1913 1097 1967 si
1124 1909 1437 1983 percutitur
1463 1908 1674 1974 tabula,
1708 1926 1837 1964 cum
1865 1915 2025 1966 tanta
2108 1913 2273 1968 Credo
2307 1918 2369 1969 in
2399 1920 2869 1983 unumcantatur,
2898 1920 2955 1969 et
2968 1915 3013 1970 si
3039 1918 3278 1973 necdum
3296 1920 3538 1991 spiritum
3555 1920 3663 1975 emi-

423 2010 754 2067 festinantia
773 2004 1034 2062 omnibus
1068 2000 1425 2064 currendum,
1450 2006 1513 2053 ut
1532 2015 1634 2052 nec
1653 1999 1823 2053 etiam
1850 2000 2022 2055 lectos
2104 2000 2198 2065 sit,
2229 2003 2413 2073 priore
2439 2003 2709 2057 innuente
2740 2004 2950 2058 recedit
2975 2013 3302 2076 conventus,
3336 2010 3552 2063 retentis
3567 2009 3662 2079 qui-

423 2118 557 2157 suos
582 2116 650 2155 ea
676 2098 810 2161 vice,
845 2095 891 2149 si
917 2097 1049 2147 sunt
1075 2092 1133 2144 in
1163 2089 1511 2154 dormitorio,
1537 2089 1863 2159 cooperiant
1885 2107 1897 2155 ;
1923 2091 2020 2144 sed
2104 2087 2359 2156 busdam,
2395 2091 2492 2161 qui
2529 2097 2759 2145 cantant
2782 2091 2857 2145 ibi
2888 2094 3131 2161 psalmos
3184 2112 3287 2149 seu
3336 2097 3515 2167 legant
3557 2113 3660 2169 pas-

417 2199 610 2248 tamen
640 2192 700 2245 in
725 2188 843 2243 sola
872 2184 1088 2240 cuculla
1107 2188 1165 2237 et
1195 2181 1413 2251 pellicio
1433 2197 1658 2235 currere
1686 2180 2015 2249 nonlicebit,
2100 2178 2303 2242 siones,
2355 2180 2402 2234 si
2442 2181 2715 2234 memoria
2780 2180 3013 2235 redierit
3062 2200 3233 2254 egro.
3261 2191 3418 2255 (ταν.)
3472 2188 3522 2241 Si
3556 2204 3660 2241 vero

418 2297 521 2336 nec
538 2277 857 2351 juvenibus,
890 2272 994 2327 nisi
1023 2270 1254 2325 laternis
1279 2268 1542 2323 accensis.
1570 2268 1636 2322 In
1670 2270 1812 2323 festo
1846 2270 2014 2325 etiam
2098 2271 2297 2323 mortis
2310 2269 2607 2324 articulum
2633 2270 2843 2324 instare
2865 2270 3048 2326 denuo
3064 2275 3467 2345 perspexerint,
3489 2276 3658 2330 nihilo.

412 2370 686 2426 Albarum
707 2365 975 2420 fratribus
994 2379 1058 2417 ex
1076 2358 2012 2432 partealbisindutis,quinondum
2096 2358 2284 2413 minus
2321 2358 2513 2413 tabula
2568 2360 2900 2430 percutitur,
2954 2362 3268 2434 eodemque
3321 2365 3524 2435 ordine,
3570 2382 3658 2436 quo

411 2460 646 2515 Chorum
667 2455 975 2518 intrabant,
997 2457 1082 2505 est
1096 2448 1455 2503 currendum
1477 2448 1558 2502 De
1575 2464 1771 2502 rasura
1791 2466 2013 2520 quoque
2094 2447 2251 2519 prius
2285 2448 2355 2502 ab
2384 2448 2664 2517 omnibus,
2695 2450 2946 2504 curritur
2972 2450 3122 2517 illuc,
3148 2458 3207 2506 et
3231 2452 3532 2524 symbolum
3552 2451 3657 2507 ﬁdei

411 2556 470 2604 et
496 2547 760 2619 capitulo,
788 2544 916 2597 licet
943 2544 1137 2612 postea
1166 2537 1444 2601 ﬁniendis,
1478 2543 1534 2590 et
1558 2538 1627 2590 de
1648 2536 1863 2603 litania,
1888 2556 2011 2609 quae
2093 2538 2361 2607 adjuncta
2412 2538 2609 2592 litania
2661 2538 2903 2604 canitur,
2964 2544 3022 2593 et
3072 2541 3401 2611 hujusmodi
3455 2542 3657 2596 fratrum

408 2644 539 2711 post
566 2635 809 2709 primam
837 2632 923 2686 vel
954 2635 1083 2684 ante
1134 2628 1361 2681 missam
1420 2626 1661 2693 canitur,
1686 2627 1805 2681 sine
1850 2645 2009 2683 mora
2091 2626 2367 2681 revocatio
2390 2625 2710 2698 litaniazque
2758 2627 3017 2699 repetitio
3056 2629 3269 2685 totiens
3319 2630 3512 2701 agitur,
3540 2646 3656 2700 quo-

406 2726 671 2783 curritur.
707 2721 1049 2778 Recedentes
1075 2722 1264 2772 autem
1320 2716 1599 2770 Litaniam
1648 2733 1677 2769 a
1720 2716 1857 2782 loco,
1913 2717 2007 2772 ubi
2090 2713 2237 2767 tiens
2264 2731 2405 2785 opus
2433 2731 2554 2768 esse
2577 2715 2815 2769 videtur.
2837 2716 2977 2770 Cum
2999 2722 3189 2771 autem
3207 2719 3330 2788 jam
3352 2735 3461 2773 non
3475 2716 3656 2772 dubita-

406 2817 641 2871 dimissa
668 2818 776 2882 est,
802 2814 1084 2882 repetunt.
1117 2808 1178 2862 In
1211 2810 1372 2859 nocte
1394 2806 1562 2859 etiam
1580 2805 1753 2859 ﬁnitis
1782 2812 2007 2860 noctur-
2089 2803 2275 2857 verint
2321 2820 2449 2858 eum
2483 2802 2687 2858 obiisse
2733 2805 2999 2859 dicuntur
3044 2822 3079 2860 a
3112 2806 3326 2861 domno
3370 2807 3554 2861 abbate
3585 2807 3653 2861 vel

401 2907 508 2973 nis,
537 2905 623 2960 vel
645 2904 693 2958 si
720 2908 853 2957 sunt
897 2897 1186 2954 duodecim
1227 2895 1513 2960 lectiones,
1563 2895 1807 2966 perlecto
1837 2912 2009 2967 super
2088 2892 2274 2962 priore
2302 2892 2387 2948 hae
2412 2893 2684 2947 collectae:
2719 2895 2828 2947 Pis:
2852 2896 3253 2950 recordationis
3281 2901 3487 2965 affectu.
3517 2898 3649 2957 Deus,

402 2995 726 3066 analogium
766 2989 1053 3060 evangelio
1080 2993 1138 3041 et
1183 2985 1454 3047 oratione,
1488 2984 1535 3037 si
1566 2984 1813 3037 nondum
1845 2984 2001 3052 obiit,
2025 2985 2182 3095 chi
2210 2986 2397 3036 omnia
2428 2986 2643 3036 vivunt.
2678 2982 2901 3051 Suscipe
2949 2986 3178 3038 Domine
3230 2989 3479 3040 animam
3514 2989 3649 3040 servi.

839 3087 849 3095 .
944 3086 956 3095 Α
1031 3078 1153 3095 ιιγιᾼ
1200 3090 1417 3095 --.μ--..Α
1452 3074 1503 3095 ι..
1545 3073 1825 3095 ---1---2-..-
1874 3091 1999 3095 ..--μ
2088 3072 2108 3094 0
2136 3071 2445 3095 n..._....:..--:_
2478 3071 2562 3095 ιζ,
2588 3070 2835 3095 -.-κκζιιηκ
2860 3089 2870 3095 .
2918 3074 2982 3095 λγ-
3005 3076 3175 3095 ἐμιμ--
3257 3076 3271 3095 Δ
3315 3081 3460 3095 -----ι-
3494 3077 3636 3095 suns--.-

404 3102 599 3141 omnes
623 3087 878 3149 currunt,
909 3086 965 3134 et
993 3078 1163 3132 allato
1191 3090 1421 3145 corpore
1451 3074 1508 3127 in
1540 3073 1830 3127 ecclesiam
1873 3091 2001 3128 mox
2025 3070 2068 3095 υ
2088 3072 2108 3094 '
2134 3071 2447 3125 Praemissis
2478 3071 2564 3125 his
2588 3070 2870 3125 versibus:
2904 3074 2982 3125 Ne
3005 3076 3195 3126 intres.
3234 3076 3273 3129 Α
3310 3081 3463 3135 porta
3488 3077 3649 3143 inferi,

398 3173 665 3229 matutini
694 3170 990 3226 lectionem
1028 3165 1335 3235 incipiunt;
1378 3163 1533 3234 prius
1589 3168 1781 3216 tamen
1835 3162 1998 3218 dictis
2081 3163 2350 3215 Dominus
2378 3163 2674 3216 vobiscum.
2705 3162 3024 3215 Conventus
3052 3162 3249 3218 exiens
3278 3170 3343 3218 ut
3380 3162 3648 3225 consideat,

398 3264 633 3337 psalmis
661 3257 1048 3318 familiaribus,
1082 3256 1132 3309 si
1162 3252 1383 3307 dicendi
1432 3256 1584 3305 sunt.
1647 3252 1715 3305 Et
1754 3254 1801 3305 si
1851 3252 2000 3306 inter
2080 3255 2211 3303 ante
2243 3250 2517 3321 capellam
2551 3250 2608 3304 S.
2632 3249 2826 3303 Mariae
2846 3255 3040 3304 cantat
3066 3267 3334 3323 vesperos
3366 3269 3461 3324 pro
3486 3253 3651 3307 defun-

396 3353 702 3408 familiares
730 3350 994 3421 psalmos,
1029 3344 1112 3398 vel
1142 3342 1308 3397 etiam
1332 3342 1477 3395 infra
1518 3340 1765 3410 aliquam
1806 3341 1999 3411 hujus-
2080 3339 2183 3392 ctis
2212 3356 2323 3392 non
2362 3339 2475 3393 alia
2520 3339 2769 3403 collecta,
2829 3356 2997 3410 quam
3051 3356 3119 3394 ea
3163 3342 3291 3396 sola
3336 3360 3543 3414 semper
3573 3358 3648 3396 se-

396 3443 551 3498 modi
574 3438 943 3513 psalmodiam
972 3436 1088 3488 haec
1123 3430 1460 3501 interruptio
1499 3430 1705 3499 agitur,
1741 3431 1993 3500 psalmus
2080 3434 2304 3499 quente,
2338 3429 2686 3496 Omnipotens
2716 3432 3041 3497 sempiterna
3068 3431 3239 3493 Deus,
3275 3435 3386 3486 cui.

396 3531 601 3603 aliquis
621 3545 686 3584 ex
711 3533 870 3599 parte
894 3528 1170 3587 cantatus,
1199 3525 1260 3574 ut
1289 3537 1338 3572 ν.
1369 3536 1425 3589 g.
1480 3519 1730 3589 psalmus
1781 3519 1877 3590 qui
1925 3520 1996 3573 de
2151 3518 2248 3571 Est
2284 3522 2474 3570 autem
2504 3516 2868 3581 consuetudo,
2902 3522 2965 3571 ut
3009 3519 3265 3589 quandiu
3324 3537 3467 3592 aeger
3506 3536 3647 3591 super

397 3618 690 3674 refectorio
732 3614 991 3670 canitur:
1029 3615 1156 3681 post
1196 3608 1438 3663 reditum
1476 3625 1510 3661 a
1549 3607 1730 3678 capite
1771 3614 1858 3661 est
1911 3608 1995 3662 in-
2076 3605 2313 3660 cilicium
2338 3606 2598 3676 jacuerit,
2629 3606 2983 3673 secretarius,
3010 3608 3107 3678 qui
3138 3608 3490 3679 horologium
3527 3616 3647 3662 tem-

396 3709 702 3765 choandus.
748 3706 903 3760 Idem
931 3708 988 3756 et
1029 3698 1240 3754 inﬁrmi
1292 3698 1525 3757 faciunt.
1567 3702 1794 3768 excepto
1845 3698 1993 3768 quod
2076 3699 2255 3766 perat,
2289 3700 2416 3766 post
2443 3695 2869 3765 completorium
2888 3712 3013 3749 cum
3034 3695 3457 3752 absconsailluc
3475 3697 3646 3769 pergit,

394 3800 595 3854 horam
621 3796 936 3868 regularem
960 3795 1153 3862 postea
1164 3787 1233 3841 ab
1252 3787 1413 3840 initio
1435 3786 1777 3840 recitandum
1799 3788 1993 3842 audita
2076 3790 2133 3837 ct
2154 3784 2486 3855 priusquam
2512 3784 2590 3838 ibi
2610 3784 2929 3848 decesserit,
2947 3790 3006 3839 et
3020 3791 3333 3856 antequam
3356 3787 3528 3858 pulset
3540 3785 3645 3839 scil-

394 3890 591 3945 tabula
617 3888 930 3947 dimittunt,
991 3884 1294 3935 nocturnos
1327 3880 1515 3930 autem
1555 3875 1637 3928 vel
1680 3877 1986 3930 matutinos

393 3979 645 4035 nondum
673 3976 862 4031 ﬁnitos
889 3990 919 4026 a
944 3972 1083 4035 loco,
1114 3966 1514 4022 ubidimissum
1529 3969 1635 4034 est,
1659 3972 1985 4035 percantant

393 4072 464 4125 Et
516 4075 581 4125 ut
631 4065 788 4121 brevi
838 4068 967 4118 utar
1016 4057 1387 4126 conclusnone,
1436 4054 1756 4125 quicunque
1827 4055 1985 4129 ordo,

2070 3875 2179 3927 lam
2215 3874 2285 3927 ad
2333 3875 2700 3943 matutinum,
2732 3880 2788 3928 et
2815 3874 2982 3928 etiam
3015 3874 3073 3927 in
3116 3874 3228 3939 die,
3283 3882 3342 3929 et
3376 3875 3646 3930 secundum

2071 3963 2219 4033 quod
2248 3962 2324 4016 ibi
2353 3963 2771 4033 deprehendere
2797 3963 3013 4033 potuit;
3047 3963 3128 4017 sic
3143 3968 3441 4036 temperet,
3467 3972 3518 4018 et
3539 3978 3639 4034 pro-

2070 4052 2276 4117 videat,
2302 4069 2374 4106 ne
2403 4053 2472 4106 de
2493 4052 2718 4107 servitio
2743 4051 2843 4107 Dei
2863 4057 3096 4123 propter
3108 4051 3332 4109 obitum
3353 4052 3553 4109 Fratris
3569 4067 3644 4106 ηε-

2068 4141 2341 4213 gligentia
2366 4142 2609 4197 eveniat.

390 4160 602 4230 absque
629 4156 736 4220 his,
761 4170 883 4225 quae
907 4154 1135 4220 excepta
1164 4150 1314 4210 sunt,
1337 4160 1438 4216 pro
1469 4142 1792 4214 hujusmodi
1820 4160 1991 4199 causa

2659 4230 2896 4287 CAPUT
2922 4232 3085 4286 LXV.

389 4244 840 4316 interrumpitur,
868 4242 983 4295 loto
1011 4251 1243 4308 corpore
1268 4238 1324 4287 et
1356 4232 1518 4294 (sicut
1544 4232 1754 4286 dictum
1793 4238 1893 4286 est:
1928 4232 1987 4287 in

388 4337 679 4394 ecclesiam
708 4332 899 4395 allato,
920 4328 1154 4391 reditur,
1205 4329 1268 4377 ut
1310 4321 1459 4375 idem
1506 4321 1643 4375 ordo
1696 4326 1976 4380 servetur.
2529 4323 2601 4376 De
2629 4323 2828 4384 eodem,
2862 4338 2989 4375 cum
3010 4322 3207 4376 abierit

386 4424 705 4483 Inﬁrmario
731 4426 920 4475 autem
951 4412 1363 4488 procurandum
1386 4415 1489 4475 est,
1549 4408 1596 4463 si
1641 4415 1832 4464 tamen
1860 4412 1983 4465 ﬁeri
2006 4396 2048 4454 Π
2136 4417 2157 4437 "
2186 4411 2260 4465 Ut
2297 4416 2486 4465 autem
2516 4409 2734 4475 obierit,
2759 4426 2887 4464 mox
2907 4411 3303 4481 caputcapeno
3332 4410 3641 4483 cooperit”,

384 4520 589 4588 potest,
620 4528 693 4567 ne
718 4506 1018 4579 aliquando
1034 4503 1225 4559 tabula
1245 4501 1399 4572 prius
1418 4499 1784 4570 percutiatur,
1813 4516 1981 4570 quam
2065 4505 2123 4554 et
2155 4500 2353 4554 ultimo
2374 4505 2679 4571 properant
2697 4499 2967 4564 conversi,
2991 4500 3141 4588 (Un.)
3159 4506 3225 4554 ut
3240 4502 3465 4572 pulsent
3477 4498 3641 4555 omnia

385 4612 521 4659 tunc
556 4603 775 4656 instans
803 4597 940 4652 ordo
964 4595 1266 4665 impleatur
1290 4588 1423 4658 ;nisi
1453 4588 1638 4643 obitus
1660 4588 1849 4643 fratris
1864 4595 1981 4644 tam
2063 4590 2241 4661 signa,
2270 4596 2327 4644 et
2356 4589 2587 4661 prolixe,
2615 4594 2680 4643 ut
2700 4593 3001 4659 apportent
3029 4587 3215 4644 adhuc
3244 4590 3414 4645 aliam
3443 4602 3639 4643 crucem

383 4709 559 4765 prope
586 4691 678 4755 sit,
709 4693 774 4742 ut
809 4686 959 4741 ultra
982 4682 1193 4737 diﬁ‘erri
1221 4697 1331 4735 non
1361 4679 1555 4750 possit.
1581 4678 1715 4742 Quae
1738 4677 1785 4731 si
1831 4678 1980 4733 infra
2062 4685 2119 4733 et
2142 4696 2345 4750 aquam
2370 4678 2741 4743 benedictum,
2771 4681 2937 4749 (van)
2965 4678 3306 4734 candelabra
3326 4686 3384 4734 et
3408 4677 3638 4733 thuribu-

387 4782 617 4837 missam
635 4778 926 4833 velhoram
948 4772 1259 4843 regularem
1274 4767 1770 4840 percutitur,ﬁnita
1783 4768 1978 4823 eadem
2059 4768 2197 4835 lum,
2240 4776 2296 4822 et
2316 4785 2441 4822 mox
2468 4773 2533 4823 ut
2562 4768 2677 4822 haec
2708 4784 2843 4823 crux
2871 4773 3169 4839 apportata
3224 4769 3414 4832 fuerit,
3472 4768 3634 4837 lignea

379 4872 567 4936 missa,
604 4873 663 4924 ct
685 4868 733 4921 si
763 4870 850 4920 est
874 4860 1182 4921 Dominica,
1219 4859 1353 4913 data
1371 4874 1575 4911 mensae
1594 4856 1787 4910 lectori
1806 4856 1978 4912 bene-
2058 4863 2395 4929 reportatur.
2423 4858 2638 4922 Quibus
2666 4857 2853 4911 allatis
2875 4857 3169 4911 defunctus
3197 4874 3347 4930 aqua
3370 4855 3636 4912 benedicta

385 4960 647 5023 dictione,
678 4958 763 5012 vel
793 4954 952 5009 ﬁnita
988 4953 1144 5015 hora,
1186 4950 1435 5019 itemque
1471 4951 1697 5018 accepta
1737 4945 1971 5001 benedi-
2055 4949 2389 5017 aspergitur,
2411 4946 2821 5000 etincensatur.
2848 4948 2869 4968 ¹
2892 4946 3027 5000 Post
3040 4946 3324 5000 modicum
3342 4944 3630 5000 simulcum

378 5051 563 5107 ctione
592 5049 656 5119 (si
687 5044 888 5117 aliquis
916 5043 986 5097 de
1012 5041 1100 5095 via
1128 5055 1383 5093 reversus
1412 5054 1534 5092 eam
1592 5042 1677 5090 est
1709 5042 1969 5107 acceptu-

374 5143 514 5209 rus),
537 5139 622 5193 vel
653 5137 701 5192 si
741 5141 827 5190 est
876 5133 945 5187 ad
1000 5146 1260 5201 vesperos
1298 5133 1398 5182 aut
1447 5126 1775 5189 matutinos,
1823 5126 1972 5181 facta

374 5225 905 5286 commemoratione
920 5222 1156 5291 alicujus
1175 5218 1351 5273 sancti
1372 5217 1442 5286 (si
1465 5216 1608 5271 forte
1630 5221 1711 5270 est
1727 5216 1964 5286 agenda)

370 5327 427 5376 et
454 5321 500 5375 si
532 5325 619 5374 est
647 5313 958 5377 Dominica,
980 5312 1112 5365 data
1134 5307 1386 5379 coquinae
1411 5304 1773 5360 servitoribus
1795 5304 1965 5359 bene-

2052 5035 2247 5106 ipsius,
2281 5052 2402 5106 qua:
2433 5040 2730 5106 apportata
2748 5040 2894 5098 sunt,
2915 5034 2974 5089 in
2996 5034 3174 5089 cilicio
3195 5036 3430 5089 eﬁ‘ertur
3444 5035 3497 5087 in
3515 5030 3631 5087 aedi-

2052 5126 2236 5179 culam
2285 5125 2434 5179 inter
2462 5125 2737 5194 capellam
2764 5126 2818 5179 S.
2855 5125 3063 5189 Mariae,
3089 5130 3147 5179 et
3174 5124 3535 5178 inﬁrmariam
3562 5120 3625 5173 ad

2051 5215 2155 5269 hoc
2187 5215 2366 5268 solum
2394 5214 2619 5277 factam,
2646 5218 2708 5267 ut
2735 5213 2810 5267 ibi
2839 5214 3071 5268 lavetur.
3096 5213 3162 5267 In
3183 5230 3295 5284 qua
3315 5212 3483 5268 etiam
3499 5210 3633 5265 fene-

2050 5310 2165 5357 stra
2190 5303 2603 5375 aliquantulum
2636 5302 2946 5373 majuscula
2968 5308 3070 5365 est,
3094 5303 3151 5357 in
3177 5319 3291 5373 qua
3309 5301 3628 5356 stamineum

368 5410 611 5465 dictione
637 5427 649 5474 ;
671 5413 807 5461 tunc
835 5402 881 5457 si
912 5400 1159 5456 nondum
1187 5396 1345 5459 obiit,
1377 5400 1613 5450 currunt
1648 5410 1863 5460 omnes,
1898 5411 1963 5448 ac
2043 5400 2373 5465 caeteraque,
2406 5392 2609 5464 quibus
2637 5392 2933 5447 defunctus
2962 5392 3033 5446 ad
3056 5397 3397 5463 praesensest
3416 5389 3628 5445 indueno

362 5499 411 5554 si
438 5498 633 5554 tabula
662 5497 1069 5568 percuteretur,
1081 5486 1379 5549 cantando,
1407 5491 1470 5540 ut
1488 5483 1819 5557 praedictum
1852 5490 1956 5550 est,
2042 5482 2165 5547 dus,
2190 5483 2418 5537 interim
2449 5487 2814 5554 reponantur.
2834 5485 2978 5551 (ιω.)
3003 5481 3109 5536 Sed
3132 5498 3258 5536 eum
3273 5496 3376 5534 nec
3396 5481 3623 5550 portant,

361 5586 699 5661 symbolum.
744 5583 804 5641 Si
855 5596 987 5637 vero
1043 5577 1243 5645 ﬁnivit,
1291 5574 1579 5630 moderate
1621 5572 1955 5642 incendunt,
2042 5589 2145 5628 nec
2173 5571 2378 5641 lavant,
2414 5588 2519 5627 nec
2546 5571 2607 5627 in
2634 5570 2997 5643 sepulchrum
3040 5576 3257 5644 ponunt
3285 5568 3385 5626 alii
3414 5568 3622 5633 fratres,
