3950 6168
273 308 420 369 1137

1311 307 1734 365 CONSTITUT.
1776 308 2117 364 HIRSAUG.
2160 339 2224 351 —
2266 308 2407 363 LIB.
2450 306 2522 362 II.

3410 293 3556 355 1138

274 450 449 504 quam
477 434 575 505 qui
600 435 722 506 ejus
750 433 962 488 similes
990 437 1125 488 sunt
1152 433 1211 487 in
1241 451 1398 490 sacro
1419 435 1613 490 ordine
1639 435 1727 489 vel
1754 435 1875 490 sine
1892 435 2295 506 Aaspergitur,
2315 432 2412 487 sed
2433 430 2530 485 illa
2550 431 2767 483 tantum
2798 424 3015 487 domus,
3041 422 3099 476 in
3129 436 3241 492 qua
3271 419 3417 473 idem
3435 418 3551 471 fra-

271 523 493 578 ordine.

350 616 372 638 *
415 613 733 669 Cavendum
782 619 869 668 est
912 620 1125 683 tamen,
1173 615 1477 689 praesentis
1513 614 1874 669 hebdomadaa

270 704 583 767 Sacerdoti,
617 709 681 758 ut
709 720 821 758 non
852 720 911 758 se
940 705 1282 760 intromittat
1310 706 1382 760 ad
1421 704 1742 776 hujusmodi
1774 721 1874 758 ne-

265 795 507 866 gotium.
542 795 626 848 Ad
644 794 1022 848 inﬁrmarium
1044 805 1232 850 autem
1256 796 1502 868 pertinet
1522 812 1727 865 aquam
1744 795 1876 849 cali-

267 883 403 937 dam
433 882 728 954 providere
759 901 771 935 :
807 882 880 937 ad
908 884 1282 939 camerarium
1302 901 1386 950 ea,
1402 884 1603 956 quibus
1634 884 1872 938 induen-

267 969 381 1024 dus
400 981 503 1037 est,
530 971 626 1042 qui
655 971 825 1026 etiam
855 971 912 1026 in
942 979 1205 1043 promptu
1227 972 1392 1027 debet
1412 972 1613 1026 habere.
1645 973 1869 1026 laneum

269 1076 523 1130 pannum
553 1061 911 1131 quadratum,
940 1062 1030 1116 cui
1049 1062 1203 1116 inﬁxi
1222 1068 1356 1116 sunt
1374 1063 1563 1133 plures
1591 1080 1724 1115 acus
1745 1078 1869 1115 cum

271 1149 401 1203 ﬁlis.
422 1150 553 1220 (υο.)
576 1151 812 1204 Ponitur
832 1167 1002 1222 super
1021 1150 1272 1205 tabulam
1295 1151 1364 1205 ad
1381 1152 1485 1204 hoc
1503 1152 1684 1205 solum
1705 1152 1874 1204 desti-

270 1244 491 1303 natam,
529 1239 750 1293 exuitur
779 1240 996 1310 caligis,
1045 1238 1424 1305 femoralibus,
1474 1245 1531 1294 et
1574 1241 1867 1307 stamineo,

267 1327 498 1382 lavatur
527 1344 561 1381 a
583 1328 785 1383 vertice
811 1346 989 1400 usque
1014 1330 1083 1383 ad
1114 1330 1364 1400 plantam
1407 1329 1588 1401 pedis.
1619 1330 1751 1384 Sola
1775 1348 1869 1385 ve-

268 1416 453 1469 renda
505 1417 700 1471 eodem
752 1418 1029 1472 stamineo
1067 1425 1198 1473 sunt
1244 1426 1525 1490 cooperta.
1568 1418 1867 1473 Incensum

266 1506 629 1561 abundanter
671 1507 747 1561 ibi
788 1508 1238 1563 administratur.
1270 1509 1289 1530 ¹
1318 1509 1569 1563 Vestitur
1592 1510 1868 1565 stamineo

1955 533 2045 581 ter
2072 524 2229 589 obiit,
2262 528 2526 594 sc0patur
2555 526 2605 573 et
2630 519 2801 588 junco
2830 513 3121 568 sternitur.
3149 511 3277 577 (un)
3300 508 3384 563 Ab
3413 508 3551 561 hora

1955 616 2070 678 illa,
2092 630 2383 684 quousque
2402 613 2616 665 feratur
2637 606 2707 661 ad
2740 603 3096 675 sepulchrum
3128 616 3241 654 non
3269 597 3551 652 omittitur

1956 703 2166 775 absque
2196 700 2525 773 psalmodia.
2544 695 2655 751 nisi
2684 691 3081 755 interim,dum
3110 689 3250 742 hora
3275 684 3552 757 regularis

1956 794 2015 847 in
2045 773 2243 847 eadem
2288 789 2521 846 ecclesia
2563 788 2842 839 cantatur.
2872 782 2892 802 '
2917 780 3002 835 Ad
3051 794 3237 850 quam,
3272 792 3397 830 cum
3430 773 3548 846 pri-

1960 900 2112 937 mum
2142 883 2365 952 signum
2381 879 2655 950 pulsatur,
2674 891 2708 928 a
2728 869 3037 943 psalmodia
3055 871 3323 930 cessatur,
3347 870 3551 936 praeter

1956 973 2024 1027 ad
2055 972 2203 1026 solos
2251 972 2599 1029 Nocturnos;
2631 970 2767 1019 tunc
2795 960 3175 1021 continuatur,
3207 971 3387 1026 usque
3411 954 3548 1007 dum

1954 1065 2110 1121 scilla
2139 1063 2476 1117 dimittatur.
2519 1057 2594 1112 Et
2633 1057 2680 1111 si
2725 1054 2911 1109 obitus
2958 1050 3148 1105 fratris
3174 1047 3543 1117 contingeret,

1955 1154 2283 1226 priusquam
2313 1149 2530 1204 sonitus
2551 1148 2607 1200 in
2638 1141 2968 1199 dormitorio
2989 1141 3272 1203 ﬁeret,aut
3296 1136 3443 1190 sicut
3467 1140 3554 1189 est

1954 1250 2211 1313 tempore
2232 1238 2478 1311 hyemali
2507 1241 2639 1290 ante
2668 1233 2885 1288 ﬁnitam
2928 1228 3205 1291 litaniam,
3237 1226 3323 1279 vel
3354 1226 3545 1285 etiam,

1953 1349 2019 1387 ea
2050 1332 2246 1397 ﬁnita;
2278 1328 2384 1383 nisi
2412 1333 2530 1381 tam
2557 1325 2712 1379 clara
2726 1322 2799 1376 sit
2829 1320 2971 1380 dies,
3003 1316 3141 1372 utin
3170 1315 3414 1370 claustro
3431 1313 3541 1383 legi

1949 1422 2145 1494 possit,
2183 1420 2263 1473 vel
2294 1418 2342 1473 si
2368 1418 2428 1471 in
2452 1416 2541 1470 die
2579 1429 2788 1468 rasurae
2817 1409 2918 1464 tali
2963 1409 3104 1461 hora
3145 1404 3358 1469 ﬁnitur,
3385 1402 3540 1494 quod

1952 1491 2289 1566 matutinam
2321 1507 2551 1561 missam
2582 1502 2789 1557 habere
2814 1497 3013 1570 potuit,
3048 1511 3115 1549 ea
3142 1494 3233 1548 die
3251 1491 3542 1563 sepelitur.

259 1596 486 1650 noviter
504 1596 642 1665 loto,
666 1597 883 1651 cuculla
909 1603 966 1650 et
995 1597 1190 1667 caligis
1210 1597 1654 1664 nocturnalibus,
1688 1603 1745 1652 et
1773 1616 1867 1654 su-
1951 1600 2110 1666 Quod
2141 1605 2197 1653 et
2224 1605 2359 1652 tunc
2398 1597 2481 1660 ﬁt,
2515 1593 2562 1648 si
2589 1587 2959 1646 intolerabilis
3000 1585 3163 1638 fetor
3203 1583 3290 1636 vel
3332 1579 3547 1651 aliquid

258 1684 445 1752 dario,
465 1686 555 1740 cui
577 1692 768 1741 assuta
789 1691 876 1740 est
904 1703 1037 1740 crux
1061 1687 1130 1740 de
1158 1686 1306 1741 lineo
1336 1704 1543 1759 panno,
1568 1691 1588 1711 '
1619 1694 1677 1742 et
1704 1689 1868 1742 suda-
1886 1756 1912 1759 _
1948 1687 2272 1759 hujusmodi
2329 1680 2731 1739 intercesserit.
2788 1679 2898 1732 Pro
2946 1670 3285 1728 intolerabili
3347 1670 3545 1723 fmtore

256 1775 412 1829 rium
444 1781 530 1829 est
562 1777 632 1830 de
656 1776 854 1829 eodem
903 1793 1109 1846 panno,
1145 1777 1215 1830 de
1245 1793 1354 1848 quo
1398 1784 1458 1832 et
1500 1778 1859 1843 stamineum,
1879 1756 1926 1815 Β
1947 1756 2116 1834 etiam
2146 1777 2267 1831 sine
2298 1777 2486 1839 missa,
2514 1772 2561 1825 si
2590 1770 2691 1824 tali
2736 1769 2874 1822 hora
2917 1763 3075 1827 obiit,
3120 1759 3402 1832 sepelitur.
3434 1758 3544 1811 Pro

257 1867 406 1920 sicut
433 1873 494 1921 et
513 1868 725 1938 caligae,
748 1884 850 1921 nec
878 1867 935 1920 in
958 1867 1313 1921 extremitate
1343 1868 1567 1938 patulae,
1602 1869 1699 1923 sed
1740 1886 1868 1922 con-
1951 1867 2262 1939 psalmodia
2300 1880 2429 1918 vero
2459 1868 2516 1917 et
2545 1859 2750 1931 vigiliis
2775 1858 2834 1911 in
2865 1859 3026 1909 nocte
3047 1868 3147 1922 pro
3187 1866 3255 1904 eo
3286 1846 3540 1918 agendis,

256 1962 422 2010 sutze.
450 1957 741 2028 Capellum
760 1956 991 2011 cucullee
1004 1972 1173 2026 super
1190 1956 1388 2011 faciem
1409 1973 1474 2010 ex
1489 1962 1727 2028 utroque
1739 1976 1868 2012 con-
1950 1956 2253 2027 unicuique
2284 1953 2457 2007 missa
2483 1952 2571 2005 vel
2619 1945 2931 2020 psalmodia
2976 1939 3321 2028 injungitur,
3341 1940 3547 2028 praeter

258 2045 447 2100 suitur
476 2052 670 2100 contra
690 2052 903 2117 pectus,
933 2063 1103 2116 super
1130 2046 1278 2116 quod
1300 2046 1470 2099 etiam
1489 2063 1689 2100 manus
1711 2053 1866 2102 extra
1947 2046 2052 2100 hoc
2102 2025 2249 2116 quod
2280 2044 2331 2097 ei
2360 2038 2733 2096 communiter
2769 2034 2856 2089 vel
2890 2029 3253 2102 singulariter
3275 2026 3346 2081 ab
3375 2025 3543 2080 omni-

263 2136 550 2189 cucullam
579 2137 1007 2208 complicantur,
1035 2136 1271 2206 ipsaque
1319 2136 1538 2189 cuculla
1591 2153 1691 2205 per
1744 2138 1865 2191 loca

259 2225 589 2279 consuenda
616 2230 736 2279 tota
764 2226 845 2279 ita
875 2225 1297 2294 constringitur,
1336 2230 1399 2278 ut
1424 2225 1482 2277 in
1522 2225 1677 2278 nulla
1706 2232 1864 2297 parte

255 2314 330 2367 sit
358 2304 509 2367 laxa.
539 2316 680 2369 Item
710 2315 1071 2369 nocturnales
1119 2319 1471 2367 consuuntur
1493 2314 1561 2367 ad
1589 2314 1823 2369 invicem
1841 2361 1853 2373 .

324 2403 488 2457 Inter
514 2404 815 2459 lavandum
858 2405 1133 2458 lavatores
1181 2401 1427 2457 ofﬁcium
1461 2403 1859 2459 Defunctorum

251 2497 506 2546 cantant.
559 2494 724 2562 (υαν.)
772 2493 859 2548 Ibi
907 2493 1078 2548 etiam
1123 2493 1277 2563 prior
1325 2498 1381 2546 et
1425 2492 1703 2547 armarius
1748 2511 1862 2548 non

249 2580 483 2646 desunt,
514 2591 571 2635 et
598 2583 753 2654 prior
776 2583 911 2637 dicit
958 2583 1103 2636 hanc
1139 2582 1427 2635 collectam
1464 2600 1475 2634 :
1514 2582 1862 2651 Omnipotens

246 2674 584 2739 sempiterne
604 2673 757 2726 Deus.
793 2672 1008 2727 Inﬁrmi
1034 2687 1257 2743 quoque
1286 2671 1435 2724 idem
1467 2670 1712 2725 ofﬁcium
1736 2688 1863 2726 cum

248 2777 455 2815 novem
486 2762 843 2818 Lectionibus
872 2762 1073 2817 semoti
1102 2778 1136 2815 a
1155 2767 1430 2815 conventu
1451 2760 1708 2815 sedentes
1728 2777 1861 2815 can-

250 2856 399 2904 tant.
423 2850 567 2921 (UD.)
590 2852 894 2923 Postquam
913 2852 1086 2906 fuerit
1104 2850 1357 2915 vestitus,
1374 2850 1685 2913 incensum,
1709 2849 1858 2920 quod

246 2940 487 2995 interim
512 2941 729 3011 jugiter
751 2940 827 2994 ibi
857 2957 970 2995 non
1012 2940 1225 3004 deerat,
1268 2937 1444 2992 mittit
1489 2938 1642 3009 prior
1689 2954 1860 3009 super

244 3028 833 3100 feretrum,simulque
864 3028 1111 3100 aspergit
1138 3044 1282 3098 aqua
1304 3026 1614 3080 benedicta.
1640 3025 1855 3080 Deinde

242 3119 522 3175 defuncto
586 3120 645 3173 in
706 3120 846 3174 illud
905 3119 1087 3191 posito
1151 3134 1380 3188 asperso
1445 3122 1503 3171 et
1565 3116 1854 3169 incensato

244 3208 650 3280 cooperculum
703 3208 1122 3279 superponitur.
1168 3207 1471 3261 Lavatores
1519 3205 1853 3276 priusquam

242 3298 469 3353 froccos
496 3297 751 3364 induant,
786 3298 855 3352 de
885 3315 1051 3368 aqua,
1088 3313 1200 3368 qua
1241 3295 1480 3349 lavando
1527 3295 1854 3349 defunctum

241 3388 333 3442 usi
392 3393 551 3452 sunt,
606 3387 691 3440 vel
747 3387 818 3441 ad
866 3387 1198 3441 lavatorium
1254 3385 1610 3438 inﬁrmorum
1657 3400 1857 3438 manus

242 3477 462 3538 lavant,
499 3476 599 3530 sed
626 3493 737 3531 non
777 3480 1026 3545 tergunt.
1074 3475 1334 3539 Levatur,
1388 3478 1646 3543 portatur
1679 3489 1857 3543 usque

242 3567 315 3620 ad
348 3566 567 3620 ostium
595 3572 790 3619 contra
808 3571 1171 3621 conventum.
1216 3563 1324 3628 Qui
1353 3580 1481 3617 cum
1511 3563 1755 3616 ofﬁcium
1786 3563 1858 3615 ad

242 3656 421 3709 ﬁnem
453 3670 636 3725 usque
668 3654 1096 3725 percantaverit,
1134 3652 1290 3723 prior
1318 3651 1579 3705 observat
1605 3658 1663 3704 et
1688 3650 1859 3704 tabu-

238 3745 358 3798 lam
389 3746 639 3815 percutit
659 3744 834 3798 semel
865 3748 1103 3797 tantum.
1133 3743 1290 3796 Tunc
1309 3741 1381 3795 ab
1410 3740 1668 3794 omnibus
1697 3740 1858 3794 incli-

238 3834 398 3887 natis
426 3833 639 3888 dicitur
667 3833 847 3887 oratio
877 3832 1188 3887 Dominica.
1224 3832 1292 3885 Et
1328 3830 1501 3902 prior,
1536 3831 1599 3883 Et
1632 3846 1697 3882 ne
1740 3846 1855 3883 nos.

234 3928 275 3977 Α
323 3930 496 3992 porta
527 3926 721 3991 inferi.
747 3926 1014 3978 Dominus
1042 3924 1335 3975 vobiscum.
1372 3918 1688 3983 Orationes,
1720 3919 1856 3971 Deus

238 4016 367 4065 vitae
416 4013 602 4066 dator.
654 4014 797 4067 Deus
832 4015 932 4080 qui
970 4013 1374 4064 humanarum.
1421 4006 1739 4079 lmponitur
1774 4022 1861 4059 re-

232 4101 608 4173 sponsnrium
643 4121 653 4155 :
687 4101 996 4155 Sub‘renite.
1037 4102 1174 4166 tuo.)
1215 4100 1357 4153 Item
1408 4098 1519 4151 Heu
1572 4097 1717 4150 mihi
1760 4097 1861 4149 Do-

236 4197 417 4247 mine.
436 4193 697 4262 Itemque
718 4192 764 4244 si
787 4207 927 4262 opus
948 4194 1051 4257 est,
1075 4191 1157 4243 Ne
1186 4189 1505 4242 recorderis.
1543 4184 1609 4238 In
1640 4200 1859 4256 proces-

234 4282 405 4336 sione
435 4298 664 4335 crucem
695 4285 1012 4352 sequuntur
1038 4278 1216 4350 pueri,
1237 4277 1284 4331 si
1314 4276 1369 4329 in
1400 4276 1520 4329 loco
1535 4280 1685 4328 sunt.
1706 4273 1859 4326 dein-

1944 2133 2050 2188 bus
2079 2115 2331 2187 debetur.
2367 2134 2507 2197 (00.)
2539 2129 2609 2182 Et
2637 2142 2745 2179 nox
2781 2124 2898 2185 illa,
2934 2121 2982 2174 si
3024 2124 3109 2173 est
3151 2115 3448 2188 hyemalis,
3480 2119 3547 2169 ut

1946 2223 2016 2277 ad
2047 2222 2307 2276 calendas
2335 2216 2654 2273 novembris
2683 2212 2813 2267 inde
2840 2226 3019 2281 usque
3066 2208 3135 2261 ad
3185 2221 3401 2261 cumam
3427 2204 3543 2259 Do-

1946 2312 2110 2379 mini,
2133 2312 2190 2364 in
2212 2308 2506 2365 duodecim
2527 2303 2858 2359 lectionibus
2888 2306 2945 2354 et
2971 2297 3178 2353 octavis
3206 2300 3449 2357 tantum,
3484 2292 3544 2347 in

1945 2404 2061 2452 tres
2092 2398 2307 2468 vigilias
2338 2402 2424 2450 est
2441 2392 2755 2448 dividenda.
2800 2390 3049 2452 Quarum
3067 2384 3308 2457 primam
3337 2382 3545 2436 chorus

1946 2489 2141 2542 dexter
2165 2488 2284 2557 agit
2308 2502 2433 2539 cum
2460 2481 2725 2545 armario,
2749 2476 3050 2533 secundam
3069 2473 3299 2527 sinister
3317 2471 3542 2537 chorus,

1948 2576 2314 2630 novissimam
2344 2577 2622 2628 conventu
2669 2573 2799 2640 post
2842 2563 3183 2619 matutinum
3235 2559 3544 2614 dormitum

1947 2671 2134 2729 eunte,
2166 2666 2184 2685 ‘
2213 2662 2498 2717 secretarii
2527 2665 2584 2713 et
2606 2660 2840 2729 juvenes
2859 2669 2984 2708 cum
3007 2647 3352 2713 custodibus,
3391 2646 3546 2700 addi-

1943 2756 2018 2809 tis
2046 2754 2282 2809 totidem
2306 2752 2375 2806 de
2394 2749 2619 2804 novitiis
2639 2753 2696 2801 et
2709 2744 2834 2799 aliis
2851 2740 3135 2804 fratribus,
3157 2742 3223 2791 ut
3234 2735 3549 2807 psalmodia

1943 2844 2167 2916 impleri
2199 2841 2394 2914 possit,
2419 2846 2477 2894 et
2496 2839 2567 2893 ad
2589 2845 3049 2904 unamquamque
3070 2825 3316 2916 vigiliam
3333 2823 3544 2916 psalte-

1940 2912 2087 2989 rium
2112 2949 2181 2987 ex
2200 2912 2328 2985 toto
2358 2928 2683 2993 dicendum;
2712 2921 2915 2978 deinde
2947 2915 3181 2988 vesperi,
3215 2912 3463 2967 ofﬁcium
3487 2917 3545 2965 et

1941 3020 2304 3075 matutinales
2342 3018 2534 3071 laudes
2565 3031 2663 3086 pro
2703 3008 2980 3066 defunctis
3012 2996 3276 3074 adjuncto
3319 3015 3543 3070 semper

1951 3112 2111 3165 Verba
2130 3124 2270 3172 mea,
2289 3108 2409 3161 sine
2429 3105 2646 3176 psalmo
2670 3103 2788 3156 Voce
2822 3112 2939 3150 mea
2958 3095 3226 3164 sequente
3257 3088 3491 3143 collecta
3524 3106 3535 3140 :

1938 3202 1973 3254 Α
1987 3201 2157 3253 bsolve
2189 3199 2437 3252 Domine.

2013 3287 2315 3341 Armarius
2343 3299 2471 3337 mox
2495 3285 2560 3334 ut
2585 3277 2769 3349 prima
2788 3270 3213 3346 peneimpletur
3232 3266 3441 3338 vigilia,
3466 3265 3538 3319 ad

1942 3378 2300 3432 excitandum
2358 3373 2559 3427 fratres
2613 3363 3007 3422 dormitorium
3059 3357 3330 3414 ascendit.
3386 3354 3541 3410 Infra

1940 3466 2279 3522 matutinum
2308 3480 2438 3517 vero
2466 3458 2677 3515 inﬁrmi
2703 3461 2760 3509 et
2786 3454 2900 3519 alii,
2934 3451 3029 3522 qui
3055 3448 3342 3518 regulares
3370 3445 3539 3498 horas

1940 3558 2011 3611 ad
2042 3558 2098 3611 S.
2133 3554 2369 3609 Mariam
2400 3550 2660 3614 audiunt,
2693 3559 2871 3614 usque
2898 3541 3031 3594 dum
3080 3540 3385 3591 conventus
3410 3549 3540 3587 cum

1941 3645 2295 3717 processione
2345 3641 2479 3695 illuc
2525 3637 2730 3699 veniat,
2775 3631 2906 3686 inde
2952 3644 3067 3682 non
3122 3624 3418 3680 recedunt.
3473 3623 3543 3676 Et

1941 3716 2250 3801 sciendum,
2284 3732 2416 3805 quia
2438 3746 2568 3785 cum
2590 3728 2759 3780 funus
2786 3721 2977 3776 fratris
3021 3716 3373 3773 celebramus

1943 3843 2078 3897 pore
2118 3801 2319 3888 noctis,
2350 3819 2655 3891 perlustrat
2691 3816 2945 3867 nostrum
2991 3809 3210 3877 lampas
3252 3801 3543 3897 perlucida

1942 3893 2268 3969 claustrum.
2302 3912 2366 3965 1n
2397 3906 2627 3979 privatis
2659 3918 2786 3955 vero
2813 3897 3069 3954 noctibus
3114 3893 3366 3964 ejusdem
3395 3897 3541 3945 tem-

1941 4004 2116 4074 poris,
2138 4002 2195 4055 id
2216 4004 2320 4065 est,
2341 4015 2374 4051 a
2398 3993 2659 4051 Calendis
2679 3987 3008 4045 Novembris
3031 3999 3208 4053 usque
3234 3981 3305 4035 ad
3322 3995 3539 4074 caenam

1940 4066 2185 4157 homini,
2215 4089 2273 4142 in
2300 4088 2441 4141 duas
2480 4082 2750 4138 dividitur
2770 4094 2879 4131 nox
2894 4074 3127 4144 vigilias,
3152 4087 3274 4140 quae
3294 4066 3539 4121 vicissim

1942 4181 2011 4235 ab
2040 4185 2280 4248 utroque
2308 4176 2476 4229 choro
2506 4171 2672 4239 (sicut
2713 4168 2924 4221 dictum
2971 4168 3072 4229 est)
3099 4158 3328 4248 agendae
3357 4159 3493 4210 sunt
3516 4172 3531 4248 »ε

1944 4270 2040 4324 sed
2063 4269 2133 4323 ad
2153 4245 2510 4321 intervallum
2533 4266 2686 4315 totus
2708 4256 2782 4310 ibi
2800 4257 3106 4308 conventus
3127 4246 3335 4311 aderit;
3367 4245 3535 4311 (υαν.)

238 4333 399 4336 ---η-
712 4333 870 4352 ητμ
1039 4333 1054 4350 .
1199 4333 1214 4346 ,
2953 4341 2963 4351 .
3143 4337 3153 4348 .
3490 4333 3502 4343 .

233 4372 307 4426 de
338 4372 589 4443 priores,
621 4376 817 4442 postea
847 4369 1117 4433 conversi,
1163 4372 1219 4421 et
1266 4364 1513 4420 defuncti
1544 4368 1859 4435 portatores
1878 4333 1924 4374 υ
1945 4364 2138 4431 postea
2159 4361 2346 4410 autem
2378 4352 2455 4406 hi.
2488 4351 2584 4421 qui
2614 4348 2673 4401 in
2696 4343 3113 4443 infirmat-‘13,,et
3140 4353 3199 4436 1'}
3228 4334 3537 4443 οῗυαηονι·

232 4460 564 4525 novissimi,
590 4466 644 4514 et
675 4459 993 4531 pulsatione
1009 4459 1128 4528 jam
1148 4457 1371 4527 incepta
1398 4454 1650 4508 omnium
1674 4452 1860 4521 signo-
1941 4449 2149 4502 tiorum
2178 4461 2279 4516 pro
2310 4455 2573 4497 concessa
2601 4430 2987 4530 misericordia
3014 4427 3535 4531 dormiuntlusque

228 4566 398 4613 rum,
436 4554 700 4621 portatur
728 4549 786 4602 in
821 4547 1111 4602 ecclesiam
1155 4547 1212 4601 S.
1253 4543 1462 4608 Mariae,
1499 4541 1688 4611 ibique
1727 4545 1857 4594 ante
1940 4539 2011 4592 ad
2042 4536 2191 4589 diem
2221 4532 2297 4587 ibi
2333 4530 2714 4621 perseverant.
2753 4524 2829 4576 At
2863 4520 2916 4621 si
2957 4524 3043 4572 est
3084 4532 3192 4570 nox
3231 4518 3537 4621 aestiva.,“in

226 4599 990 4709 sita—{etei};
1016 4599 1193 4706 usque
1230 4634 1364 4687 dum
1409 4599 1510 4702 pro
1540 4599 1616 4684 eo.
1634 4629 1857 4683 dicatur
1938 4633 2054 4682 tres
2075 4623 2292 4695 vigilias
2324 4599 2411 4675 est
2438 4613 2761 4709 dividenda,
2785 4608 2921 4664 etad
2944 4616 3398 4709 unamquamque
3415 4599 3537 4709 illa-

226 4730 484 4783 collecta
517 4730 695 4781 :Dcus
737 4728 907 4781 venia:
955 4727 1209 4792 largitor.
1252 4721 1548 4776 Praemisso
1584 4735 1770 4785 versu,
1808 4720 1850 4774 Α
1937 4732 2065 4770 rum
2111 4714 2372 4773 duarum,
2427 4723 2550 4778 quae
2605 4704 2749 4756 ﬁunt
2777 4704 2921 4792 ante
2951 4700 3275 4792 nocturnos,
3308 4693 3534 4744 centum

223 4824 409 4889 porta
434 4818 631 4885 inferi.
651 4818 919 4870 Dominus
946 4816 1241 4874 vobiscum,
1265 4810 1441 4866 versis
1461 4809 1532 4864 ad
1553 4810 1729 4863 altare
1746 4809 1854 4863 fra-
1933 4806 2197 4860 dicuntur
2224 4797 2424 4871 psalmi
2450 4810 2577 4849 cum
2606 4789 2840 4889 caeteris,
2871 4802 2997 4889 quae
3023 4784 3356 4889 sequuntqu.
3387 4864 3419 4876 η

221 4867 451 4964 tribus.
473 4906 499 4933 ’
533 4904 747 4959 Deinde
775 4904 833 4957 in
862 4902 1113 4956 inferiori
1139 4906 1297 4972 parte
1326 4899 1575 4970 ejusdem
1605 4898 1854 4953 ecclesia:
2007 4891 2094 4946 Ad
2120 4888 2345 4944 tertiam
2374 4899 2504 4972 vero
2535 4884 2661 4972 post
2707 4874 3047 4972 matutinum
3077 4886 3112 4924 a
3138 4871 3454 4972 secretarus
3483 4867 3542 4972 et

225 4952 451 4964 m‘v‘v'
533 4952 745 4959 -ν“““”’
775 4952 833 4957 “””
863 4952 1113 4956 “”““⁷““”””
1142 4952 1289 4972 [””’
1336 4952 1439 4970 ⁷11⁷⁷⁷
1502 4952 1505 4953 ⁷
1566 4952 1571 4953 ⁷
1616 4952 1627 4953 ⁷
1652 4952 1657 4953 ⁷
3162 4959 3172 4969 ⁸

221 5004 448 5052 contra
467 4993 793 5065 aquilonem
816 4993 979 5062 juxta
1004 4990 1264 5055 formam,
1319 5006 1391 5043 ne
1434 4986 1858 5043 transeuntibus
1939 4998 1973 5036 a
1997 4978 2211 5035 caeteris
2259 4971 2541 5047 praedictis
2587 4964 2855 5065 fratribus
2904 4959 3215 5065 psalmodia
3242 4970 3435 5065 usque
3465 4952 3537 5050 ad

228 5045 763 5065 'V—w""1"""""
816 5045 838 5062 Il
1255 5045 1264 5055 ι
2261 5045 2278 5047 _
3031 5049 3042 5059 .
3404 5045 3415 5053 υ
3500 5045 3511 5050 -

222 5084 664 5158 impedimento
705 5082 780 5136 sit
809 5082 1058 5153 ponitur,
1084 5086 1142 5134 et
1168 5095 1302 5134 crux
1332 5094 1458 5133 cum
1507 5074 1858 5131 candelabris
1940 5069 2186 5124 sonitum
2215 5064 2383 5119 debet
2400 5056 2688 5158 protelari.
2722 5056 2788 5109 In
2813 5051 3106 5158 duodepim
3134 5062 3265 5158 vero
3291 5045 3540 5158 lectiei:

223 5129 459 5232 agyhoc
480 5173 664 5227 solum
692 5129 995 5243 deputatis,
1020 5129 1208 5240 ibique
1218 5167 1436 5239 jugiter
1451 5166 1767 5225 reservatis,
1789 5162 1859 5217 ad
1941 5159 2046 5214 bus
2076 5158 2182 5211 hoc
2212 5129 2433 5207 tantum
2468 5148 2750 5243 varia-turi
2771 5141 2919 5214 quod
2944 5139 3024 5243 fid‘
3043 5129 3537 5243 δίηευξδδ-Ῐξξίξίξδ

222 5270 427 5340 caput
446 5264 574 5334 ejus
614 5260 880 5331 afﬁgitur,
913 5265 970 5313 et
1003 5264 1139 5313 tunc
1185 5258 1415 5311 demum
1465 5272 1499 5309 a
1543 5253 1859 5326 pulsatione
1942 5253 2073 5303 ante
2103 5250 2405 5300 nocturnos
2434 5237 2637 5336 psalmi
2660 5232 3067 5327 quinquaginta
3107 5232 3536 5340 cumms‘uiiap;

223 5310 293 5324 νι-
352 5310 426 5321 --
449 5310 572 5334 ηιμ
615 5310 880 5331 π-τ-ο---η
921 5310 967 5313 η
1196 5310 1247 5311 η
1544 5310 1562 5326 .
2436 5310 2445 5311 κ
2983 5316 2994 5327 ,
3175 5311 3185 5320 .
3232 5310 3284 5320 ..

223 5310 920 5420 οεὲέδῑυηεοηνθηῐυειιιθ
934 5348 1003 5402 ad
1027 5346 1337 5401 ﬁniendum
1359 5344 1610 5398 ordinem
1626 5343 1861 5396 redeun-
1942 5335 2210 5410 penditiis
2249 5333 2549 5394 dicuntur;
2594 5324 2640 5380 si
2681 5331 2871 5420 tamen
2908 5310 3339 5420 primiwgllfat
3366 5321 3536 5420 lic-{lie

224 5401 637 5416 wmw'“"""
942 5401 962 5402 ⁷⁷
1943 5401 1962 5410 -
2755 5411 2765 5421 ,
2848 5408 2858 5419 ,
2908 5406 2919 5417 .
3115 5401 3125 5411 .

220 5456 307 5505 ιε,
345 5444 406 5498 si
440 5457 608 5512 quem
632 5439 776 5493 forte
807 5438 1090 5492 inﬁnitum
1121 5435 1354 5499 dimisit,
1383 5432 1592 5488 inﬁrmi
1606 5433 1859 5486 Ezrsulta-
1943 5434 2187 5489 noctem,
2221 5422 2305 5475 vel
2330 5421 2387 5474 in
2418 5419 2539 5489 ipsa
2558 5419 2720 5512 nocte
2749 5412 3038 5512 incxpitur.
3073 5402 3131 5455 Si

225 5483 307 5505 μῦ.
345 5483 406 5498 ενι
483 5483 608 5495 νιν-ι·
634 5483 707 5493 -ν-
724 5483 776 5493 -ν
807 5483 1090 5492 --ιο--υ-ν--η
1124 5483 1354 5499 -υ---ν--ν
1383 5483 1697 5488 -----------τεν
2177 5483 2185 5489 .
2440 5483 2457 5489 -
3204 5486 3214 5496 .

223 5540 411 5599 bunt,
441 5483 599 5602 quod
624 5529 917 5584 dimissum
947 5533 1050 5588 est,
1082 5529 1433 5598 percantant.
1944 5516 2141 5570 stivius
2195 5509 2479 5602 incipitur,
2534 5500 2867 5602 psalterium
3035 5487 3378 5602 praedictis“
3396 5483 3537 5602 duas

304 5580 651 5690 Inﬁtimaria
672 5635 785 5685 non
810 5580 1179 5685 benedicitur,
1200 5630 1382 5695 neque
1403 5628 1552 5685 aqua
1567 5607 1862 5665 benedicta
1941 5603 2161 5675 vigilias
2189 5615 2346 5671 aeque
2374 5594 2613 5650 divisum
2644 5588 3019 5668 percantatur~
3035 5580 3177 5639 Cum
3192 5580 3383 5633 autem
3403 5588 3538 5630 con-
