  <div class='ocr_page' id='page_1' title='image "/cluster/home/n/w/nwhite01/storage/ocr_20150623/150/hvd.32044054760087/575.png"; bbox 0 0 3886 6172; ppageno 0'>
   <div class='ocr_carea' id='block_1_1' title="bbox 474 317 611 377">
    <p class='ocr_par' dir='ltr' id='par_1_1' title="bbox 474 317 611 377">
     <span class='ocr_line' id='line_1_1' title="bbox 474 317 611 377; baseline -0.007 -2"><span class='ocrx_word' id='word_1_1' title='bbox 474 317 611 377; x_wconf 66' lang='grc'><strong>1139</strong></span> 
     </span>
    </p>
   </div>
   <div class='ocr_carea' id='block_1_2' title="bbox 1501 318 2702 378">
    <p class='ocr_par' dir='ltr' id='par_1_2' title="bbox 1501 318 2702 378">
     <span class='ocr_line' id='line_1_2' title="bbox 1501 318 2702 378; baseline -0.006 0"><span class='ocrx_word' id='word_1_2' title='bbox 1501 321 1559 378; x_wconf 79' lang='lat' dir='ltr'><strong>S.</strong></span> <span class='ocrx_word' id='word_1_3' title='bbox 1583 320 1983 377; x_wconf 57' lang='lat' dir='ltr'><strong>MILELMI</strong></span> <span class='ocrx_word' id='word_1_4' title='bbox 2017 321 2325 376; x_wconf 67' lang='lat' dir='ltr'><strong>ABBATIS</strong></span> <span class='ocrx_word' id='word_1_5' title='bbox 2362 318 2702 376; x_wconf 74' lang='lat' dir='ltr'><strong>HIRSAUG.</strong></span> 
     </span>
    </p>
   </div>
   <div class='ocr_carea' id='block_1_3' title="bbox 3530 318 3639 377">
    <p class='ocr_par' dir='ltr' id='par_1_3' title="bbox 3530 318 3639 377">
     <span class='ocr_line' id='line_1_3' title="bbox 3530 318 3639 377; baseline -0.009 0"><span class='ocrx_word' id='word_1_6' title='bbox 3530 318 3639 377; x_wconf 68' lang='lat' dir='ltr'><strong>liti)</strong></span> 
     </span>
    </p>
   </div>
   <div class='ocr_carea' id='block_1_4' title="bbox 470 439 3640 518">
    <p class='ocr_par' dir='ltr' id='par_1_4' title="bbox 470 439 3640 518">
     <span class='ocr_line' id='line_1_4' title="bbox 470 439 3640 518; baseline 0.001 -22"><span class='ocrx_word' id='word_1_7' title='bbox 470 450 670 498; x_wconf 71' lang='lat' dir='ltr'><strong>ventus</strong></span> <span class='ocrx_word' id='word_1_8' title='bbox 698 443 861 498; x_wconf 82' lang='lat' dir='ltr'><strong>est-in</strong></span> <span class='ocrx_word' id='word_1_9' title='bbox 894 443 1209 511; x_wconf 84' lang='lat' dir='ltr'><strong>refectorio,</strong></span> <span class='ocrx_word' id='word_1_10' title='bbox 1241 446 1323 498; x_wconf 82' lang='lat' dir='ltr'><strong>vel</strong></span> <span class='ocrx_word' id='word_1_11' title='bbox 1352 444 1399 499; x_wconf 83' lang='lat' dir='ltr'><strong>si</strong></span> <span class='ocrx_word' id='word_1_12' title='bbox 1434 450 1523 499; x_wconf 88' lang='lat' dir='ltr'><strong>est</strong></span> <span class='ocrx_word' id='word_1_13' title='bbox 1549 451 1773 516; x_wconf 86' lang='lat' dir='ltr'><strong>tempus</strong></span> <span class='ocrx_word' id='word_1_14' title='bbox 1801 462 1913 517; x_wconf 85' lang='lat' dir='ltr'><strong>quo</strong></span> <span class='ocrx_word' id='word_1_15' title='bbox 1936 447 2062 518; x_wconf 37' lang='lat' dir='ltr'><strong>,fra-</strong></span> <span class='ocrx_word' id='word_1_16' title='bbox 2080 451 2125 507; x_wconf 88' lang='grc' dir='ltr'><strong>Α</strong></span> <span class='ocrx_word' id='word_1_17' title='bbox 2145 446 2385 500; x_wconf 89' lang='lat' dir='ltr'><strong>domnus</strong></span> <span class='ocrx_word' id='word_1_18' title='bbox 2435 443 2597 508; x_wconf 66' lang='lat' dir='ltr'><strong>utilia,</strong></span> <span class='ocrx_word' id='word_1_19' title='bbox 2649 440 2947 497; x_wconf 88' lang='lat' dir='ltr'><strong>novissime</strong></span> <span class='ocrx_word' id='word_1_20' title='bbox 2988 440 3288 495; x_wconf 60' lang='lat' dir='ltr'><strong>Was.</strong></span> <span class='ocrx_word' id='word_1_21' title='bbox 3313 439 3501 510; x_wconf 60' lang='lat' dir='ltr'><strong>hinni</strong></span> <span class='ocrx_word' id='word_1_22' title='bbox 3522 461 3640 507; x_wconf 77' lang='lat' dir='ltr'><strong>sem,</strong></span> 
     </span>
    </p>
   </div>
   <div class='ocr_carea' id='block_1_5' title="bbox 470 533 2066 606">
    <p class='ocr_par' dir='ltr' id='par_1_5' title="bbox 470 533 2066 606">
     <span class='ocr_line' id='line_1_5' title="bbox 470 533 2066 606; baseline 0.001 -20"><span class='ocrx_word' id='word_1_23' title='bbox 470 540 587 586; x_wconf 84' lang='lat' dir='ltr'><strong>tres</strong></span> <span class='ocrx_word' id='word_1_24' title='bbox 606 533 673 585; x_wconf 88' lang='lat' dir='ltr'><strong>ad</strong></span> <span class='ocrx_word' id='word_1_25' title='bbox 698 533 990 586; x_wconf 79' lang='lat' dir='ltr'><strong>meridiem</strong></span> <span class='ocrx_word' id='word_1_26' title='bbox 1010 534 1255 588; x_wconf 83' lang='lat' dir='ltr'><strong>dormire</strong></span> <span class='ocrx_word' id='word_1_27' title='bbox 1272 535 1471 599; x_wconf 84' lang='lat' dir='ltr'><strong>solent,</strong></span> <span class='ocrx_word' id='word_1_28' title='bbox 1487 535 1557 588; x_wconf 87' lang='lat' dir='ltr'><strong>de</strong></span> <span class='ocrx_word' id='word_1_29' title='bbox 1568 535 1815 593; x_wconf 80' lang='lat' dir='ltr'><strong>novitiis.</strong></span> <span class='ocrx_word' id='word_1_30' title='bbox 1831 535 2066 606; x_wconf 72' lang='lat' dir='ltr'><strong>aliisQue</strong></span> 
     </span>
    </p>
   </div>
   <div class='ocr_carea' id='block_1_6' title="bbox 464 622 2064 693">
    <p class='ocr_par' dir='ltr' id='par_1_6' title="bbox 464 622 2064 693">
     <span class='ocr_line' id='line_1_6' title="bbox 464 622 2064 693; baseline 0.003 -18"><span class='ocrx_word' id='word_1_31' title='bbox 464 622 740 675; x_wconf 81' lang='lat' dir='ltr'><strong>fratribus</strong></span> <span class='ocrx_word' id='word_1_32' title='bbox 760 622 1037 693; x_wconf 83' lang='lat' dir='ltr'><strong>aliquanti</strong></span> <span class='ocrx_word' id='word_1_33' title='bbox 1058 624 1353 677; x_wconf 78' lang='lat' dir='ltr'><strong>validiores</strong></span> <span class='ocrx_word' id='word_1_34' title='bbox 1382 631 1693 678; x_wconf 76' lang='lat' dir='ltr'><strong>remanent.</strong></span> <span class='ocrx_word' id='word_1_35' title='bbox 1720 626 1874 679; x_wconf 91' lang='lat' dir='ltr'><strong>Tunc</strong></span> <span class='ocrx_word' id='word_1_36' title='bbox 1896 626 2064 679; x_wconf 84' lang='lat' dir='ltr'><strong>etiam</strong></span> 
     </span>
    </p>
   </div>
   <div class='ocr_carea' id='block_1_7' title="bbox 471 712 2067 784">
    <p class='ocr_par' dir='ltr' id='par_1_7' title="bbox 471 712 2067 784">
     <span class='ocr_line' id='line_1_7' title="bbox 471 712 2067 784; baseline 0.002 -20"><span class='ocrx_word' id='word_1_37' title='bbox 471 717 726 781; x_wconf 86' lang='lat' dir='ltr'><strong>tempore</strong></span> <span class='ocrx_word' id='word_1_38' title='bbox 744 712 960 766; x_wconf 84' lang='lat' dir='ltr'><strong>statuto</strong></span> <span class='ocrx_word' id='word_1_39' title='bbox 988 713 1209 768; x_wconf 64' lang='lat' dir='ltr'><strong>usitatas</strong></span> <span class='ocrx_word' id='word_1_40' title='bbox 1234 731 1351 768; x_wconf 85' lang='lat' dir='ltr'><strong>non</strong></span> <span class='ocrx_word' id='word_1_41' title='bbox 1396 713 1765 784; x_wconf 82' lang='lat' dir='ltr'><strong>negliguntur</strong></span> <span class='ocrx_word' id='word_1_42' title='bbox 1792 720 1907 777; x_wconf 86' lang='lat' dir='ltr'><strong>tres</strong></span> <span class='ocrx_word' id='word_1_43' title='bbox 1937 731 2067 768; x_wconf 88' lang='lat' dir='ltr'><strong>ora-</strong></span> 
     </span>
    </p>
   </div>
   <div class='ocr_carea' id='block_1_8' title="bbox 471 799 2069 873">
    <p class='ocr_par' dir='ltr' id='par_1_8' title="bbox 471 799 2069 873">
     <span class='ocr_line' id='line_1_8' title="bbox 471 799 2069 873; baseline 0.004 -21"><span class='ocrx_word' id='word_1_44' title='bbox 471 799 758 865; x_wconf 71' lang='lat' dir='ltr'><strong>tiunculae,</strong></span> <span class='ocrx_word' id='word_1_45' title='bbox 776 806 1088 872; x_wconf 89' lang='lat' dir='ltr'><strong>vestesque,</strong></span> <span class='ocrx_word' id='word_1_46' title='bbox 1123 803 1169 855; x_wconf 89' lang='lat' dir='ltr'><strong>si</strong></span> <span class='ocrx_word' id='word_1_47' title='bbox 1205 803 1331 873; x_wconf 87' lang='lat' dir='ltr'><strong>quis</strong></span> <span class='ocrx_word' id='word_1_48' title='bbox 1354 810 1579 857; x_wconf 83' lang='lat' dir='ltr'><strong>mutare</strong></span> <span class='ocrx_word' id='word_1_49' title='bbox 1605 804 1754 870; x_wconf 80' lang='lat' dir='ltr'><strong>velit,</strong></span> <span class='ocrx_word' id='word_1_50' title='bbox 1790 805 1871 858; x_wconf 90' lang='lat' dir='ltr'><strong>vel</strong></span> <span class='ocrx_word' id='word_1_51' title='bbox 1901 810 2069 858; x_wconf 85' lang='lat' dir='ltr'><strong>antea</strong></span> 
     </span>
    </p>
   </div>
   <div class='ocr_carea' id='block_1_9' title="bbox 470 889 2070 963">
    <p class='ocr_par' dir='ltr' id='par_1_9' title="bbox 470 889 2070 963">
     <span class='ocr_line' id='line_1_9' title="bbox 470 889 2070 963; baseline 0.004 -22"><span class='ocrx_word' id='word_1_52' title='bbox 470 889 559 942; x_wconf 83' lang='lat' dir='ltr'><strong>vel</strong></span> <span class='ocrx_word' id='word_1_53' title='bbox 575 894 772 960; x_wconf 82' lang='lat' dir='ltr'><strong>postea</strong></span> <span class='ocrx_word' id='word_1_54' title='bbox 805 891 1067 944; x_wconf 75' lang='lat' dir='ltr'><strong>mutabit.</strong></span> <span class='ocrx_word' id='word_1_55' title='bbox 1110 892 1409 948; x_wconf 85' lang='lat' dir='ltr'><strong>Sciendum</strong></span> <span class='ocrx_word' id='word_1_56' title='bbox 1434 898 1623 963; x_wconf 78' lang='lat' dir='ltr'><strong>autem</strong></span> <span class='ocrx_word' id='word_1_57' title='bbox 1649 894 1796 963; x_wconf 81' lang='lat' dir='ltr'><strong>quod</strong></span> <span class='ocrx_word' id='word_1_58' title='bbox 1823 911 1975 957; x_wconf 86' lang='lat' dir='ltr'><strong>mox,</strong></span> <span class='ocrx_word' id='word_1_59' title='bbox 2004 899 2070 947; x_wconf 90' lang='lat' dir='ltr'><strong>ut</strong></span> 
     </span>
    </p>
   </div>
   <div class='ocr_carea' id='block_1_10' title="bbox 470 978 2070 1053">
    <p class='ocr_par' dir='ltr' id='par_1_10' title="bbox 470 978 2070 1053">
     <span class='ocr_line' id='line_1_10' title="bbox 470 978 2070 1053; baseline 0.002 -21"><span class='ocrx_word' id='word_1_60' title='bbox 470 978 825 1033; x_wconf 73' lang='lat' dir='ltr'><strong>mtutinalis</strong></span> <span class='ocrx_word' id='word_1_61' title='bbox 846 980 1019 1033; x_wconf 84' lang='lat' dir='ltr'><strong>missa</strong></span> <span class='ocrx_word' id='word_1_62' title='bbox 1050 980 1270 1047; x_wconf 82' lang='lat' dir='ltr'><strong>ﬁnitur,</strong></span> <span class='ocrx_word' id='word_1_63' title='bbox 1298 987 1449 1039; x_wconf 87' lang='lat' dir='ltr'><strong>totus</strong></span> <span class='ocrx_word' id='word_1_64' title='bbox 1474 988 1795 1047; x_wconf 80' lang='lat' dir='ltr'><strong>conventus,</strong></span> <span class='ocrx_word' id='word_1_65' title='bbox 1826 982 2070 1053; x_wconf 80' lang='lat' dir='ltr'><strong>exceptis</strong></span> 
     </span>
    </p>
   </div>
   <div class='ocr_carea' id='block_1_11' title="bbox 477 1066 2066 1139">
    <p class='ocr_par' dir='ltr' id='par_1_11' title="bbox 477 1066 2066 1139">
     <span class='ocr_line' id='line_1_11' title="bbox 477 1066 2066 1139; baseline 0.004 -18"><span class='ocrx_word' id='word_1_66' title='bbox 477 1066 721 1133; x_wconf 78' lang='lat' dir='ltr'><strong>novitiis,</strong></span> <span class='ocrx_word' id='word_1_67' title='bbox 769 1068 1007 1139; x_wconf 82' lang='lat' dir='ltr'><strong>aliisque</strong></span> <span class='ocrx_word' id='word_1_68' title='bbox 1044 1069 1288 1139; x_wconf 79' lang='lat' dir='ltr'><strong>capitulo</strong></span> <span class='ocrx_word' id='word_1_69' title='bbox 1335 1071 1656 1126; x_wconf 82' lang='lat' dir='ltr'><strong>carentibus</strong></span> <span class='ocrx_word' id='word_1_70' title='bbox 1707 1072 1779 1127; x_wconf 91' lang='lat' dir='ltr'><strong>ad</strong></span> <span class='ocrx_word' id='word_1_71' title='bbox 1834 1072 2066 1127; x_wconf 87' lang='lat' dir='ltr'><strong>chorum</strong></span> 
     </span>
    </p>
   </div>
   <div class='ocr_carea' id='block_1_12' title="bbox 474 1157 2067 1233">
    <p class='ocr_par' dir='ltr' id='par_1_12' title="bbox 474 1157 2067 1233">
     <span class='ocr_line' id='line_1_12' title="bbox 474 1157 2067 1233; baseline 0.003 -23"><span class='ocrx_word' id='word_1_72' title='bbox 474 1157 812 1227; x_wconf 83' lang='lat' dir='ltr'><strong>regreditur,</strong></span> <span class='ocrx_word' id='word_1_73' title='bbox 832 1158 911 1211; x_wconf 88' lang='lat' dir='ltr'><strong>ibi</strong></span> <span class='ocrx_word' id='word_1_74' title='bbox 932 1163 1092 1212; x_wconf 81' lang='lat' dir='ltr'><strong>vacat</strong></span> <span class='ocrx_word' id='word_1_75' title='bbox 1104 1159 1333 1214; x_wconf 84' lang='lat' dir='ltr'><strong>lectioni</strong></span> <span class='ocrx_word' id='word_1_76' title='bbox 1363 1177 1653 1231; x_wconf 86' lang='lat' dir='ltr'><strong>quousque</strong></span> <span class='ocrx_word' id='word_1_77' title='bbox 1669 1162 1739 1215; x_wconf 89' lang='lat' dir='ltr'><strong>ad</strong></span> <span class='ocrx_word' id='word_1_78' title='bbox 1758 1161 2067 1233; x_wconf 62' lang='lat' dir='ltr'><strong>capitulum</strong></span> 
     </span>
    </p>
   </div>
   <div class='ocr_carea' id='block_1_13' title="bbox 473 1247 2069 1320">
    <p class='ocr_par' dir='ltr' id='par_1_13' title="bbox 473 1247 2069 1320">
     <span class='ocr_line' id='line_1_13' title="bbox 473 1247 2069 1320; baseline 0.005 -21"><span class='ocrx_word' id='word_1_79' title='bbox 473 1247 752 1317; x_wconf 74' lang='lat' dir='ltr'><strong>pulsetur.</strong></span> <span class='ocrx_word' id='word_1_80' title='bbox 788 1248 897 1301; x_wconf 81' lang='lat' dir='ltr'><strong>Sed</strong></span> <span class='ocrx_word' id='word_1_81' title='bbox 926 1247 1099 1301; x_wconf 89' lang='lat' dir='ltr'><strong>iidem</strong></span> <span class='ocrx_word' id='word_1_82' title='bbox 1129 1249 1320 1303; x_wconf 77' lang='lat' dir='ltr'><strong>noVitii</strong></span> <span class='ocrx_word' id='word_1_83' title='bbox 1350 1250 1420 1305; x_wconf 91' lang='lat' dir='ltr'><strong>ad</strong></span> <span class='ocrx_word' id='word_1_84' title='bbox 1450 1250 1754 1320; x_wconf 87' lang='lat' dir='ltr'><strong>capitulum</strong></span> <span class='ocrx_word' id='word_1_85' title='bbox 1800 1266 1915 1306; x_wconf 87' lang='lat' dir='ltr'><strong>una</strong></span> <span class='ocrx_word' id='word_1_86' title='bbox 1941 1266 2069 1307; x_wconf 73' lang='lat' dir='ltr'><strong>cum</strong></span> 
     </span>
    </p>
   </div>
   <div class='ocr_carea' id='block_1_14' title="bbox 472 1335 2073 1409">
    <p class='ocr_par' dir='ltr' id='par_1_14' title="bbox 472 1335 2073 1409">
     <span class='ocr_line' id='line_1_14' title="bbox 472 1335 2073 1409; baseline 0.002 -19"><span class='ocrx_word' id='word_1_87' title='bbox 472 1336 720 1390; x_wconf 78' lang='lat' dir='ltr'><strong>inﬁrmis</strong></span> <span class='ocrx_word' id='word_1_88' title='bbox 748 1335 866 1390; x_wconf 89' lang='lat' dir='ltr'><strong>illic</strong></span> <span class='ocrx_word' id='word_1_89' title='bbox 884 1353 1177 1391; x_wconf 86' lang='lat' dir='ltr'><strong>remanere</strong></span> <span class='ocrx_word' id='word_1_90' title='bbox 1188 1338 1605 1409; x_wconf 65' lang='lat' dir='ltr'><strong>praecipiimtur.</strong></span> <span class='ocrx_word' id='word_1_91' title='bbox 1628 1338 1905 1395; x_wconf 79' lang='lat' dir='ltr'><strong>Similiter</strong></span> <span class='ocrx_word' id='word_1_92' title='bbox 1923 1340 2073 1396; x_wconf 77' lang='lat' dir='ltr'><strong>infra</strong></span> 
     </span>
    </p>
   </div>
   <div class='ocr_carea' id='block_1_15' title="bbox 477 1425 1678 1497">
    <p class='ocr_par' dir='ltr' id='par_1_15' title="bbox 477 1425 1678 1497">
     <span class='ocr_line' id='line_1_15' title="bbox 477 1425 1678 1497; baseline 0.001 -16"><span class='ocrx_word' id='word_1_93' title='bbox 477 1425 806 1481; x_wconf 84' lang='lat' dir='ltr'><strong>mandatum</strong></span> <span class='ocrx_word' id='word_1_94' title='bbox 828 1426 1047 1496; x_wconf 73' lang='lat' dir='ltr'><strong>eliquat</strong></span> <span class='ocrx_word' id='word_1_95' title='bbox 1075 1443 1366 1481; x_wconf 79' lang='lat' dir='ltr'><strong>remanere</strong></span> <span class='ocrx_word' id='word_1_96' title='bbox 1386 1427 1678 1497; x_wconf 68' lang='lat' dir='ltr'><strong>iubentur.</strong></span> 
     </span>
    </p>
   </div>
   <div class='ocr_carea' id='block_1_16' title="bbox 550 1512 2077 1585">
    <p class='ocr_par' dir='ltr' id='par_1_16' title="bbox 550 1512 2077 1585">
     <span class='ocr_line' id='line_1_16' title="bbox 550 1512 2077 1585; baseline 0.002 -19"><span class='ocrx_word' id='word_1_97' title='bbox 550 1512 677 1581; x_wconf 68' lang='lat' dir='ltr'><strong>Mox</strong></span> <span class='ocrx_word' id='word_1_98' title='bbox 704 1517 896 1567; x_wconf 83' lang='lat' dir='ltr'><strong>autem</strong></span> <span class='ocrx_word' id='word_1_99' title='bbox 928 1520 994 1575; x_wconf 80' lang='lat' dir='ltr'><strong>ut</strong></span> <span class='ocrx_word' id='word_1_100' title='bbox 1015 1514 1079 1567; x_wconf 81' lang='lat' dir='ltr'><strong>in</strong></span> <span class='ocrx_word' id='word_1_101' title='bbox 1118 1514 1473 1569; x_wconf 84' lang='lat' dir='ltr'><strong>refectorium</strong></span> <span class='ocrx_word' id='word_1_102' title='bbox 1516 1522 1680 1585; x_wconf 81' lang='lat' dir='ltr'><strong>potus</strong></span> <span class='ocrx_word' id='word_1_103' title='bbox 1721 1516 2012 1577; x_wconf 76' lang='lat' dir='ltr'><strong>charitatis</strong></span> <span class='ocrx_word' id='word_1_104' title='bbox 2042 1533 2077 1569; x_wconf 87' lang='lat' dir='ltr'><strong>a</strong></span> 
     </span>
    </p>
   </div>
   <div class='ocr_carea' id='block_1_17' title="bbox 476 1598 2075 1676">
    <p class='ocr_par' dir='ltr' id='par_1_17' title="bbox 476 1598 2075 1676">
     <span class='ocr_line' id='line_1_17' title="bbox 476 1598 2075 1676; baseline 0.001 -20"><span class='ocrx_word' id='word_1_105' title='bbox 476 1598 812 1672; x_wconf 71' lang='lat' dir='ltr'><strong>quibusdwi</strong></span> <span class='ocrx_word' id='word_1_106' title='bbox 844 1601 1075 1666; x_wconf 81' lang='lat' dir='ltr'><strong>bibitur,</strong></span> <span class='ocrx_word' id='word_1_107' title='bbox 1112 1602 1181 1656; x_wconf 87' lang='lat' dir='ltr'><strong>ab</strong></span> <span class='ocrx_word' id='word_1_108' title='bbox 1212 1605 1457 1659; x_wconf 85' lang='lat' dir='ltr'><strong>armario</strong></span> <span class='ocrx_word' id='word_1_109' title='bbox 1486 1604 1618 1661; x_wconf 82' lang='lat' dir='ltr'><strong>illuc</strong></span> <span class='ocrx_word' id='word_1_110' title='bbox 1647 1606 1987 1676; x_wconf 78' lang='lat' dir='ltr'><strong>diriguntur,</strong></span> <span class='ocrx_word' id='word_1_111' title='bbox 2010 1611 2075 1659; x_wconf 89' lang='lat' dir='ltr'><strong>ut</strong></span> 
     </span>
    </p>
   </div>
   <div class='ocr_carea' id='block_1_18' title="bbox 2149 529 3643 606">
    <p class='ocr_par' dir='ltr' id='par_1_18' title="bbox 2149 529 3643 606">
     <span class='ocr_line' id='line_1_18' title="bbox 2149 529 3643 606; baseline -0.001 -17"><span class='ocrx_word' id='word_1_112' title='bbox 2149 536 2241 606; x_wconf 90' lang='lat' dir='ltr'><strong>qui</strong></span> <span class='ocrx_word' id='word_1_113' title='bbox 2274 534 2503 588; x_wconf 85' lang='lat' dir='ltr'><strong>interim</strong></span> <span class='ocrx_word' id='word_1_114' title='bbox 2542 532 2768 586; x_wconf 78' lang='lat' dir='ltr'><strong>stabant</strong></span> <span class='ocrx_word' id='word_1_115' title='bbox 2792 536 2950 585; x_wconf 83' lang='lat' dir='ltr'><strong>extra</strong></span> <span class='ocrx_word' id='word_1_116' title='bbox 2985 530 3264 584; x_wconf 88' lang='lat' dir='ltr'><strong>ecclesiam</strong></span> <span class='ocrx_word' id='word_1_117' title='bbox 3291 531 3340 584; x_wconf 92' lang='lat' dir='ltr'><strong>S.</strong></span> <span class='ocrx_word' id='word_1_118' title='bbox 3368 529 3547 595; x_wconf 68' lang='lat' dir='ltr'><strong>Mariae,</strong></span> <span class='ocrx_word' id='word_1_119' title='bbox 3573 533 3643 587; x_wconf 83' lang='lat' dir='ltr'><strong>in-</strong></span> 
     </span>
    </p>
   </div>
   <div class='ocr_carea' id='block_1_19' title="bbox 2146 621 3647 695">
    <p class='ocr_par' dir='ltr' id='par_1_19' title="bbox 2146 621 3647 695">
     <span class='ocr_line' id='line_1_19' title="bbox 2146 621 3647 695; baseline -0.001 -18"><span class='ocrx_word' id='word_1_120' title='bbox 2146 625 2485 695; x_wconf 83' lang='lat' dir='ltr'><strong>grediuntur</strong></span> <span class='ocrx_word' id='word_1_121' title='bbox 2513 623 2790 687; x_wconf 83' lang='lat' dir='ltr'><strong>eamdem,</strong></span> <span class='ocrx_word' id='word_1_122' title='bbox 2834 638 2962 675; x_wconf 90' lang='lat' dir='ltr'><strong>mox</strong></span> <span class='ocrx_word' id='word_1_123' title='bbox 3000 624 3066 674; x_wconf 89' lang='lat' dir='ltr'><strong>ut</strong></span> <span class='ocrx_word' id='word_1_124' title='bbox 3102 626 3383 674; x_wconf 84' lang='lat' dir='ltr'><strong>conventus</strong></span> <span class='ocrx_word' id='word_1_125' title='bbox 3404 621 3581 684; x_wconf 80' lang='lat' dir='ltr'><strong>exierit,</strong></span> <span class='ocrx_word' id='word_1_126' title='bbox 3605 628 3647 676; x_wconf 86' lang='lat' dir='ltr'><strong>et</strong></span> 
     </span>
    </p>
   </div>
   <div class='ocr_carea' id='block_1_20' title="bbox 2148 710 3648 782">
    <p class='ocr_par' dir='ltr' id='par_1_20' title="bbox 2148 710 3648 782">
     <span class='ocr_line' id='line_1_20' title="bbox 2148 710 3648 782; baseline -0.002 -14"><span class='ocrx_word' id='word_1_127' title='bbox 2148 714 2355 768; x_wconf 87' lang='lat' dir='ltr'><strong>ibidem</strong></span> <span class='ocrx_word' id='word_1_128' title='bbox 2385 713 2651 775; x_wconf 81' lang='lat' dir='ltr'><strong>ofﬁcium,</strong></span> <span class='ocrx_word' id='word_1_129' title='bbox 2676 710 2893 782; x_wconf 81' lang='lat' dir='ltr'><strong>quodet</strong></span> <span class='ocrx_word' id='word_1_130' title='bbox 2904 714 3204 765; x_wconf 76' lang='lat' dir='ltr'><strong>conventus</strong></span> <span class='ocrx_word' id='word_1_131' title='bbox 3221 714 3442 764; x_wconf 85' lang='lat' dir='ltr'><strong>cantant.</strong></span> <span class='ocrx_word' id='word_1_132' title='bbox 3453 710 3648 765; x_wconf 76' lang='lat' dir='ltr'><strong>Conven-</strong></span> 
     </span>
    </p>
   </div>
   <div class='ocr_carea' id='block_1_21' title="bbox 2149 797 3651 872">
    <p class='ocr_par' dir='ltr' id='par_1_21' title="bbox 2149 797 3651 872">
     <span class='ocr_line' id='line_1_21' title="bbox 2149 797 3651 872; baseline -0.001 -15"><span class='ocrx_word' id='word_1_133' title='bbox 2149 814 2241 859; x_wconf 82' lang='lat' dir='ltr'><strong>tus</strong></span> <span class='ocrx_word' id='word_1_134' title='bbox 2272 808 2467 857; x_wconf 83' lang='lat' dir='ltr'><strong>autem</strong></span> <span class='ocrx_word' id='word_1_135' title='bbox 2514 800 2845 872; x_wconf 85' lang='lat' dir='ltr'><strong>perveniens</strong></span> <span class='ocrx_word' id='word_1_136' title='bbox 2882 798 2946 854; x_wconf 84' lang='lat' dir='ltr'><strong>in</strong></span> <span class='ocrx_word' id='word_1_137' title='bbox 2976 797 3350 853; x_wconf 70' lang='lat' dir='ltr'><strong>cmmeterium</strong></span> <span class='ocrx_word' id='word_1_138' title='bbox 3373 798 3651 869; x_wconf 76' lang='lat' dir='ltr'><strong>expanditse</strong></span> 
     </span>
    </p>
   </div>
   <div class='ocr_carea' id='block_1_22' title="bbox 2150 886 3652 959">
    <p class='ocr_par' dir='ltr' id='par_1_22' title="bbox 2150 886 3652 959">
     <span class='ocr_line' id='line_1_22' title="bbox 2150 886 3652 959; baseline -0.005 -12"><span class='ocrx_word' id='word_1_139' title='bbox 2150 893 2209 947; x_wconf 90' lang='lat' dir='ltr'><strong>iu</strong></span> <span class='ocrx_word' id='word_1_140' title='bbox 2228 892 2459 946; x_wconf 84' lang='lat' dir='ltr'><strong>modum</strong></span> <span class='ocrx_word' id='word_1_141' title='bbox 2491 906 2726 953; x_wconf 61' lang='lat' dir='ltr'><strong>coronae,</strong></span> <span class='ocrx_word' id='word_1_142' title='bbox 2753 894 2809 943; x_wconf 90' lang='lat' dir='ltr'><strong>et</strong></span> <span class='ocrx_word' id='word_1_143' title='bbox 2825 888 2975 943; x_wconf 88' lang='lat' dir='ltr'><strong>inter</strong></span> <span class='ocrx_word' id='word_1_144' title='bbox 2986 886 3359 959; x_wconf 80' lang='lat' dir='ltr'><strong>sepeliendum</strong></span> <span class='ocrx_word' id='word_1_145' title='bbox 3390 886 3481 941; x_wconf 78' lang='lat' dir='ltr'><strong>sub</strong></span> <span class='ocrx_word' id='word_1_146' title='bbox 3504 894 3652 941; x_wconf 78' lang='lat' dir='ltr'><strong>notata</strong></span> 
     </span>
    </p>
   </div>
   <div class='ocr_carea' id='block_1_23' title="bbox 2151 977 3654 1052">
    <p class='ocr_par' dir='ltr' id='par_1_23' title="bbox 2151 977 3654 1052">
     <span class='ocr_line' id='line_1_23' title="bbox 2151 977 3654 1052; baseline -0.003 -17"><span class='ocrx_word' id='word_1_147' title='bbox 2151 980 2464 1052; x_wconf 87' lang='lat' dir='ltr'><strong>psalmodia</strong></span> <span class='ocrx_word' id='word_1_148' title='bbox 2491 997 2615 1034; x_wconf 90' lang='lat' dir='ltr'><strong>cum</strong></span> <span class='ocrx_word' id='word_1_149' title='bbox 2645 978 2965 1050; x_wconf 84' lang='lat' dir='ltr'><strong>antipbonis</strong></span> <span class='ocrx_word' id='word_1_150' title='bbox 2994 978 3116 1047; x_wconf 80' lang='lat' dir='ltr'><strong>istis</strong></span> <span class='ocrx_word' id='word_1_151' title='bbox 3141 977 3521 1043; x_wconf 66' lang='lat' dir='ltr'><strong>canteturnnti.</strong></span> <span class='ocrx_word' id='word_1_152' title='bbox 3551 978 3654 1046; x_wconf 73' lang='lat' dir='ltr'><strong>Ape-</strong></span> 
     </span>
    </p>
   </div>
   <div class='ocr_carea' id='block_1_24' title="bbox 2150 1066 3652 1137">
    <p class='ocr_par' dir='ltr' id='par_1_24' title="bbox 2150 1066 3652 1137">
     <span class='ocr_line' id='line_1_24' title="bbox 2150 1066 3652 1137; baseline -0.005 -12"><span class='ocrx_word' id='word_1_153' title='bbox 2150 1075 2275 1125; x_wconf 58' lang='lat' dir='ltr'><strong>rite.</strong></span> <span class='ocrx_word' id='word_1_154' title='bbox 2300 1071 2449 1125; x_wconf 86' lang='lat' dir='ltr'><strong>Psal.</strong></span> <span class='ocrx_word' id='word_1_155' title='bbox 2488 1072 2842 1137; x_wconf 79' lang='lat' dir='ltr'><strong>Conﬁtcmini</strong></span> <span class='ocrx_word' id='word_1_156' title='bbox 2884 1070 3135 1123; x_wconf 80' lang='lat' dir='ltr'><strong>Domino.</strong></span> <span class='ocrx_word' id='word_1_157' title='bbox 3165 1084 3210 1121; x_wconf 89' lang='lat' dir='ltr'><strong>s.</strong></span> <span class='ocrx_word' id='word_1_158' title='bbox 3242 1066 3383 1120; x_wconf 77' lang='lat' dir='ltr'><strong>Anti.</strong></span> <span class='ocrx_word' id='word_1_159' title='bbox 3407 1066 3652 1131; x_wconf 68' lang='lat' dir='ltr'><strong>lugrcdhr.</strong></span> 
     </span>
    </p>
   </div>
   <div class='ocr_carea' id='block_1_25' title="bbox 2150 1155 3658 1226">
    <p class='ocr_par' dir='ltr' id='par_1_25' title="bbox 2150 1155 3658 1226">
     <span class='ocr_line' id='line_1_25' title="bbox 2150 1155 3658 1226; baseline -0.006 -10"><span class='ocrx_word' id='word_1_160' title='bbox 2150 1161 2299 1216; x_wconf 87' lang='lat' dir='ltr'><strong>Psal.</strong></span> <span class='ocrx_word' id='word_1_161' title='bbox 2333 1160 2824 1226; x_wconf 78' lang='lat' dir='ltr'><strong>Quemadmodum.</strong></span> <span class='ocrx_word' id='word_1_162' title='bbox 2855 1157 3007 1211; x_wconf 84' lang='lat' dir='ltr'><strong>Anti.</strong></span> <span class='ocrx_word' id='word_1_163' title='bbox 3042 1158 3161 1223; x_wconf 61' lang='lat' dir='ltr'><strong>Haec</strong></span> <span class='ocrx_word' id='word_1_164' title='bbox 3192 1158 3406 1224; x_wconf 74' lang='lat' dir='ltr'><strong>requies.</strong></span> <span class='ocrx_word' id='word_1_165' title='bbox 3441 1155 3561 1208; x_wconf 81' lang='lat' dir='ltr'><strong>Psal.</strong></span> <span class='ocrx_word' id='word_1_166' title='bbox 3582 1156 3658 1209; x_wconf 73' lang='grc' dir='ltr'><strong>Με-</strong></span> 
     </span>
    </p>
   </div>
   <div class='ocr_carea' id='block_1_26' title="bbox 2151 1245 3654 1312">
    <p class='ocr_par' dir='ltr' id='par_1_26' title="bbox 2151 1245 3654 1312">
     <span class='ocr_line' id='line_1_26' title="bbox 2151 1245 3654 1312; baseline -0.005 -9"><span class='ocrx_word' id='word_1_167' title='bbox 2151 1254 2332 1303; x_wconf 83' lang='lat' dir='ltr'><strong>mento</strong></span> <span class='ocrx_word' id='word_1_168' title='bbox 2355 1250 2600 1302; x_wconf 74' lang='lat' dir='ltr'><strong>Domine.</strong></span> <span class='ocrx_word' id='word_1_169' title='bbox 2623 1247 2776 1301; x_wconf 81' lang='lat' dir='ltr'><strong>Anti.</strong></span> <span class='ocrx_word' id='word_1_170' title='bbox 2810 1245 3189 1303; x_wconf 66' lang='lat' dir='ltr'><strong>Dextra.Psal.</strong></span> <span class='ocrx_word' id='word_1_171' title='bbox 3220 1246 3429 1298; x_wconf 70' lang='lat' dir='ltr'><strong>90mins</strong></span> <span class='ocrx_word' id='word_1_172' title='bbox 3452 1245 3654 1312; x_wconf 75' lang='lat' dir='ltr'><strong>probasti.</strong></span> 
     </span>
    </p>
   </div>
   <div class='ocr_carea' id='block_1_27' title="bbox 2150 1332 3661 1401">
    <p class='ocr_par' dir='ltr' id='par_1_27' title="bbox 2150 1332 3661 1401">
     <span class='ocr_line' id='line_1_27' title="bbox 2150 1332 3661 1401; baseline -0.005 -7"><span class='ocrx_word' id='word_1_173' title='bbox 2150 1338 2303 1394; x_wconf 82' lang='lat' dir='ltr'><strong>Anti.</strong></span> <span class='ocrx_word' id='word_1_174' title='bbox 2335 1338 2412 1393; x_wconf 78' lang='lat' dir='ltr'><strong>Ne</strong></span> <span class='ocrx_word' id='word_1_175' title='bbox 2437 1340 2629 1390; x_wconf 70' lang='lat' dir='ltr'><strong>intres.</strong></span> <span class='ocrx_word' id='word_1_176' title='bbox 2656 1336 2801 1390; x_wconf 87' lang='lat' dir='ltr'><strong>Psal.</strong></span> <span class='ocrx_word' id='word_1_177' title='bbox 2835 1337 3063 1401; x_wconf 73' lang='lat' dir='ltr'><strong>Domine</strong></span> <span class='ocrx_word' id='word_1_178' title='bbox 3087 1335 3311 1389; x_wconf 70' lang='lat' dir='ltr'><strong>exaudi.</strong></span> <span class='ocrx_word' id='word_1_179' title='bbox 3338 1333 3387 1386; x_wconf 79' lang='lat'><strong>2.</strong></span> <span class='ocrx_word' id='word_1_180' title='bbox 3417 1332 3545 1387; x_wconf 78' lang='lat' dir='ltr'><strong>Anti.</strong></span> <span class='ocrx_word' id='word_1_181' title='bbox 3570 1332 3661 1387; x_wconf 82' lang='lat' dir='ltr'><strong>0m-</strong></span> 
     </span>
    </p>
   </div>
   <div class='ocr_carea' id='block_1_28' title="bbox 2154 1422 3660 1495">
    <p class='ocr_par' dir='ltr' id='par_1_28' title="bbox 2154 1422 3660 1495">
     <span class='ocr_line' id='line_1_28' title="bbox 2154 1422 3660 1495; baseline -0.006 -13"><span class='ocrx_word' id='word_1_182' title='bbox 2154 1431 2244 1482; x_wconf 77' lang='lat' dir='ltr'><strong>m’s</strong></span> <span class='ocrx_word' id='word_1_183' title='bbox 2261 1429 2515 1495; x_wconf 72' lang='lat' dir='ltr'><strong>spiritus.</strong></span> <span class='ocrx_word' id='word_1_184' title='bbox 2533 1425 2681 1479; x_wconf 81' lang='lat' dir='ltr'><strong>Psal.</strong></span> <span class='ocrx_word' id='word_1_185' title='bbox 2706 1426 2944 1479; x_wconf 79' lang='lat' dir='ltr'><strong>Laudate</strong></span> <span class='ocrx_word' id='word_1_186' title='bbox 2964 1426 3260 1478; x_wconf 80' lang='lat' dir='ltr'><strong>Dominum</strong></span> <span class='ocrx_word' id='word_1_187' title='bbox 3288 1424 3347 1475; x_wconf 72' lang='lat' dir='ltr'><strong>de</strong></span> <span class='ocrx_word' id='word_1_188' title='bbox 3374 1427 3522 1475; x_wconf 73' lang='lat' dir='ltr'><strong>terra.</strong></span> <span class='ocrx_word' id='word_1_189' title='bbox 3548 1422 3660 1475; x_wconf 69' lang='lat' dir='ltr'><strong>Anti.</strong></span> 
     </span>
    </p>
   </div>
   <div class='ocr_carea' id='block_1_29' title="bbox 2156 1513 3663 1573">
    <p class='ocr_par' dir='ltr' id='par_1_29' title="bbox 2156 1513 3663 1573">
     <span class='ocr_line' id='line_1_29' title="bbox 2156 1513 3663 1573; baseline -0.007 0"><span class='ocrx_word' id='word_1_190' title='bbox 2156 1518 2379 1573; x_wconf 75' lang='lat' dir='ltr'><strong>Absolve</strong></span> <span class='ocrx_word' id='word_1_191' title='bbox 2419 1518 2667 1571; x_wconf 74' lang='lat' dir='ltr'><strong>Domine.</strong></span> <span class='ocrx_word' id='word_1_192' title='bbox 2724 1514 2871 1568; x_wconf 90' lang='lat' dir='ltr'><strong>Psal.</strong></span> <span class='ocrx_word' id='word_1_193' title='bbox 2914 1515 3229 1567; x_wconf 73' lang='lat' dir='ltr'><strong>Benedictus</strong></span> <span class='ocrx_word' id='word_1_194' title='bbox 3270 1514 3508 1566; x_wconf 80' lang='lat' dir='ltr'><strong>Dominus</strong></span> <span class='ocrx_word' id='word_1_195' title='bbox 3546 1513 3663 1565; x_wconf 75' lang='lat' dir='ltr'><strong>Deus.</strong></span> 
     </span>
    </p>
   </div>
   <div class='ocr_carea' id='block_1_30' title="bbox 2152 1599 3667 1674">
    <p class='ocr_par' dir='ltr' id='par_1_30' title="bbox 2152 1599 3667 1674">
     <span class='ocr_line' id='line_1_30' title="bbox 2152 1599 3667 1674; baseline -0.006 -14"><span class='ocrx_word' id='word_1_196' title='bbox 2152 1606 2422 1660; x_wconf 83' lang='lat' dir='ltr'><strong>Sacerdos</strong></span> <span class='ocrx_word' id='word_1_197' title='bbox 2450 1621 2577 1659; x_wconf 87' lang='lat' dir='ltr'><strong>cum</strong></span> <span class='ocrx_word' id='word_1_198' title='bbox 2621 1603 2866 1674; x_wconf 89' lang='lat' dir='ltr'><strong>primum</strong></span> <span class='ocrx_word' id='word_1_199' title='bbox 2896 1602 3110 1656; x_wconf 82' lang='lat' dir='ltr'><strong>venerit</strong></span> <span class='ocrx_word' id='word_1_200' title='bbox 3132 1602 3202 1656; x_wconf 87' lang='lat' dir='ltr'><strong>ad</strong></span> <span class='ocrx_word' id='word_1_201' title='bbox 3228 1600 3548 1671; x_wconf 77' lang='lat' dir='ltr'><strong>sepulchrum</strong></span> <span class='ocrx_word' id='word_1_202' title='bbox 3570 1599 3667 1652; x_wconf 85' lang='lat' dir='ltr'><strong>dicit</strong></span> 
     </span>
    </p>
   </div>
   <div class='ocr_carea' id='block_1_31' title="bbox 480 1689 3668 1767">
    <p class='ocr_par' dir='ltr' id='par_1_31' title="bbox 480 1689 3668 1767">
     <span class='ocr_line' id='line_1_31' title="bbox 480 1689 3668 1767; baseline -0.001 -25"><span class='ocrx_word' id='word_1_203' title='bbox 480 1694 539 1743; x_wconf 89' lang='lat' dir='ltr'><strong>et</strong></span> <span class='ocrx_word' id='word_1_204' title='bbox 560 1689 640 1757; x_wconf 82' lang='lat' dir='ltr'><strong>hi,</strong></span> <span class='ocrx_word' id='word_1_205' title='bbox 671 1690 766 1761; x_wconf 88' lang='lat' dir='ltr'><strong>qui</strong></span> <span class='ocrx_word' id='word_1_206' title='bbox 793 1691 949 1745; x_wconf 83' lang='lat' dir='ltr'><strong>missi</strong></span> <span class='ocrx_word' id='word_1_207' title='bbox 993 1698 1143 1753; x_wconf 82' lang='lat' dir='ltr'><strong>sunt,</strong></span> <span class='ocrx_word' id='word_1_208' title='bbox 1177 1693 1420 1759; x_wconf 70' lang='lat' dir='ltr'><strong>yeniant,</strong></span> <span class='ocrx_word' id='word_1_209' title='bbox 1472 1699 1531 1748; x_wconf 88' lang='lat' dir='ltr'><strong>et</strong></span> <span class='ocrx_word' id='word_1_210' title='bbox 1568 1695 1828 1751; x_wconf 81' lang='lat' dir='ltr'><strong>eumdem</strong></span> <span class='ocrx_word' id='word_1_211' title='bbox 1876 1701 2071 1767; x_wconf 85' lang='lat' dir='ltr'><strong>potum</strong></span> <span class='ocrx_word' id='word_1_212' title='bbox 2153 1696 2256 1751; x_wconf 87' lang='lat' dir='ltr'><strong>has</strong></span> <span class='ocrx_word' id='word_1_213' title='bbox 2283 1696 2543 1751; x_wconf 76' lang='lat' dir='ltr'><strong>collectas</strong></span> <span class='ocrx_word' id='word_1_214' title='bbox 2589 1712 2601 1747; x_wconf 90' lang='lat'><strong>:</strong></span> <span class='ocrx_word' id='word_1_215' title='bbox 2647 1693 3016 1748; x_wconf 68' lang='lat' dir='ltr'><strong>Obsecremus.</strong></span> <span class='ocrx_word' id='word_1_216' title='bbox 3048 1694 3188 1748; x_wconf 80' lang='lat' dir='ltr'><strong>Deus</strong></span> <span class='ocrx_word' id='word_1_217' title='bbox 3226 1691 3556 1758; x_wconf 73' lang='lat' dir='ltr'><strong>Omnipotens,</strong></span> <span class='ocrx_word' id='word_1_218' title='bbox 3578 1690 3668 1755; x_wconf 71' lang='lat' dir='ltr'><strong>qui.</strong></span> 
     </span>
    </p>
   </div>
   <div class='ocr_carea' id='block_1_32' title="bbox 479 1766 3667 1856">
    <p class='ocr_par' dir='ltr' id='par_1_32' title="bbox 479 1766 3667 1856">
     <span class='ocr_line' id='line_1_32' title="bbox 479 1766 3667 1856; baseline 0.001 -23"><span class='ocrx_word' id='word_1_219' title='bbox 479 1779 770 1833; x_wconf 84' lang='lat' dir='ltr'><strong>charitatis</strong></span> <span class='ocrx_word' id='word_1_220' title='bbox 793 1789 1021 1851; x_wconf 88' lang='lat' dir='ltr'><strong>accepta</strong></span> <span class='ocrx_word' id='word_1_221' title='bbox 1049 1781 1119 1834; x_wconf 91' lang='lat' dir='ltr'><strong>ad</strong></span> <span class='ocrx_word' id='word_1_222' title='bbox 1147 1786 1386 1851; x_wconf 82' lang='lat' dir='ltr'><strong>gradum</strong></span> <span class='ocrx_word' id='word_1_223' title='bbox 1420 1781 1646 1839; x_wconf 83' lang='lat' dir='ltr'><strong>licentia</strong></span> <span class='ocrx_word' id='word_1_224' title='bbox 1672 1782 1886 1841; x_wconf 81' lang='lat' dir='ltr'><strong>bibant.</strong></span> <span class='ocrx_word' id='word_1_225' title='bbox 1922 1782 2072 1846; x_wconf 75' lang='lat' dir='ltr'><strong>Qua-</strong></span> <span class='ocrx_word' id='word_1_226' title='bbox 2091 1766 2137 1827; x_wconf 83' lang='lat' dir='ltr'><strong>B</strong></span> <span class='ocrx_word' id='word_1_227' title='bbox 2156 1785 2523 1856; x_wconf 83' lang='lat' dir='ltr'><strong>Sepulchrum</strong></span> <span class='ocrx_word' id='word_1_228' title='bbox 2553 1790 2612 1837; x_wconf 88' lang='lat' dir='ltr'><strong>et</strong></span> <span class='ocrx_word' id='word_1_229' title='bbox 2640 1782 2795 1852; x_wconf 83' lang='lat' dir='ltr'><strong>prius</strong></span> <span class='ocrx_word' id='word_1_230' title='bbox 2810 1786 2869 1835; x_wconf 88' lang='lat' dir='ltr'><strong>et</strong></span> <span class='ocrx_word' id='word_1_231' title='bbox 2880 1786 3076 1851; x_wconf 88' lang='lat' dir='ltr'><strong>postea</strong></span> <span class='ocrx_word' id='word_1_232' title='bbox 3107 1796 3274 1851; x_wconf 87' lang='lat' dir='ltr'><strong>quam</strong></span> <span class='ocrx_word' id='word_1_233' title='bbox 3291 1779 3347 1833; x_wconf 87' lang='lat' dir='ltr'><strong>in</strong></span> <span class='ocrx_word' id='word_1_234' title='bbox 3363 1795 3422 1833; x_wconf 85' lang='lat' dir='ltr'><strong>se</strong></span> <span class='ocrx_word' id='word_1_235' title='bbox 3438 1777 3667 1847; x_wconf 61' lang='lat' dir='ltr'><strong>receperit.</strong></span> 
     </span>
    </p>
   </div>
   <div class='ocr_carea' id='block_1_33' title="bbox 474 1870 2075 1939">
    <p class='ocr_par' dir='ltr' id='par_1_33' title="bbox 474 1870 2075 1939">
     <span class='ocr_line' id='line_1_33' title="bbox 474 1870 2075 1939; baseline 0 -16"><span class='ocrx_word' id='word_1_236' title='bbox 474 1885 698 1939; x_wconf 82' lang='lat' dir='ltr'><strong>cunque</strong></span> <span class='ocrx_word' id='word_1_237' title='bbox 726 1875 917 1923; x_wconf 86' lang='lat' dir='ltr'><strong>autem</strong></span> <span class='ocrx_word' id='word_1_238' title='bbox 957 1870 1099 1924; x_wconf 87' lang='lat' dir='ltr'><strong>hora</strong></span> <span class='ocrx_word' id='word_1_239' title='bbox 1128 1871 1317 1926; x_wconf 77' lang='lat' dir='ltr'><strong>fratris</strong></span> <span class='ocrx_word' id='word_1_240' title='bbox 1350 1871 1536 1925; x_wconf 85' lang='lat' dir='ltr'><strong>obitus</strong></span> <span class='ocrx_word' id='word_1_241' title='bbox 1565 1873 1829 1933; x_wconf 84' lang='lat' dir='ltr'><strong>evenerit,</strong></span> <span class='ocrx_word' id='word_1_242' title='bbox 1855 1872 1972 1927; x_wconf 87' lang='lat' dir='ltr'><strong>sive</strong></span> <span class='ocrx_word' id='word_1_243' title='bbox 1995 1872 2075 1925; x_wconf 88' lang='lat' dir='ltr'><strong>sit</strong></span> 
     </span>
    </p>
   </div>
   <div class='ocr_carea' id='block_1_34' title="bbox 477 1958 2076 2030">
    <p class='ocr_par' dir='ltr' id='par_1_34' title="bbox 477 1958 2076 2030">
     <span class='ocr_line' id='line_1_34' title="bbox 477 1958 2076 2030; baseline 0.001 -18"><span class='ocrx_word' id='word_1_244' title='bbox 477 1958 750 2029; x_wconf 84' lang='lat' dir='ltr'><strong>temporis</strong></span> <span class='ocrx_word' id='word_1_245' title='bbox 772 1958 1017 2029; x_wconf 83' lang='lat' dir='ltr'><strong>hyemis,</strong></span> <span class='ocrx_word' id='word_1_246' title='bbox 1047 1960 1161 2013; x_wconf 85' lang='lat' dir='ltr'><strong>sive</strong></span> <span class='ocrx_word' id='word_1_247' title='bbox 1199 1960 1428 2026; x_wconf 52' lang='lat' dir='ltr'><strong>astatis,</strong></span> <span class='ocrx_word' id='word_1_248' title='bbox 1471 1960 1801 2030; x_wconf 83' lang='lat' dir='ltr'><strong>psalterium</strong></span> <span class='ocrx_word' id='word_1_249' title='bbox 1841 1977 1955 2021; x_wconf 83' lang='lat' dir='ltr'><strong>non</strong></span> <span class='ocrx_word' id='word_1_250' title='bbox 1988 1967 2076 2015; x_wconf 89' lang='lat' dir='ltr'><strong>est</strong></span> 
     </span>
    </p>
   </div>
   <div class='ocr_carea' id='block_1_35' title="bbox 477 2046 2076 2120">
    <p class='ocr_par' dir='ltr' id='par_1_35' title="bbox 477 2046 2076 2120">
     <span class='ocr_line' id='line_1_35' title="bbox 477 2046 2076 2120; baseline 0.002 -20"><span class='ocrx_word' id='word_1_251' title='bbox 477 2046 881 2117; x_wconf 79' lang='lat' dir='ltr'><strong>incipiendum,</strong></span> <span class='ocrx_word' id='word_1_252' title='bbox 910 2048 1019 2102; x_wconf 84' lang='lat' dir='ltr'><strong>nisi</strong></span> <span class='ocrx_word' id='word_1_253' title='bbox 1046 2048 1203 2118; x_wconf 86' lang='lat' dir='ltr'><strong>prius</strong></span> <span class='ocrx_word' id='word_1_254' title='bbox 1221 2065 1284 2102; x_wconf 78' lang='lat' dir='ltr'><strong>ex</strong></span> <span class='ocrx_word' id='word_1_255' title='bbox 1304 2054 1424 2105; x_wconf 80' lang='lat' dir='ltr'><strong>toto</strong></span> <span class='ocrx_word' id='word_1_256' title='bbox 1441 2050 1854 2120; x_wconf 80' lang='lat' dir='ltr'><strong>compleatur...</strong></span> <span class='ocrx_word' id='word_1_257' title='bbox 1880 2056 2076 2120; x_wconf 85' lang='lat' dir='ltr'><strong>postea</strong></span> 
     </span>
    </p>
   </div>
   <div class='ocr_carea' id='block_1_36' title="bbox 480 2135 2077 2208">
    <p class='ocr_par' dir='ltr' id='par_1_36' title="bbox 480 2135 2077 2208">
     <span class='ocr_line' id='line_1_36' title="bbox 480 2135 2077 2208; baseline 0.002 -19"><span class='ocrx_word' id='word_1_258' title='bbox 480 2138 651 2205; x_wconf 74' lang='lat' dir='ltr'><strong>quam</strong></span> <span class='ocrx_word' id='word_1_259' title='bbox 705 2135 865 2205; x_wconf 85' lang='lat' dir='ltr'><strong>obiit,</strong></span> <span class='ocrx_word' id='word_1_260' title='bbox 898 2144 956 2190; x_wconf 73' lang='lat' dir='ltr'><strong>et</strong></span> <span class='ocrx_word' id='word_1_261' title='bbox 985 2138 1201 2208; x_wconf 85' lang='lat' dir='ltr'><strong>vesperi</strong></span> <span class='ocrx_word' id='word_1_262' title='bbox 1239 2154 1340 2207; x_wconf 83' lang='lat' dir='ltr'><strong>pro</strong></span> <span class='ocrx_word' id='word_1_263' title='bbox 1370 2138 1645 2196; x_wconf 79' lang='lat' dir='ltr'><strong>defunctis</strong></span> <span class='ocrx_word' id='word_1_264' title='bbox 1666 2146 1726 2199; x_wconf 83' lang='lat' dir='ltr'><strong>et</strong></span> <span class='ocrx_word' id='word_1_265' title='bbox 1747 2139 1994 2197; x_wconf 81' lang='lat' dir='ltr'><strong>ofﬁcium</strong></span> <span class='ocrx_word' id='word_1_266' title='bbox 2020 2145 2077 2193; x_wconf 86' lang='lat' dir='ltr'><strong>et</strong></span> 
     </span>
    </p>
   </div>
   <div class='ocr_carea' id='block_1_37' title="bbox 476 2225 2076 2293">
    <p class='ocr_par' dir='ltr' id='par_1_37' title="bbox 476 2225 2076 2293">
     <span class='ocr_line' id='line_1_37' title="bbox 476 2225 2076 2293; baseline 0.003 -15"><span class='ocrx_word' id='word_1_267' title='bbox 476 2225 826 2279; x_wconf 81' lang='lat' dir='ltr'><strong>matutinum</strong></span> <span class='ocrx_word' id='word_1_268' title='bbox 849 2232 907 2280; x_wconf 89' lang='lat' dir='ltr'><strong>et</strong></span> <span class='ocrx_word' id='word_1_269' title='bbox 951 2229 1109 2293; x_wconf 71' lang='lat' dir='ltr'><strong>Verba</strong></span> <span class='ocrx_word' id='word_1_270' title='bbox 1142 2243 1278 2289; x_wconf 74' lang='lat' dir='ltr'><strong>mea,</strong></span> <span class='ocrx_word' id='word_1_271' title='bbox 1315 2228 1485 2281; x_wconf 88' lang='lat' dir='ltr'><strong>missa</strong></span> <span class='ocrx_word' id='word_1_272' title='bbox 1516 2228 1685 2285; x_wconf 85' lang='lat' dir='ltr'><strong>etiam</strong></span> <span class='ocrx_word' id='word_1_273' title='bbox 1724 2229 2076 2288; x_wconf 78' lang='lat' dir='ltr'><strong>matutinalis</strong></span> 
     </span>
    </p>
   </div>
   <div class='ocr_carea' id='block_1_38' title="bbox 482 2314 2071 2387">
    <p class='ocr_par' dir='ltr' id='par_1_38' title="bbox 482 2314 2071 2387">
     <span class='ocr_line' id='line_1_38' title="bbox 482 2314 2071 2387; baseline 0.006 -20"><span class='ocrx_word' id='word_1_274' title='bbox 482 2319 788 2368; x_wconf 85' lang='lat' dir='ltr'><strong>cantantur</strong></span> <span class='ocrx_word' id='word_1_275' title='bbox 818 2332 918 2385; x_wconf 90' lang='lat' dir='ltr'><strong>pro</strong></span> <span class='ocrx_word' id='word_1_276' title='bbox 949 2332 1035 2379; x_wconf 90' lang='lat' dir='ltr'><strong>eo,</strong></span> <span class='ocrx_word' id='word_1_277' title='bbox 1067 2314 1291 2370; x_wconf 78' lang='lat' dir='ltr'><strong>etiamsi</strong></span> <span class='ocrx_word' id='word_1_278' title='bbox 1332 2333 1396 2370; x_wconf 88' lang='lat' dir='ltr'><strong>ea</strong></span> <span class='ocrx_word' id='word_1_279' title='bbox 1440 2317 1530 2372; x_wconf 89' lang='lat' dir='ltr'><strong>die</strong></span> <span class='ocrx_word' id='word_1_280' title='bbox 1568 2334 1681 2373; x_wconf 89' lang='lat' dir='ltr'><strong>non</strong></span> <span class='ocrx_word' id='word_1_281' title='bbox 1729 2318 2071 2387; x_wconf 77' lang='lat' dir='ltr'><strong>sepeliatur;</strong></span> 
     </span>
    </p>
   </div>
   <div class='ocr_carea' id='block_1_39' title="bbox 480 2402 2072 2470">
    <p class='ocr_par' dir='ltr' id='par_1_39' title="bbox 480 2402 2072 2470">
     <span class='ocr_line' id='line_1_39' title="bbox 480 2402 2072 2470; baseline 0.001 -13"><span class='ocrx_word' id='word_1_282' title='bbox 480 2402 687 2457; x_wconf 82' lang='lat' dir='ltr'><strong>tuncin</strong></span> <span class='ocrx_word' id='word_1_283' title='bbox 707 2403 954 2470; x_wconf 82' lang='lat' dir='ltr'><strong>crastino</strong></span> <span class='ocrx_word' id='word_1_284' title='bbox 974 2420 1189 2468; x_wconf 87' lang='lat' dir='ltr'><strong>omnes,</strong></span> <span class='ocrx_word' id='word_1_285' title='bbox 1205 2410 1269 2457; x_wconf 89' lang='lat' dir='ltr'><strong>ut</strong></span> <span class='ocrx_word' id='word_1_286' title='bbox 1287 2405 1545 2462; x_wconf 71' lang='lat' dir='ltr'><strong>efferant.</strong></span> <span class='ocrx_word' id='word_1_287' title='bbox 1560 2406 1768 2461; x_wconf 84' lang='lat' dir='ltr'><strong>debent</strong></span> <span class='ocrx_word' id='word_1_288' title='bbox 1782 2406 2072 2462; x_wconf 89' lang='lat' dir='ltr'><strong>interesse.</strong></span> 
     </span>
    </p>
   </div>
   <div class='ocr_carea' id='block_1_40' title="bbox 478 2492 2080 2567">
    <p class='ocr_par' dir='ltr' id='par_1_40' title="bbox 478 2492 2080 2567">
     <span class='ocr_line' id='line_1_40' title="bbox 478 2492 2080 2567; baseline 0.002 -22"><span class='ocrx_word' id='word_1_289' title='bbox 478 2492 969 2546; x_wconf 74' lang='lat' dir='ltr'><strong>Postotferendam</strong></span> <span class='ocrx_word' id='word_1_290' title='bbox 989 2509 1117 2546; x_wconf 84' lang='lat' dir='ltr'><strong>vero</strong></span> <span class='ocrx_word' id='word_1_291' title='bbox 1137 2495 1474 2558; x_wconf 83' lang='lat' dir='ltr'><strong>sacerdotes,</strong></span> <span class='ocrx_word' id='word_1_292' title='bbox 1498 2496 1594 2565; x_wconf 83' lang='lat' dir='ltr'><strong>qui</strong></span> <span class='ocrx_word' id='word_1_293' title='bbox 1608 2496 1818 2565; x_wconf 76' lang='lat' dir='ltr'><strong>volunt,</strong></span> <span class='ocrx_word' id='word_1_294' title='bbox 1845 2502 2080 2567; x_wconf 85' lang='lat' dir='ltr'><strong>possunt</strong></span> 
     </span>
    </p>
   </div>
   <div class='ocr_carea' id='block_1_41' title="bbox 483 2581 2079 2652">
    <p class='ocr_par' dir='ltr' id='par_1_41' title="bbox 483 2581 2079 2652">
     <span class='ocr_line' id='line_1_41' title="bbox 483 2581 2079 2652; baseline 0.003 -17"><span class='ocrx_word' id='word_1_295' title='bbox 483 2598 586 2652; x_wconf 88' lang='lat' dir='ltr'><strong>pro</strong></span> <span class='ocrx_word' id='word_1_296' title='bbox 616 2598 683 2635; x_wconf 87' lang='lat' dir='ltr'><strong>eo</strong></span> <span class='ocrx_word' id='word_1_297' title='bbox 712 2581 833 2636; x_wconf 84' lang='lat' dir='ltr'><strong>sine</strong></span> <span class='ocrx_word' id='word_1_298' title='bbox 861 2581 1087 2636; x_wconf 86' lang='lat' dir='ltr'><strong>licentia</strong></span> <span class='ocrx_word' id='word_1_299' title='bbox 1114 2582 1314 2651; x_wconf 80' lang='lat' dir='ltr'><strong>missas</strong></span> <span class='ocrx_word' id='word_1_300' title='bbox 1343 2591 1588 2647; x_wconf 84' lang='lat' dir='ltr'><strong>cantare,</strong></span> <span class='ocrx_word' id='word_1_301' title='bbox 1621 2585 1667 2639; x_wconf 89' lang='lat' dir='ltr'><strong>si</strong></span> <span class='ocrx_word' id='word_1_302' title='bbox 1687 2591 1879 2641; x_wconf 84' lang='lat' dir='ltr'><strong>tamen</strong></span> <span class='ocrx_word' id='word_1_303' title='bbox 1908 2593 1994 2640; x_wconf 86' lang='lat' dir='ltr'><strong>est</strong></span> <span class='ocrx_word' id='word_1_304' title='bbox 2021 2585 2079 2641; x_wconf 90' lang='lat' dir='ltr'><strong>in</strong></span> 
     </span>
    </p>
   </div>
   <div class='ocr_carea' id='block_1_42' title="bbox 482 2670 2080 2745">
    <p class='ocr_par' dir='ltr' id='par_1_42' title="bbox 482 2670 2080 2745">
     <span class='ocr_line' id='line_1_42' title="bbox 482 2670 2080 2745; baseline 0.004 -21"><span class='ocrx_word' id='word_1_305' title='bbox 482 2670 779 2727; x_wconf 79' lang='lat' dir='ltr'><strong>duodecim</strong></span> <span class='ocrx_word' id='word_1_306' title='bbox 799 2671 1149 2725; x_wconf 85' lang='lat' dir='ltr'><strong>lectionibus.</strong></span> <span class='ocrx_word' id='word_1_307' title='bbox 1167 2672 1463 2739; x_wconf 83' lang='lat' dir='ltr'><strong>Diaconus,</strong></span> <span class='ocrx_word' id='word_1_308' title='bbox 1497 2681 1796 2745; x_wconf 85' lang='lat' dir='ltr'><strong>postquam</strong></span> <span class='ocrx_word' id='word_1_309' title='bbox 1825 2676 2080 2732; x_wconf 85' lang='lat' dir='ltr'><strong>incensa-</strong></span> 
     </span>
    </p>
   </div>
   <div class='ocr_carea' id='block_1_43' title="bbox 480 2760 2077 2835">
    <p class='ocr_par' dir='ltr' id='par_1_43' title="bbox 480 2760 2077 2835">
     <span class='ocr_line' id='line_1_43' title="bbox 480 2760 2077 2835; baseline 0.003 -23"><span class='ocrx_word' id='word_1_310' title='bbox 480 2761 628 2814; x_wconf 62' lang='lat' dir='ltr'><strong>verit</strong></span> <span class='ocrx_word' id='word_1_311' title='bbox 651 2760 873 2825; x_wconf 76' lang='lat' dir='ltr'><strong>altaria.</strong></span> <span class='ocrx_word' id='word_1_312' title='bbox 902 2760 1158 2815; x_wconf 83' lang='lat' dir='ltr'><strong>incensat</strong></span> <span class='ocrx_word' id='word_1_313' title='bbox 1187 2767 1242 2815; x_wconf 80' lang='lat' dir='ltr'><strong>et</strong></span> <span class='ocrx_word' id='word_1_314' title='bbox 1270 2762 1596 2818; x_wconf 86' lang='lat' dir='ltr'><strong>defunctum</strong></span> <span class='ocrx_word' id='word_1_315' title='bbox 1623 2780 1788 2818; x_wconf 83' lang='lat' dir='ltr'><strong>cruce</strong></span> <span class='ocrx_word' id='word_1_316' title='bbox 1834 2764 2077 2835; x_wconf 75' lang='lat' dir='ltr'><strong>desuper</strong></span> 
     </span>
    </p>
   </div>
   <div class='ocr_carea' id='block_1_44' title="bbox 482 2849 2084 2921">
    <p class='ocr_par' dir='ltr' id='par_1_44' title="bbox 482 2849 2084 2921">
     <span class='ocr_line' id='line_1_44' title="bbox 482 2849 2084 2921; baseline 0.001 -18"><span class='ocrx_word' id='word_1_317' title='bbox 482 2850 652 2906; x_wconf 78' lang='lat' dir='ltr'><strong>facta.</strong></span> <span class='ocrx_word' id='word_1_318' title='bbox 667 2849 1061 2921; x_wconf 82' lang='lat' dir='ltr'><strong>Sepulchrum,</strong></span> <span class='ocrx_word' id='word_1_319' title='bbox 1084 2867 1209 2906; x_wconf 86' lang='lat' dir='ltr'><strong>cum</strong></span> <span class='ocrx_word' id='word_1_320' title='bbox 1236 2852 1446 2906; x_wconf 86' lang='lat' dir='ltr'><strong>factum</strong></span> <span class='ocrx_word' id='word_1_321' title='bbox 1465 2852 1657 2915; x_wconf 84' lang='lat' dir='ltr'><strong>fuerit,</strong></span> <span class='ocrx_word' id='word_1_322' title='bbox 1676 2853 1929 2910; x_wconf 65' lang='lat' dir='ltr'><strong>dicendae</strong></span> <span class='ocrx_word' id='word_1_323' title='bbox 1948 2858 2084 2909; x_wconf 90' lang='lat' dir='ltr'><strong>sunt</strong></span> 
     </span>
    </p>
   </div>
   <div class='ocr_carea' id='block_1_45' title="bbox 480 2940 2074 3013">
    <p class='ocr_par' dir='ltr' id='par_1_45' title="bbox 480 2940 2074 3013">
     <span class='ocr_line' id='line_1_45' title="bbox 480 2940 2074 3013; baseline 0.003 -19"><span class='ocrx_word' id='word_1_324' title='bbox 480 2942 569 2994; x_wconf 74' lang='lat' dir='ltr'><strong>hie</strong></span> <span class='ocrx_word' id='word_1_325' title='bbox 596 2940 841 2995; x_wconf 72' lang='lat' dir='ltr'><strong>collectae</strong></span> <span class='ocrx_word' id='word_1_326' title='bbox 854 2941 1168 3010; x_wconf 88' lang='lat' dir='ltr'><strong>superillud</strong></span> <span class='ocrx_word' id='word_1_327' title='bbox 1190 2964 1204 2997; x_wconf 89' lang='lat'><strong>:</strong></span> <span class='ocrx_word' id='word_1_328' title='bbox 1224 2944 1383 3002; x_wconf 84' lang='lat' dir='ltr'><strong>Deus.</strong></span> <span class='ocrx_word' id='word_1_329' title='bbox 1409 2946 1509 3012; x_wconf 90' lang='lat' dir='ltr'><strong>qui</strong></span> <span class='ocrx_word' id='word_1_330' title='bbox 1526 2946 1888 3013; x_wconf 69' lang='lat' dir='ltr'><strong>simplicibus.</strong></span> <span class='ocrx_word' id='word_1_331' title='bbox 1914 2946 2074 3010; x_wconf 81' lang='lat' dir='ltr'><strong>Deus,</strong></span> 
     </span>
    </p>
   </div>
   <div class='ocr_carea' id='block_1_46' title="bbox 2154 1870 3669 1945">
    <p class='ocr_par' dir='ltr' id='par_1_46' title="bbox 2154 1870 3669 1945">
     <span class='ocr_line' id='line_1_46' title="bbox 2154 1870 3669 1945; baseline -0.007 -15"><span class='ocrx_word' id='word_1_332' title='bbox 2154 1890 2298 1945; x_wconf 87' lang='lat' dir='ltr'><strong>aqua</strong></span> <span class='ocrx_word' id='word_1_333' title='bbox 2338 1873 2633 1928; x_wconf 84' lang='lat' dir='ltr'><strong>benedicta</strong></span> <span class='ocrx_word' id='word_1_334' title='bbox 2671 1871 2993 1941; x_wconf 75' lang='lat' dir='ltr'><strong>aspergitur</strong></span> <span class='ocrx_word' id='word_1_335' title='bbox 3028 1877 3086 1924; x_wconf 90' lang='lat' dir='ltr'><strong>et</strong></span> <span class='ocrx_word' id='word_1_336' title='bbox 3130 1870 3452 1935; x_wconf 85' lang='lat' dir='ltr'><strong>incensatur,</strong></span> <span class='ocrx_word' id='word_1_337' title='bbox 3478 1880 3571 1920; x_wconf 86' lang='lat' dir='ltr'><strong>non</strong></span> <span class='ocrx_word' id='word_1_338' title='bbox 3592 1872 3669 1928; x_wconf 78' lang='lat' dir='ltr'><strong>ter,</strong></span> 
     </span>
    </p>
   </div>
   <div class='ocr_carea' id='block_1_47' title="bbox 2156 1954 3672 2025">
    <p class='ocr_par' dir='ltr' id='par_1_47' title="bbox 2156 1954 3672 2025">
     <span class='ocr_line' id='line_1_47' title="bbox 2156 1954 3672 2025; baseline -0.007 -8"><span class='ocrx_word' id='word_1_339' title='bbox 2156 1964 2252 2019; x_wconf 85' lang='lat' dir='ltr'><strong>sed</strong></span> <span class='ocrx_word' id='word_1_340' title='bbox 2280 1963 2456 2024; x_wconf 81' lang='lat' dir='ltr'><strong>semel</strong></span> <span class='ocrx_word' id='word_1_341' title='bbox 2484 1968 2703 2018; x_wconf 80' lang='lat' dir='ltr'><strong>tantum</strong></span> <span class='ocrx_word' id='word_1_342' title='bbox 2736 1976 2863 2015; x_wconf 87' lang='lat' dir='ltr'><strong>cum</strong></span> <span class='ocrx_word' id='word_1_343' title='bbox 2896 1976 3060 2015; x_wconf 89' lang='lat' dir='ltr'><strong>versu</strong></span> <span class='ocrx_word' id='word_1_344' title='bbox 3094 1977 3107 2011; x_wconf 87' lang='lat'><strong>:</strong></span> <span class='ocrx_word' id='word_1_345' title='bbox 3134 1960 3453 2025; x_wconf 75' lang='lat' dir='ltr'><strong>Redemptor.</strong></span> <span class='ocrx_word' id='word_1_346' title='bbox 3479 1954 3672 2009; x_wconf 65' lang='lat' dir='ltr'><strong>Collow</strong></span> 
     </span>
    </p>
   </div>
   <div class='ocr_carea' id='block_1_48' title="bbox 2155 2046 3673 2122">
    <p class='ocr_par' dir='ltr' id='par_1_48' title="bbox 2155 2046 3673 2122">
     <span class='ocr_line' id='line_1_48' title="bbox 2155 2046 3673 2122; baseline -0.008 -15"><span class='ocrx_word' id='word_1_347' title='bbox 2155 2058 2251 2107; x_wconf 88' lang='lat' dir='ltr'><strong>tur</strong></span> <span class='ocrx_word' id='word_1_348' title='bbox 2272 2052 2597 2122; x_wconf 76' lang='lat' dir='ltr'><strong>operculum</strong></span> <span class='ocrx_word' id='word_1_349' title='bbox 2630 2050 2876 2121; x_wconf 74' lang='lat' dir='ltr'><strong>ligneum</strong></span> <span class='ocrx_word' id='word_1_350' title='bbox 2907 2065 3075 2119; x_wconf 87' lang='lat' dir='ltr'><strong>super</strong></span> <span class='ocrx_word' id='word_1_351' title='bbox 3098 2048 3287 2118; x_wconf 88' lang='lat' dir='ltr'><strong>ipsum</strong></span> <span class='ocrx_word' id='word_1_352' title='bbox 3314 2046 3612 2104; x_wconf 63' lang='lat' dir='ltr'><strong>defunctum,</strong></span> <span class='ocrx_word' id='word_1_353' title='bbox 3632 2049 3673 2095; x_wconf 71' lang='lat' dir='ltr'><strong>et</strong></span> 
     </span>
    </p>
   </div>
   <div class='ocr_carea' id='block_1_49' title="bbox 2157 2133 3675 2211">
    <p class='ocr_par' dir='ltr' id='par_1_49' title="bbox 2157 2133 3675 2211">
     <span class='ocr_line' id='line_1_49' title="bbox 2157 2133 3675 2211; baseline -0.009 -14"><span class='ocrx_word' id='word_1_354' title='bbox 2157 2142 2418 2197; x_wconf 85' lang='lat' dir='ltr'><strong>sacerdos</strong></span> <span class='ocrx_word' id='word_1_355' title='bbox 2448 2139 2683 2211; x_wconf 85' lang='lat' dir='ltr'><strong>primus,</strong></span> <span class='ocrx_word' id='word_1_356' title='bbox 2715 2138 2761 2194; x_wconf 88' lang='lat' dir='ltr'><strong>si</strong></span> <span class='ocrx_word' id='word_1_357' title='bbox 2790 2138 3033 2205; x_wconf 76' lang='lat' dir='ltr'><strong>domnus</strong></span> <span class='ocrx_word' id='word_1_358' title='bbox 3061 2136 3208 2195; x_wconf 73' lang='lat' dir='ltr'><strong>abba</strong></span> <span class='ocrx_word' id='word_1_359' title='bbox 3242 2152 3351 2204; x_wconf 79' lang='lat' dir='ltr'><strong>non</strong></span> <span class='ocrx_word' id='word_1_360' title='bbox 3386 2133 3562 2189; x_wconf 78' lang='lat' dir='ltr'><strong>adesit.</strong></span> <span class='ocrx_word' id='word_1_361' title='bbox 3583 2147 3675 2185; x_wconf 85' lang='lat' dir='ltr'><strong>cum</strong></span> 
     </span>
    </p>
   </div>
   <div class='ocr_carea' id='block_1_50' title="bbox 2159 2220 3674 2302">
    <p class='ocr_par' dir='ltr' id='par_1_50' title="bbox 2159 2220 3674 2302">
     <span class='ocr_line' id='line_1_50' title="bbox 2159 2220 3674 2302; baseline -0.007 -17"><span class='ocrx_word' id='word_1_362' title='bbox 2159 2232 2307 2302; x_wconf 64' lang='lat' dir='ltr'><strong>pale,</strong></span> <span class='ocrx_word' id='word_1_363' title='bbox 2340 2230 2569 2288; x_wconf 85' lang='lat' dir='ltr'><strong>mittens</strong></span> <span class='ocrx_word' id='word_1_364' title='bbox 2597 2227 2780 2283; x_wconf 85' lang='lat' dir='ltr'><strong>tribus</strong></span> <span class='ocrx_word' id='word_1_365' title='bbox 2803 2225 3013 2283; x_wconf 76' lang='lat' dir='ltr'><strong>vicibus</strong></span> <span class='ocrx_word' id='word_1_366' title='bbox 3057 2226 3129 2280; x_wconf 87' lang='lat' dir='ltr'><strong>de</strong></span> <span class='ocrx_word' id='word_1_367' title='bbox 3174 2230 3323 2281; x_wconf 87' lang='lat' dir='ltr'><strong>terra</strong></span> <span class='ocrx_word' id='word_1_368' title='bbox 3358 2237 3511 2293; x_wconf 85' lang='lat' dir='ltr'><strong>super</strong></span> <span class='ocrx_word' id='word_1_369' title='bbox 3537 2220 3674 2282; x_wconf 82' lang='lat' dir='ltr'><strong>illum,</strong></span> 
     </span>
    </p>
   </div>
   <div class='ocr_carea' id='block_1_51' title="bbox 2158 2311 3676 2390">
    <p class='ocr_par' dir='ltr' id='par_1_51' title="bbox 2158 2311 3676 2390">
     <span class='ocr_line' id='line_1_51' title="bbox 2158 2311 3676 2390; baseline -0.009 -13"><span class='ocrx_word' id='word_1_370' title='bbox 2158 2338 2223 2377; x_wconf 90' lang='lat' dir='ltr'><strong>su</strong></span> <span class='ocrx_word' id='word_1_371' title='bbox 2231 2320 2452 2390; x_wconf 78' lang='lat' dir='ltr'><strong>bjungit</strong></span> <span class='ocrx_word' id='word_1_372' title='bbox 2463 2320 2567 2375; x_wconf 86' lang='lat' dir='ltr'><strong>has</strong></span> <span class='ocrx_word' id='word_1_373' title='bbox 2585 2318 2844 2373; x_wconf 86' lang='lat' dir='ltr'><strong>collectas</strong></span> <span class='ocrx_word' id='word_1_374' title='bbox 2869 2330 2880 2364; x_wconf 76' lang='grc' dir='ltr'>ε</span> <span class='ocrx_word' id='word_1_375' title='bbox 2906 2317 3135 2374; x_wconf 76' lang='lat' dir='ltr'><strong>Oremus</strong></span> <span class='ocrx_word' id='word_1_376' title='bbox 3149 2360 3162 2373; x_wconf 91' lang='lat'><strong>.</strong></span> <span class='ocrx_word' id='word_1_377' title='bbox 3176 2316 3386 2371; x_wconf 79' lang='lat' dir='ltr'><strong>Fratres</strong></span> <span class='ocrx_word' id='word_1_378' title='bbox 3403 2311 3676 2367; x_wconf 69' lang='lat' dir='ltr'><strong>charissim.</strong></span> 
     </span>
    </p>
   </div>
   <div class='ocr_carea' id='block_1_52' title="bbox 2160 2405 3435 2480">
    <p class='ocr_par' dir='ltr' id='par_1_52' title="bbox 2160 2405 3435 2480">
     <span class='ocr_line' id='line_1_52' title="bbox 2160 2405 3435 2480; baseline -0.006 -15"><span class='ocrx_word' id='word_1_379' title='bbox 2160 2415 2260 2480; x_wconf 85' lang='lat' dir='ltr'><strong>qui</strong></span> <span class='ocrx_word' id='word_1_380' title='bbox 2276 2412 2469 2478; x_wconf 83' lang='lat' dir='ltr'><strong>justis.</strong></span> <span class='ocrx_word' id='word_1_381' title='bbox 2504 2409 2755 2466; x_wconf 77' lang='lat' dir='ltr'><strong>Oebitum</strong></span> <span class='ocrx_word' id='word_1_382' title='bbox 2784 2407 3041 2461; x_wconf 85' lang='lat' dir='ltr'><strong>humani.</strong></span> <span class='ocrx_word' id='word_1_383' title='bbox 3080 2405 3435 2461; x_wconf 63' lang='lat' dir='ltr'><strong>Temeritatis.</strong></span> 
     </span>
    </p>
   </div>
   <div class='ocr_carea' id='block_1_53' title="bbox 2229 2489 3682 2565">
    <p class='ocr_par' dir='ltr' id='par_1_53' title="bbox 2229 2489 3682 2565">
     <span class='ocr_line' id='line_1_53' title="bbox 2229 2489 3682 2565; baseline -0.011 -9"><span class='ocrx_word' id='word_1_384' title='bbox 2229 2499 2445 2564; x_wconf 89' lang='lat' dir='ltr'><strong>Quibus</strong></span> <span class='ocrx_word' id='word_1_385' title='bbox 2474 2497 2651 2553; x_wconf 76' lang='lat' dir='ltr'><strong>[initis</strong></span> <span class='ocrx_word' id='word_1_386' title='bbox 2696 2494 2963 2551; x_wconf 85' lang='lat' dir='ltr'><strong>recedunt</strong></span> <span class='ocrx_word' id='word_1_387' title='bbox 3002 2510 3038 2549; x_wconf 87' lang='lat' dir='ltr'><strong>a</strong></span> <span class='ocrx_word' id='word_1_388' title='bbox 3077 2493 3372 2565; x_wconf 83' lang='lat' dir='ltr'><strong>sepulchro</strong></span> <span class='ocrx_word' id='word_1_389' title='bbox 3408 2489 3552 2546; x_wconf 84' lang='lat' dir='ltr'><strong>simul</strong></span> <span class='ocrx_word' id='word_1_390' title='bbox 3586 2502 3682 2543; x_wconf 82' lang='lat' dir='ltr'><strong>cum</strong></span> 
     </span>
    </p>
   </div>
   <div class='ocr_carea' id='block_1_54' title="bbox 2163 2580 3684 2658">
    <p class='ocr_par' dir='ltr' id='par_1_54' title="bbox 2163 2580 3684 2658">
     <span class='ocr_line' id='line_1_54' title="bbox 2163 2580 3684 2658; baseline -0.011 -12"><span class='ocrx_word' id='word_1_391' title='bbox 2163 2605 2345 2652; x_wconf 85' lang='lat' dir='ltr'><strong>cruce,</strong></span> <span class='ocrx_word' id='word_1_392' title='bbox 2374 2595 2433 2643; x_wconf 90' lang='lat' dir='ltr'><strong>et</strong></span> <span class='ocrx_word' id='word_1_393' title='bbox 2462 2586 2774 2658; x_wconf 86' lang='lat' dir='ltr'><strong>procedunt</strong></span> <span class='ocrx_word' id='word_1_394' title='bbox 2799 2590 2932 2640; x_wconf 80' lang='lat' dir='ltr'><strong>ante</strong></span> <span class='ocrx_word' id='word_1_395' title='bbox 2953 2584 3228 2654; x_wconf 78' lang='lat' dir='ltr'><strong>capellam</strong></span> <span class='ocrx_word' id='word_1_396' title='bbox 3260 2583 3314 2636; x_wconf 90' lang='lat' dir='ltr'><strong>in</strong></span> <span class='ocrx_word' id='word_1_397' title='bbox 3348 2580 3514 2649; x_wconf 80' lang='lat' dir='ltr'><strong>medio</strong></span> <span class='ocrx_word' id='word_1_398' title='bbox 3537 2592 3684 2633; x_wconf 69' lang='lat' dir='ltr'><strong>aeme-</strong></span> 
     </span>
    </p>
   </div>
   <div class='ocr_carea' id='block_1_55' title="bbox 2163 2666 3688 2746">
    <p class='ocr_par' dir='ltr' id='par_1_55' title="bbox 2163 2666 3688 2746">
     <span class='ocr_line' id='line_1_55' title="bbox 2163 2666 3688 2746; baseline -0.011 -10"><span class='ocrx_word' id='word_1_399' title='bbox 2163 2680 2312 2743; x_wconf 79' lang='lat' dir='ltr'><strong>terii,</strong></span> <span class='ocrx_word' id='word_1_400' title='bbox 2338 2677 2420 2734; x_wconf 87' lang='lat' dir='ltr'><strong>ibi</strong></span> <span class='ocrx_word' id='word_1_401' title='bbox 2448 2676 2556 2732; x_wconf 89' lang='lat' dir='ltr'><strong>sub</strong></span> <span class='ocrx_word' id='word_1_402' title='bbox 2585 2675 2810 2731; x_wconf 82' lang='lat' dir='ltr'><strong>silentio</strong></span> <span class='ocrx_word' id='word_1_403' title='bbox 2839 2673 3131 2746; x_wconf 61' lang='lat' dir='ltr'><strong>praemissa</strong></span> <span class='ocrx_word' id='word_1_404' title='bbox 3176 2672 3422 2729; x_wconf 78' lang='lat' dir='ltr'><strong>oratione</strong></span> <span class='ocrx_word' id='word_1_405' title='bbox 3457 2666 3688 2725; x_wconf 79' lang='lat' dir='ltr'><strong>Dominica</strong></span> 
     </span>
    </p>
   </div>
   <div class='ocr_carea' id='block_1_56' title="bbox 2154 2759 3688 2825">
    <p class='ocr_par' dir='ltr' id='par_1_56' title="bbox 2154 2759 3688 2825">
     <span class='ocr_line' id='line_1_56' title="bbox 2154 2759 3688 2825; baseline -0.011 0"><span class='ocrx_word' id='word_1_406' title='bbox 2154 2767 2505 2825; x_wconf 82' lang='lat' dir='ltr'><strong>subinfertur</strong></span> <span class='ocrx_word' id='word_1_407' title='bbox 2535 2779 2546 2814; x_wconf 77' lang='grc' dir='ltr'>ε</span> <span class='ocrx_word' id='word_1_408' title='bbox 2579 2767 2645 2823; x_wconf 75' lang='lat' dir='ltr'><strong>Et</strong></span> <span class='ocrx_word' id='word_1_409' title='bbox 2672 2782 2738 2819; x_wconf 81' lang='lat' dir='ltr'><strong>ne</strong></span> <span class='ocrx_word' id='word_1_410' title='bbox 2764 2781 2875 2819; x_wconf 69' lang='lat' dir='ltr'><strong>nos.</strong></span> <span class='ocrx_word' id='word_1_411' title='bbox 2908 2764 3138 2818; x_wconf 67' lang='lat' dir='ltr'><strong>Versus.</strong></span> <span class='ocrx_word' id='word_1_412' title='bbox 3165 2764 3245 2819; x_wconf 73' lang='lat' dir='ltr'><strong>Nc</strong></span> <span class='ocrx_word' id='word_1_413' title='bbox 3266 2765 3448 2819; x_wconf 76' lang='lat' dir='ltr'><strong>intres.</strong></span> <span class='ocrx_word' id='word_1_414' title='bbox 3475 2759 3688 2815; x_wconf 82' lang='lat' dir='ltr'><strong>Dominus</strong></span> 
     </span>
    </p>
   </div>
   <div class='ocr_carea' id='block_1_57' title="bbox 2163 2844 3690 2919">
    <p class='ocr_par' dir='ltr' id='par_1_57' title="bbox 2163 2844 3690 2919">
     <span class='ocr_line' id='line_1_57' title="bbox 2163 2844 3690 2919; baseline -0.009 -7"><span class='ocrx_word' id='word_1_415' title='bbox 2163 2860 2459 2917; x_wconf 81' lang='lat' dir='ltr'><strong>vobiscum.</strong></span> <span class='ocrx_word' id='word_1_416' title='bbox 2494 2856 2617 2911; x_wconf 81' lang='lat' dir='ltr'><strong>Tibi</strong></span> <span class='ocrx_word' id='word_1_417' title='bbox 2645 2857 2869 2911; x_wconf 76' lang='lat' dir='ltr'><strong>Domine</strong></span> <span class='ocrx_word' id='word_1_418' title='bbox 2888 2847 3531 2919; x_wconf 76' lang='lat' dir='ltr'><strong>commemlamus.Cereis</strong></span> <span class='ocrx_word' id='word_1_419' title='bbox 3552 2844 3690 2900; x_wconf 78' lang='lat' dir='ltr'><strong>extin-</strong></span> 
     </span>
    </p>
   </div>
   <div class='ocr_carea' id='block_1_58' title="bbox 2164 2935 3691 3015">
    <p class='ocr_par' dir='ltr' id='par_1_58' title="bbox 2164 2935 3691 3015">
     <span class='ocr_line' id='line_1_58' title="bbox 2164 2935 3691 3015; baseline -0.01 -15"><span class='ocrx_word' id='word_1_420' title='bbox 2164 2947 2269 3000; x_wconf 86' lang='lat' dir='ltr'><strong>ctis</strong></span> <span class='ocrx_word' id='word_1_421' title='bbox 2309 2945 2566 3015; x_wconf 86' lang='lat' dir='ltr'><strong>sequitur</strong></span> <span class='ocrx_word' id='word_1_422' title='bbox 2621 2943 2758 3014; x_wconf 78' lang='lat' dir='ltr'><strong>psel.</strong></span> <span class='ocrx_word' id='word_1_423' title='bbox 2798 2943 3037 2997; x_wconf 81' lang='lat' dir='ltr'><strong>Laudate</strong></span> <span class='ocrx_word' id='word_1_424' title='bbox 3087 2957 3288 3000; x_wconf 84' lang='lat' dir='ltr'><strong>rursus</strong></span> <span class='ocrx_word' id='word_1_425' title='bbox 3334 2955 3453 2998; x_wconf 84' lang='lat' dir='ltr'><strong>cum</strong></span> <span class='ocrx_word' id='word_1_426' title='bbox 3490 2935 3691 2993; x_wconf 69' lang='lat' dir='ltr'><strong>omnem:</strong></span> 
     </span>
    </p>
   </div>
   <div class='ocr_carea' id='block_1_59' title="bbox 482 3027 3691 3103">
    <p class='ocr_par' dir='ltr' id='par_1_59' title="bbox 482 3027 3691 3103">
     <span class='ocr_line' id='line_1_59' title="bbox 482 3027 3691 3103; baseline -0.002 -18"><span class='ocrx_word' id='word_1_427' title='bbox 482 3033 584 3100; x_wconf 82' lang='lat' dir='ltr'><strong>qui</strong></span> <span class='ocrx_word' id='word_1_428' title='bbox 637 3031 934 3087; x_wconf 76' lang='lat' dir='ltr'><strong>hominem.</strong></span> <span class='ocrx_word' id='word_1_429' title='bbox 985 3032 1215 3085; x_wconf 80' lang='lat' dir='ltr'><strong>Domine</strong></span> <span class='ocrx_word' id='word_1_430' title='bbox 1268 3034 1393 3085; x_wconf 77' lang='lat' dir='ltr'><strong>Jesu</strong></span> <span class='ocrx_word' id='word_1_431' title='bbox 1451 3033 1677 3087; x_wconf 79' lang='lat' dir='ltr'><strong>Christe.</strong></span> <span class='ocrx_word' id='word_1_432' title='bbox 1728 3033 1852 3096; x_wconf 85' lang='lat' dir='ltr'><strong>Qua</strong></span> <span class='ocrx_word' id='word_1_433' title='bbox 1895 3034 2135 3103; x_wconf 51' lang='lat' dir='ltr'><strong>ﬁnita,“</strong></span> <span class='ocrx_word' id='word_1_434' title='bbox 2162 3035 2473 3091; x_wconf 86' lang='lat' dir='ltr'><strong>Dominica.</strong></span> <span class='ocrx_word' id='word_1_435' title='bbox 2504 3034 2753 3088; x_wconf 80' lang='lat' dir='ltr'><strong>Versus:</strong></span> <span class='ocrx_word' id='word_1_436' title='bbox 2784 3035 2825 3103; x_wconf 69' lang='grc' dir='ltr'><em>Α</em></span> <span class='ocrx_word' id='word_1_437' title='bbox 2872 3038 3053 3100; x_wconf 78' lang='lat' dir='ltr'><strong>porto.</strong></span> <span class='ocrx_word' id='word_1_438' title='bbox 3094 3031 3345 3099; x_wconf 84' lang='lat' dir='ltr'><strong>Collecta</strong></span> <span class='ocrx_word' id='word_1_439' title='bbox 3384 3029 3550 3083; x_wconf 78' lang='lat' dir='ltr'><strong>:Deus</strong></span> <span class='ocrx_word' id='word_1_440' title='bbox 3571 3027 3691 3091; x_wconf 73' lang='lat' dir='ltr'><strong>cujus</strong></span> 
     </span>
    </p>
   </div>
   <div class='ocr_carea' id='block_1_60' title="bbox 486 3114 2071 3193">
    <p class='ocr_par' dir='ltr' id='par_1_60' title="bbox 486 3114 2071 3193">
     <span class='ocr_line' id='line_1_60' title="bbox 486 3114 2071 3193; baseline 0.003 -20"><span class='ocrx_word' id='word_1_441' title='bbox 486 3114 807 3192; x_wconf 80' lang='lat' dir='ltr'><strong>aspergitur</strong></span> <span class='ocrx_word' id='word_1_442' title='bbox 819 3136 967 3192; x_wconf 88' lang='lat' dir='ltr'><strong>aqua</strong></span> <span class='ocrx_word' id='word_1_443' title='bbox 986 3120 1297 3186; x_wconf 78' lang='lat' dir='ltr'><strong>benedicta,</strong></span> <span class='ocrx_word' id='word_1_444' title='bbox 1314 3128 1369 3176; x_wconf 85' lang='lat' dir='ltr'><strong>et</strong></span> <span class='ocrx_word' id='word_1_445' title='bbox 1400 3123 1657 3193; x_wconf 83' lang='lat' dir='ltr'><strong>sequitur</strong></span> <span class='ocrx_word' id='word_1_446' title='bbox 1671 3124 1779 3176; x_wconf 83' lang='lat' dir='ltr'><strong>ista</strong></span> <span class='ocrx_word' id='word_1_447' title='bbox 1800 3124 2032 3177; x_wconf 86' lang='lat' dir='ltr'><strong>collecta</strong></span> <span class='ocrx_word' id='word_1_448' title='bbox 2061 3143 2071 3177; x_wconf 88' lang='lat'><strong>:</strong></span> 
     </span>
    </p>
   </div>
   <div class='ocr_carea' id='block_1_61' title="bbox 487 3210 2085 3280">
    <p class='ocr_par' dir='ltr' id='par_1_61' title="bbox 487 3210 2085 3280">
     <span class='ocr_line' id='line_1_61' title="bbox 487 3210 2085 3280; baseline 0.003 -17"><span class='ocrx_word' id='word_1_449' title='bbox 487 3210 807 3276; x_wconf 73' lang='lat' dir='ltr'><strong>Ine/rabilis,</strong></span> <span class='ocrx_word' id='word_1_450' title='bbox 834 3216 891 3263; x_wconf 91' lang='lat' dir='ltr'><strong>et</strong></span> <span class='ocrx_word' id='word_1_451' title='bbox 914 3210 1019 3263; x_wconf 92' lang='lat' dir='ltr'><strong>hoc</strong></span> <span class='ocrx_word' id='word_1_452' title='bbox 1046 3211 1233 3280; x_wconf 83' lang='lat' dir='ltr'><strong>agitur</strong></span> <span class='ocrx_word' id='word_1_453' title='bbox 1256 3212 1403 3265; x_wconf 90' lang='lat' dir='ltr'><strong>infra</strong></span> <span class='ocrx_word' id='word_1_454' title='bbox 1435 3229 1705 3266; x_wconf 87' lang='lat' dir='ltr'><strong>canonem</strong></span> <span class='ocrx_word' id='word_1_455' title='bbox 1734 3214 2085 3268; x_wconf 84' lang='lat' dir='ltr'><strong>matutinalis</strong></span> 
     </span>
    </p>
   </div>
   <div class='ocr_carea' id='block_1_62' title="bbox 486 3298 688 3352">
    <p class='ocr_par' dir='ltr' id='par_1_62' title="bbox 486 3298 688 3352">
     <span class='ocr_line' id='line_1_62' title="bbox 486 3298 688 3352; baseline 0 0"><span class='ocrx_word' id='word_1_456' title='bbox 486 3298 688 3352; x_wconf 62' lang='lat' dir='ltr'><strong>misse.</strong></span> 
     </span>
    </p>
   </div>
   <div class='ocr_carea' id='block_1_63' title="bbox 1057 3388 1514 3444">
    <p class='ocr_par' dir='ltr' id='par_1_63' title="bbox 1057 3388 1514 3444">
     <span class='ocr_line' id='line_1_63' title="bbox 1057 3388 1514 3444; baseline 0.002 -2"><span class='ocrx_word' id='word_1_457' title='bbox 1057 3388 1290 3443; x_wconf 77' lang='lat' dir='ltr'>CAPUT</span> <span class='ocrx_word' id='word_1_458' title='bbox 1326 3389 1514 3444; x_wconf 71' lang='lat' dir='ltr'><strong>LXVI.</strong></span> 
     </span>
    </p>
   </div>
   <div class='ocr_carea' id='block_1_64' title="bbox 810 3478 1761 3547">
    <p class='ocr_par' dir='ltr' id='par_1_64' title="bbox 810 3478 1761 3547">
     <span class='ocr_line' id='line_1_64' title="bbox 810 3478 1761 3547; baseline 0.003 -18"><span class='ocrx_word' id='word_1_459' title='bbox 810 3478 1084 3543; x_wconf 80' lang='lat' dir='ltr'><strong>Quomodo</strong></span> <span class='ocrx_word' id='word_1_460' title='bbox 1112 3482 1161 3530; x_wconf 82' lang='lat' dir='ltr'><strong>et</strong></span> <span class='ocrx_word' id='word_1_461' title='bbox 1196 3479 1419 3546; x_wconf 83' lang='lat' dir='ltr'><strong>quando</strong></span> <span class='ocrx_word' id='word_1_462' title='bbox 1447 3482 1761 3547; x_wconf 69' lang='lat' dir='ltr'><strong>sepeliatur.</strong></span> 
     </span>
    </p>
   </div>
   <div class='ocr_carea' id='block_1_65' title="bbox 562 3564 2086 3640">
    <p class='ocr_par' dir='ltr' id='par_1_65' title="bbox 562 3564 2086 3640">
     <span class='ocr_line' id='line_1_65' title="bbox 562 3564 2086 3640; baseline 0.004 -22"><span class='ocrx_word' id='word_1_463' title='bbox 562 3566 583 3604; x_wconf 68' lang='grc' dir='ltr'><strong><em>τ</em></strong></span> <span class='ocrx_word' id='word_1_464' title='bbox 619 3564 804 3619; x_wconf 81' lang='lat' dir='ltr'><strong>Finito</strong></span> <span class='ocrx_word' id='word_1_465' title='bbox 831 3566 1098 3636; x_wconf 86' lang='lat' dir='ltr'><strong>capitulo,</strong></span> <span class='ocrx_word' id='word_1_466' title='bbox 1145 3574 1202 3620; x_wconf 87' lang='lat' dir='ltr'><strong>et</strong></span> <span class='ocrx_word' id='word_1_467' title='bbox 1243 3567 1292 3620; x_wconf 89' lang='lat' dir='ltr'><strong>si</strong></span> <span class='ocrx_word' id='word_1_468' title='bbox 1341 3567 1469 3621; x_wconf 89' lang='lat' dir='ltr'><strong>talis</strong></span> <span class='ocrx_word' id='word_1_469' title='bbox 1509 3575 1596 3622; x_wconf 91' lang='lat' dir='ltr'><strong>est</strong></span> <span class='ocrx_word' id='word_1_470' title='bbox 1641 3569 1783 3631; x_wconf 85' lang='lat' dir='ltr'><strong>dies,</strong></span> <span class='ocrx_word' id='word_1_471' title='bbox 1821 3586 2086 3640; x_wconf 88' lang='lat' dir='ltr'><strong>percussa</strong></span> 
     </span>
    </p>
   </div>
   <div class='ocr_carea' id='block_1_66' title="bbox 488 3652 2085 3729">
    <p class='ocr_par' dir='ltr' id='par_1_66' title="bbox 488 3652 2085 3729">
     <span class='ocr_line' id='line_1_66' title="bbox 488 3652 2085 3729; baseline 0.003 -20"><span class='ocrx_word' id='word_1_472' title='bbox 488 3652 701 3717; x_wconf 86' lang='lat' dir='ltr'><strong>tabula,</strong></span> <span class='ocrx_word' id='word_1_473' title='bbox 728 3654 881 3725; x_wconf 89' lang='lat' dir='ltr'><strong>prior</strong></span> <span class='ocrx_word' id='word_1_474' title='bbox 900 3671 1075 3708; x_wconf 91' lang='lat' dir='ltr'><strong>unum</strong></span> <span class='ocrx_word' id='word_1_475' title='bbox 1091 3656 1161 3709; x_wconf 90' lang='lat' dir='ltr'><strong>de</strong></span> <span class='ocrx_word' id='word_1_476' title='bbox 1174 3656 1479 3725; x_wconf 85' lang='lat' dir='ltr'><strong>majoribus</strong></span> <span class='ocrx_word' id='word_1_477' title='bbox 1494 3657 1667 3727; x_wconf 83' lang='lat' dir='ltr'><strong>signis</strong></span> <span class='ocrx_word' id='word_1_478' title='bbox 1677 3658 2085 3729; x_wconf 81' lang='lat' dir='ltr'><strong>aliquantulum</strong></span> 
     </span>
    </p>
   </div>
   <div class='ocr_carea' id='block_1_67' title="bbox 492 3744 2086 3815">
    <p class='ocr_par' dir='ltr' id='par_1_67' title="bbox 492 3744 2086 3815">
     <span class='ocr_line' id='line_1_67' title="bbox 492 3744 2086 3815; baseline 0.007 -24"><span class='ocrx_word' id='word_1_479' title='bbox 492 3759 594 3813; x_wconf 74' lang='lat' dir='ltr'><strong>per</strong></span> <span class='ocrx_word' id='word_1_480' title='bbox 622 3749 738 3797; x_wconf 87' lang='lat' dir='ltr'><strong>tres</strong></span> <span class='ocrx_word' id='word_1_481' title='bbox 767 3744 913 3797; x_wconf 87' lang='lat' dir='ltr'><strong>vices</strong></span> <span class='ocrx_word' id='word_1_482' title='bbox 941 3744 1162 3813; x_wconf 85' lang='lat' dir='ltr'><strong>tangit:</strong></span> <span class='ocrx_word' id='word_1_483' title='bbox 1199 3745 1538 3799; x_wconf 63' lang='lat' dir='ltr'><strong>conveniunt</strong></span> <span class='ocrx_word' id='word_1_484' title='bbox 1582 3746 1803 3815; x_wconf 77' lang='lat' dir='ltr'><strong>fratres,</strong></span> <span class='ocrx_word' id='word_1_485' title='bbox 1846 3755 1904 3802; x_wconf 87' lang='lat' dir='ltr'><strong>et</strong></span> <span class='ocrx_word' id='word_1_486' title='bbox 1942 3750 2086 3802; x_wconf 83' lang='lat' dir='ltr'><strong>cerei</strong></span> 
     </span>
    </p>
   </div>
   <div class='ocr_carea' id='block_1_68' title="bbox 492 3825 2087 3903">
    <p class='ocr_par' dir='ltr' id='par_1_68' title="bbox 492 3825 2087 3903">
     <span class='ocr_line' id='line_1_68' title="bbox 492 3825 2087 3903; baseline 0.003 -18"><span class='ocrx_word' id='word_1_487' title='bbox 492 3825 596 3903; x_wconf 72' lang='lat' dir='ltr'><strong>per</strong></span> <span class='ocrx_word' id='word_1_488' title='bbox 612 3828 871 3887; x_wconf 79' lang='lat' dir='ltr'><strong>Custodes</strong></span> <span class='ocrx_word' id='word_1_489' title='bbox 883 3832 1126 3886; x_wconf 64' lang='lat' dir='ltr'><strong>ecclesia</strong></span> <span class='ocrx_word' id='word_1_490' title='bbox 1146 3833 1380 3903; x_wconf 82' lang='lat' dir='ltr'><strong>singulis</strong></span> <span class='ocrx_word' id='word_1_491' title='bbox 1399 3834 1831 3903; x_wconf 80' lang='lat' dir='ltr'><strong>distribuuntur.</strong></span> <span class='ocrx_word' id='word_1_492' title='bbox 1846 3836 2087 3891; x_wconf 83' lang='lat' dir='ltr'><strong>inﬁrmis</strong></span> 
     </span>
    </p>
   </div>
   <div class='ocr_carea' id='block_1_69' title="bbox 494 3921 2088 3993">
    <p class='ocr_par' dir='ltr' id='par_1_69' title="bbox 494 3921 2088 3993">
     <span class='ocr_line' id='line_1_69' title="bbox 494 3921 2088 3993; baseline 0.005 -20"><span class='ocrx_word' id='word_1_493' title='bbox 494 3936 717 3991; x_wconf 88' lang='lat' dir='ltr'><strong>quoque</strong></span> <span class='ocrx_word' id='word_1_494' title='bbox 743 3926 875 3974; x_wconf 86' lang='lat' dir='ltr'><strong>ante</strong></span> <span class='ocrx_word' id='word_1_495' title='bbox 906 3921 988 3974; x_wconf 89' lang='lat' dir='ltr'><strong>vel</strong></span> <span class='ocrx_word' id='word_1_496' title='bbox 1009 3927 1165 3975; x_wconf 83' lang='lat' dir='ltr'><strong>extra</strong></span> <span class='ocrx_word' id='word_1_497' title='bbox 1183 3923 1451 3993; x_wconf 60' lang='lat' dir='ltr'><strong>capellam</strong></span> <span class='ocrx_word' id='word_1_498' title='bbox 1475 3923 1773 3978; x_wconf 75' lang='lat' dir='ltr'><strong>stantibus.</strong></span> <span class='ocrx_word' id='word_1_499' title='bbox 1795 3925 2088 3990; x_wconf 86' lang='lat' dir='ltr'><strong>Sacerdos,</strong></span> 
     </span>
    </p>
   </div>
   <div class='ocr_carea' id='block_1_70' title="bbox 496 4008 2087 4083">
    <p class='ocr_par' dir='ltr' id='par_1_70' title="bbox 496 4008 2087 4083">
     <span class='ocr_line' id='line_1_70' title="bbox 496 4008 2087 4083; baseline 0.005 -21"><span class='ocrx_word' id='word_1_500' title='bbox 496 4010 593 4081; x_wconf 91' lang='lat' dir='ltr'><strong>qui</strong></span> <span class='ocrx_word' id='word_1_501' title='bbox 622 4008 868 4080; x_wconf 84' lang='lat' dir='ltr'><strong>priorem</strong></span> <span class='ocrx_word' id='word_1_502' title='bbox 892 4010 1119 4063; x_wconf 85' lang='lat' dir='ltr'><strong>missam</strong></span> <span class='ocrx_word' id='word_1_503' title='bbox 1142 4012 1385 4065; x_wconf 85' lang='lat' dir='ltr'><strong>cantavit</strong></span> <span class='ocrx_word' id='word_1_504' title='bbox 1403 4014 1724 4083; x_wconf 86' lang='lat' dir='ltr'><strong>sepulturus</strong></span> <span class='ocrx_word' id='word_1_505' title='bbox 1743 4014 2087 4081; x_wconf 88' lang='lat' dir='ltr'><strong>defunctum,</strong></span> 
     </span>
    </p>
   </div>
   <div class='ocr_carea' id='block_1_71' title="bbox 496 4094 2088 4173">
    <p class='ocr_par' dir='ltr' id='par_1_71' title="bbox 496 4094 2088 4173">
     <span class='ocr_line' id='line_1_71' title="bbox 496 4094 2088 4173; baseline 0.003 -20"><span class='ocrx_word' id='word_1_506' title='bbox 496 4094 731 4153; x_wconf 84' lang='lat' dir='ltr'><strong>indutus</strong></span> <span class='ocrx_word' id='word_1_507' title='bbox 769 4105 857 4157; x_wconf 83' lang='lat' dir='ltr'><strong>est</strong></span> <span class='ocrx_word' id='word_1_508' title='bbox 881 4098 1027 4164; x_wconf 86' lang='lat' dir='ltr'><strong>alba,</strong></span> <span class='ocrx_word' id='word_1_509' title='bbox 1049 4100 1118 4153; x_wconf 88' lang='lat' dir='ltr'><strong>ad</strong></span> <span class='ocrx_word' id='word_1_510' title='bbox 1142 4100 1247 4153; x_wconf 87' lang='lat' dir='ltr'><strong>hoc</strong></span> <span class='ocrx_word' id='word_1_511' title='bbox 1276 4107 1495 4155; x_wconf 86' lang='lat' dir='ltr'><strong>tantum</strong></span> <span class='ocrx_word' id='word_1_512' title='bbox 1527 4103 1816 4173; x_wconf 86' lang='lat' dir='ltr'><strong>deputata,</strong></span> <span class='ocrx_word' id='word_1_513' title='bbox 1842 4112 1899 4157; x_wconf 88' lang='lat' dir='ltr'><strong>et</strong></span> <span class='ocrx_word' id='word_1_514' title='bbox 1926 4105 2088 4159; x_wconf 88' lang='lat' dir='ltr'><strong>stola.</strong></span> 
     </span>
    </p>
   </div>
   <div class='ocr_carea' id='block_1_72' title="bbox 495 4188 2083 4262">
    <p class='ocr_par' dir='ltr' id='par_1_72' title="bbox 495 4188 2083 4262">
     <span class='ocr_line' id='line_1_72' title="bbox 495 4188 2083 4262; baseline 0.006 -20"><span class='ocrx_word' id='word_1_515' title='bbox 495 4188 787 4243; x_wconf 76' lang='lat' dir='ltr'><strong>Armarius</strong></span> <span class='ocrx_word' id='word_1_516' title='bbox 812 4190 988 4247; x_wconf 79' lang='lat' dir='ltr'><strong>accito</strong></span> <span class='ocrx_word' id='word_1_517' title='bbox 1037 4189 1146 4242; x_wconf 89' lang='lat' dir='ltr'><strong>alio</strong></span> <span class='ocrx_word' id='word_1_518' title='bbox 1195 4189 1368 4244; x_wconf 77' lang='lat' dir='ltr'><strong>fratre</strong></span> <span class='ocrx_word' id='word_1_519' title='bbox 1416 4191 1613 4262; x_wconf 87' lang='lat' dir='ltr'><strong>incipit</strong></span> <span class='ocrx_word' id='word_1_520' title='bbox 1662 4194 1829 4261; x_wconf 71' lang='lat' dir='ltr'><strong>li&#39;yrie</strong></span> <span class='ocrx_word' id='word_1_521' title='bbox 1859 4196 2083 4251; x_wconf 78' lang='lat' dir='ltr'><strong>sleison.</strong></span> 
     </span>
    </p>
   </div>
   <div class='ocr_carea' id='block_1_73' title="bbox 499 4279 2091 4351">
    <p class='ocr_par' dir='ltr' id='par_1_73' title="bbox 499 4279 2091 4351">
     <span class='ocr_line' id='line_1_73' title="bbox 499 4279 2091 4351; baseline 0.003 -18"><span class='ocrx_word' id='word_1_522' title='bbox 499 4279 710 4333; x_wconf 77' lang='lat' dir='ltr'><strong>Christe</strong></span> <span class='ocrx_word' id='word_1_523' title='bbox 737 4281 956 4331; x_wconf 78' lang='lat' dir='ltr'><strong>cteison.</strong></span> <span class='ocrx_word' id='word_1_524' title='bbox 992 4279 1159 4346; x_wconf 75' lang='lat' dir='ltr'><strong>Kyrie</strong></span> <span class='ocrx_word' id='word_1_525' title='bbox 1182 4280 1401 4333; x_wconf 78' lang='lat' dir='ltr'><strong>cleison.</strong></span> <span class='ocrx_word' id='word_1_526' title='bbox 1440 4281 1524 4334; x_wconf 85' lang='lat' dir='ltr'><strong>Ad</strong></span> <span class='ocrx_word' id='word_1_527' title='bbox 1565 4281 1709 4351; x_wconf 87' lang='lat' dir='ltr'><strong>quod</strong></span> <span class='ocrx_word' id='word_1_528' title='bbox 1741 4299 1867 4335; x_wconf 89' lang='lat' dir='ltr'><strong>cum</strong></span> <span class='ocrx_word' id='word_1_529' title='bbox 1895 4299 2091 4339; x_wconf 88' lang='lat' dir='ltr'><strong>omnes</strong></span> 
     </span>
    </p>
   </div>
   <div class='ocr_carea' id='block_1_74' title="bbox 2169 3121 3692 3193">
    <p class='ocr_par' dir='ltr' id='par_1_74' title="bbox 2169 3121 3692 3193">
     <span class='ocr_line' id='line_1_74' title="bbox 2169 3121 3692 3193; baseline -0.009 -14"><span class='ocrx_word' id='word_1_530' title='bbox 2169 3126 2565 3179; x_wconf 66' lang='lat' dir='ltr'><strong>misericordia.</strong></span> <span class='ocrx_word' id='word_1_531' title='bbox 2593 3123 2762 3177; x_wconf 86' lang='lat' dir='ltr'><strong>Facta</strong></span> <span class='ocrx_word' id='word_1_532' title='bbox 2780 3121 3437 3193; x_wconf 69' lang='lat' dir='ltr'><strong>inclinatiopeconsueta,</strong></span> <span class='ocrx_word' id='word_1_533' title='bbox 3452 3123 3504 3171; x_wconf 88' lang='lat' dir='ltr'><strong>et</strong></span> <span class='ocrx_word' id='word_1_534' title='bbox 3525 3122 3692 3185; x_wconf 81' lang='lat' dir='ltr'><strong>septem</strong></span> 
     </span>
    </p>
   </div>
   <div class='ocr_carea' id='block_1_75' title="bbox 2166 3202 3695 3287">
    <p class='ocr_par' dir='ltr' id='par_1_75' title="bbox 2166 3202 3695 3287">
     <span class='ocr_line' id='line_1_75' title="bbox 2166 3202 3695 3287; baseline -0.008 -18"><span class='ocrx_word' id='word_1_535' title='bbox 2166 3214 2398 3287; x_wconf 78' lang='lat' dir='ltr'><strong>psalmis</strong></span> <span class='ocrx_word' id='word_1_536' title='bbox 2427 3212 2725 3283; x_wconf 83' lang='lat' dir='ltr'><strong>impositis,</strong></span> <span class='ocrx_word' id='word_1_537' title='bbox 2757 3211 2994 3275; x_wconf 84' lang='lat' dir='ltr'><strong>reditur,</strong></span> <span class='ocrx_word' id='word_1_538' title='bbox 3044 3216 3105 3265; x_wconf 89' lang='lat' dir='ltr'><strong>et</strong></span> <span class='ocrx_word' id='word_1_539' title='bbox 3150 3211 3252 3275; x_wconf 88' lang='lat' dir='ltr'><strong>ita,</strong></span> <span class='ocrx_word' id='word_1_540' title='bbox 3291 3208 3493 3280; x_wconf 83' lang='lat' dir='ltr'><strong>priores</strong></span> <span class='ocrx_word' id='word_1_541' title='bbox 3522 3221 3579 3259; x_wconf 73' lang='lat' dir='ltr'><strong>ea</strong></span> <span class='ocrx_word' id='word_1_542' title='bbox 3609 3202 3695 3256; x_wconf 81' lang='lat' dir='ltr'><strong>rice</strong></span> 
     </span>
    </p>
   </div>
   <div class='ocr_carea' id='block_1_76' title="bbox 2167 3299 3699 3371">
    <p class='ocr_par' dir='ltr' id='par_1_76' title="bbox 2167 3299 3699 3371">
     <span class='ocr_line' id='line_1_76' title="bbox 2167 3299 3699 3371; baseline -0.006 -13"><span class='ocrx_word' id='word_1_543' title='bbox 2167 3306 2338 3359; x_wconf 88' lang='lat' dir='ltr'><strong>etiam</strong></span> <span class='ocrx_word' id='word_1_544' title='bbox 2368 3304 2483 3358; x_wconf 89' lang='lat' dir='ltr'><strong>sint</strong></span> <span class='ocrx_word' id='word_1_545' title='bbox 2505 3302 2837 3367; x_wconf 87' lang='lat' dir='ltr'><strong>anteriores,</strong></span> <span class='ocrx_word' id='word_1_546' title='bbox 2857 3300 3170 3371; x_wconf 55' lang='lat' dir='ltr'><strong>cadentque</strong></span> <span class='ocrx_word' id='word_1_547' title='bbox 3197 3299 3393 3355; x_wconf 82' lang='lat' dir='ltr'><strong>ordine</strong></span> <span class='ocrx_word' id='word_1_548' title='bbox 3415 3312 3529 3352; x_wconf 86' lang='lat' dir='ltr'><strong>cum</strong></span> <span class='ocrx_word' id='word_1_549' title='bbox 3555 3307 3699 3364; x_wconf 77' lang='lat' dir='ltr'><strong>pene-</strong></span> 
     </span>
    </p>
   </div>
   <div class='ocr_carea' id='block_1_77' title="bbox 2167 3380 3696 3461">
    <p class='ocr_par' dir='ltr' id='par_1_77' title="bbox 2167 3380 3696 3461">
     <span class='ocr_line' id='line_1_77' title="bbox 2167 3380 3696 3461; baseline -0.008 -12"><span class='ocrx_word' id='word_1_550' title='bbox 2167 3393 2425 3449; x_wconf 81' lang='lat' dir='ltr'><strong>nerintin</strong></span> <span class='ocrx_word' id='word_1_551' title='bbox 2437 3393 2691 3455; x_wconf 87' lang='lat' dir='ltr'><strong>chorum,</strong></span> <span class='ocrx_word' id='word_1_552' title='bbox 2724 3395 3092 3461; x_wconf 84' lang='lat' dir='ltr'><strong>prosternunt</strong></span> <span class='ocrx_word' id='word_1_553' title='bbox 3101 3406 3185 3455; x_wconf 86' lang='lat' dir='ltr'><strong>se,</strong></span> <span class='ocrx_word' id='word_1_554' title='bbox 3202 3405 3331 3444; x_wconf 84' lang='lat' dir='ltr'><strong>cum</strong></span> <span class='ocrx_word' id='word_1_555' title='bbox 3356 3387 3481 3458; x_wconf 86' lang='lat' dir='ltr'><strong>ipsis</strong></span> <span class='ocrx_word' id='word_1_556' title='bbox 3499 3380 3696 3455; x_wconf 78' lang='lat' dir='ltr'><strong>psalmis.</strong></span> 
     </span>
    </p>
   </div>
   <div class='ocr_carea' id='block_1_78' title="bbox 2168 3470 3701 3554">
    <p class='ocr_par' dir='ltr' id='par_1_78' title="bbox 2168 3470 3701 3554">
     <span class='ocr_line' id='line_1_78' title="bbox 2168 3470 3701 3554; baseline -0.008 -18"><span class='ocrx_word' id='word_1_557' title='bbox 2168 3499 2309 3554; x_wconf 87' lang='lat' dir='ltr'><strong>quos</strong></span> <span class='ocrx_word' id='word_1_558' title='bbox 2338 3482 2598 3536; x_wconf 80' lang='lat' dir='ltr'><strong>sacerdos</strong></span> <span class='ocrx_word' id='word_1_559' title='bbox 2622 3481 2740 3550; x_wconf 88' lang='lat' dir='ltr'><strong>jam</strong></span> <span class='ocrx_word' id='word_1_560' title='bbox 2773 3478 2899 3534; x_wconf 84' lang='lat' dir='ltr'><strong>alba</strong></span> <span class='ocrx_word' id='word_1_561' title='bbox 2930 3485 2987 3534; x_wconf 85' lang='lat' dir='ltr'><strong>et</strong></span> <span class='ocrx_word' id='word_1_562' title='bbox 3010 3478 3155 3535; x_wconf 85' lang='lat' dir='ltr'><strong>stola</strong></span> <span class='ocrx_word' id='word_1_563' title='bbox 3178 3482 3381 3535; x_wconf 84' lang='lat' dir='ltr'><strong>exutus</strong></span> <span class='ocrx_word' id='word_1_564' title='bbox 3422 3472 3605 3529; x_wconf 86' lang='lat' dir='ltr'><strong>claudit</strong></span> <span class='ocrx_word' id='word_1_565' title='bbox 3624 3470 3701 3523; x_wconf 74' lang='lat' dir='ltr'><strong>hac</strong></span> 
     </span>
    </p>
   </div>
   <div class='ocr_carea' id='block_1_79' title="bbox 2169 3566 3702 3633">
    <p class='ocr_par' dir='ltr' id='par_1_79' title="bbox 2169 3566 3702 3633">
     <span class='ocr_line' id='line_1_79' title="bbox 2169 3566 3702 3633; baseline -0.011 -7"><span class='ocrx_word' id='word_1_566' title='bbox 2169 3573 2401 3626; x_wconf 87' lang='lat' dir='ltr'><strong>collecta</strong></span> <span class='ocrx_word' id='word_1_567' title='bbox 2430 3589 2443 3623; x_wconf 89' lang='lat'><strong>:</strong></span> <span class='ocrx_word' id='word_1_568' title='bbox 2477 3570 2700 3626; x_wconf 75' lang='lat' dir='ltr'><strong>Absolve</strong></span> <span class='ocrx_word' id='word_1_569' title='bbox 2728 3570 2961 3633; x_wconf 69' lang='lat' dir='ltr'><strong>nomine</strong></span> <span class='ocrx_word' id='word_1_570' title='bbox 2978 3571 3261 3631; x_wconf 73' lang='lat' dir='ltr'><strong>animum,</strong></span> <span class='ocrx_word' id='word_1_571' title='bbox 3291 3566 3581 3632; x_wconf 81' lang='lat' dir='ltr'><strong>ubicunque</strong></span> <span class='ocrx_word' id='word_1_572' title='bbox 3604 3566 3702 3612; x_wconf 86' lang='lat' dir='ltr'><strong>tunc</strong></span> 
     </span>
    </p>
   </div>
   <div class='ocr_carea' id='block_1_80' title="bbox 2168 3651 3704 3731">
    <p class='ocr_par' dir='ltr' id='par_1_80' title="bbox 2168 3651 3704 3731">
     <span class='ocr_line' id='line_1_80' title="bbox 2168 3651 3704 3731; baseline -0.008 -16"><span class='ocrx_word' id='word_1_573' title='bbox 2168 3668 2485 3731; x_wconf 81' lang='lat' dir='ltr'><strong>prostratus</strong></span> <span class='ocrx_word' id='word_1_574' title='bbox 2511 3658 2771 3729; x_wconf 83' lang='lat' dir='ltr'><strong>jacuerit.</strong></span> <span class='ocrx_word' id='word_1_575' title='bbox 2816 3658 2968 3729; x_wconf 84' lang='lat' dir='ltr'><strong>Quos</strong></span> <span class='ocrx_word' id='word_1_576' title='bbox 3005 3658 3182 3714; x_wconf 83' lang='lat' dir='ltr'><strong>etiam</strong></span> <span class='ocrx_word' id='word_1_577' title='bbox 3225 3655 3432 3721; x_wconf 72' lang='lat' dir='ltr'><strong>infirmi</strong></span> <span class='ocrx_word' id='word_1_578' title='bbox 3466 3651 3704 3723; x_wconf 77' lang='lat' dir='ltr'><strong>incipiente</strong></span> 
     </span>
    </p>
   </div>
   <div class='ocr_carea' id='block_1_81' title="bbox 2168 3742 3702 3815">
    <p class='ocr_par' dir='ltr' id='par_1_81' title="bbox 2168 3742 3702 3815">
     <span class='ocr_line' id='line_1_81' title="bbox 2168 3742 3702 3815; baseline -0.008 -12"><span class='ocrx_word' id='word_1_579' title='bbox 2168 3754 2445 3803; x_wconf 84' lang='lat' dir='ltr'><strong>&#39;conventu</strong></span> <span class='ocrx_word' id='word_1_580' title='bbox 2468 3746 2736 3802; x_wconf 77' lang='lat' dir='ltr'><strong>inchoent</strong></span> <span class='ocrx_word' id='word_1_581' title='bbox 2764 3760 2830 3797; x_wconf 87' lang='lat' dir='ltr'><strong>ac</strong></span> <span class='ocrx_word' id='word_1_582' title='bbox 2854 3742 3120 3815; x_wconf 82' lang='lat' dir='ltr'><strong>prostrati</strong></span> <span class='ocrx_word' id='word_1_583' title='bbox 3150 3743 3585 3811; x_wconf 79' lang='lat' dir='ltr'><strong>cantant.Signa,</strong></span> <span class='ocrx_word' id='word_1_584' title='bbox 3612 3750 3702 3805; x_wconf 68' lang='lat' dir='ltr'><strong>quae</strong></span> 
     </span>
    </p>
   </div>
   <div class='ocr_carea' id='block_1_82' title="bbox 2167 3829 3703 3904">
    <p class='ocr_par' dir='ltr' id='par_1_82' title="bbox 2167 3829 3703 3904">
     <span class='ocr_line' id='line_1_82' title="bbox 2167 3829 3703 3904; baseline -0.008 -13"><span class='ocrx_word' id='word_1_585' title='bbox 2167 3837 2495 3893; x_wconf 83' lang='lat' dir='ltr'><strong>defunctum</strong></span> <span class='ocrx_word' id='word_1_586' title='bbox 2524 3835 2804 3891; x_wconf 71' lang='lat' dir='ltr'><strong>efferendo</strong></span> <span class='ocrx_word' id='word_1_587' title='bbox 2831 3834 3023 3890; x_wconf 87' lang='lat' dir='ltr'><strong>statim</strong></span> <span class='ocrx_word' id='word_1_588' title='bbox 3073 3833 3295 3904; x_wconf 80' lang='lat' dir='ltr'><strong>pulsari</strong></span> <span class='ocrx_word' id='word_1_589' title='bbox 3328 3837 3459 3892; x_wconf 78' lang='lat' dir='ltr'><strong>sunt</strong></span> <span class='ocrx_word' id='word_1_590' title='bbox 3480 3829 3703 3887; x_wconf 72' lang='lat' dir='ltr'><strong>inchoata.</strong></span> 
     </span>
    </p>
   </div>
   <div class='ocr_carea' id='block_1_83' title="bbox 2172 3913 3705 3996">
    <p class='ocr_par' dir='ltr' id='par_1_83' title="bbox 2172 3913 3705 3996">
     <span class='ocr_line' id='line_1_83' title="bbox 2172 3913 3705 3996; baseline -0.009 -15"><span class='ocrx_word' id='word_1_591' title='bbox 2172 3941 2283 3981; x_wconf 86' lang='lat' dir='ltr'><strong>non</strong></span> <span class='ocrx_word' id='word_1_592' title='bbox 2309 3925 2465 3996; x_wconf 88' lang='lat' dir='ltr'><strong>prius</strong></span> <span class='ocrx_word' id='word_1_593' title='bbox 2492 3924 2852 3987; x_wconf 88' lang='lat' dir='ltr'><strong>omittuntur,</strong></span> <span class='ocrx_word' id='word_1_594' title='bbox 2878 3938 3049 3993; x_wconf 89' lang='lat' dir='ltr'><strong>quam</strong></span> <span class='ocrx_word' id='word_1_595' title='bbox 3080 3923 3358 3983; x_wconf 80' lang='lat' dir='ltr'><strong>feretrum</strong></span> <span class='ocrx_word' id='word_1_596' title='bbox 3386 3935 3540 3991; x_wconf 85' lang='lat' dir='ltr'><strong>super</strong></span> <span class='ocrx_word' id='word_1_597' title='bbox 3561 3913 3705 3986; x_wconf 82' lang='lat' dir='ltr'><strong>sepul-</strong></span> 
     </span>
    </p>
   </div>
   <div class='ocr_carea' id='block_1_84' title="bbox 2174 4008 3708 4085">
    <p class='ocr_par' dir='ltr' id='par_1_84' title="bbox 2174 4008 3708 4085">
     <span class='ocr_line' id='line_1_84' title="bbox 2174 4008 3708 4085; baseline -0.006 -16"><span class='ocrx_word' id='word_1_598' title='bbox 2174 4016 2372 4069; x_wconf 87' lang='lat' dir='ltr'><strong>chrum</strong></span> <span class='ocrx_word' id='word_1_599' title='bbox 2411 4013 2655 4085; x_wconf 88' lang='lat' dir='ltr'><strong>ponitur.</strong></span> <span class='ocrx_word' id='word_1_600' title='bbox 2702 4012 2990 4070; x_wconf 83' lang='lat' dir='ltr'><strong>Feretrum</strong></span> <span class='ocrx_word' id='word_1_601' title='bbox 3022 4026 3149 4065; x_wconf 86' lang='lat' dir='ltr'><strong>mox</strong></span> <span class='ocrx_word' id='word_1_602' title='bbox 3185 4017 3314 4083; x_wconf 88' lang='lat' dir='ltr'><strong>post</strong></span> <span class='ocrx_word' id='word_1_603' title='bbox 3360 4008 3708 4081; x_wconf 79' lang='lat' dir='ltr'><strong>sepulturama</strong></span> 
     </span>
    </p>
   </div>
   <div class='ocr_carea' id='block_1_85' title="bbox 2173 4100 3708 4172">
    <p class='ocr_par' dir='ltr' id='par_1_85' title="bbox 2173 4100 3708 4172">
     <span class='ocr_line' id='line_1_85' title="bbox 2173 4100 3708 4172; baseline -0.01 -13"><span class='ocrx_word' id='word_1_604' title='bbox 2173 4104 2402 4159; x_wconf 89' lang='lat' dir='ltr'><strong>famulis</strong></span> <span class='ocrx_word' id='word_1_605' title='bbox 2430 4101 2723 4157; x_wconf 85' lang='lat' dir='ltr'><strong>infirmarii</strong></span> <span class='ocrx_word' id='word_1_606' title='bbox 2754 4101 2810 4159; x_wconf 87' lang='lat' dir='ltr'><strong>in</strong></span> <span class='ocrx_word' id='word_1_607' title='bbox 2835 4100 3154 4172; x_wconf 65' lang='lat' dir='ltr'><strong>praedictam</strong></span> <span class='ocrx_word' id='word_1_608' title='bbox 3189 4101 3477 4159; x_wconf 66' lang='lat' dir='ltr'><strong>aediculam</strong></span> <span class='ocrx_word' id='word_1_609' title='bbox 3515 4101 3708 4167; x_wconf 71' lang='lat' dir='ltr'><strong>reporta-</strong></span> 
     </span>
    </p>
   </div>
   <div class='ocr_carea' id='block_1_86' title="bbox 2174 4185 3707 4265">
    <p class='ocr_par' dir='ltr' id='par_1_86' title="bbox 2174 4185 3707 4265">
     <span class='ocr_line' id='line_1_86' title="bbox 2174 4185 3707 4265; baseline -0.008 -18"><span class='ocrx_word' id='word_1_610' title='bbox 2174 4200 2287 4256; x_wconf 80' lang='lat' dir='ltr'><strong>tur.</strong></span> <span class='ocrx_word' id='word_1_611' title='bbox 2320 4200 2384 4265; x_wconf 80' lang='lat' dir='ltr'><strong>ut</strong></span> <span class='ocrx_word' id='word_1_612' title='bbox 2406 4192 2522 4247; x_wconf 90' lang='lat' dir='ltr'><strong>illic</strong></span> <span class='ocrx_word' id='word_1_613' title='bbox 2546 4190 2777 4261; x_wconf 74' lang='lat' dir='ltr'><strong>iugiter,</strong></span> <span class='ocrx_word' id='word_1_614' title='bbox 2830 4205 2958 4251; x_wconf 84' lang='lat' dir='ltr'><strong>cum</strong></span> <span class='ocrx_word' id='word_1_615' title='bbox 3001 4205 3142 4260; x_wconf 89' lang='lat' dir='ltr'><strong>opus</strong></span> <span class='ocrx_word' id='word_1_616' title='bbox 3188 4189 3382 4253; x_wconf 83' lang='lat' dir='ltr'><strong>fuerit,</strong></span> <span class='ocrx_word' id='word_1_617' title='bbox 3431 4185 3707 4245; x_wconf 74' lang='lat' dir='ltr'><strong>inveniatur.</strong></span> 
     </span>
    </p>
   </div>
   <div class='ocr_carea' id='block_1_87' title="bbox 2245 4275 3713 4357">
    <p class='ocr_par' dir='ltr' id='par_1_87' title="bbox 2245 4275 3713 4357">
     <span class='ocr_line' id='line_1_87' title="bbox 2245 4275 3713 4357; baseline -0.007 -22"><span class='ocrx_word' id='word_1_618' title='bbox 2245 4284 2411 4352; x_wconf 73' lang='grc' dir='ltr'><strong>(ναν.)</strong></span> <span class='ocrx_word' id='word_1_619' title='bbox 2435 4280 2667 4351; x_wconf 88' lang='lat' dir='ltr'><strong>Ipsodie</strong></span> <span class='ocrx_word' id='word_1_620' title='bbox 2697 4296 2806 4350; x_wconf 89' lang='lat' dir='ltr'><strong>quo</strong></span> <span class='ocrx_word' id='word_1_621' title='bbox 2835 4278 3437 4357; x_wconf 82' lang='lat' dir='ltr'><strong>defunctussepelitur.</strong></span> <span class='ocrx_word' id='word_1_622' title='bbox 3460 4275 3713 4331; x_wconf 86' lang='lat' dir='ltr'><strong>sibiscom-</strong></span> 
     </span>
    </p>
   </div>
   <div class='ocr_carea' id='block_1_88' title="bbox 494 4333 3717 4447">
    <p class='ocr_par' dir='ltr' id='par_1_88' title="bbox 494 4333 3717 4447">
     <span class='ocr_line' id='line_1_88' title="bbox 494 4333 3717 4447; baseline 0 -27"><span class='ocrx_word' id='word_1_623' title='bbox 494 4360 761 4421; x_wconf 84' lang='lat' dir='ltr'><strong>similiter</strong></span> <span class='ocrx_word' id='word_1_624' title='bbox 796 4333 1206 4438; x_wconf 58' lang='lat' dir='ltr'><strong>responderint,</strong></span> <span class='ocrx_word' id='word_1_625' title='bbox 1246 4333 1596 4423; x_wconf 49' lang='lat' dir='ltr'><strong>submittunt:</strong></span> <span class='ocrx_word' id='word_1_626' title='bbox 1610 4333 1707 4423; x_wconf 61' lang='lat' dir='ltr'><strong>se</strong></span> <span class='ocrx_word' id='word_1_627' title='bbox 2109 4333 2156 4403; x_wconf 68' lang='grc' dir='ltr'>Β</span> <span class='ocrx_word' id='word_1_628' title='bbox 2176 4333 2382 4437; x_wconf 84' lang='lat' dir='ltr'><strong>editur,</strong></span> <span class='ocrx_word' id='word_1_629' title='bbox 2398 4333 2669 4441; x_wconf 74' lang='lat' dir='ltr'><strong>quidquid</strong></span> <span class='ocrx_word' id='word_1_630' title='bbox 2697 4333 2762 4424; x_wconf 65' lang='lat' dir='ltr'><strong>ad</strong></span> <span class='ocrx_word' id='word_1_631' title='bbox 2790 4344 3006 4427; x_wconf 75' lang='lat' dir='ltr'><strong>coenam</strong></span> <span class='ocrx_word' id='word_1_632' title='bbox 3035 4333 3317 4438; x_wconf 48' lang='lat' dir='ltr'><strong>panis’rel</strong></span> <span class='ocrx_word' id='word_1_633' title='bbox 3361 4372 3517 4447; x_wconf 80' lang='lat' dir='ltr'><strong>potus</strong></span> <span class='ocrx_word' id='word_1_634' title='bbox 3538 4373 3717 4447; x_wconf 64' lang='lat' dir='ltr'><strong>reme</strong></span> 
     </span>
    </p>
   </div>
   <div class='ocr_carea' id='block_1_89' title="bbox 498 4455 2094 4530">
    <p class='ocr_par' dir='ltr' id='par_1_89' title="bbox 498 4455 2094 4530">
     <span class='ocr_line' id='line_1_89' title="bbox 498 4455 2094 4530; baseline 0.003 -20"><span class='ocrx_word' id='word_1_635' title='bbox 498 4456 812 4513; x_wconf 81' lang='lat' dir='ltr'><strong>orationem</strong></span> <span class='ocrx_word' id='word_1_636' title='bbox 842 4455 1214 4520; x_wconf 88' lang='lat' dir='ltr'><strong>Dominicam,</strong></span> <span class='ocrx_word' id='word_1_637' title='bbox 1260 4462 1318 4510; x_wconf 90' lang='lat' dir='ltr'><strong>et</strong></span> <span class='ocrx_word' id='word_1_638' title='bbox 1349 4458 1609 4511; x_wconf 89' lang='lat' dir='ltr'><strong>sacerdos</strong></span> <span class='ocrx_word' id='word_1_639' title='bbox 1638 4457 1848 4530; x_wconf 81' lang='lat' dir='ltr'><strong>absque</strong></span> <span class='ocrx_word' id='word_1_640' title='bbox 1877 4461 2094 4514; x_wconf 86' lang='lat' dir='ltr'><strong>saluta-</strong></span> 
     </span>
    </p>
   </div>
   <div class='ocr_carea' id='block_1_90' title="bbox 499 4543 2093 4617">
    <p class='ocr_par' dir='ltr' id='par_1_90' title="bbox 499 4543 2093 4617">
     <span class='ocr_line' id='line_1_90' title="bbox 499 4543 2093 4617; baseline 0.004 -20"><span class='ocrx_word' id='word_1_641' title='bbox 499 4543 655 4597; x_wconf 88' lang='lat' dir='ltr'><strong>tione</strong></span> <span class='ocrx_word' id='word_1_642' title='bbox 682 4544 819 4597; x_wconf 91' lang='lat' dir='ltr'><strong>dicit</strong></span> <span class='ocrx_word' id='word_1_643' title='bbox 842 4545 945 4597; x_wconf 82' lang='lat' dir='ltr'><strong>has</strong></span> <span class='ocrx_word' id='word_1_644' title='bbox 975 4545 1236 4599; x_wconf 87' lang='lat' dir='ltr'><strong>collectas</strong></span> <span class='ocrx_word' id='word_1_645' title='bbox 1262 4564 1273 4597; x_wconf 88' lang='lat'><strong>:</strong></span> <span class='ocrx_word' id='word_1_646' title='bbox 1306 4548 1385 4600; x_wconf 78' lang='lat' dir='ltr'><strong>Ne</strong></span> <span class='ocrx_word' id='word_1_647' title='bbox 1416 4549 1606 4600; x_wconf 69' lang='lat' dir='ltr'><strong>intres.</strong></span> <span class='ocrx_word' id='word_1_648' title='bbox 1639 4549 1745 4615; x_wconf 72' lang='lat' dir='ltr'><strong>Fac</strong></span> <span class='ocrx_word' id='word_1_649' title='bbox 1781 4565 2093 4617; x_wconf 64' lang='lat' dir='ltr'><strong>quassamus</strong></span> 
     </span>
    </p>
   </div>
   <div class='ocr_carea' id='block_1_91' title="bbox 500 4632 2087 4707">
    <p class='ocr_par' dir='ltr' id='par_1_91' title="bbox 500 4632 2087 4707">
     <span class='ocr_line' id='line_1_91' title="bbox 500 4632 2087 4707; baseline 0.005 -21"><span class='ocrx_word' id='word_1_650' title='bbox 500 4632 750 4691; x_wconf 73' lang='lat' dir='ltr'><strong>Domino.</strong></span> <span class='ocrx_word' id='word_1_651' title='bbox 803 4635 1025 4687; x_wconf 81' lang='lat' dir='ltr'><strong>Inctina</strong></span> <span class='ocrx_word' id='word_1_652' title='bbox 1071 4634 1230 4687; x_wconf 76' lang='lat' dir='ltr'><strong>Deus.</strong></span> <span class='ocrx_word' id='word_1_653' title='bbox 1273 4636 1626 4690; x_wconf 69' lang='lat' dir='ltr'><strong>Praamittens</strong></span> <span class='ocrx_word' id='word_1_654' title='bbox 1669 4637 1741 4691; x_wconf 88' lang='lat' dir='ltr'><strong>ad</strong></span> <span class='ocrx_word' id='word_1_655' title='bbox 1794 4637 2087 4707; x_wconf 82' lang='lat' dir='ltr'><strong>singulas:</strong></span> 
     </span>
    </p>
   </div>
   <div class='ocr_carea' id='block_1_92' title="bbox 503 4720 2093 4796">
    <p class='ocr_par' dir='ltr' id='par_1_92' title="bbox 503 4720 2093 4796">
     <span class='ocr_line' id='line_1_92' title="bbox 503 4720 2093 4796; baseline 0.005 -22"><span class='ocrx_word' id='word_1_656' title='bbox 503 4721 751 4775; x_wconf 76' lang='lat' dir='ltr'><strong>Oremus.</strong></span> <span class='ocrx_word' id='word_1_657' title='bbox 784 4720 999 4785; x_wconf 82' lang='lat' dir='ltr'><strong>Quibus</strong></span> <span class='ocrx_word' id='word_1_658' title='bbox 1017 4721 1327 4793; x_wconf 89' lang='lat' dir='ltr'><strong>imponitur</strong></span> <span class='ocrx_word' id='word_1_659' title='bbox 1358 4725 1774 4796; x_wconf 81' lang='lat' dir='ltr'><strong>responsorium</strong></span> <span class='ocrx_word' id='word_1_660' title='bbox 1806 4725 1852 4782; x_wconf 88' lang='lat' dir='ltr'><strong>l.</strong></span> <span class='ocrx_word' id='word_1_661' title='bbox 1890 4730 2093 4782; x_wconf 81' lang='lat' dir='ltr'><strong>Induta</strong></span> 
     </span>
    </p>
   </div>
   <div class='ocr_carea' id='block_1_93' title="bbox 500 4809 2092 4883">
    <p class='ocr_par' dir='ltr' id='par_1_93' title="bbox 500 4809 2092 4883">
     <span class='ocr_line' id='line_1_93' title="bbox 500 4809 2092 4883; baseline 0.006 -20"><span class='ocrx_word' id='word_1_662' title='bbox 500 4815 595 4863; x_wconf 79' lang='lat' dir='ltr'><strong>est.</strong></span> <span class='ocrx_word' id='word_1_663' title='bbox 626 4809 681 4866; x_wconf 77' lang='lat'><strong>2.</strong></span> <span class='ocrx_word' id='word_1_664' title='bbox 710 4810 831 4866; x_wconf 82' lang='lat' dir='ltr'><strong>Scio</strong></span> <span class='ocrx_word' id='word_1_665' title='bbox 861 4812 1114 4869; x_wconf 74' lang='lat' dir='ltr'><strong>Domine.</strong></span> <span class='ocrx_word' id='word_1_666' title='bbox 1146 4810 1197 4867; x_wconf 84' lang='lat'><strong>3.</strong></span> <span class='ocrx_word' id='word_1_667' title='bbox 1232 4815 1427 4866; x_wconf 79' lang='lat' dir='ltr'><strong>Libera</strong></span> <span class='ocrx_word' id='word_1_668' title='bbox 1458 4831 1541 4868; x_wconf 83' lang='lat' dir='ltr'><strong>me</strong></span> <span class='ocrx_word' id='word_1_669' title='bbox 1571 4816 1820 4883; x_wconf 70' lang='lat' dir='ltr'><strong>Domine.</strong></span> <span class='ocrx_word' id='word_1_670' title='bbox 1855 4817 2092 4872; x_wconf 85' lang='lat' dir='ltr'><strong>Versum</strong></span> 
     </span>
    </p>
   </div>
   <div class='ocr_carea' id='block_1_94' title="bbox 497 4900 2095 4976">
    <p class='ocr_par' dir='ltr' id='par_1_94' title="bbox 497 4900 2095 4976">
     <span class='ocr_line' id='line_1_94' title="bbox 497 4900 2095 4976; baseline 0.004 -24"><span class='ocrx_word' id='word_1_671' title='bbox 497 4904 692 4953; x_wconf 85' lang='lat' dir='ltr'><strong>cantat</strong></span> <span class='ocrx_word' id='word_1_672' title='bbox 718 4900 998 4953; x_wconf 86' lang='lat' dir='ltr'><strong>armarius</strong></span> <span class='ocrx_word' id='word_1_673' title='bbox 1040 4915 1168 4954; x_wconf 84' lang='lat' dir='ltr'><strong>cum</strong></span> <span class='ocrx_word' id='word_1_674' title='bbox 1213 4901 1325 4955; x_wconf 83' lang='lat' dir='ltr'><strong>alio</strong></span> <span class='ocrx_word' id='word_1_675' title='bbox 1366 4901 1558 4969; x_wconf 79' lang='lat' dir='ltr'><strong>fratre,</strong></span> <span class='ocrx_word' id='word_1_676' title='bbox 1598 4909 1663 4959; x_wconf 89' lang='lat' dir='ltr'><strong>ut</strong></span> <span class='ocrx_word' id='word_1_677' title='bbox 1708 4921 1882 4976; x_wconf 86' lang='lat' dir='ltr'><strong>supra</strong></span> <span class='ocrx_word' id='word_1_678' title='bbox 1926 4907 2095 4975; x_wconf 77' lang='lat' dir='ltr'><strong>Kyrie</strong></span> 
     </span>
    </p>
   </div>
   <div class='ocr_carea' id='block_1_95' title="bbox 498 4991 715 5043">
    <p class='ocr_par' dir='ltr' id='par_1_95' title="bbox 498 4991 715 5043">
     <span class='ocr_line' id='line_1_95' title="bbox 498 4991 715 5043; baseline 0.005 -2"><span class='ocrx_word' id='word_1_679' title='bbox 498 4991 715 5043; x_wconf 72' lang='lat' dir='ltr'><strong>cleison.</strong></span> 
     </span>
    </p>
   </div>
   <div class='ocr_carea' id='block_1_96' title="bbox 570 5078 2095 5155">
    <p class='ocr_par' dir='ltr' id='par_1_96' title="bbox 570 5078 2095 5155">
     <span class='ocr_line' id='line_1_96' title="bbox 570 5078 2095 5155; baseline 0.005 -24"><span class='ocrx_word' id='word_1_680' title='bbox 570 5078 842 5142; x_wconf 82' lang='lat' dir='ltr'><strong>Quotiens</strong></span> <span class='ocrx_word' id='word_1_681' title='bbox 862 5078 1116 5133; x_wconf 87' lang='lat' dir='ltr'><strong>incensat</strong></span> <span class='ocrx_word' id='word_1_682' title='bbox 1136 5080 1317 5133; x_wconf 86' lang='lat' dir='ltr'><strong>altare</strong></span> <span class='ocrx_word' id='word_1_683' title='bbox 1330 5080 1655 5152; x_wconf 77' lang='lat' dir='ltr'><strong>principale,</strong></span> <span class='ocrx_word' id='word_1_684' title='bbox 1669 5082 1879 5137; x_wconf 86' lang='lat' dir='ltr'><strong>totiens</strong></span> <span class='ocrx_word' id='word_1_685' title='bbox 1893 5100 2095 5155; x_wconf 88' lang='lat' dir='ltr'><strong>corpus</strong></span> 
     </span>
    </p>
   </div>
   <div class='ocr_carea' id='block_1_97' title="bbox 498 5167 2092 5242">
    <p class='ocr_par' dir='ltr' id='par_1_97' title="bbox 498 5167 2092 5242">
     <span class='ocr_line' id='line_1_97' title="bbox 498 5167 2092 5242; baseline 0.004 -22"><span class='ocrx_word' id='word_1_686' title='bbox 498 5167 750 5222; x_wconf 72' lang='lat' dir='ltr'><strong>defuncti</strong></span> <span class='ocrx_word' id='word_1_687' title='bbox 777 5183 1000 5222; x_wconf 88' lang='lat' dir='ltr'><strong>crucem</strong></span> <span class='ocrx_word' id='word_1_688' title='bbox 1026 5169 1267 5241; x_wconf 82' lang='lat' dir='ltr'><strong>desuper</strong></span> <span class='ocrx_word' id='word_1_689' title='bbox 1313 5170 1540 5225; x_wconf 76' lang='lat' dir='ltr'><strong>faciens.</strong></span> <span class='ocrx_word' id='word_1_690' title='bbox 1592 5172 1912 5242; x_wconf 87' lang='lat' dir='ltr'><strong>Imponitur</strong></span> <span class='ocrx_word' id='word_1_691' title='bbox 1939 5174 2092 5227; x_wconf 84' lang='lat' dir='ltr'><strong>anti-</strong></span> 
     </span>
    </p>
   </div>
   <div class='ocr_carea' id='block_1_98' title="bbox 498 5257 2094 5332">
    <p class='ocr_par' dir='ltr' id='par_1_98' title="bbox 498 5257 2094 5332">
     <span class='ocr_line' id='line_1_98' title="bbox 498 5257 2094 5332; baseline 0.004 -23"><span class='ocrx_word' id='word_1_692' title='bbox 498 5257 686 5328; x_wconf 65' lang='lat' dir='ltr'><strong>pliona</strong></span> <span class='ocrx_word' id='word_1_693' title='bbox 708 5273 836 5311; x_wconf 90' lang='lat' dir='ltr'><strong>cum</strong></span> <span class='ocrx_word' id='word_1_694' title='bbox 852 5258 1065 5325; x_wconf 87' lang='lat' dir='ltr'><strong>psalmo</strong></span> <span class='ocrx_word' id='word_1_695' title='bbox 1081 5261 1482 5329; x_wconf 67' lang='lat' dir='ltr'><strong>mtuagesimo.</strong></span> <span class='ocrx_word' id='word_1_696' title='bbox 1506 5262 1570 5314; x_wconf 81' lang='lat' dir='ltr'><strong>In</strong></span> <span class='ocrx_word' id='word_1_697' title='bbox 1600 5260 1706 5314; x_wconf 88' lang='lat' dir='ltr'><strong>hac</strong></span> <span class='ocrx_word' id='word_1_698' title='bbox 1742 5263 2094 5332; x_wconf 89' lang='lat' dir='ltr'><strong>processione</strong></span> 
     </span>
    </p>
   </div>
   <div class='ocr_carea' id='block_1_99' title="bbox 497 5345 2091 5421">
    <p class='ocr_par' dir='ltr' id='par_1_99' title="bbox 497 5345 2091 5421">
     <span class='ocr_line' id='line_1_99' title="bbox 497 5345 2091 5421; baseline 0.005 -24"><span class='ocrx_word' id='word_1_699' title='bbox 497 5346 742 5415; x_wconf 86' lang='lat' dir='ltr'><strong>primum</strong></span> <span class='ocrx_word' id='word_1_700' title='bbox 791 5362 939 5416; x_wconf 78' lang='lat' dir='ltr'><strong>aqua</strong></span> <span class='ocrx_word' id='word_1_701' title='bbox 983 5345 1290 5410; x_wconf 84' lang='lat' dir='ltr'><strong>benedicta,</strong></span> <span class='ocrx_word' id='word_1_702' title='bbox 1340 5347 1626 5402; x_wconf 87' lang='lat' dir='ltr'><strong>incensum</strong></span> <span class='ocrx_word' id='word_1_703' title='bbox 1677 5356 1733 5403; x_wconf 91' lang='lat' dir='ltr'><strong>et</strong></span> <span class='ocrx_word' id='word_1_704' title='bbox 1784 5367 1916 5404; x_wconf 82' lang='lat' dir='ltr'><strong>crux</strong></span> <span class='ocrx_word' id='word_1_705' title='bbox 1966 5368 2091 5421; x_wconf 80' lang='lat' dir='ltr'><strong>cum</strong></span> 
     </span>
    </p>
   </div>
   <div class='ocr_carea' id='block_1_100' title="bbox 496 5435 2092 5505">
    <p class='ocr_par' dir='ltr' id='par_1_100' title="bbox 496 5435 2092 5505">
     <span class='ocr_line' id='line_1_100' title="bbox 496 5435 2092 5505; baseline 0.004 -18"><span class='ocrx_word' id='word_1_706' title='bbox 496 5435 714 5489; x_wconf 74' lang='lat' dir='ltr'><strong>duobus</strong></span> <span class='ocrx_word' id='word_1_707' title='bbox 743 5435 1091 5488; x_wconf 86' lang='lat' dir='ltr'><strong>candelabris</strong></span> <span class='ocrx_word' id='word_1_708' title='bbox 1120 5436 1265 5499; x_wconf 82' lang='lat' dir='ltr'><strong>aliis,</strong></span> <span class='ocrx_word' id='word_1_709' title='bbox 1295 5438 1515 5491; x_wconf 83' lang='lat' dir='ltr'><strong>noviter</strong></span> <span class='ocrx_word' id='word_1_710' title='bbox 1542 5438 1610 5505; x_wconf 85' lang='lat' dir='ltr'><strong>de</strong></span> <span class='ocrx_word' id='word_1_711' title='bbox 1638 5440 1870 5492; x_wconf 80' lang='lat' dir='ltr'><strong>ecclesia</strong></span> <span class='ocrx_word' id='word_1_712' title='bbox 1906 5440 2092 5495; x_wconf 85' lang='lat' dir='ltr'><strong>allatis</strong></span> 
     </span>
    </p>
   </div>
   <div class='ocr_carea' id='block_1_101' title="bbox 495 5525 2092 5598">
    <p class='ocr_par' dir='ltr' id='par_1_101' title="bbox 495 5525 2092 5598">
     <span class='ocr_line' id='line_1_101' title="bbox 495 5525 2092 5598; baseline 0.003 -22"><span class='ocrx_word' id='word_1_713' title='bbox 495 5530 812 5593; x_wconf 84' lang='lat' dir='ltr'><strong>portantur,</strong></span> <span class='ocrx_word' id='word_1_714' title='bbox 845 5525 1133 5577; x_wconf 80' lang='lat' dir='ltr'><strong>sacerdote</strong></span> <span class='ocrx_word' id='word_1_715' title='bbox 1162 5532 1220 5578; x_wconf 89' lang='lat' dir='ltr'><strong>et</strong></span> <span class='ocrx_word' id='word_1_716' title='bbox 1247 5527 1491 5583; x_wconf 85' lang='lat' dir='ltr'><strong>armario</strong></span> <span class='ocrx_word' id='word_1_717' title='bbox 1538 5528 1918 5597; x_wconf 88' lang='lat' dir='ltr'><strong>sequentibus,</strong></span> <span class='ocrx_word' id='word_1_718' title='bbox 1952 5545 2092 5598; x_wconf 79' lang='lat' dir='ltr'><strong>quos</strong></span> 
     </span>
    </p>
   </div>
   <div class='ocr_carea' id='block_1_102' title="bbox 492 5613 2091 5688">
    <p class='ocr_par' dir='ltr' id='par_1_102' title="bbox 492 5613 2091 5688">
     <span class='ocr_line' id='line_1_102' title="bbox 492 5613 2091 5688; baseline 0.005 -25"><span class='ocrx_word' id='word_1_719' title='bbox 492 5616 808 5681; x_wconf 83' lang='lat' dir='ltr'><strong>sequuntur</strong></span> <span class='ocrx_word' id='word_1_720' title='bbox 828 5613 1021 5667; x_wconf 86' lang='lat' dir='ltr'><strong>novitii</strong></span> <span class='ocrx_word' id='word_1_721' title='bbox 1049 5621 1106 5666; x_wconf 84' lang='lat' dir='ltr'><strong>et</strong></span> <span class='ocrx_word' id='word_1_722' title='bbox 1132 5615 1404 5679; x_wconf 77' lang='lat' dir='ltr'><strong>conversi,</strong></span> <span class='ocrx_word' id='word_1_723' title='bbox 1436 5623 1495 5669; x_wconf 82' lang='lat' dir='ltr'><strong>et</strong></span> <span class='ocrx_word' id='word_1_724' title='bbox 1535 5624 1731 5687; x_wconf 78' lang='lat' dir='ltr'><strong>postea</strong></span> <span class='ocrx_word' id='word_1_725' title='bbox 1767 5617 2002 5688; x_wconf 81' lang='lat' dir='ltr'><strong>priores,</strong></span> <span class='ocrx_word' id='word_1_726' title='bbox 2033 5623 2091 5671; x_wconf 90' lang='lat' dir='ltr'><strong>et</strong></span> 
     </span>
    </p>
   </div>
   <div class='ocr_carea' id='block_1_103' title="bbox 2173 4445 3719 4533">
    <p class='ocr_par' dir='ltr' id='par_1_103' title="bbox 2173 4445 3719 4533">
     <span class='ocr_line' id='line_1_103' title="bbox 2173 4445 3719 4533; baseline -0.007 -18"><span class='ocrx_word' id='word_1_727' title='bbox 2173 4461 2329 4526; x_wconf 85' lang='lat' dir='ltr'><strong>serit,</strong></span> <span class='ocrx_word' id='word_1_728' title='bbox 2362 4460 2431 4514; x_wconf 88' lang='lat' dir='ltr'><strong>ad</strong></span> <span class='ocrx_word' id='word_1_729' title='bbox 2462 4459 2876 4533; x_wconf 81' lang='lat' dir='ltr'><strong>eleemosynam</strong></span> <span class='ocrx_word' id='word_1_730' title='bbox 2920 4474 3021 4527; x_wconf 75' lang='lat' dir='ltr'><strong>pro</strong></span> <span class='ocrx_word' id='word_1_731' title='bbox 3048 4474 3117 4511; x_wconf 79' lang='lat' dir='ltr'><strong>eo</strong></span> <span class='ocrx_word' id='word_1_732' title='bbox 3146 4445 3429 4525; x_wconf 66' lang='grc' dir='ltr'><strong>ἀδιατέεί</strong></span> <span class='ocrx_word' id='word_1_733' title='bbox 3458 4451 3629 4512; x_wconf 83' lang='lat' dir='ltr'><strong>semel.</strong></span> <span class='ocrx_word' id='word_1_734' title='bbox 3666 4445 3719 4505; x_wconf 79' lang='lat' dir='ltr'><strong>ad</strong></span> 
     </span>
    </p>
   </div>
   <div class='ocr_carea' id='block_1_104' title="bbox 2174 4533 3719 4621">
    <p class='ocr_par' dir='ltr' id='par_1_104' title="bbox 2174 4533 3719 4621">
     <span class='ocr_line' id='line_1_104' title="bbox 2174 4533 3719 4621; baseline 0.003 -18"><span class='ocrx_word' id='word_1_735' title='bbox 2174 4549 2495 4621; x_wconf 76' lang='lat' dir='ltr'><strong>prandium.</strong></span> <span class='ocrx_word' id='word_1_736' title='bbox 2526 4545 2743 4615; x_wconf 83' lang='lat' dir='ltr'><strong>Singuli</strong></span> <span class='ocrx_word' id='word_1_737' title='bbox 2769 4546 3087 4603; x_wconf 86' lang='lat' dir='ltr'><strong>sacerdotes</strong></span> <span class='ocrx_word' id='word_1_738' title='bbox 3108 4555 3230 4603; x_wconf 82' lang='lat' dir='ltr'><strong>tres</strong></span> <span class='ocrx_word' id='word_1_739' title='bbox 3260 4546 3473 4607; x_wconf 81' lang='lat' dir='ltr'><strong>missas.</strong></span> <span class='ocrx_word' id='word_1_740' title='bbox 3499 4556 3609 4607; x_wconf 80' lang='lat' dir='ltr'><strong>cum</strong></span> <span class='ocrx_word' id='word_1_741' title='bbox 3637 4533 3719 4608; x_wconf 66' lang='grc' dir='ltr'><strong>μί’</strong></span> 
     </span>
    </p>
   </div>
   <div class='ocr_carea' id='block_1_105' title="bbox 2175 4633 3722 4708">
    <p class='ocr_par' dir='ltr' id='par_1_105' title="bbox 2175 4633 3722 4708">
     <span class='ocr_line' id='line_1_105' title="bbox 2175 4633 3722 4708; baseline -0.007 -16"><span class='ocrx_word' id='word_1_742' title='bbox 2175 4654 2331 4692; x_wconf 88' lang='lat' dir='ltr'><strong>mum</strong></span> <span class='ocrx_word' id='word_1_743' title='bbox 2351 4636 2656 4708; x_wconf 86' lang='lat' dir='ltr'><strong>potuerint,</strong></span> <span class='ocrx_word' id='word_1_744' title='bbox 2688 4634 3072 4705; x_wconf 79' lang='lat' dir='ltr'><strong>unusquisque</strong></span> <span class='ocrx_word' id='word_1_745' title='bbox 3100 4635 3198 4705; x_wconf 86' lang='lat' dir='ltr'><strong>qui</strong></span> <span class='ocrx_word' id='word_1_746' title='bbox 3227 4635 3336 4697; x_wconf 78' lang='lat' dir='ltr'><strong>scit</strong></span> <span class='ocrx_word' id='word_1_747' title='bbox 3359 4633 3586 4705; x_wconf 80' lang='lat' dir='ltr'><strong>psalmos</strong></span> <span class='ocrx_word' id='word_1_748' title='bbox 3601 4640 3722 4682; x_wconf 74' lang='lat' dir='ltr'><strong>sexa-</strong></span> 
     </span>
    </p>
   </div>
   <div class='ocr_carea' id='block_1_106' title="bbox 2172 4720 3723 4797">
    <p class='ocr_par' dir='ltr' id='par_1_106' title="bbox 2172 4720 3723 4797">
     <span class='ocr_line' id='line_1_106' title="bbox 2172 4720 3723 4797; baseline -0.006 -15"><span class='ocrx_word' id='word_1_749' title='bbox 2172 4727 2352 4797; x_wconf 80' lang='lat' dir='ltr'><strong>ginta.</strong></span> <span class='ocrx_word' id='word_1_750' title='bbox 2371 4725 2468 4796; x_wconf 89' lang='lat' dir='ltr'><strong>qui</strong></span> <span class='ocrx_word' id='word_1_751' title='bbox 2483 4723 2735 4781; x_wconf 88' lang='lat' dir='ltr'><strong>illiterati</strong></span> <span class='ocrx_word' id='word_1_752' title='bbox 2756 4724 2964 4779; x_wconf 89' lang='lat' dir='ltr'><strong>totiens</strong></span> <span class='ocrx_word' id='word_1_753' title='bbox 2982 4723 3301 4783; x_wconf 86' lang='lat' dir='ltr'><strong>orationem</strong></span> <span class='ocrx_word' id='word_1_754' title='bbox 3312 4720 3634 4783; x_wconf 84' lang='lat' dir='ltr'><strong>Dominicam</strong></span> <span class='ocrx_word' id='word_1_755' title='bbox 3645 4726 3723 4783; x_wconf 78' lang='lat' dir='ltr'><strong>pro</strong></span> 
     </span>
    </p>
   </div>
   <div class='ocr_carea' id='block_1_107' title="bbox 2176 4803 3726 4885">
    <p class='ocr_par' dir='ltr' id='par_1_107' title="bbox 2176 4803 3726 4885">
     <span class='ocr_line' id='line_1_107' title="bbox 2176 4803 3726 4885; baseline -0.01 -14"><span class='ocrx_word' id='word_1_756' title='bbox 2176 4833 2243 4871; x_wconf 91' lang='lat' dir='ltr'><strong>eo</strong></span> <span class='ocrx_word' id='word_1_757' title='bbox 2271 4819 2521 4871; x_wconf 75' lang='lat' dir='ltr'><strong>cantant.</strong></span> <span class='ocrx_word' id='word_1_758' title='bbox 2538 4812 2868 4883; x_wconf 80' lang='lat' dir='ltr'><strong>Insequenti</strong></span> <span class='ocrx_word' id='word_1_759' title='bbox 2892 4812 2984 4869; x_wconf 88' lang='lat' dir='ltr'><strong>die</strong></span> <span class='ocrx_word' id='word_1_760' title='bbox 3010 4812 3314 4875; x_wconf 77' lang='lat' dir='ltr'><strong>inchoatur</strong></span> <span class='ocrx_word' id='word_1_761' title='bbox 3342 4818 3397 4866; x_wconf 86' lang='lat' dir='ltr'><strong>et</strong></span> <span class='ocrx_word' id='word_1_762' title='bbox 3424 4803 3726 4885; x_wconf 75' lang='lat' dir='ltr'><strong>septenarius</strong></span> 
     </span>
    </p>
   </div>
   <div class='ocr_carea' id='block_1_108' title="bbox 2176 4900 3723 4979">
    <p class='ocr_par' dir='ltr' id='par_1_108' title="bbox 2176 4900 3723 4979">
     <span class='ocr_line' id='line_1_108' title="bbox 2176 4900 3723 4979; baseline -0.009 -16"><span class='ocrx_word' id='word_1_763' title='bbox 2176 4907 2299 4977; x_wconf 83' lang='lat' dir='ltr'><strong>ejus</strong></span> <span class='ocrx_word' id='word_1_764' title='bbox 2329 4913 2385 4962; x_wconf 88' lang='lat' dir='ltr'><strong>et</strong></span> <span class='ocrx_word' id='word_1_765' title='bbox 2404 4904 2755 4974; x_wconf 79' lang='lat' dir='ltr'><strong>tricenarius.</strong></span> <span class='ocrx_word' id='word_1_766' title='bbox 2785 4902 3148 4979; x_wconf 74' lang='lat' dir='ltr'><strong>septenarius</strong></span> <span class='ocrx_word' id='word_1_767' title='bbox 3174 4903 3278 4968; x_wconf 85' lang='lat' dir='ltr'><strong>ita,</strong></span> <span class='ocrx_word' id='word_1_768' title='bbox 3309 4907 3374 4963; x_wconf 83' lang='lat' dir='ltr'><strong>ut</strong></span> <span class='ocrx_word' id='word_1_769' title='bbox 3406 4916 3503 4972; x_wconf 83' lang='lat' dir='ltr'><strong>per</strong></span> <span class='ocrx_word' id='word_1_770' title='bbox 3545 4900 3723 4965; x_wconf 73' lang='lat' dir='ltr'><strong>septem</strong></span> 
     </span>
    </p>
   </div>
   <div class='ocr_carea' id='block_1_109' title="bbox 2176 4985 3725 5064">
    <p class='ocr_par' dir='ltr' id='par_1_109' title="bbox 2176 4985 3725 5064">
     <span class='ocr_line' id='line_1_109' title="bbox 2176 4985 3725 5064; baseline -0.005 -13"><span class='ocrx_word' id='word_1_771' title='bbox 2176 4996 2296 5051; x_wconf 87' lang='lat' dir='ltr'><strong>dies</strong></span> <span class='ocrx_word' id='word_1_772' title='bbox 2325 4995 2568 5051; x_wconf 82' lang='lat' dir='ltr'><strong>ofﬁcium</strong></span> <span class='ocrx_word' id='word_1_773' title='bbox 2595 5001 2652 5048; x_wconf 83' lang='lat' dir='ltr'><strong>et</strong></span> <span class='ocrx_word' id='word_1_774' title='bbox 2676 4992 2848 5049; x_wconf 80' lang='lat' dir='ltr'><strong>missa</strong></span> <span class='ocrx_word' id='word_1_775' title='bbox 2869 4997 3127 5051; x_wconf 82' lang='lat' dir='ltr'><strong>cantetur</strong></span> <span class='ocrx_word' id='word_1_776' title='bbox 3149 5008 3255 5064; x_wconf 79' lang='lat' dir='ltr'><strong>pro</strong></span> <span class='ocrx_word' id='word_1_777' title='bbox 3286 5008 3353 5049; x_wconf 81' lang='lat' dir='ltr'><strong>eo</strong></span> <span class='ocrx_word' id='word_1_778' title='bbox 3376 4985 3725 5059; x_wconf 56' lang='lat' dir='ltr'><strong>generalitati</strong></span> 
     </span>
    </p>
   </div>
   <div class='ocr_carea' id='block_1_110' title="bbox 2175 5071 3727 5151">
    <p class='ocr_par' dir='ltr' id='par_1_110' title="bbox 2175 5071 3727 5151">
     <span class='ocr_line' id='line_1_110' title="bbox 2175 5071 3727 5151; baseline -0.009 -13"><span class='ocrx_word' id='word_1_779' title='bbox 2175 5091 2452 5139; x_wconf 84' lang='lat' dir='ltr'><strong>conventu</strong></span> <span class='ocrx_word' id='word_1_780' title='bbox 2484 5098 2495 5131; x_wconf 86' lang='lat'>:</span> <span class='ocrx_word' id='word_1_781' title='bbox 2529 5082 2865 5139; x_wconf 71' lang='lat' dir='ltr'><strong>tricenarius</strong></span> <span class='ocrx_word' id='word_1_782' title='bbox 2890 5098 3017 5135; x_wconf 86' lang='lat' dir='ltr'><strong>vero</strong></span> <span class='ocrx_word' id='word_1_783' title='bbox 3045 5080 3145 5143; x_wconf 87' lang='lat' dir='ltr'><strong>ita,</strong></span> <span class='ocrx_word' id='word_1_784' title='bbox 3175 5087 3242 5139; x_wconf 87' lang='lat' dir='ltr'><strong>ut</strong></span> <span class='ocrx_word' id='word_1_785' title='bbox 3268 5097 3371 5151; x_wconf 84' lang='lat' dir='ltr'><strong>per</strong></span> <span class='ocrx_word' id='word_1_786' title='bbox 3393 5078 3607 5147; x_wconf 72' lang='lat' dir='ltr'><strong>triginta</strong></span> <span class='ocrx_word' id='word_1_787' title='bbox 3630 5071 3727 5127; x_wconf 84' lang='lat' dir='ltr'><strong>dies</strong></span> 
     </span>
    </p>
   </div>
   <div class='ocr_carea' id='block_1_111' title="bbox 2176 5164 3729 5245">
    <p class='ocr_par' dir='ltr' id='par_1_111' title="bbox 2176 5164 3729 5245">
     <span class='ocr_line' id='line_1_111' title="bbox 2176 5164 3729 5245; baseline -0.004 -18"><span class='ocrx_word' id='word_1_788' title='bbox 2176 5173 2342 5227; x_wconf 89' lang='lat' dir='ltr'><strong>detur</strong></span> <span class='ocrx_word' id='word_1_789' title='bbox 2371 5173 2441 5227; x_wconf 87' lang='lat' dir='ltr'><strong>ad</strong></span> <span class='ocrx_word' id='word_1_790' title='bbox 2463 5172 2878 5245; x_wconf 75' lang='lat' dir='ltr'><strong>eleemosynam</strong></span> <span class='ocrx_word' id='word_1_791' title='bbox 2918 5170 3041 5239; x_wconf 80' lang='lat' dir='ltr'><strong>ejus</strong></span> <span class='ocrx_word' id='word_1_792' title='bbox 3080 5168 3385 5240; x_wconf 66' lang='lat' dir='ltr'><strong>praebenda</strong></span> <span class='ocrx_word' id='word_1_793' title='bbox 3420 5164 3656 5239; x_wconf 75' lang='lat' dir='ltr'><strong>pleniter.</strong></span> <span class='ocrx_word' id='word_1_794' title='bbox 3682 5164 3729 5212; x_wconf 67' lang='grc' dir='ltr'><strong>εἴ</strong></span> 
     </span>
    </p>
   </div>
   <div class='ocr_carea' id='block_1_112' title="bbox 2177 5252 3726 5332">
    <p class='ocr_par' dir='ltr' id='par_1_112' title="bbox 2177 5252 3726 5332">
     <span class='ocr_line' id='line_1_112' title="bbox 2177 5252 3726 5332; baseline -0.008 -16"><span class='ocrx_word' id='word_1_795' title='bbox 2177 5263 2427 5332; x_wconf 83' lang='lat' dir='ltr'><strong>psalmus</strong></span> <span class='ocrx_word' id='word_1_796' title='bbox 2444 5262 2569 5317; x_wconf 79' lang='lat' dir='ltr'><strong>l’ace</strong></span> <span class='ocrx_word' id='word_1_797' title='bbox 2594 5277 2716 5317; x_wconf 75' lang='lat' dir='ltr'><strong>mea</strong></span> <span class='ocrx_word' id='word_1_798' title='bbox 2742 5260 2865 5330; x_wconf 87' lang='lat' dir='ltr'><strong>(qui</strong></span> <span class='ocrx_word' id='word_1_799' title='bbox 2895 5266 3084 5317; x_wconf 81' lang='lat' dir='ltr'><strong>tamen</strong></span> <span class='ocrx_word' id='word_1_800' title='bbox 3110 5259 3256 5327; x_wconf 83' lang='lat' dir='ltr'><strong>solet</strong></span> <span class='ocrx_word' id='word_1_801' title='bbox 3281 5257 3354 5317; x_wconf 80' lang='lat' dir='ltr'><strong>ad</strong></span> <span class='ocrx_word' id='word_1_802' title='bbox 3381 5270 3564 5313; x_wconf 85' lang='lat' dir='ltr'><strong>omnes</strong></span> <span class='ocrx_word' id='word_1_803' title='bbox 3589 5252 3726 5323; x_wconf 82' lang='lat' dir='ltr'><strong>horas</strong></span> 
     </span>
    </p>
   </div>
   <div class='ocr_carea' id='block_1_113' title="bbox 2175 5337 3731 5421">
    <p class='ocr_par' dir='ltr' id='par_1_113' title="bbox 2175 5337 3731 5421">
     <span class='ocr_line' id='line_1_113' title="bbox 2175 5337 3731 5421; baseline -0.01 -16"><span class='ocrx_word' id='word_1_804' title='bbox 2175 5351 2285 5405; x_wconf 88' lang='lat' dir='ltr'><strong>dici</strong></span> <span class='ocrx_word' id='word_1_805' title='bbox 2314 5369 2415 5421; x_wconf 83' lang='lat' dir='ltr'><strong>pro</strong></span> <span class='ocrx_word' id='word_1_806' title='bbox 2437 5368 2502 5405; x_wconf 78' lang='lat' dir='ltr'><strong>eo</strong></span> <span class='ocrx_word' id='word_1_807' title='bbox 2522 5363 2555 5415; x_wconf 64' lang='grc' dir='ltr'><strong>ιι</strong></span> <span class='ocrx_word' id='word_1_808' title='bbox 2586 5356 2722 5404; x_wconf 88' lang='lat' dir='ltr'><strong>tunc</strong></span> <span class='ocrx_word' id='word_1_809' title='bbox 2749 5349 2971 5405; x_wconf 79' lang='lat' dir='ltr'><strong>dicatur</strong></span> <span class='ocrx_word' id='word_1_810' title='bbox 2998 5354 3056 5406; x_wconf 81' lang='lat' dir='ltr'><strong>et</strong></span> <span class='ocrx_word' id='word_1_811' title='bbox 3098 5348 3262 5406; x_wconf 75' lang='lat' dir='ltr'><strong>Verba</strong></span> <span class='ocrx_word' id='word_1_812' title='bbox 3292 5361 3432 5409; x_wconf 78' lang='lat' dir='ltr'><strong>mea,</strong></span> <span class='ocrx_word' id='word_1_813' title='bbox 3459 5348 3514 5401; x_wconf 73' lang='lat' dir='ltr'><strong>et</strong></span> <span class='ocrx_word' id='word_1_814' title='bbox 3534 5337 3731 5410; x_wconf 79' lang='lat' dir='ltr'><strong>triginta</strong></span> 
     </span>
    </p>
   </div>
   <div class='ocr_carea' id='block_1_114' title="bbox 2176 5427 3733 5510">
    <p class='ocr_par' dir='ltr' id='par_1_114' title="bbox 2176 5427 3733 5510">
     <span class='ocr_line' id='line_1_114' title="bbox 2176 5427 3733 5510; baseline -0.004 -17"><span class='ocrx_word' id='word_1_815' title='bbox 2176 5457 2277 5510; x_wconf 92' lang='lat' dir='ltr'><strong>pro</strong></span> <span class='ocrx_word' id='word_1_816' title='bbox 2302 5457 2368 5493; x_wconf 93' lang='lat' dir='ltr'><strong>eo</strong></span> <span class='ocrx_word' id='word_1_817' title='bbox 2396 5440 2599 5495; x_wconf 76' lang='lat' dir='ltr'><strong>missas</strong></span> <span class='ocrx_word' id='word_1_818' title='bbox 2640 5437 2948 5503; x_wconf 77' lang='lat' dir='ltr'><strong>cantandas</strong></span> <span class='ocrx_word' id='word_1_819' title='bbox 2992 5452 3089 5495; x_wconf 77' lang='lat' dir='ltr'><strong>sex</strong></span> <span class='ocrx_word' id='word_1_820' title='bbox 3133 5434 3533 5499; x_wconf 78' lang='lat' dir='ltr'><strong>sacerdotibus,</strong></span> <span class='ocrx_word' id='word_1_821' title='bbox 3572 5427 3733 5491; x_wconf 61' lang='lat' dir='ltr'><strong>admo-</strong></span> 
     </span>
    </p>
   </div>
   <div class='ocr_carea' id='block_1_115' title="bbox 2175 5514 3731 5598">
    <p class='ocr_par' dir='ltr' id='par_1_115' title="bbox 2175 5514 3731 5598">
     <span class='ocr_line' id='line_1_115' title="bbox 2175 5514 3731 5598; baseline -0.01 -15"><span class='ocrx_word' id='word_1_822' title='bbox 2175 5534 2342 5583; x_wconf 88' lang='lat' dir='ltr'><strong>nente</strong></span> <span class='ocrx_word' id='word_1_823' title='bbox 2358 5528 2623 5593; x_wconf 82' lang='lat' dir='ltr'><strong>armario,</strong></span> <span class='ocrx_word' id='word_1_824' title='bbox 2642 5528 2794 5598; x_wconf 78' lang='lat' dir='ltr'><strong>prior</strong></span> <span class='ocrx_word' id='word_1_825' title='bbox 2810 5526 3083 5597; x_wconf 80' lang='lat' dir='ltr'><strong>injungit.</strong></span> <span class='ocrx_word' id='word_1_826' title='bbox 3105 5524 3172 5587; x_wconf 85' lang='lat' dir='ltr'><strong>In</strong></span> <span class='ocrx_word' id='word_1_827' title='bbox 3196 5540 3311 5595; x_wconf 71' lang='lat' dir='ltr'><strong>quo</strong></span> <span class='ocrx_word' id='word_1_828' title='bbox 3336 5518 3617 5586; x_wconf 83' lang='lat' dir='ltr'><strong>tricenario</strong></span> <span class='ocrx_word' id='word_1_829' title='bbox 3635 5514 3731 5585; x_wconf 88' lang='lat' dir='ltr'><strong>plu-</strong></span> 
     </span>
    </p>
   </div>
   <div class='ocr_carea' id='block_1_116' title="bbox 2169 5604 3727 5691">
    <p class='ocr_par' dir='ltr' id='par_1_116' title="bbox 2169 5604 3727 5691">
     <span class='ocr_line' id='line_1_116' title="bbox 2169 5604 3727 5691; baseline -0.003 -18"><span class='ocrx_word' id='word_1_830' title='bbox 2169 5634 2264 5673; x_wconf 84' lang='lat' dir='ltr'><strong>res</strong></span> <span class='ocrx_word' id='word_1_831' title='bbox 2272 5616 2476 5674; x_wconf 77' lang='lat' dir='ltr'><strong>fratres</strong></span> <span class='ocrx_word' id='word_1_832' title='bbox 2485 5615 2733 5691; x_wconf 65' lang='lat' dir='ltr'><strong>defuncti</strong></span> <span class='ocrx_word' id='word_1_833' title='bbox 2742 5631 2854 5677; x_wconf 82' lang='lat' dir='ltr'><strong>non</strong></span> <span class='ocrx_word' id='word_1_834' title='bbox 2872 5608 3551 5685; x_wconf 68' lang='lat' dir='ltr'><strong>comprehenduntur-misi</strong></span> <span class='ocrx_word' id='word_1_835' title='bbox 3565 5604 3727 5669; x_wconf 59' lang='lat' dir='ltr'><strong>eodem</strong></span> 
     </span>
    </p>
   </div>
  </div>
