  <div class='ocr_page' id='page_1' title='image "/cluster/home/n/w/nwhite01/storage/ocr_20150623/150/hvd.32044054760087/576.png"; bbox 0 0 3886 6172; ppageno 0'>
   <div class='ocr_carea' id='block_1_1' title="bbox 238 270 365 338">
    <p class='ocr_par' dir='ltr' id='par_1_1' title="bbox 238 270 365 338">
     <span class='ocr_line' id='line_1_1' title="bbox 238 270 365 338; baseline -0.024 0"><span class='ocrx_word' id='word_1_1' title='bbox 238 270 365 338; x_wconf 64' lang='lat' dir='ltr'>liii</span> 
     </span>
    </p>
   </div>
   <div class='ocr_carea' id='block_1_2' title="bbox 1266 271 2470 336">
    <p class='ocr_par' dir='ltr' id='par_1_2' title="bbox 1266 271 2470 336">
     <span class='ocr_line' id='line_1_2' title="bbox 1266 271 2470 336; baseline 0.001 -1"><span class='ocrx_word' id='word_1_2' title='bbox 1266 271 1691 335; x_wconf 72' lang='lat' dir='ltr'>CONSTITUT.</span> <span class='ocrx_word' id='word_1_3' title='bbox 1729 272 2073 336; x_wconf 64' lang='lat' dir='ltr'>HIRSAUG.</span> <span class='ocrx_word' id='word_1_4' title='bbox 2118 312 2173 321; x_wconf 85' lang='lat'>—--</span> <span class='ocrx_word' id='word_1_5' title='bbox 2214 278 2353 336; x_wconf 70' lang='lat' dir='ltr'>LIB.</span> <span class='ocrx_word' id='word_1_6' title='bbox 2396 279 2470 336; x_wconf 92' lang='lat' dir='ltr'>II.</span> 
     </span>
    </p>
   </div>
   <div class='ocr_carea' id='block_1_3' title="bbox 3363 276 3510 338">
    <p class='ocr_par' dir='ltr' id='par_1_3' title="bbox 3363 276 3510 338">
     <span class='ocr_line' id='line_1_3' title="bbox 3363 276 3510 338; baseline 0.027 -3"><span class='ocrx_word' id='word_1_7' title='bbox 3363 276 3510 338; x_wconf 67' lang='grc' dir='ltr'>11ιῖ</span> 
     </span>
    </p>
   </div>
   <div class='ocr_carea' id='block_1_4' title="bbox 236 402 3499 475">
    <p class='ocr_par' dir='ltr' id='par_1_4' title="bbox 236 402 3499 475">
     <span class='ocr_line' id='line_1_4' title="bbox 236 402 3499 475; baseline 0.001 -15"><span class='ocrx_word' id='word_1_8' title='bbox 236 406 321 460; x_wconf 90' lang='lat' dir='ltr'>die</span> <span class='ocrx_word' id='word_1_9' title='bbox 357 403 620 459; x_wconf 88' lang='lat' dir='ltr'>obierint.</span> <span class='ocrx_word' id='word_1_10' title='bbox 653 405 924 460; x_wconf 75' lang='lat' dir='ltr'>Sacerdos</span> <span class='ocrx_word' id='word_1_11' title='bbox 961 407 1172 472; x_wconf 77' lang='lat' dir='ltr'>autem,</span> <span class='ocrx_word' id='word_1_12' title='bbox 1200 410 1328 458; x_wconf 77' lang='lat' dir='ltr'>cum</span> <span class='ocrx_word' id='word_1_13' title='bbox 1362 405 1616 475; x_wconf 83' lang='lat' dir='ltr'>quintam</span> <span class='ocrx_word' id='word_1_14' title='bbox 1645 402 1886 461; x_wconf 81' lang='lat' dir='ltr'>unus-A</span> <span class='ocrx_word' id='word_1_15' title='bbox 1907 404 2102 458; x_wconf 85' lang='lat' dir='ltr'>tabula</span> <span class='ocrx_word' id='word_1_16' title='bbox 2126 404 2226 458; x_wconf 85' lang='lat' dir='ltr'>tali</span> <span class='ocrx_word' id='word_1_17' title='bbox 2268 404 2437 457; x_wconf 81' lang='lat' dir='ltr'>modo</span> <span class='ocrx_word' id='word_1_18' title='bbox 2475 419 2585 474; x_wconf 89' lang='lat' dir='ltr'>quo</span> <span class='ocrx_word' id='word_1_19' title='bbox 2626 404 2697 457; x_wconf 87' lang='lat' dir='ltr'>ad</span> <span class='ocrx_word' id='word_1_20' title='bbox 2735 403 3039 459; x_wconf 74' lang='lat' dir='ltr'>obeuntem</span> <span class='ocrx_word' id='word_1_21' title='bbox 3078 407 3293 475; x_wconf 72' lang='lat' dir='ltr'>percuti</span> <span class='ocrx_word' id='word_1_22' title='bbox 3334 409 3499 474; x_wconf 81' lang='lat' dir='ltr'>solet,</span> 
     </span>
    </p>
   </div>
   <div class='ocr_carea' id='block_1_5' title="bbox 232 494 1815 567">
    <p class='ocr_par' dir='ltr' id='par_1_5' title="bbox 232 494 1815 567">
     <span class='ocr_line' id='line_1_5' title="bbox 232 494 1815 567; baseline -0.002 -18"><span class='ocrx_word' id='word_1_23' title='bbox 232 495 465 567; x_wconf 86' lang='lat' dir='ltr'>quisque</span> <span class='ocrx_word' id='word_1_24' title='bbox 492 494 723 559; x_wconf 78' lang='lat' dir='ltr'>ﬁnierit,</span> <span class='ocrx_word' id='word_1_25' title='bbox 754 494 955 549; x_wconf 87' lang='lat' dir='ltr'>eadem</span> <span class='ocrx_word' id='word_1_26' title='bbox 984 494 1074 549; x_wconf 89' lang='lat' dir='ltr'>die</span> <span class='ocrx_word' id='word_1_27' title='bbox 1108 495 1165 549; x_wconf 89' lang='lat' dir='ltr'>in</span> <span class='ocrx_word' id='word_1_28' title='bbox 1196 495 1439 566; x_wconf 87' lang='lat' dir='ltr'>capitulo</span> <span class='ocrx_word' id='word_1_29' title='bbox 1472 495 1815 565; x_wconf 79' lang='lat' dir='ltr'>pronuntiat,</span> 
     </span>
    </p>
   </div>
   <div class='ocr_carea' id='block_1_6' title="bbox 233 583 1829 655">
    <p class='ocr_par' dir='ltr' id='par_1_6' title="bbox 233 583 1829 655">
     <span class='ocr_line' id='line_1_6' title="bbox 233 583 1829 655; baseline -0.001 -16"><span class='ocrx_word' id='word_1_30' title='bbox 233 590 293 639; x_wconf 87' lang='lat' dir='ltr'>ut</span> <span class='ocrx_word' id='word_1_31' title='bbox 317 584 375 638; x_wconf 89' lang='lat' dir='ltr'>in</span> <span class='ocrx_word' id='word_1_32' title='bbox 405 584 652 638; x_wconf 80' lang='lat' dir='ltr'>crastino</span> <span class='ocrx_word' id='word_1_33' title='bbox 678 584 826 638; x_wconf 85' lang='lat' dir='ltr'>alius</span> <span class='ocrx_word' id='word_1_34' title='bbox 850 583 1101 655; x_wconf 76' lang='lat' dir='ltr'>incipiat.</span> <span class='ocrx_word' id='word_1_35' title='bbox 1125 586 1257 653; x_wconf 75' lang='grc' dir='ltr'>(ιῠυ.)</span> <span class='ocrx_word' id='word_1_36' title='bbox 1273 584 1432 648; x_wconf 89' lang='lat' dir='ltr'>Quod</span> <span class='ocrx_word' id='word_1_37' title='bbox 1456 590 1515 638; x_wconf 87' lang='lat' dir='ltr'>et</span> <span class='ocrx_word' id='word_1_38' title='bbox 1537 596 1639 654; x_wconf 71' lang='lat' dir='ltr'>pro</span> <span class='ocrx_word' id='word_1_39' title='bbox 1666 583 1829 637; x_wconf 89' lang='lat' dir='ltr'>nulla</span> 
     </span>
    </p>
   </div>
   <div class='ocr_carea' id='block_1_7' title="bbox 228 673 1825 746">
    <p class='ocr_par' dir='ltr' id='par_1_7' title="bbox 228 673 1825 746">
     <span class='ocr_line' id='line_1_7' title="bbox 228 673 1825 746; baseline -0.003 -17"><span class='ocrx_word' id='word_1_40' title='bbox 228 688 477 746; x_wconf 83' lang='lat' dir='ltr'>unquam</span> <span class='ocrx_word' id='word_1_41' title='bbox 492 673 792 728; x_wconf 69' lang='lat' dir='ltr'>festivitate</span> <span class='ocrx_word' id='word_1_42' title='bbox 806 673 1222 739; x_wconf 68' lang='lat' dir='ltr'>intermittitur,</span> <span class='ocrx_word' id='word_1_43' title='bbox 1240 673 1482 744; x_wconf 81' lang='lat' dir='ltr'>exceptis</span> <span class='ocrx_word' id='word_1_44' title='bbox 1499 688 1598 744; x_wconf 87' lang='lat' dir='ltr'>per</span> <span class='ocrx_word' id='word_1_45' title='bbox 1613 687 1825 726; x_wconf 82' lang='lat' dir='ltr'>annum</span> 
     </span>
    </p>
   </div>
   <div class='ocr_carea' id='block_1_8' title="bbox 226 748 1829 828">
    <p class='ocr_par' dir='ltr' id='par_1_8' title="bbox 226 748 1829 828">
     <span class='ocr_line' id='line_1_8' title="bbox 226 748 1829 828; baseline -0.002 -10"><span class='ocrx_word' id='word_1_46' title='bbox 226 762 331 818; x_wconf 50' lang='lat' dir='ltr'>sex‘</span> <span class='ocrx_word' id='word_1_47' title='bbox 348 763 565 828; x_wconf 83' lang='lat' dir='ltr'>diebus,</span> <span class='ocrx_word' id='word_1_48' title='bbox 586 748 616 789; x_wconf 59' lang='grc'>⁵⁵</span> <span class='ocrx_word' id='word_1_49' title='bbox 637 762 963 817; x_wconf 78' lang='lat' dir='ltr'>Nativitatis</span> <span class='ocrx_word' id='word_1_50' title='bbox 983 762 1230 824; x_wconf 85' lang='lat' dir='ltr'>Domini,</span> <span class='ocrx_word' id='word_1_51' title='bbox 1255 754 1559 816; x_wconf 67' lang='lat' dir='ltr'>Dominioae</span> <span class='ocrx_word' id='word_1_52' title='bbox 1578 777 1829 815; x_wconf 82' lang='lat' dir='ltr'>resurre~</span> 
     </span>
    </p>
   </div>
   <div class='ocr_carea' id='block_1_9' title="bbox 224 834 1828 922">
    <p class='ocr_par' dir='ltr' id='par_1_9' title="bbox 224 834 1828 922">
     <span class='ocr_line' id='line_1_9' title="bbox 224 834 1828 922; baseline -0.002 -15"><span class='ocrx_word' id='word_1_53' title='bbox 224 852 449 919; x_wconf 72' lang='lat' dir='ltr'>ttionis,</span> <span class='ocrx_word' id='word_1_54' title='bbox 471 858 531 907; x_wconf 85' lang='lat' dir='ltr'>et</span> <span class='ocrx_word' id='word_1_55' title='bbox 551 834 670 907; x_wconf 72' lang='lat' dir='ltr'>illis</span> <span class='ocrx_word' id='word_1_56' title='bbox 697 851 879 907; x_wconf 84' lang='lat' dir='ltr'>tribus</span> <span class='ocrx_word' id='word_1_57' title='bbox 907 851 1122 913; x_wconf 87' lang='lat' dir='ltr'>diebus,</span> <span class='ocrx_word' id='word_1_58' title='bbox 1150 852 1243 922; x_wconf 88' lang='lat' dir='ltr'>qui</span> <span class='ocrx_word' id='word_1_59' title='bbox 1267 850 1693 905; x_wconf 79' lang='lat' dir='ltr'>resurrectionis</span> <span class='ocrx_word' id='word_1_60' title='bbox 1721 850 1828 904; x_wconf 87' lang='lat' dir='ltr'>Do-</span> 
     </span>
    </p>
   </div>
   <div class='ocr_carea' id='block_1_10' title="bbox 232 938 1824 1007">
    <p class='ocr_par' dir='ltr' id='par_1_10' title="bbox 232 938 1824 1007">
     <span class='ocr_line' id='line_1_10' title="bbox 232 938 1824 1007; baseline -0.003 -11"><span class='ocrx_word' id='word_1_61' title='bbox 232 942 495 996; x_wconf 86' lang='lat' dir='ltr'>minicarn</span> <span class='ocrx_word' id='word_1_62' title='bbox 525 941 884 1007; x_wconf 84' lang='lat' dir='ltr'>antecedunt,</span> <span class='ocrx_word' id='word_1_63' title='bbox 912 945 972 995; x_wconf 91' lang='lat' dir='ltr'>et</span> <span class='ocrx_word' id='word_1_64' title='bbox 1006 941 1062 994; x_wconf 90' lang='lat' dir='ltr'>in</span> <span class='ocrx_word' id='word_1_65' title='bbox 1095 940 1185 994; x_wconf 87' lang='lat' dir='ltr'>die</span> <span class='ocrx_word' id='word_1_66' title='bbox 1223 945 1417 993; x_wconf 84' lang='lat' dir='ltr'>sancto</span> <span class='ocrx_word' id='word_1_67' title='bbox 1449 938 1824 993; x_wconf 77' lang='lat' dir='ltr'>Peutecostes.</span> 
     </span>
    </p>
   </div>
   <div class='ocr_carea' id='block_1_11' title="bbox 235 1022 1825 1102">
    <p class='ocr_par' dir='ltr' id='par_1_11' title="bbox 235 1022 1825 1102">
     <span class='ocr_line' id='line_1_11' title="bbox 235 1022 1825 1102; baseline -0.003 -17"><span class='ocrx_word' id='word_1_68' title='bbox 235 1022 389 1095; x_wconf 81' lang='lat' dir='ltr'>Quod</span> <span class='ocrx_word' id='word_1_69' title='bbox 409 1031 457 1085; x_wconf 97' lang='lat' dir='ltr'>si</span> <span class='ocrx_word' id='word_1_70' title='bbox 482 1031 628 1085; x_wconf 78' lang='lat' dir='ltr'>forte</span> <span class='ocrx_word' id='word_1_71' title='bbox 652 1030 779 1102; x_wconf 87' lang='lat' dir='ltr'>quis</span> <span class='ocrx_word' id='word_1_72' title='bbox 807 1045 1002 1084; x_wconf 88' lang='lat' dir='ltr'>eorum</span> <span class='ocrx_word' id='word_1_73' title='bbox 1022 1030 1274 1100; x_wconf 83' lang='lat' dir='ltr'>aliquam</span> <span class='ocrx_word' id='word_1_74' title='bbox 1298 1046 1362 1083; x_wconf 87' lang='lat' dir='ltr'>ex</span> <span class='ocrx_word' id='word_1_75' title='bbox 1388 1029 1479 1083; x_wconf 87' lang='lat' dir='ltr'>his</span> <span class='ocrx_word' id='word_1_76' title='bbox 1498 1028 1825 1099; x_wconf 77' lang='lat' dir='ltr'>neglexerit,</span> 
     </span>
    </p>
   </div>
   <div class='ocr_carea' id='block_1_12' title="bbox 235 1118 1829 1191">
    <p class='ocr_par' dir='ltr' id='par_1_12' title="bbox 235 1118 1829 1191">
     <span class='ocr_line' id='line_1_12' title="bbox 235 1118 1829 1191; baseline -0.003 -17"><span class='ocrx_word' id='word_1_77' title='bbox 235 1120 392 1174; x_wconf 81' lang='lat' dir='ltr'>venia</span> <span class='ocrx_word' id='word_1_78' title='bbox 417 1120 615 1191; x_wconf 86' lang='lat' dir='ltr'>petita,</span> <span class='ocrx_word' id='word_1_79' title='bbox 643 1120 899 1174; x_wconf 89' lang='lat' dir='ltr'>eamdem</span> <span class='ocrx_word' id='word_1_80' title='bbox 920 1119 1156 1190; x_wconf 86' lang='lat' dir='ltr'>implere</span> <span class='ocrx_word' id='word_1_81' title='bbox 1171 1118 1403 1189; x_wconf 89' lang='lat' dir='ltr'>jubetur</span> <span class='ocrx_word' id='word_1_82' title='bbox 1424 1136 1436 1171; x_wconf 91' lang='lat'><strong>:</strong></span> <span class='ocrx_word' id='word_1_83' title='bbox 1460 1118 1692 1189; x_wconf 81' lang='lat' dir='ltr'>insuper</span> <span class='ocrx_word' id='word_1_84' title='bbox 1711 1133 1829 1188; x_wconf 74' lang='lat' dir='ltr'>prn-</span> 
     </span>
    </p>
   </div>
   <div class='ocr_carea' id='block_1_13' title="bbox 234 1207 1832 1285">
    <p class='ocr_par' dir='ltr' id='par_1_13' title="bbox 234 1207 1832 1285">
     <span class='ocr_line' id='line_1_13' title="bbox 234 1207 1832 1285; baseline -0.002 -22"><span class='ocrx_word' id='word_1_85' title='bbox 234 1208 486 1285; x_wconf 71' lang='lat' dir='ltr'>niten&#39;tia,</span> <span class='ocrx_word' id='word_1_86' title='bbox 507 1225 631 1281; x_wconf 68' lang='lat' dir='ltr'>quae</span> <span class='ocrx_word' id='word_1_87' title='bbox 654 1208 826 1280; x_wconf 83' lang='lat' dir='ltr'>priori</span> <span class='ocrx_word' id='word_1_88' title='bbox 851 1208 971 1262; x_wconf 86' lang='lat' dir='ltr'>visa</span> <span class='ocrx_word' id='word_1_89' title='bbox 991 1209 1181 1272; x_wconf 76' lang='lat' dir='ltr'>fuerit,</span> <span class='ocrx_word' id='word_1_90' title='bbox 1209 1208 1296 1262; x_wconf 83' lang='lat' dir='ltr'>illi</span> <span class='ocrx_word' id='word_1_91' title='bbox 1320 1207 1656 1278; x_wconf 85' lang='lat' dir='ltr'>injungitur.</span> <span class='ocrx_word' id='word_1_92' title='bbox 1676 1207 1832 1260; x_wconf 86' lang='lat' dir='ltr'>Post-</span> 
     </span>
    </p>
   </div>
   <div class='ocr_carea' id='block_1_14' title="bbox 230 1295 1832 1372">
    <p class='ocr_par' dir='ltr' id='par_1_14' title="bbox 230 1295 1832 1372">
     <span class='ocr_line' id='line_1_14' title="bbox 230 1295 1832 1372; baseline -0.001 -19"><span class='ocrx_word' id='word_1_93' title='bbox 230 1314 395 1372; x_wconf 83' lang='lat' dir='ltr'>quam</span> <span class='ocrx_word' id='word_1_94' title='bbox 423 1304 615 1352; x_wconf 88' lang='lat' dir='ltr'>autem</span> <span class='ocrx_word' id='word_1_95' title='bbox 642 1298 854 1352; x_wconf 64' lang='lat' dir='ltr'>eaedem</span> <span class='ocrx_word' id='word_1_96' title='bbox 887 1297 1069 1351; x_wconf 65' lang='lat' dir='ltr'>misse</span> <span class='ocrx_word' id='word_1_97' title='bbox 1100 1297 1392 1361; x_wconf 79' lang='lat' dir='ltr'>ﬁniuntur,</span> <span class='ocrx_word' id='word_1_98' title='bbox 1416 1296 1570 1368; x_wconf 85' lang='lat' dir='ltr'>prior</span> <span class='ocrx_word' id='word_1_99' title='bbox 1593 1297 1645 1349; x_wconf 87' lang='lat' dir='ltr'>ei</span> <span class='ocrx_word' id='word_1_100' title='bbox 1671 1295 1832 1351; x_wconf 88' lang='lat' dir='ltr'>abso-</span> 
     </span>
    </p>
   </div>
   <div class='ocr_carea' id='block_1_15' title="bbox 233 1384 1829 1475">
    <p class='ocr_par' dir='ltr' id='par_1_15' title="bbox 233 1384 1829 1475">
     <span class='ocr_line' id='line_1_15' title="bbox 233 1384 1829 1475; baseline -0.003 -34"><span class='ocrx_word' id='word_1_101' title='bbox 233 1388 502 1442; x_wconf 87' lang='lat' dir='ltr'>lutionem</span> <span class='ocrx_word' id='word_1_102' title='bbox 530 1388 893 1475; x_wconf 81' lang='lat' dir='ltr'>imprecatur,</span> <span class='ocrx_word' id='word_1_103' title='bbox 917 1387 1065 1458; x_wconf 85' lang='lat' dir='ltr'>quod</span> <span class='ocrx_word' id='word_1_104' title='bbox 1099 1387 1269 1440; x_wconf 86' lang='lat' dir='ltr'>etiam</span> <span class='ocrx_word' id='word_1_105' title='bbox 1302 1386 1435 1439; x_wconf 82' lang='lat' dir='ltr'>fecit</span> <span class='ocrx_word' id='word_1_106' title='bbox 1466 1385 1729 1439; x_wconf 78' lang='lat' dir='ltr'>similiter</span> <span class='ocrx_word' id='word_1_107' title='bbox 1758 1384 1829 1438; x_wconf 85' lang='lat' dir='ltr'>ad</span> 
     </span>
    </p>
   </div>
   <div class='ocr_carea' id='block_1_16' title="bbox 235 1474 1830 1548">
    <p class='ocr_par' dir='ltr' id='par_1_16' title="bbox 235 1474 1830 1548">
     <span class='ocr_line' id='line_1_16' title="bbox 235 1474 1830 1548; baseline 0 -17"><span class='ocrx_word' id='word_1_108' title='bbox 235 1477 536 1548; x_wconf 73' lang='lat' dir='ltr'>Capitulum</span> <span class='ocrx_word' id='word_1_109' title='bbox 554 1477 879 1547; x_wconf 85' lang='lat' dir='ltr'>priusquam</span> <span class='ocrx_word' id='word_1_110' title='bbox 897 1475 1248 1545; x_wconf 84' lang='lat' dir='ltr'>sepeliretur.</span> <span class='ocrx_word' id='word_1_111' title='bbox 1264 1475 1328 1529; x_wconf 84' lang='lat' dir='ltr'>In</span> <span class='ocrx_word' id='word_1_112' title='bbox 1346 1474 1624 1546; x_wconf 73' lang='lat' dir='ltr'>praedictis</span> <span class='ocrx_word' id='word_1_113' title='bbox 1638 1479 1830 1531; x_wconf 85' lang='lat' dir='ltr'>autem</span> 
     </span>
    </p>
   </div>
   <div class='ocr_carea' id='block_1_17' title="bbox 235 1563 1827 1635">
    <p class='ocr_par' dir='ltr' id='par_1_17' title="bbox 235 1563 1827 1635">
     <span class='ocr_line' id='line_1_17' title="bbox 235 1563 1827 1635; baseline -0.002 -15"><span class='ocrx_word' id='word_1_114' title='bbox 235 1573 283 1620; x_wconf 83' lang='lat' dir='ltr'>et</span> <span class='ocrx_word' id='word_1_115' title='bbox 310 1567 368 1620; x_wconf 90' lang='lat' dir='ltr'>in</span> <span class='ocrx_word' id='word_1_116' title='bbox 394 1566 527 1619; x_wconf 85' lang='lat' dir='ltr'>aliis</span> <span class='ocrx_word' id='word_1_117' title='bbox 556 1566 713 1620; x_wconf 80' lang='lat' dir='ltr'>festis</span> <span class='ocrx_word' id='word_1_118' title='bbox 735 1564 1135 1635; x_wconf 82' lang='lat' dir='ltr'>principalibus</span> <span class='ocrx_word' id='word_1_119' title='bbox 1158 1564 1400 1618; x_wconf 79' lang='lat' dir='ltr'>oﬂicium</span> <span class='ocrx_word' id='word_1_120' title='bbox 1429 1563 1827 1617; x_wconf 82' lang='lat' dir='ltr'>Defunctorum</span> 
     </span>
    </p>
   </div>
   <div class='ocr_carea' id='block_1_18' title="bbox 233 1653 1823 1727">
    <p class='ocr_par' dir='ltr' id='par_1_18' title="bbox 233 1653 1823 1727">
     <span class='ocr_line' id='line_1_18' title="bbox 233 1653 1823 1727; baseline -0.003 -17"><span class='ocrx_word' id='word_1_121' title='bbox 233 1672 337 1710; x_wconf 87' lang='lat' dir='ltr'>non</span> <span class='ocrx_word' id='word_1_122' title='bbox 366 1656 582 1727; x_wconf 87' lang='lat' dir='ltr'>agitur,</span> <span class='ocrx_word' id='word_1_123' title='bbox 606 1654 711 1709; x_wconf 84' lang='lat' dir='ltr'>nisi</span> <span class='ocrx_word' id='word_1_124' title='bbox 738 1670 941 1725; x_wconf 89' lang='lat' dir='ltr'>corpus</span> <span class='ocrx_word' id='word_1_125' title='bbox 968 1654 1025 1707; x_wconf 91' lang='lat' dir='ltr'>in</span> <span class='ocrx_word' id='word_1_126' title='bbox 1050 1654 1309 1724; x_wconf 78' lang='lat' dir='ltr'>praesenti</span> <span class='ocrx_word' id='word_1_127' title='bbox 1333 1653 1625 1707; x_wconf 83' lang='lat' dir='ltr'>habeatur.</span> <span class='ocrx_word' id='word_1_128' title='bbox 1653 1654 1823 1722; x_wconf 66' lang='grc' dir='ltr'>(υαφ.)</span> 
     </span>
    </p>
   </div>
   <div class='ocr_carea' id='block_1_19' title="bbox 235 1744 1827 1813">
    <p class='ocr_par' dir='ltr' id='par_1_19' title="bbox 235 1744 1827 1813">
     <span class='ocr_line' id='line_1_19' title="bbox 235 1744 1827 1813; baseline -0.003 -13"><span class='ocrx_word' id='word_1_129' title='bbox 235 1745 580 1800; x_wconf 77' lang='lat' dir='ltr'>Vestimenta</span> <span class='ocrx_word' id='word_1_130' title='bbox 599 1746 719 1813; x_wconf 88' lang='lat' dir='ltr'>ejus</span> <span class='ocrx_word' id='word_1_131' title='bbox 741 1761 775 1797; x_wconf 92' lang='lat' dir='ltr'>a</span> <span class='ocrx_word' id='word_1_132' title='bbox 793 1744 1101 1798; x_wconf 87' lang='lat' dir='ltr'>camerario</span> <span class='ocrx_word' id='word_1_133' title='bbox 1123 1748 1499 1807; x_wconf 82' lang='lat' dir='ltr'>reservantur,</span> <span class='ocrx_word' id='word_1_134' title='bbox 1519 1748 1584 1796; x_wconf 91' lang='lat' dir='ltr'>ut</span> <span class='ocrx_word' id='word_1_135' title='bbox 1604 1744 1827 1795; x_wconf 89' lang='lat' dir='ltr'>cuicun-</span> 
     </span>
    </p>
   </div>
   <div class='ocr_carea' id='block_1_20' title="bbox 237 1833 1828 1907">
    <p class='ocr_par' dir='ltr' id='par_1_20' title="bbox 237 1833 1828 1907">
     <span class='ocr_line' id='line_1_20' title="bbox 237 1833 1828 1907; baseline -0.003 -18"><span class='ocrx_word' id='word_1_136' title='bbox 237 1851 335 1907; x_wconf 90' lang='lat' dir='ltr'>que</span> <span class='ocrx_word' id='word_1_137' title='bbox 355 1835 525 1889; x_wconf 75' lang='lat' dir='ltr'>fratri</span> <span class='ocrx_word' id='word_1_138' title='bbox 554 1846 693 1905; x_wconf 87' lang='lat' dir='ltr'>opus</span> <span class='ocrx_word' id='word_1_139' title='bbox 720 1835 910 1900; x_wconf 83' lang='lat' dir='ltr'>fuerit,</span> <span class='ocrx_word' id='word_1_140' title='bbox 935 1833 1276 1888; x_wconf 81' lang='lat' dir='ltr'>tribuantur.</span> <span class='ocrx_word' id='word_1_141' title='bbox 1311 1833 1583 1897; x_wconf 85' lang='lat' dir='ltr'>Quotiens</span> <span class='ocrx_word' id='word_1_142' title='bbox 1612 1833 1828 1887; x_wconf 75' lang='lat' dir='ltr'>venerit</span> 
     </span>
    </p>
   </div>
   <div class='ocr_carea' id='block_1_21' title="bbox 234 1922 1826 1994">
    <p class='ocr_par' dir='ltr' id='par_1_21' title="bbox 234 1922 1826 1994">
     <span class='ocr_line' id='line_1_21' title="bbox 234 1922 1826 1994; baseline -0.001 -17"><span class='ocrx_word' id='word_1_143' title='bbox 234 1924 646 1979; x_wconf 76' lang='lat' dir='ltr'>anniversarias</span> <span class='ocrx_word' id='word_1_144' title='bbox 667 1925 806 1994; x_wconf 86' lang='lat' dir='ltr'>ejus,</span> <span class='ocrx_word' id='word_1_145' title='bbox 828 1924 913 1977; x_wconf 86' lang='lat' dir='ltr'>vel</span> <span class='ocrx_word' id='word_1_146' title='bbox 932 1923 1105 1977; x_wconf 83' lang='lat' dir='ltr'>etiam</span> <span class='ocrx_word' id='word_1_147' title='bbox 1130 1922 1571 1993; x_wconf 85' lang='lat' dir='ltr'>uniuscujusque</span> <span class='ocrx_word' id='word_1_148' title='bbox 1592 1922 1826 1993; x_wconf 82' lang='lat' dir='ltr'>professi</span> 
     </span>
    </p>
   </div>
   <div class='ocr_carea' id='block_1_22' title="bbox 233 2004 1827 2084">
    <p class='ocr_par' dir='ltr' id='par_1_22' title="bbox 233 2004 1827 2084">
     <span class='ocr_line' id='line_1_22' title="bbox 233 2004 1827 2084; baseline -0.002 -17"><span class='ocrx_word' id='word_1_149' title='bbox 233 2015 427 2073; x_wconf 86' lang='lat' dir='ltr'>nostri,</span> <span class='ocrx_word' id='word_1_150' title='bbox 464 2013 672 2067; x_wconf 84' lang='lat' dir='ltr'>iterum</span> <span class='ocrx_word' id='word_1_151' title='bbox 703 2004 1000 2084; x_wconf 65' lang='lat' dir='ltr'>praebenda</span> <span class='ocrx_word' id='word_1_152' title='bbox 1029 2030 1131 2067; x_wconf 90' lang='lat' dir='ltr'>sua</span> <span class='ocrx_word' id='word_1_153' title='bbox 1161 2011 1388 2069; x_wconf 78' lang='lat' dir='ltr'>dabitur</span> <span class='ocrx_word' id='word_1_154' title='bbox 1416 2012 1486 2065; x_wconf 92' lang='lat' dir='ltr'>ad</span> <span class='ocrx_word' id='word_1_155' title='bbox 1517 2012 1827 2082; x_wconf 90' lang='lat' dir='ltr'>eleemosy-</span> 
     </span>
    </p>
   </div>
   <div class='ocr_carea' id='block_1_23' title="bbox 234 2100 1830 2179">
    <p class='ocr_par' dir='ltr' id='par_1_23' title="bbox 234 2100 1830 2179">
     <span class='ocr_line' id='line_1_23' title="bbox 234 2100 1830 2179; baseline -0.002 -23"><span class='ocrx_word' id='word_1_156' title='bbox 234 2119 377 2157; x_wconf 86' lang='lat' dir='ltr'>nam.</span> <span class='ocrx_word' id='word_1_157' title='bbox 394 2103 571 2157; x_wconf 85' lang='lat' dir='ltr'>Missa</span> <span class='ocrx_word' id='word_1_158' title='bbox 584 2116 734 2179; x_wconf 76' lang='lat' dir='ltr'>vero,</span> <span class='ocrx_word' id='word_1_159' title='bbox 754 2116 879 2173; x_wconf 66' lang='lat' dir='ltr'>quae</span> <span class='ocrx_word' id='word_1_160' title='bbox 898 2102 1035 2156; x_wconf 87' lang='lat' dir='ltr'>item</span> <span class='ocrx_word' id='word_1_161' title='bbox 1059 2102 1339 2156; x_wconf 88' lang='lat' dir='ltr'>cantanda</span> <span class='ocrx_word' id='word_1_162' title='bbox 1359 2107 1447 2154; x_wconf 89' lang='lat' dir='ltr'>est</span> <span class='ocrx_word' id='word_1_163' title='bbox 1466 2118 1566 2171; x_wconf 88' lang='lat' dir='ltr'>pro</span> <span class='ocrx_word' id='word_1_164' title='bbox 1586 2101 1700 2161; x_wconf 90' lang='lat' dir='ltr'>illo,</span> <span class='ocrx_word' id='word_1_165' title='bbox 1724 2100 1830 2154; x_wconf 88' lang='lat' dir='ltr'>ali-</span> 
     </span>
    </p>
   </div>
   <div class='ocr_carea' id='block_1_24' title="bbox 234 2188 1832 2263">
    <p class='ocr_par' dir='ltr' id='par_1_24' title="bbox 234 2188 1832 2263">
     <span class='ocr_line' id='line_1_24' title="bbox 234 2188 1832 2263; baseline -0.003 -17"><span class='ocrx_word' id='word_1_166' title='bbox 234 2191 454 2263; x_wconf 81' lang='lat' dir='ltr'>quando</span> <span class='ocrx_word' id='word_1_167' title='bbox 471 2192 660 2263; x_wconf 89' lang='lat' dir='ltr'>aliqua</span> <span class='ocrx_word' id='word_1_168' title='bbox 678 2192 1015 2246; x_wconf 81' lang='lat' dir='ltr'>necessitate</span> <span class='ocrx_word' id='word_1_169' title='bbox 1034 2191 1358 2262; x_wconf 79' lang='lat' dir='ltr'>impeditur,</span> <span class='ocrx_word' id='word_1_170' title='bbox 1381 2191 1478 2244; x_wconf 89' lang='lat' dir='ltr'>sed</span> <span class='ocrx_word' id='word_1_171' title='bbox 1501 2205 1627 2244; x_wconf 90' lang='lat' dir='ltr'>cum</span> <span class='ocrx_word' id='word_1_172' title='bbox 1653 2188 1832 2260; x_wconf 84' lang='lat' dir='ltr'>proxi-</span> 
     </span>
    </p>
   </div>
   <div class='ocr_carea' id='block_1_25' title="bbox 234 2276 1331 2352">
    <p class='ocr_par' dir='ltr' id='par_1_25' title="bbox 234 2276 1331 2352">
     <span class='ocr_line' id='line_1_25' title="bbox 234 2276 1331 2352; baseline -0.001 -17"><span class='ocrx_word' id='word_1_173' title='bbox 234 2276 316 2335; x_wconf 86' lang='lat' dir='ltr'>me</span> <span class='ocrx_word' id='word_1_174' title='bbox 342 2287 729 2352; x_wconf 83' lang='lat' dir='ltr'>Opportunum</span> <span class='ocrx_word' id='word_1_175' title='bbox 758 2281 928 2336; x_wconf 85' lang='lat' dir='ltr'>fuerit</span> <span class='ocrx_word' id='word_1_176' title='bbox 957 2285 1331 2336; x_wconf 87' lang='lat' dir='ltr'>restauratur.</span> 
     </span>
    </p>
   </div>
   <div class='ocr_carea' id='block_1_26' title="bbox 781 2369 1279 2428">
    <p class='ocr_par' dir='ltr' id='par_1_26' title="bbox 781 2369 1279 2428">
     <span class='ocr_line' id='line_1_26' title="bbox 781 2369 1279 2428; baseline 0.006 -3"><span class='ocrx_word' id='word_1_177' title='bbox 781 2369 1016 2425; x_wconf 77' lang='lat' dir='ltr'>CAPUT</span> <span class='ocrx_word' id='word_1_178' title='bbox 1054 2371 1279 2428; x_wconf 80' lang='lat' dir='ltr'>LXVII.</span> 
     </span>
    </p>
   </div>
   <div class='ocr_carea' id='block_1_27' title="bbox 270 2460 1791 2528">
    <p class='ocr_par' dir='ltr' id='par_1_27' title="bbox 270 2460 1791 2528">
     <span class='ocr_line' id='line_1_27' title="bbox 270 2460 1791 2528; baseline -0.001 -15"><span class='ocrx_word' id='word_1_179' title='bbox 270 2460 339 2513; x_wconf 76' lang='lat' dir='ltr'>De</span> <span class='ocrx_word' id='word_1_180' title='bbox 367 2475 448 2524; x_wconf 76' lang='lat' dir='ltr'>eo,</span> <span class='ocrx_word' id='word_1_181' title='bbox 484 2463 586 2526; x_wconf 83' lang='lat' dir='ltr'>qui</span> <span class='ocrx_word' id='word_1_182' title='bbox 613 2461 675 2512; x_wconf 84' lang='lat' dir='ltr'>in</span> <span class='ocrx_word' id='word_1_183' title='bbox 701 2461 900 2528; x_wconf 73' lang='lat' dir='ltr'>aliqua</span> <span class='ocrx_word' id='word_1_184' title='bbox 929 2462 1198 2513; x_wconf 72' lang='lat' dir='ltr'>cellarum</span> <span class='ocrx_word' id='word_1_185' title='bbox 1223 2464 1545 2512; x_wconf 75' lang='lat' dir='ltr'>nostrarum</span> <span class='ocrx_word' id='word_1_186' title='bbox 1575 2460 1791 2512; x_wconf 80' lang='lat' dir='ltr'>abierit.</span> 
     </span>
    </p>
   </div>
   <div class='ocr_carea' id='block_1_28' title="bbox 295 2542 1831 2623">
    <p class='ocr_par' dir='ltr' id='par_1_28' title="bbox 295 2542 1831 2623">
     <span class='ocr_line' id='line_1_28' title="bbox 295 2542 1831 2623; baseline -0.002 -20"><span class='ocrx_word' id='word_1_187' title='bbox 295 2548 447 2619; x_wconf 68' lang='grc' dir='ltr'>(Ὁῡ.)</span> <span class='ocrx_word' id='word_1_188' title='bbox 460 2549 677 2613; x_wconf 80' lang='lat' dir='ltr'>Frater,</span> <span class='ocrx_word' id='word_1_189' title='bbox 694 2548 792 2623; x_wconf 89' lang='lat' dir='ltr'>qui</span> <span class='ocrx_word' id='word_1_190' title='bbox 813 2548 884 2602; x_wconf 89' lang='lat' dir='ltr'>ad</span> <span class='ocrx_word' id='word_1_191' title='bbox 903 2542 1151 2619; x_wconf 85' lang='lat' dir='ltr'>aliquam</span> <span class='ocrx_word' id='word_1_192' title='bbox 1175 2547 1375 2601; x_wconf 84' lang='lat' dir='ltr'>cellam</span> <span class='ocrx_word' id='word_1_193' title='bbox 1396 2552 1664 2609; x_wconf 87' lang='lat' dir='ltr'>nostram,</span> <span class='ocrx_word' id='word_1_194' title='bbox 1693 2562 1831 2618; x_wconf 89' lang='lat' dir='ltr'>qua-</span> 
     </span>
    </p>
   </div>
   <div class='ocr_carea' id='block_1_29' title="bbox 230 2627 1829 2711">
    <p class='ocr_par' dir='ltr' id='par_1_29' title="bbox 230 2627 1829 2711">
     <span class='ocr_line' id='line_1_29' title="bbox 230 2627 1829 2711; baseline 0 -20"><span class='ocrx_word' id='word_1_195' title='bbox 230 2642 453 2711; x_wconf 77' lang='lat' dir='ltr'>cunque</span> <span class='ocrx_word' id='word_1_196' title='bbox 499 2653 567 2691; x_wconf 86' lang='lat' dir='ltr'>ex</span> <span class='ocrx_word' id='word_1_197' title='bbox 612 2653 781 2691; x_wconf 86' lang='lat' dir='ltr'>causa</span> <span class='ocrx_word' id='word_1_198' title='bbox 824 2627 1048 2701; x_wconf 75' lang='lat' dir='ltr'>misSus,</span> <span class='ocrx_word' id='word_1_199' title='bbox 1102 2637 1178 2691; x_wconf 89' lang='lat' dir='ltr'>ibi</span> <span class='ocrx_word' id='word_1_200' title='bbox 1224 2637 1447 2701; x_wconf 89' lang='lat' dir='ltr'>obierit,</span> <span class='ocrx_word' id='word_1_201' title='bbox 1481 2636 1557 2689; x_wconf 88' lang='lat' dir='ltr'>ibi</span> <span class='ocrx_word' id='word_1_202' title='bbox 1607 2653 1829 2707; x_wconf 91' lang='lat' dir='ltr'>quoque</span> 
     </span>
    </p>
   </div>
   <div class='ocr_carea' id='block_1_30' title="bbox 232 2718 1830 2798">
    <p class='ocr_par' dir='ltr' id='par_1_30' title="bbox 232 2718 1830 2798">
     <span class='ocr_line' id='line_1_30' title="bbox 232 2718 1830 2798; baseline 0.001 -19"><span class='ocrx_word' id='word_1_203' title='bbox 232 2718 462 2781; x_wconf 76' lang='lat' dir='ltr'>habebit</span> <span class='ocrx_word' id='word_1_204' title='bbox 504 2727 743 2798; x_wconf 79' lang='lat' dir='ltr'>triginta</span> <span class='ocrx_word' id='word_1_205' title='bbox 784 2726 1006 2793; x_wconf 84' lang='lat' dir='ltr'>missas,</span> <span class='ocrx_word' id='word_1_206' title='bbox 1054 2727 1363 2780; x_wconf 81' lang='lat' dir='ltr'>dummodo</span> <span class='ocrx_word' id='word_1_207' title='bbox 1406 2726 1723 2780; x_wconf 72' lang='lat' dir='ltr'>sacerdotes</span> <span class='ocrx_word' id='word_1_208' title='bbox 1770 2727 1830 2780; x_wconf 91' lang='lat' dir='ltr'>in</span> 
     </span>
    </p>
   </div>
   <div class='ocr_carea' id='block_1_31' title="bbox 233 2814 1831 2887">
    <p class='ocr_par' dir='ltr' id='par_1_31' title="bbox 233 2814 1831 2887">
     <span class='ocr_line' id='line_1_31' title="bbox 233 2814 1831 2887; baseline 0 -18"><span class='ocrx_word' id='word_1_209' title='bbox 233 2814 349 2869; x_wconf 81' lang='lat' dir='ltr'>loco</span> <span class='ocrx_word' id='word_1_210' title='bbox 389 2815 529 2883; x_wconf 89' lang='lat' dir='ltr'>sint,</span> <span class='ocrx_word' id='word_1_211' title='bbox 563 2823 627 2870; x_wconf 86' lang='lat' dir='ltr'>ut</span> <span class='ocrx_word' id='word_1_212' title='bbox 654 2817 759 2870; x_wconf 85' lang='lat' dir='ltr'>hoc</span> <span class='ocrx_word' id='word_1_213' title='bbox 790 2816 913 2870; x_wconf 83' lang='lat' dir='ltr'>ﬁeri</span> <span class='ocrx_word' id='word_1_214' title='bbox 944 2817 1138 2887; x_wconf 89' lang='lat' dir='ltr'>possit,</span> <span class='ocrx_word' id='word_1_215' title='bbox 1170 2821 1227 2870; x_wconf 88' lang='lat' dir='ltr'>et</span> <span class='ocrx_word' id='word_1_216' title='bbox 1254 2821 1472 2879; x_wconf 78' lang='lat' dir='ltr'>caetera,</span> <span class='ocrx_word' id='word_1_217' title='bbox 1507 2832 1631 2887; x_wconf 70' lang='lat' dir='ltr'>quae</span> <span class='ocrx_word' id='word_1_218' title='bbox 1660 2831 1831 2887; x_wconf 83' lang='lat' dir='ltr'>supra</span> 
     </span>
    </p>
   </div>
   <div class='ocr_carea' id='block_1_32' title="bbox 232 2905 1830 2976">
    <p class='ocr_par' dir='ltr' id='par_1_32' title="bbox 232 2905 1830 2976">
     <span class='ocr_line' id='line_1_32' title="bbox 232 2905 1830 2976; baseline -0.001 -18"><span class='ocrx_word' id='word_1_219' title='bbox 232 2905 500 2971; x_wconf 87' lang='lat' dir='ltr'>memini;</span> <span class='ocrx_word' id='word_1_220' title='bbox 531 2905 700 2976; x_wconf 62' lang='lat' dir='ltr'>(eam</span> <span class='ocrx_word' id='word_1_221' title='bbox 724 2906 811 2960; x_wconf 90' lang='lat' dir='ltr'>sin</span> <span class='ocrx_word' id='word_1_222' title='bbox 838 2910 1029 2960; x_wconf 82' lang='lat' dir='ltr'>autem</span> <span class='ocrx_word' id='word_1_223' title='bbox 1059 2906 1207 2976; x_wconf 88' lang='lat' dir='ltr'>apud</span> <span class='ocrx_word' id='word_1_224' title='bbox 1239 2921 1351 2958; x_wconf 92' lang='lat' dir='ltr'>non</span> <span class='ocrx_word' id='word_1_225' title='bbox 1373 2905 1577 2975; x_wconf 83' lang='lat' dir='ltr'>agitur.</span> <span class='ocrx_word' id='word_1_226' title='bbox 1604 2906 1673 2959; x_wconf 90' lang='lat' dir='ltr'>Et</span> <span class='ocrx_word' id='word_1_227' title='bbox 1702 2916 1830 2958; x_wconf 84' lang='lat' dir='ltr'>cum</span> 
     </span>
    </p>
   </div>
   <div class='ocr_carea' id='block_1_33' title="bbox 232 2992 1829 3066">
    <p class='ocr_par' dir='ltr' id='par_1_33' title="bbox 232 2992 1829 3066">
     <span class='ocr_line' id='line_1_33' title="bbox 232 2992 1829 3066; baseline 0 -19"><span class='ocrx_word' id='word_1_228' title='bbox 232 2992 525 3049; x_wconf 74' lang='lat' dir='ltr'>advenerit</span> <span class='ocrx_word' id='word_1_229' title='bbox 543 2994 726 3049; x_wconf 82' lang='lat' dir='ltr'>brevis</span> <span class='ocrx_word' id='word_1_230' title='bbox 747 2996 869 3066; x_wconf 83' lang='lat' dir='ltr'>ejus</span> <span class='ocrx_word' id='word_1_231' title='bbox 887 2995 1273 3065; x_wconf 85' lang='lat' dir='ltr'>depositionis,</span> <span class='ocrx_word' id='word_1_232' title='bbox 1293 2995 1482 3065; x_wconf 86' lang='lat' dir='ltr'>agitur</span> <span class='ocrx_word' id='word_1_233' title='bbox 1502 3010 1602 3064; x_wconf 90' lang='lat' dir='ltr'>pro</span> <span class='ocrx_word' id='word_1_234' title='bbox 1620 3008 1688 3048; x_wconf 89' lang='lat' dir='ltr'>eo</span> <span class='ocrx_word' id='word_1_235' title='bbox 1703 2992 1829 3047; x_wconf 78' lang='lat' dir='ltr'>offl-</span> 
     </span>
    </p>
   </div>
   <div class='ocr_carea' id='block_1_34' title="bbox 1913 492 3507 565">
    <p class='ocr_par' dir='ltr' id='par_1_34' title="bbox 1913 492 3507 565">
     <span class='ocr_line' id='line_1_34' title="bbox 1913 492 3507 565; baseline 0.004 -21"><span class='ocrx_word' id='word_1_236' title='bbox 1913 492 2224 562; x_wconf 82' lang='lat' dir='ltr'>percutitur</span> <span class='ocrx_word' id='word_1_237' title='bbox 2255 492 2322 553; x_wconf 82' lang='lat' dir='ltr'>(si</span> <span class='ocrx_word' id='word_1_238' title='bbox 2350 497 2541 545; x_wconf 85' lang='lat' dir='ltr'>tamen</span> <span class='ocrx_word' id='word_1_239' title='bbox 2573 493 2775 547; x_wconf 84' lang='lat' dir='ltr'>fratres</span> <span class='ocrx_word' id='word_1_240' title='bbox 2802 493 2861 546; x_wconf 90' lang='lat' dir='ltr'>in</span> <span class='ocrx_word' id='word_1_241' title='bbox 2900 492 3091 564; x_wconf 87' lang='lat' dir='ltr'>aliquo</span> <span class='ocrx_word' id='word_1_242' title='bbox 3118 495 3382 565; x_wconf 70' lang='lat' dir='ltr'>praedicto</span> <span class='ocrx_word' id='word_1_243' title='bbox 3412 510 3507 550; x_wconf 63' lang='lat' dir='ltr'>ora-</span> 
     </span>
    </p>
   </div>
   <div class='ocr_carea' id='block_1_35' title="bbox 1904 570 3506 652">
    <p class='ocr_par' dir='ltr' id='par_1_35' title="bbox 1904 570 3506 652">
     <span class='ocr_line' id='line_1_35' title="bbox 1904 570 3506 652; baseline 0.005 -18"><span class='ocrx_word' id='word_1_244' title='bbox 1904 581 2042 635; x_wconf 84' lang='lat' dir='ltr'>dine</span> <span class='ocrx_word' id='word_1_245' title='bbox 2087 581 2159 635; x_wconf 80' lang='lat' dir='ltr'>ad</span> <span class='ocrx_word' id='word_1_246' title='bbox 2188 570 2432 652; x_wconf 77' lang='lat' dir='ltr'>praesens</span> <span class='ocrx_word' id='word_1_247' title='bbox 2462 597 2577 635; x_wconf 87' lang='lat' dir='ltr'>non</span> <span class='ocrx_word' id='word_1_248' title='bbox 2606 586 2739 635; x_wconf 90' lang='lat' dir='ltr'>sunt</span> <span class='ocrx_word' id='word_1_249' title='bbox 2765 583 3044 652; x_wconf 81' lang='lat' dir='ltr'>occupati)</span> <span class='ocrx_word' id='word_1_250' title='bbox 3072 601 3084 635; x_wconf 86' lang='lat'><strong>:</strong></span> <span class='ocrx_word' id='word_1_251' title='bbox 3120 589 3177 638; x_wconf 87' lang='lat' dir='ltr'>et</span> <span class='ocrx_word' id='word_1_252' title='bbox 3196 593 3506 642; x_wconf 78' lang='lat' dir='ltr'>conventus</span> 
     </span>
    </p>
   </div>
   <div class='ocr_carea' id='block_1_36' title="bbox 1909 671 3509 743">
    <p class='ocr_par' dir='ltr' id='par_1_36' title="bbox 1909 671 3509 743">
     <span class='ocr_line' id='line_1_36' title="bbox 1909 671 3509 743; baseline 0.003 -19"><span class='ocrx_word' id='word_1_253' title='bbox 1909 687 2034 725; x_wconf 92' lang='lat' dir='ltr'>cum</span> <span class='ocrx_word' id='word_1_254' title='bbox 2064 676 2222 725; x_wconf 85' lang='lat' dir='ltr'>tanta</span> <span class='ocrx_word' id='word_1_255' title='bbox 2252 671 2384 725; x_wconf 90' lang='lat' dir='ltr'>illuc</span> <span class='ocrx_word' id='word_1_256' title='bbox 2410 671 2770 725; x_wconf 83' lang='lat' dir='ltr'>festinatione</span> <span class='ocrx_word' id='word_1_257' title='bbox 2808 672 3002 739; x_wconf 85' lang='lat' dir='ltr'>currit,</span> <span class='ocrx_word' id='word_1_258' title='bbox 3032 678 3248 743; x_wconf 84' lang='lat' dir='ltr'>quanta</span> <span class='ocrx_word' id='word_1_259' title='bbox 3279 674 3509 730; x_wconf 77' lang='lat' dir='ltr'>festinat</span> 
     </span>
    </p>
   </div>
   <div class='ocr_carea' id='block_1_37' title="bbox 1908 760 3509 832">
    <p class='ocr_par' dir='ltr' id='par_1_37' title="bbox 1908 760 3509 832">
     <span class='ocr_line' id='line_1_37' title="bbox 1908 760 3509 832; baseline 0.003 -18"><span class='ocrx_word' id='word_1_260' title='bbox 1908 760 1981 814; x_wconf 79' lang='lat' dir='ltr'>ad</span> <span class='ocrx_word' id='word_1_261' title='bbox 2002 760 2332 814; x_wconf 84' lang='lat' dir='ltr'>morientem</span> <span class='ocrx_word' id='word_1_262' title='bbox 2369 761 2619 815; x_wconf 86' lang='lat' dir='ltr'>canendo</span> <span class='ocrx_word' id='word_1_263' title='bbox 2634 761 2892 815; x_wconf 88' lang='lat' dir='ltr'>videlicet</span> <span class='ocrx_word' id='word_1_264' title='bbox 2908 761 3226 832; x_wconf 83' lang='lat' dir='ltr'>symbolum</span> <span class='ocrx_word' id='word_1_265' title='bbox 3241 762 3387 817; x_wconf 78' lang='lat' dir='ltr'>fidei.</span> <span class='ocrx_word' id='word_1_266' title='bbox 3404 764 3509 819; x_wconf 85' lang='lat' dir='ltr'>Ve-</span> 
     </span>
    </p>
   </div>
   <div class='ocr_carea' id='block_1_38' title="bbox 1910 849 3502 923">
    <p class='ocr_par' dir='ltr' id='par_1_38' title="bbox 1910 849 3502 923">
     <span class='ocr_line' id='line_1_38' title="bbox 1910 849 3502 923; baseline 0.002 -19"><span class='ocrx_word' id='word_1_267' title='bbox 1910 865 2037 904; x_wconf 89' lang='lat' dir='ltr'>rum</span> <span class='ocrx_word' id='word_1_268' title='bbox 2064 850 2111 903; x_wconf 84' lang='lat' dir='ltr'>si</span> <span class='ocrx_word' id='word_1_269' title='bbox 2154 849 2342 904; x_wconf 86' lang='lat' dir='ltr'>obitus</span> <span class='ocrx_word' id='word_1_270' title='bbox 2372 851 2492 918; x_wconf 88' lang='lat' dir='ltr'>ejus</span> <span class='ocrx_word' id='word_1_271' title='bbox 2521 849 2678 920; x_wconf 81' lang='lat' dir='ltr'>prius</span> <span class='ocrx_word' id='word_1_272' title='bbox 2708 851 2764 904; x_wconf 79' lang='lat' dir='ltr'>in</span> <span class='ocrx_word' id='word_1_273' title='bbox 2806 851 3053 921; x_wconf 88' lang='lat' dir='ltr'>capitulo</span> <span class='ocrx_word' id='word_1_274' title='bbox 3084 853 3502 923; x_wconf 79' lang='lat' dir='ltr'>pronuntiatur,</span> 
     </span>
    </p>
   </div>
   <div class='ocr_carea' id='block_1_39' title="bbox 1910 939 3507 1013">
    <p class='ocr_par' dir='ltr' id='par_1_39' title="bbox 1910 939 3507 1013">
     <span class='ocr_line' id='line_1_39' title="bbox 1910 939 3507 1013; baseline 0.004 -22"><span class='ocrx_word' id='word_1_275' title='bbox 1910 944 2037 1009; x_wconf 85' lang='lat' dir='ltr'>post</span> <span class='ocrx_word' id='word_1_276' title='bbox 2058 939 2365 1009; x_wconf 81' lang='lat' dir='ltr'>capitulum</span> <span class='ocrx_word' id='word_1_277' title='bbox 2391 954 2504 992; x_wconf 91' lang='lat' dir='ltr'>non</span> <span class='ocrx_word' id='word_1_278' title='bbox 2535 939 2867 1009; x_wconf 86' lang='lat' dir='ltr'>percutitur,</span> <span class='ocrx_word' id='word_1_279' title='bbox 2888 940 2987 994; x_wconf 83' lang='lat' dir='ltr'>sed</span> <span class='ocrx_word' id='word_1_280' title='bbox 3015 947 3321 996; x_wconf 83' lang='lat' dir='ltr'>conventus</span> <span class='ocrx_word' id='word_1_281' title='bbox 3342 944 3507 1013; x_wconf 83' lang='lat' dir='ltr'>pede-</span> 
     </span>
    </p>
   </div>
   <div class='ocr_carea' id='block_1_40' title="bbox 1911 1027 3506 1099">
    <p class='ocr_par' dir='ltr' id='par_1_40' title="bbox 1911 1027 3506 1099">
     <span class='ocr_line' id='line_1_40' title="bbox 1911 1027 3506 1099; baseline 0.004 -18"><span class='ocrx_word' id='word_1_282' title='bbox 1911 1028 2114 1081; x_wconf 90' lang='lat' dir='ltr'>tentim</span> <span class='ocrx_word' id='word_1_283' title='bbox 2138 1027 2425 1093; x_wconf 83' lang='lat' dir='ltr'>incedens,</span> <span class='ocrx_word' id='word_1_284' title='bbox 2467 1044 2726 1099; x_wconf 81' lang='lat' dir='ltr'>vesperos</span> <span class='ocrx_word' id='word_1_285' title='bbox 2764 1029 3154 1084; x_wconf 75' lang='lat' dir='ltr'>defunctorum</span> <span class='ocrx_word' id='word_1_286' title='bbox 3183 1036 3392 1086; x_wconf 71' lang='lat' dir='ltr'>cantat.</span> <span class='ocrx_word' id='word_1_287' title='bbox 3425 1034 3506 1087; x_wconf 84' lang='lat' dir='ltr'>De</span> 
     </span>
    </p>
   </div>
   <div class='ocr_carea' id='block_1_41' title="bbox 1912 1116 3509 1189">
    <p class='ocr_par' dir='ltr' id='par_1_41' title="bbox 1912 1116 3509 1189">
     <span class='ocr_line' id='line_1_41' title="bbox 1912 1116 3509 1189; baseline 0.003 -18"><span class='ocrx_word' id='word_1_288' title='bbox 1912 1122 2111 1171; x_wconf 65' lang='lat' dir='ltr'>caetero</span> <span class='ocrx_word' id='word_1_289' title='bbox 2137 1116 2319 1171; x_wconf 90' lang='lat' dir='ltr'>eidem</span> <span class='ocrx_word' id='word_1_290' title='bbox 2348 1133 2451 1187; x_wconf 88' lang='lat' dir='ltr'>per</span> <span class='ocrx_word' id='word_1_291' title='bbox 2478 1118 2669 1172; x_wconf 80' lang='lat' dir='ltr'>omnia</span> <span class='ocrx_word' id='word_1_292' title='bbox 2703 1118 3105 1189; x_wconf 73' lang='lat' dir='ltr'>sicut‘prrefato</span> <span class='ocrx_word' id='word_1_293' title='bbox 3134 1118 3395 1179; x_wconf 62' lang='lat' dir='ltr'>defuncto</span> <span class='ocrx_word' id='word_1_294' title='bbox 3420 1128 3509 1176; x_wconf 77' lang='lat' dir='ltr'>est</span> 
     </span>
    </p>
   </div>
   <div class='ocr_carea' id='block_1_42' title="bbox 1912 1206 2213 1276">
    <p class='ocr_par' dir='ltr' id='par_1_42' title="bbox 1912 1206 2213 1276">
     <span class='ocr_line' id='line_1_42' title="bbox 1912 1206 2213 1276; baseline 0.01 -16"><span class='ocrx_word' id='word_1_295' title='bbox 1912 1206 2213 1276; x_wconf 81' lang='lat' dir='ltr'>agendum.</span> 
     </span>
    </p>
   </div>
   <div class='ocr_carea' id='block_1_43' title="bbox 2498 1297 2935 1352">
    <p class='ocr_par' dir='ltr' id='par_1_43' title="bbox 2498 1297 2935 1352">
     <span class='ocr_line' id='line_1_43' title="bbox 2498 1297 2935 1352; baseline 0 -1"><span class='ocrx_word' id='word_1_296' title='bbox 2498 1297 2732 1352; x_wconf 81' lang='lat' dir='ltr'>CAPUT</span> <span class='ocrx_word' id='word_1_297' title='bbox 2772 1297 2935 1351; x_wconf 70' lang='lat' dir='ltr'>LXX.</span> 
     </span>
    </p>
   </div>
   <div class='ocr_carea' id='block_1_44' title="bbox 2114 1380 3304 1456">
    <p class='ocr_par' dir='ltr' id='par_1_44' title="bbox 2114 1380 3304 1456">
     <span class='ocr_line' id='line_1_44' title="bbox 2114 1380 3304 1456; baseline 0.003 -17"><span class='ocrx_word' id='word_1_298' title='bbox 2114 1380 2191 1439; x_wconf 77' lang='lat' dir='ltr'>De</span> <span class='ocrx_word' id='word_1_299' title='bbox 2218 1386 2447 1446; x_wconf 68' lang='lat' dir='ltr'>duobus,</span> <span class='ocrx_word' id='word_1_300' title='bbox 2479 1388 2562 1439; x_wconf 72' lang='lat' dir='ltr'>vel</span> <span class='ocrx_word' id='word_1_301' title='bbox 2594 1387 2771 1438; x_wconf 78' lang='lat' dir='ltr'>tribus</span> <span class='ocrx_word' id='word_1_302' title='bbox 2799 1388 2939 1453; x_wconf 67' lang='lat' dir='ltr'>forte</span> <span class='ocrx_word' id='word_1_303' title='bbox 2959 1389 3304 1456; x_wconf 61' lang='lat' dir='ltr'>smliendis.</span> 
     </span>
    </p>
   </div>
   <div class='ocr_carea' id='block_1_45' title="bbox 1983 1470 3508 1544">
    <p class='ocr_par' dir='ltr' id='par_1_45' title="bbox 1983 1470 3508 1544">
     <span class='ocr_line' id='line_1_45' title="bbox 1983 1470 3508 1544; baseline 0.005 -17"><span class='ocrx_word' id='word_1_304' title='bbox 1983 1470 2001 1496; x_wconf 74' lang='lat'><strong>‘</strong></span> <span class='ocrx_word' id='word_1_305' title='bbox 2040 1473 2098 1528; x_wconf 86' lang='lat' dir='ltr'>Si</span> <span class='ocrx_word' id='word_1_306' title='bbox 2132 1474 2435 1544; x_wconf 89' lang='lat' dir='ltr'>aliquando</span> <span class='ocrx_word' id='word_1_307' title='bbox 2472 1474 2738 1538; x_wconf 84' lang='lat' dir='ltr'>evenerit,</span> <span class='ocrx_word' id='word_1_308' title='bbox 2781 1480 2847 1528; x_wconf 90' lang='lat' dir='ltr'>ut</span> <span class='ocrx_word' id='word_1_309' title='bbox 2882 1476 2993 1529; x_wconf 87' lang='lat' dir='ltr'>duo</span> <span class='ocrx_word' id='word_1_310' title='bbox 3025 1476 3111 1530; x_wconf 88' lang='lat' dir='ltr'>vel</span> <span class='ocrx_word' id='word_1_311' title='bbox 3145 1482 3263 1530; x_wconf 87' lang='lat' dir='ltr'>tres</span> <span class='ocrx_word' id='word_1_312' title='bbox 3302 1476 3508 1534; x_wconf 70' lang='lat' dir='ltr'>fratres</span> 
     </span>
    </p>
   </div>
   <div class='ocr_carea' id='block_1_46' title="bbox 1908 1563 3508 1634">
    <p class='ocr_par' dir='ltr' id='par_1_46' title="bbox 1908 1563 3508 1634">
     <span class='ocr_line' id='line_1_46' title="bbox 1908 1563 3508 1634; baseline 0.004 -18"><span class='ocrx_word' id='word_1_313' title='bbox 1908 1563 2080 1617; x_wconf 86' lang='lat' dir='ltr'>simul</span> <span class='ocrx_word' id='word_1_314' title='bbox 2108 1563 2223 1617; x_wconf 89' lang='lat' dir='ltr'>sint</span> <span class='ocrx_word' id='word_1_315' title='bbox 2246 1563 2571 1634; x_wconf 85' lang='lat' dir='ltr'>sepeliendi,</span> <span class='ocrx_word' id='word_1_316' title='bbox 2604 1569 2690 1621; x_wconf 82' lang='lat' dir='ltr'>tot</span> <span class='ocrx_word' id='word_1_317' title='bbox 2717 1564 3024 1631; x_wconf 80' lang='lat' dir='ltr'>tlruribula,</span> <span class='ocrx_word' id='word_1_318' title='bbox 3049 1572 3133 1619; x_wconf 89' lang='lat' dir='ltr'>tot</span> <span class='ocrx_word' id='word_1_319' title='bbox 3162 1581 3353 1622; x_wconf 68' lang='lat' dir='ltr'>emices</span> <span class='ocrx_word' id='word_1_320' title='bbox 3378 1580 3508 1622; x_wconf 82' lang='lat' dir='ltr'>cum</span> 
     </span>
    </p>
   </div>
   <div class='ocr_carea' id='block_1_47' title="bbox 1909 1652 3512 1728">
    <p class='ocr_par' dir='ltr' id='par_1_47' title="bbox 1909 1652 3512 1728">
     <span class='ocr_line' id='line_1_47' title="bbox 1909 1652 3512 1728; baseline 0.004 -23"><span class='ocrx_word' id='word_1_321' title='bbox 1909 1652 2277 1717; x_wconf 84' lang='lat' dir='ltr'>candelabris,</span> <span class='ocrx_word' id='word_1_322' title='bbox 2300 1653 2644 1723; x_wconf 87' lang='lat' dir='ltr'>totidemque</span> <span class='ocrx_word' id='word_1_323' title='bbox 2665 1654 2981 1708; x_wconf 78' lang='lat' dir='ltr'>sacerdotes</span> <span class='ocrx_word' id='word_1_324' title='bbox 2997 1654 3355 1719; x_wconf 83' lang='lat' dir='ltr'>adhibentur,</span> <span class='ocrx_word' id='word_1_325' title='bbox 3371 1662 3512 1728; x_wconf 90' lang='lat' dir='ltr'>quot</span> 
     </span>
    </p>
   </div>
   <div class='ocr_carea' id='block_1_48' title="bbox 1846 1723 3512 1813">
    <p class='ocr_par' dir='ltr' id='par_1_48' title="bbox 1846 1723 3512 1813">
     <span class='ocr_line' id='line_1_48' title="bbox 1846 1723 3512 1813; baseline 0.004 -19"><span class='ocrx_word' id='word_1_326' title='bbox 1846 1723 1891 1785; x_wconf 80' lang='grc' dir='ltr'><strong>Β</strong></span> <span class='ocrx_word' id='word_1_327' title='bbox 1910 1747 2046 1799; x_wconf 89' lang='lat' dir='ltr'>sunt</span> <span class='ocrx_word' id='word_1_328' title='bbox 2073 1742 2339 1796; x_wconf 79' lang='lat' dir='ltr'>defuncti.</span> <span class='ocrx_word' id='word_1_329' title='bbox 2369 1743 2445 1796; x_wconf 75' lang='lat' dir='ltr'>Ex</span> <span class='ocrx_word' id='word_1_330' title='bbox 2476 1742 2678 1813; x_wconf 86' lang='lat' dir='ltr'>quibus</span> <span class='ocrx_word' id='word_1_331' title='bbox 2709 1749 2899 1799; x_wconf 86' lang='lat' dir='ltr'>tamen</span> <span class='ocrx_word' id='word_1_332' title='bbox 2918 1744 3183 1797; x_wconf 84' lang='lat' dir='ltr'>sacerdos</span> <span class='ocrx_word' id='word_1_333' title='bbox 3208 1723 3512 1800; x_wconf 69' lang='lat' dir='ltr'>hebdoma-</span> 
     </span>
    </p>
   </div>
   <div class='ocr_carea' id='block_1_49' title="bbox 1914 1831 3511 1903">
    <p class='ocr_par' dir='ltr' id='par_1_49' title="bbox 1914 1831 3511 1903">
     <span class='ocr_line' id='line_1_49' title="bbox 1914 1831 3511 1903; baseline 0.003 -19"><span class='ocrx_word' id='word_1_334' title='bbox 1914 1831 2107 1884; x_wconf 88' lang='lat' dir='ltr'>darius</span> <span class='ocrx_word' id='word_1_335' title='bbox 2134 1832 2411 1893; x_wconf 83' lang='lat' dir='ltr'>collectas,</span> <span class='ocrx_word' id='word_1_336' title='bbox 2440 1846 2565 1902; x_wconf 82' lang='lat' dir='ltr'>quae</span> <span class='ocrx_word' id='word_1_337' title='bbox 2607 1832 2666 1890; x_wconf 86' lang='lat' dir='ltr'>in</span> <span class='ocrx_word' id='word_1_338' title='bbox 2710 1833 2923 1903; x_wconf 85' lang='lat' dir='ltr'>capella</span> <span class='ocrx_word' id='word_1_339' title='bbox 2950 1834 3008 1887; x_wconf 79' lang='grc'>8.</span> <span class='ocrx_word' id='word_1_340' title='bbox 3042 1833 3230 1888; x_wconf 79' lang='lat' dir='ltr'>Mariae</span> <span class='ocrx_word' id='word_1_341' title='bbox 3258 1839 3392 1888; x_wconf 88' lang='lat' dir='ltr'>sunt</span> <span class='ocrx_word' id='word_1_342' title='bbox 3419 1834 3511 1888; x_wconf 86' lang='lat' dir='ltr'>di-</span> 
     </span>
    </p>
   </div>
   <div class='ocr_carea' id='block_1_50' title="bbox 1911 1918 3507 1992">
    <p class='ocr_par' dir='ltr' id='par_1_50' title="bbox 1911 1918 3507 1992">
     <span class='ocr_line' id='line_1_50' title="bbox 1911 1918 3507 1992; baseline 0.003 -19"><span class='ocrx_word' id='word_1_343' title='bbox 1911 1918 2120 1984; x_wconf 72' lang='lat' dir='ltr'>cendae,</span> <span class='ocrx_word' id='word_1_344' title='bbox 2141 1921 2295 1983; x_wconf 83' lang='lat' dir='ltr'>dicit,</span> <span class='ocrx_word' id='word_1_345' title='bbox 2317 1927 2375 1989; x_wconf 78' lang='lat' dir='ltr'>et</span> <span class='ocrx_word' id='word_1_346' title='bbox 2398 1922 2594 1985; x_wconf 87' lang='lat' dir='ltr'>altare,</span> <span class='ocrx_word' id='word_1_347' title='bbox 2616 1922 2881 1992; x_wconf 85' lang='lat' dir='ltr'>ipsosque</span> <span class='ocrx_word' id='word_1_348' title='bbox 2901 1922 3194 1976; x_wconf 82' lang='lat' dir='ltr'>defunctos</span> <span class='ocrx_word' id='word_1_349' title='bbox 3215 1923 3507 1978; x_wconf 85' lang='lat' dir='ltr'>incensare</span> 
     </span>
    </p>
   </div>
   <div class='ocr_carea' id='block_1_51' title="bbox 1912 2008 3503 2081">
    <p class='ocr_par' dir='ltr' id='par_1_51' title="bbox 1912 2008 3503 2081">
     <span class='ocr_line' id='line_1_51' title="bbox 1912 2008 3503 2081; baseline 0.003 -18"><span class='ocrx_word' id='word_1_350' title='bbox 1912 2008 2077 2064; x_wconf 86' lang='lat' dir='ltr'>debet</span> <span class='ocrx_word' id='word_1_351' title='bbox 2128 2010 2235 2074; x_wconf 85' lang='lat' dir='ltr'>Qui</span> <span class='ocrx_word' id='word_1_352' title='bbox 2265 2010 2436 2064; x_wconf 90' lang='lat' dir='ltr'>etiam</span> <span class='ocrx_word' id='word_1_353' title='bbox 2494 2011 2562 2064; x_wconf 88' lang='lat' dir='ltr'>ad</span> <span class='ocrx_word' id='word_1_354' title='bbox 2620 2012 2968 2081; x_wconf 82' lang='lat' dir='ltr'>sepulturam</span> <span class='ocrx_word' id='word_1_355' title='bbox 3027 2017 3161 2071; x_wconf 85' lang='lat' dir='ltr'>sunt</span> <span class='ocrx_word' id='word_1_356' title='bbox 3196 2012 3503 2068; x_wconf 83' lang='lat' dir='ltr'>deferendi.</span> 
     </span>
    </p>
   </div>
   <div class='ocr_carea' id='block_1_52' title="bbox 1908 2099 3505 2170">
    <p class='ocr_par' dir='ltr' id='par_1_52' title="bbox 1908 2099 3505 2170">
     <span class='ocr_line' id='line_1_52' title="bbox 1908 2099 3505 2170; baseline 0.003 -19"><span class='ocrx_word' id='word_1_357' title='bbox 1908 2099 2217 2152; x_wconf 85' lang='lat' dir='ltr'>secundum</span> <span class='ocrx_word' id='word_1_358' title='bbox 2247 2105 2470 2170; x_wconf 89' lang='lat' dir='ltr'>tempus</span> <span class='ocrx_word' id='word_1_359' title='bbox 2500 2099 2683 2154; x_wconf 90' lang='lat' dir='ltr'>obitus</span> <span class='ocrx_word' id='word_1_360' title='bbox 2711 2100 2800 2154; x_wconf 88' lang='lat' dir='ltr'>sui</span> <span class='ocrx_word' id='word_1_361' title='bbox 2826 2118 2838 2167; x_wconf 91' lang='lat'><strong>;</strong></span> <span class='ocrx_word' id='word_1_362' title='bbox 2889 2116 2956 2154; x_wconf 87' lang='lat' dir='ltr'>eo</span> <span class='ocrx_word' id='word_1_363' title='bbox 2988 2099 3249 2154; x_wconf 87' lang='lat' dir='ltr'>videlicet</span> <span class='ocrx_word' id='word_1_364' title='bbox 3283 2101 3505 2168; x_wconf 79' lang='lat' dir='ltr'>ordine,</span> 
     </span>
    </p>
   </div>
   <div class='ocr_carea' id='block_1_53' title="bbox 1910 2188 3585 2261">
    <p class='ocr_par' dir='ltr' id='par_1_53' title="bbox 1910 2188 3585 2261">
     <span class='ocr_line' id='line_1_53' title="bbox 1910 2188 3585 2261; baseline 0.002 -20"><span class='ocrx_word' id='word_1_365' title='bbox 1910 2192 1977 2241; x_wconf 87' lang='lat' dir='ltr'>ut</span> <span class='ocrx_word' id='word_1_366' title='bbox 2006 2189 2101 2258; x_wconf 89' lang='lat' dir='ltr'>qui</span> <span class='ocrx_word' id='word_1_367' title='bbox 2132 2188 2288 2248; x_wconf 82' lang='lat' dir='ltr'>prius</span> <span class='ocrx_word' id='word_1_368' title='bbox 2328 2188 2487 2246; x_wconf 85' lang='lat' dir='ltr'>obiit.</span> <span class='ocrx_word' id='word_1_369' title='bbox 2519 2189 2754 2243; x_wconf 90' lang='lat' dir='ltr'>ultimus</span> <span class='ocrx_word' id='word_1_370' title='bbox 2799 2190 2857 2242; x_wconf 91' lang='lat' dir='ltr'>in</span> <span class='ocrx_word' id='word_1_371' title='bbox 2899 2190 3253 2261; x_wconf 83' lang='lat' dir='ltr'>processione</span> <span class='ocrx_word' id='word_1_372' title='bbox 3289 2190 3386 2256; x_wconf 81' lang='lat' dir='ltr'>sit,</span> <span class='ocrx_word' id='word_1_373' title='bbox 3417 2204 3510 2245; x_wconf 84' lang='lat' dir='ltr'>se-</span> <span class='ocrx_word' id='word_1_374' title='bbox 3576 2232 3585 2235; x_wconf 84' lang='grc'><strong><em>-</em></strong></span> 
     </span>
    </p>
   </div>
   <div class='ocr_carea' id='block_1_54' title="bbox 1914 2277 3511 2350">
    <p class='ocr_par' dir='ltr' id='par_1_54' title="bbox 1914 2277 3511 2350">
     <span class='ocr_line' id='line_1_54' title="bbox 1914 2277 3511 2350; baseline 0.003 -20"><span class='ocrx_word' id='word_1_375' title='bbox 1914 2284 2121 2348; x_wconf 88' lang='lat' dir='ltr'>quente</span> <span class='ocrx_word' id='word_1_376' title='bbox 2177 2277 2612 2332; x_wconf 81' lang='lat' dir='ltr'>hebdomadario</span> <span class='ocrx_word' id='word_1_377' title='bbox 2657 2279 2968 2341; x_wconf 84' lang='lat' dir='ltr'>sacerdote,</span> <span class='ocrx_word' id='word_1_378' title='bbox 3021 2279 3335 2350; x_wconf 76' lang='lat' dir='ltr'>eidemque,</span> <span class='ocrx_word' id='word_1_379' title='bbox 3386 2294 3511 2350; x_wconf 67' lang='lat' dir='ltr'>quae</span> 
     </span>
    </p>
   </div>
   <div class='ocr_carea' id='block_1_55' title="bbox 1913 2367 3510 2439">
    <p class='ocr_par' dir='ltr' id='par_1_55' title="bbox 1913 2367 3510 2439">
     <span class='ocr_line' id='line_1_55' title="bbox 1913 2367 3510 2439; baseline 0.003 -19"><span class='ocrx_word' id='word_1_380' title='bbox 1913 2373 2047 2421; x_wconf 88' lang='lat' dir='ltr'>sunt</span> <span class='ocrx_word' id='word_1_381' title='bbox 2088 2367 2174 2421; x_wconf 89' lang='lat' dir='ltr'>sui</span> <span class='ocrx_word' id='word_1_382' title='bbox 2204 2367 2372 2421; x_wconf 81' lang='lat' dir='ltr'>ofﬁcii</span> <span class='ocrx_word' id='word_1_383' title='bbox 2412 2368 2708 2422; x_wconf 81' lang='lat' dir='ltr'>exhibente</span> <span class='ocrx_word' id='word_1_384' title='bbox 2739 2386 2751 2436; x_wconf 90' lang='lat'><strong>;</strong></span> <span class='ocrx_word' id='word_1_385' title='bbox 2791 2368 3023 2439; x_wconf 85' lang='lat' dir='ltr'>reliquis</span> <span class='ocrx_word' id='word_1_386' title='bbox 3060 2375 3253 2423; x_wconf 86' lang='lat' dir='ltr'>autem</span> <span class='ocrx_word' id='word_1_387' title='bbox 3291 2368 3510 2424; x_wconf 85' lang='lat' dir='ltr'>duobus</span> 
     </span>
    </p>
   </div>
   <div class='ocr_carea' id='block_1_56' title="bbox 1914 2456 3511 2529">
    <p class='ocr_par' dir='ltr' id='par_1_56' title="bbox 1914 2456 3511 2529">
     <span class='ocr_line' id='line_1_56' title="bbox 1914 2456 3511 2529; baseline 0.002 -19"><span class='ocrx_word' id='word_1_388' title='bbox 1914 2456 2082 2510; x_wconf 89' lang='lat' dir='ltr'>simili</span> <span class='ocrx_word' id='word_1_389' title='bbox 2110 2457 2306 2510; x_wconf 88' lang='lat' dir='ltr'>ordine</span> <span class='ocrx_word' id='word_1_390' title='bbox 2339 2458 2800 2526; x_wconf 69' lang='lat' dir='ltr'>praecedentibus,</span> <span class='ocrx_word' id='word_1_391' title='bbox 2850 2474 2915 2512; x_wconf 88' lang='lat' dir='ltr'>ac</span> <span class='ocrx_word' id='word_1_392' title='bbox 2958 2474 3059 2529; x_wconf 88' lang='lat' dir='ltr'>per</span> <span class='ocrx_word' id='word_1_393' title='bbox 3087 2458 3280 2512; x_wconf 86' lang='lat' dir='ltr'>omnia</span> <span class='ocrx_word' id='word_1_394' title='bbox 3312 2459 3511 2513; x_wconf 80' lang='lat' dir='ltr'>eadem</span> 
     </span>
    </p>
   </div>
   <div class='ocr_carea' id='block_1_57' title="bbox 1911 2545 3513 2612">
    <p class='ocr_par' dir='ltr' id='par_1_57' title="bbox 1911 2545 3513 2612">
     <span class='ocr_line' id='line_1_57' title="bbox 1911 2545 3513 2612; baseline 0.002 -13"><span class='ocrx_word' id='word_1_395' title='bbox 1911 2545 2260 2600; x_wconf 78' lang='lat' dir='ltr'>facientibus.</span> <span class='ocrx_word' id='word_1_396' title='bbox 2304 2547 2491 2601; x_wconf 82' lang='lat' dir='ltr'>Finita</span> <span class='ocrx_word' id='word_1_397' title='bbox 2536 2552 2726 2604; x_wconf 84' lang='lat' dir='ltr'>autem</span> <span class='ocrx_word' id='word_1_398' title='bbox 2772 2548 3005 2603; x_wconf 84' lang='lat' dir='ltr'>collecta</span> <span class='ocrx_word' id='word_1_399' title='bbox 3050 2550 3413 2612; x_wconf 79' lang='lat' dir='ltr'>Temoritatis,</span> <span class='ocrx_word' id='word_1_400' title='bbox 3455 2554 3513 2603; x_wconf 88' lang='lat' dir='ltr'>et</span> 
     </span>
    </p>
   </div>
   <div class='ocr_carea' id='block_1_58' title="bbox 1912 2635 3510 2708">
    <p class='ocr_par' dir='ltr' id='par_1_58' title="bbox 1912 2635 3510 2708">
     <span class='ocr_line' id='line_1_58' title="bbox 1912 2635 3510 2708; baseline 0.005 -20"><span class='ocrx_word' id='word_1_401' title='bbox 1912 2635 2199 2690; x_wconf 85' lang='lat' dir='ltr'>sacerdote</span> <span class='ocrx_word' id='word_1_402' title='bbox 2238 2635 2677 2691; x_wconf 87' lang='lat' dir='ltr'>hebdomadario</span> <span class='ocrx_word' id='word_1_403' title='bbox 2722 2637 2792 2693; x_wconf 86' lang='lat' dir='ltr'>de</span> <span class='ocrx_word' id='word_1_404' title='bbox 2824 2637 3124 2708; x_wconf 88' lang='lat' dir='ltr'>sepulchro</span> <span class='ocrx_word' id='word_1_405' title='bbox 3169 2654 3299 2695; x_wconf 88' lang='lat' dir='ltr'>cum</span> <span class='ocrx_word' id='word_1_406' title='bbox 3343 2653 3510 2697; x_wconf 82' lang='lat' dir='ltr'>cruce</span> 
     </span>
    </p>
   </div>
   <div class='ocr_carea' id='block_1_59' title="bbox 1913 2722 3511 2796">
    <p class='ocr_par' dir='ltr' id='par_1_59' title="bbox 1913 2722 3511 2796">
     <span class='ocr_line' id='line_1_59' title="bbox 1913 2722 3511 2796; baseline 0.003 -20"><span class='ocrx_word' id='word_1_407' title='bbox 1913 2722 2242 2785; x_wconf 75' lang='lat' dir='ltr'>divertente,</span> <span class='ocrx_word' id='word_1_408' title='bbox 2278 2730 2331 2778; x_wconf 80' lang='lat' dir='ltr'>et</span> <span class='ocrx_word' id='word_1_409' title='bbox 2357 2730 2487 2778; x_wconf 88' lang='lat' dir='ltr'>ante</span> <span class='ocrx_word' id='word_1_410' title='bbox 2513 2726 2806 2795; x_wconf 83' lang='lat' dir='ltr'>capellam,</span> <span class='ocrx_word' id='word_1_411' title='bbox 2839 2742 2962 2796; x_wconf 82' lang='lat' dir='ltr'>quae</span> <span class='ocrx_word' id='word_1_412' title='bbox 2985 2730 3073 2779; x_wconf 89' lang='lat' dir='ltr'>est</span> <span class='ocrx_word' id='word_1_413' title='bbox 3101 2726 3160 2779; x_wconf 92' lang='lat' dir='ltr'>in</span> <span class='ocrx_word' id='word_1_414' title='bbox 3191 2726 3375 2780; x_wconf 90' lang='lat' dir='ltr'>medio</span> <span class='ocrx_word' id='word_1_415' title='bbox 3404 2743 3511 2781; x_wconf 74' lang='lat' dir='ltr'>cm-</span> 
     </span>
    </p>
   </div>
   <div class='ocr_carea' id='block_1_60' title="bbox 1913 2812 3503 2885">
    <p class='ocr_par' dir='ltr' id='par_1_60' title="bbox 1913 2812 3503 2885">
     <span class='ocr_line' id='line_1_60' title="bbox 1913 2812 3503 2885; baseline 0.003 -20"><span class='ocrx_word' id='word_1_416' title='bbox 1913 2812 2135 2866; x_wconf 89' lang='lat' dir='ltr'>meterii</span> <span class='ocrx_word' id='word_1_417' title='bbox 2181 2812 2539 2877; x_wconf 87' lang='lat' dir='ltr'>subsistente,</span> <span class='ocrx_word' id='word_1_418' title='bbox 2584 2820 2641 2868; x_wconf 90' lang='lat' dir='ltr'>et</span> <span class='ocrx_word' id='word_1_419' title='bbox 2686 2815 2802 2877; x_wconf 85' lang='lat' dir='ltr'>isti,</span> <span class='ocrx_word' id='word_1_420' title='bbox 2835 2822 3005 2885; x_wconf 88' lang='lat' dir='ltr'>atque</span> <span class='ocrx_word' id='word_1_421' title='bbox 3034 2831 3180 2869; x_wconf 91' lang='lat' dir='ltr'>unus</span> <span class='ocrx_word' id='word_1_422' title='bbox 3210 2830 3242 2869; x_wconf 89' lang='lat' dir='ltr'>a</span> <span class='ocrx_word' id='word_1_423' title='bbox 3271 2815 3503 2882; x_wconf 80' lang='lat' dir='ltr'>dextris,</span> 
     </span>
    </p>
   </div>
   <div class='ocr_carea' id='block_1_61' title="bbox 1913 2900 3510 2970">
    <p class='ocr_par' dir='ltr' id='par_1_61' title="bbox 1913 2900 3510 2970">
     <span class='ocr_line' id='line_1_61' title="bbox 1913 2900 3510 2970; baseline 0.003 -16"><span class='ocrx_word' id='word_1_424' title='bbox 1913 2900 2057 2954; x_wconf 88' lang='lat' dir='ltr'>alter</span> <span class='ocrx_word' id='word_1_425' title='bbox 2085 2917 2119 2954; x_wconf 92' lang='lat' dir='ltr'>a</span> <span class='ocrx_word' id='word_1_426' title='bbox 2160 2902 2402 2956; x_wconf 88' lang='lat' dir='ltr'>sinistris</span> <span class='ocrx_word' id='word_1_427' title='bbox 2444 2902 2783 2957; x_wconf 84' lang='lat' dir='ltr'>collateralis</span> <span class='ocrx_word' id='word_1_428' title='bbox 2827 2904 3179 2959; x_wconf 81' lang='lat' dir='ltr'>associantur</span> <span class='ocrx_word' id='word_1_429' title='bbox 3204 2903 3307 2970; x_wconf 73' lang='lat' dir='ltr'>illi,</span> <span class='ocrx_word' id='word_1_430' title='bbox 3341 2908 3399 2958; x_wconf 86' lang='lat' dir='ltr'>et</span> <span class='ocrx_word' id='word_1_431' title='bbox 3429 2904 3510 2958; x_wconf 70' lang='lat' dir='ltr'>ita</span> 
     </span>
    </p>
   </div>
   <div class='ocr_carea' id='block_1_62' title="bbox 1912 2988 3511 3059">
    <p class='ocr_par' dir='ltr' id='par_1_62' title="bbox 1912 2988 3511 3059">
     <span class='ocr_line' id='line_1_62' title="bbox 1912 2988 3511 3059; baseline 0.003 -16"><span class='ocrx_word' id='word_1_432' title='bbox 1912 2990 2306 3059; x_wconf 86' lang='lat' dir='ltr'>consistentes,</span> <span class='ocrx_word' id='word_1_433' title='bbox 2350 2991 2526 3048; x_wconf 89' lang='lat' dir='ltr'>donec</span> <span class='ocrx_word' id='word_1_434' title='bbox 2563 2992 2713 3049; x_wconf 87' lang='lat' dir='ltr'>idem</span> <span class='ocrx_word' id='word_1_435' title='bbox 2744 2993 3003 3046; x_wconf 76' lang='lat' dir='ltr'>sacerdos</span> <span class='ocrx_word' id='word_1_436' title='bbox 3037 2993 3348 3057; x_wconf 85' lang='lat' dir='ltr'>collectam,</span> <span class='ocrx_word' id='word_1_437' title='bbox 3388 2988 3511 3047; x_wconf 80' lang='lat' dir='ltr'>Tibi</span> 
     </span>
    </p>
   </div>
   <div class='ocr_carea' id='block_1_63' title="bbox 233 3056 3511 3154">
    <p class='ocr_par' dir='ltr' id='par_1_63' title="bbox 233 3056 3511 3154">
     <span class='ocr_line' id='line_1_63' title="bbox 233 3056 3511 3154; baseline -0 -18"><span class='ocrx_word' id='word_1_438' title='bbox 233 3083 374 3136; x_wconf 88' lang='lat' dir='ltr'>cium</span> <span class='ocrx_word' id='word_1_439' title='bbox 399 3089 460 3137; x_wconf 90' lang='lat' dir='ltr'>et</span> <span class='ocrx_word' id='word_1_440' title='bbox 484 3083 659 3137; x_wconf 88' lang='lat' dir='ltr'>missa</span> <span class='ocrx_word' id='word_1_441' title='bbox 683 3056 856 3153; x_wconf 73' lang='lat' dir='ltr'>signis</span> <span class='ocrx_word' id='word_1_442' title='bbox 877 3056 1135 3137; x_wconf 72' lang='lat' dir='ltr'>omnibus</span> <span class='ocrx_word' id='word_1_443' title='bbox 1161 3056 1413 3154; x_wconf 60' lang='lat' dir='ltr'>pulsatis,</span> <span class='ocrx_word' id='word_1_444' title='bbox 1445 3056 1589 3136; x_wconf 33' lang='lat' dir='ltr'>et‘de</span> <span class='ocrx_word' id='word_1_445' title='bbox 1615 3083 1829 3154; x_wconf 81' lang='lat' dir='ltr'>reliquo</span> <span class='ocrx_word' id='word_1_446' title='bbox 1846 3056 1890 3117; x_wconf 65' lang='grc' dir='ltr'><strong>δ</strong></span> <span class='ocrx_word' id='word_1_447' title='bbox 1912 3080 2162 3139; x_wconf 74' lang='lat' dir='ltr'>Domine,</span> <span class='ocrx_word' id='word_1_448' title='bbox 2187 3056 2317 3143; x_wconf 24' lang='lat' dir='ltr'>etei,</span> <span class='ocrx_word' id='word_1_449' title='bbox 2342 3096 2448 3151; x_wconf 83' lang='lat' dir='ltr'>pro</span> <span class='ocrx_word' id='word_1_450' title='bbox 2479 3081 2691 3134; x_wconf 83' lang='lat' dir='ltr'>eisdem</span> <span class='ocrx_word' id='word_1_451' title='bbox 2718 3080 2997 3135; x_wconf 82' lang='lat' dir='ltr'>defunctis</span> <span class='ocrx_word' id='word_1_452' title='bbox 3025 3082 3401 3136; x_wconf 79' lang='lat' dir='ltr'>communiter</span> <span class='ocrx_word' id='word_1_453' title='bbox 3427 3081 3511 3135; x_wconf 85' lang='lat' dir='ltr'>di-</span> 
     </span>
    </p>
   </div>
   <div class='ocr_carea' id='block_1_64' title="bbox 234 3172 1831 3251">
    <p class='ocr_par' dir='ltr' id='par_1_64' title="bbox 234 3172 1831 3251">
     <span class='ocr_line' id='line_1_64' title="bbox 234 3172 1831 3251; baseline 0.001 -26"><span class='ocrx_word' id='word_1_454' title='bbox 234 3172 501 3247; x_wconf 82' lang='lat' dir='ltr'>utrinque</span> <span class='ocrx_word' id='word_1_455' title='bbox 528 3177 589 3226; x_wconf 81' lang='lat' dir='ltr'>et</span> <span class='ocrx_word' id='word_1_456' title='bbox 618 3172 714 3236; x_wconf 85' lang='lat' dir='ltr'>ibi,</span> <span class='ocrx_word' id='word_1_457' title='bbox 744 3173 839 3227; x_wconf 87' lang='lat' dir='ltr'>ubi</span> <span class='ocrx_word' id='word_1_458' title='bbox 867 3173 1120 3251; x_wconf 87' lang='lat' dir='ltr'>sepultus</span> <span class='ocrx_word' id='word_1_459' title='bbox 1149 3177 1254 3231; x_wconf 78' lang='lat' dir='ltr'>est.</span> <span class='ocrx_word' id='word_1_460' title='bbox 1279 3183 1336 3225; x_wconf 90' lang='lat' dir='ltr'>et</span> <span class='ocrx_word' id='word_1_461' title='bbox 1358 3172 1506 3243; x_wconf 88' lang='lat' dir='ltr'>apud</span> <span class='ocrx_word' id='word_1_462' title='bbox 1536 3188 1638 3226; x_wconf 87' lang='lat' dir='ltr'>nos</span> <span class='ocrx_word' id='word_1_463' title='bbox 1664 3186 1831 3243; x_wconf 88' lang='lat' dir='ltr'>agen-</span> 
     </span>
    </p>
   </div>
   <div class='ocr_carea' id='block_1_65' title="bbox 230 3259 1832 3333">
    <p class='ocr_par' dir='ltr' id='par_1_65' title="bbox 230 3259 1832 3333">
     <span class='ocr_line' id='line_1_65' title="bbox 230 3259 1832 3333; baseline 0.002 -20"><span class='ocrx_word' id='word_1_464' title='bbox 230 3259 333 3314; x_wconf 82' lang='lat' dir='ltr'>dus</span> <span class='ocrx_word' id='word_1_465' title='bbox 348 3262 444 3315; x_wconf 66' lang='grc' dir='ltr'>εδῖ</span> <span class='ocrx_word' id='word_1_466' title='bbox 460 3261 661 3315; x_wconf 84' lang='lat' dir='ltr'>eodem</span> <span class='ocrx_word' id='word_1_467' title='bbox 674 3261 841 3316; x_wconf 89' lang='lat' dir='ltr'>modo</span> <span class='ocrx_word' id='word_1_468' title='bbox 855 3262 1206 3332; x_wconf 88' lang='lat' dir='ltr'>septenarius</span> <span class='ocrx_word' id='word_1_469' title='bbox 1223 3262 1366 3332; x_wconf 83' lang='lat' dir='ltr'>ejus,</span> <span class='ocrx_word' id='word_1_470' title='bbox 1378 3261 1571 3317; x_wconf 83' lang='lat' dir='ltr'>addita</span> <span class='ocrx_word' id='word_1_471' title='bbox 1586 3262 1832 3333; x_wconf 66' lang='lat' dir='ltr'>praeben-</span> 
     </span>
    </p>
   </div>
   <div class='ocr_carea' id='block_1_66' title="bbox 231 3349 1829 3422">
    <p class='ocr_par' dir='ltr' id='par_1_66' title="bbox 231 3349 1829 3422">
     <span class='ocr_line' id='line_1_66' title="bbox 231 3349 1829 3422; baseline 0.002 -20"><span class='ocrx_word' id='word_1_472' title='bbox 231 3349 316 3415; x_wconf 85' lang='lat' dir='ltr'>da,</span> <span class='ocrx_word' id='word_1_473' title='bbox 349 3356 411 3407; x_wconf 81' lang='lat' dir='ltr'>et</span> <span class='ocrx_word' id='word_1_474' title='bbox 438 3351 663 3422; x_wconf 76' lang='lat' dir='ltr'>psalmo</span> <span class='ocrx_word' id='word_1_475' title='bbox 694 3351 857 3405; x_wconf 80' lang='lat' dir='ltr'>Verba</span> <span class='ocrx_word' id='word_1_476' title='bbox 882 3367 1000 3404; x_wconf 76' lang='lat' dir='ltr'>mea</span> <span class='ocrx_word' id='word_1_477' title='bbox 1024 3366 1125 3421; x_wconf 88' lang='lat' dir='ltr'>per</span> <span class='ocrx_word' id='word_1_478' title='bbox 1150 3350 1386 3420; x_wconf 84' lang='lat' dir='ltr'>triginta</span> <span class='ocrx_word' id='word_1_479' title='bbox 1413 3350 1548 3404; x_wconf 87' lang='lat' dir='ltr'>dies.</span> <span class='ocrx_word' id='word_1_480' title='bbox 1579 3353 1605 3377; x_wconf 68' lang='grc' dir='ltr'>*τ</span> <span class='ocrx_word' id='word_1_481' title='bbox 1635 3351 1703 3404; x_wconf 85' lang='lat' dir='ltr'>Et</span> <span class='ocrx_word' id='word_1_482' title='bbox 1727 3367 1829 3405; x_wconf 87' lang='lat' dir='ltr'>an-</span> 
     </span>
    </p>
   </div>
   <div class='ocr_carea' id='block_1_67' title="bbox 231 3438 1831 3510">
    <p class='ocr_par' dir='ltr' id='par_1_67' title="bbox 231 3438 1831 3510">
     <span class='ocr_line' id='line_1_67' title="bbox 231 3438 1831 3510; baseline 0.001 -17"><span class='ocrx_word' id='word_1_483' title='bbox 231 3439 579 3493; x_wconf 79' lang='lat' dir='ltr'>niversarius</span> <span class='ocrx_word' id='word_1_484' title='bbox 596 3440 717 3509; x_wconf 83' lang='lat' dir='ltr'>ejus</span> <span class='ocrx_word' id='word_1_485' title='bbox 745 3439 979 3510; x_wconf 88' lang='lat' dir='ltr'>insuper</span> <span class='ocrx_word' id='word_1_486' title='bbox 994 3438 1052 3492; x_wconf 89' lang='lat' dir='ltr'>in</span> <span class='ocrx_word' id='word_1_487' title='bbox 1073 3439 1268 3509; x_wconf 84' lang='lat' dir='ltr'>regula</span> <span class='ocrx_word' id='word_1_488' title='bbox 1291 3438 1439 3493; x_wconf 88' lang='lat' dir='ltr'>inter</span> <span class='ocrx_word' id='word_1_489' title='bbox 1460 3439 1599 3493; x_wconf 89' lang='lat' dir='ltr'>alios</span> <span class='ocrx_word' id='word_1_490' title='bbox 1627 3439 1831 3495; x_wconf 85' lang='lat' dir='ltr'>fratres</span> 
     </span>
    </p>
   </div>
   <div class='ocr_carea' id='block_1_68' title="bbox 229 3527 769 3583">
    <p class='ocr_par' dir='ltr' id='par_1_68' title="bbox 229 3527 769 3583">
     <span class='ocr_line' id='line_1_68' title="bbox 229 3527 769 3583; baseline 0 -2"><span class='ocrx_word' id='word_1_491' title='bbox 229 3535 455 3583; x_wconf 88' lang='lat' dir='ltr'>nostros</span> <span class='ocrx_word' id='word_1_492' title='bbox 486 3527 769 3582; x_wconf 89' lang='lat' dir='ltr'>scribitur.</span> 
     </span>
    </p>
   </div>
   <div class='ocr_carea' id='block_1_69' title="bbox 770 3633 1293 3690">
    <p class='ocr_par' dir='ltr' id='par_1_69' title="bbox 770 3633 1293 3690">
     <span class='ocr_line' id='line_1_69' title="bbox 770 3633 1293 3690; baseline 0 -1"><span class='ocrx_word' id='word_1_493' title='bbox 770 3634 1008 3690; x_wconf 82' lang='lat' dir='ltr'>CAPUT</span> <span class='ocrx_word' id='word_1_494' title='bbox 1046 3633 1293 3690; x_wconf 86' lang='lat' dir='ltr'>LXVIII.</span> 
     </span>
    </p>
   </div>
   <div class='ocr_carea' id='block_1_70' title="bbox 226 3725 1828 3795">
    <p class='ocr_par' dir='ltr' id='par_1_70' title="bbox 226 3725 1828 3795">
     <span class='ocr_line' id='line_1_70' title="bbox 226 3725 1828 3795; baseline 0.001 -17"><span class='ocrx_word' id='word_1_495' title='bbox 226 3725 369 3791; x_wconf 74' lang='lat' dir='ltr'>Quid</span> <span class='ocrx_word' id='word_1_496' title='bbox 414 3728 518 3793; x_wconf 69' lang='lat' dir='ltr'>ﬁat</span> <span class='ocrx_word' id='word_1_497' title='bbox 542 3740 647 3795; x_wconf 83' lang='lat' dir='ltr'>pro</span> <span class='ocrx_word' id='word_1_498' title='bbox 676 3742 751 3793; x_wconf 83' lang='lat' dir='ltr'>eo,</span> <span class='ocrx_word' id='word_1_499' title='bbox 785 3728 883 3793; x_wconf 82' lang='lat' dir='ltr'>qui</span> <span class='ocrx_word' id='word_1_500' title='bbox 900 3727 1056 3793; x_wconf 78' lang='lat' dir='ltr'>apud</span> <span class='ocrx_word' id='word_1_501' title='bbox 1086 3741 1200 3785; x_wconf 77' lang='lat' dir='ltr'>nos,</span> <span class='ocrx_word' id='word_1_502' title='bbox 1228 3728 1435 3779; x_wconf 75' lang='lat' dir='ltr'>nostris</span> <span class='ocrx_word' id='word_1_503' title='bbox 1465 3726 1526 3777; x_wconf 82' lang='lat' dir='ltr'>in</span> <span class='ocrx_word' id='word_1_504' title='bbox 1548 3728 1717 3785; x_wconf 73' lang='lat' dir='ltr'>cellis,</span> <span class='ocrx_word' id='word_1_505' title='bbox 1747 3728 1828 3779; x_wconf 71' lang='lat' dir='ltr'>vel</span> 
     </span>
    </p>
   </div>
   <div class='ocr_carea' id='block_1_71' title="bbox 835 3798 1214 3850">
    <p class='ocr_par' dir='ltr' id='par_1_71' title="bbox 835 3798 1214 3850">
     <span class='ocr_line' id='line_1_71' title="bbox 835 3798 1214 3850; baseline -0.003 0"><span class='ocrx_word' id='word_1_506' title='bbox 835 3798 978 3850; x_wconf 83' lang='lat' dir='ltr'>alibi</span> <span class='ocrx_word' id='word_1_507' title='bbox 1002 3798 1214 3850; x_wconf 75' lang='lat' dir='ltr'>abierit.</span> 
     </span>
    </p>
   </div>
   <div class='ocr_carea' id='block_1_72' title="bbox 295 3876 1823 3956">
    <p class='ocr_par' dir='ltr' id='par_1_72' title="bbox 295 3876 1823 3956">
     <span class='ocr_line' id='line_1_72' title="bbox 295 3876 1823 3956; baseline -0.001 -16"><span class='ocrx_word' id='word_1_508' title='bbox 295 3887 435 3955; x_wconf 66' lang='lat' dir='ltr'>(um)</span> <span class='ocrx_word' id='word_1_509' title='bbox 454 3885 603 3949; x_wconf 80' lang='lat' dir='ltr'>Quid</span> <span class='ocrx_word' id='word_1_510' title='bbox 624 3886 723 3939; x_wconf 82' lang='lat' dir='ltr'>ﬁat</span> <span class='ocrx_word' id='word_1_511' title='bbox 737 3886 796 3939; x_wconf 88' lang='lat' dir='ltr'>in</span> <span class='ocrx_word' id='word_1_512' title='bbox 823 3876 978 3939; x_wconf 82' lang='lat' dir='ltr'>cellis</span> <span class='ocrx_word' id='word_1_513' title='bbox 1003 3885 1211 3939; x_wconf 84' lang='lat' dir='ltr'>nostris</span> <span class='ocrx_word' id='word_1_514' title='bbox 1232 3902 1333 3955; x_wconf 87' lang='lat' dir='ltr'>pro</span> <span class='ocrx_word' id='word_1_515' title='bbox 1354 3884 1601 3956; x_wconf 90' lang='lat' dir='ltr'>quolibet</span> <span class='ocrx_word' id='word_1_516' title='bbox 1631 3885 1823 3951; x_wconf 85' lang='lat' dir='ltr'>fratre,</span> 
     </span>
    </p>
   </div>
   <div class='ocr_carea' id='block_1_73' title="bbox 226 3974 1821 4046">
    <p class='ocr_par' dir='ltr' id='par_1_73' title="bbox 226 3974 1821 4046">
     <span class='ocr_line' id='line_1_73' title="bbox 226 3974 1821 4046; baseline -0.001 -18"><span class='ocrx_word' id='word_1_517' title='bbox 226 3975 315 4044; x_wconf 86' lang='lat' dir='ltr'>qui</span> <span class='ocrx_word' id='word_1_518' title='bbox 340 3975 502 4046; x_wconf 86' lang='lat' dir='ltr'>apud</span> <span class='ocrx_word' id='word_1_519' title='bbox 531 3988 634 4028; x_wconf 85' lang='lat' dir='ltr'>nos</span> <span class='ocrx_word' id='word_1_520' title='bbox 668 3976 759 4028; x_wconf 70' lang='lat' dir='ltr'>Vel</span> <span class='ocrx_word' id='word_1_521' title='bbox 791 3974 926 4028; x_wconf 85' lang='lat' dir='ltr'>alibi</span> <span class='ocrx_word' id='word_1_522' title='bbox 966 3974 1188 4041; x_wconf 75' lang='lat' dir='ltr'>abierit,</span> <span class='ocrx_word' id='word_1_523' title='bbox 1224 3988 1334 4028; x_wconf 90' lang='lat' dir='ltr'>non</span> <span class='ocrx_word' id='word_1_524' title='bbox 1376 3974 1537 4029; x_wconf 73' lang='lat' dir='ltr'>facile</span> <span class='ocrx_word' id='word_1_525' title='bbox 1565 3974 1821 4037; x_wconf 87' lang='lat' dir='ltr'>dixerim,</span> 
     </span>
    </p>
   </div>
   <div class='ocr_carea' id='block_1_74' title="bbox 222 4052 1830 4135">
    <p class='ocr_par' dir='ltr' id='par_1_74' title="bbox 222 4052 1830 4135">
     <span class='ocr_line' id='line_1_74' title="bbox 222 4052 1830 4135; baseline 0.001 -18"><span class='ocrx_word' id='word_1_526' title='bbox 222 4065 325 4117; x_wconf 85' lang='lat' dir='ltr'>nisi</span> <span class='ocrx_word' id='word_1_527' title='bbox 358 4064 595 4135; x_wconf 82' lang='lat' dir='ltr'>quando</span> <span class='ocrx_word' id='word_1_528' title='bbox 624 4052 806 4118; x_wconf 80' lang='lat' dir='ltr'>brevis</span> <span class='ocrx_word' id='word_1_529' title='bbox 835 4064 966 4119; x_wconf 86' lang='lat' dir='ltr'>illuc</span> <span class='ocrx_word' id='word_1_530' title='bbox 988 4064 1224 4131; x_wconf 86' lang='lat' dir='ltr'>venerit,</span> <span class='ocrx_word' id='word_1_531' title='bbox 1248 4064 1442 4135; x_wconf 85' lang='lat' dir='ltr'>agitur</span> <span class='ocrx_word' id='word_1_532' title='bbox 1466 4064 1736 4123; x_wconf 79' lang='lat' dir='ltr'>officium.</span> <span class='ocrx_word' id='word_1_533' title='bbox 1772 4070 1830 4119; x_wconf 89' lang='lat' dir='ltr'>et</span> 
     </span>
    </p>
   </div>
   <div class='ocr_carea' id='block_1_75' title="bbox 222 4153 1822 4229">
    <p class='ocr_par' dir='ltr' id='par_1_75' title="bbox 222 4153 1822 4229">
     <span class='ocr_line' id='line_1_75' title="bbox 222 4153 1822 4229; baseline 0 -22"><span class='ocrx_word' id='word_1_534' title='bbox 222 4155 552 4229; x_wconf 74' lang='lat' dir='ltr'>quicunque</span> <span class='ocrx_word' id='word_1_535' title='bbox 580 4153 841 4208; x_wconf 78' lang='lat' dir='ltr'>sacerdos</span> <span class='ocrx_word' id='word_1_536' title='bbox 870 4158 975 4219; x_wconf 88' lang='lat' dir='ltr'>est,</span> <span class='ocrx_word' id='word_1_537' title='bbox 1008 4158 1200 4208; x_wconf 86' lang='lat' dir='ltr'>cantat</span> <span class='ocrx_word' id='word_1_538' title='bbox 1226 4157 1343 4208; x_wconf 86' lang='lat' dir='ltr'>tres</span> <span class='ocrx_word' id='word_1_539' title='bbox 1370 4153 1573 4207; x_wconf 85' lang='lat' dir='ltr'>missas</span> <span class='ocrx_word' id='word_1_540' title='bbox 1598 4170 1698 4224; x_wconf 88' lang='lat' dir='ltr'>pro</span> <span class='ocrx_word' id='word_1_541' title='bbox 1736 4168 1822 4218; x_wconf 90' lang='lat' dir='ltr'>eo,</span> 
     </span>
    </p>
   </div>
   <div class='ocr_carea' id='block_1_76' title="bbox 222 4241 1825 4313">
    <p class='ocr_par' dir='ltr' id='par_1_76' title="bbox 222 4241 1825 4313">
     <span class='ocr_line' id='line_1_76' title="bbox 222 4241 1825 4313; baseline 0 -18"><span class='ocrx_word' id='word_1_542' title='bbox 222 4248 274 4295; x_wconf 89' lang='lat' dir='ltr'>et</span> <span class='ocrx_word' id='word_1_543' title='bbox 302 4243 403 4313; x_wconf 85' lang='lat' dir='ltr'>qui</span> <span class='ocrx_word' id='word_1_544' title='bbox 467 4258 579 4296; x_wconf 89' lang='lat' dir='ltr'>non</span> <span class='ocrx_word' id='word_1_545' title='bbox 625 4246 711 4297; x_wconf 83' lang='lat' dir='ltr'>est</span> <span class='ocrx_word' id='word_1_546' title='bbox 738 4243 1018 4307; x_wconf 85' lang='lat' dir='ltr'>sacerdos,</span> <span class='ocrx_word' id='word_1_547' title='bbox 1050 4248 1274 4296; x_wconf 88' lang='lat' dir='ltr'>centum</span> <span class='ocrx_word' id='word_1_548' title='bbox 1314 4247 1370 4295; x_wconf 87' lang='lat' dir='ltr'>et</span> <span class='ocrx_word' id='word_1_549' title='bbox 1414 4241 1825 4313; x_wconf 76' lang='lat' dir='ltr'>quinquaginta</span> 
     </span>
    </p>
   </div>
   <div class='ocr_carea' id='block_1_77' title="bbox 223 4328 1825 4403">
    <p class='ocr_par' dir='ltr' id='par_1_77' title="bbox 223 4328 1825 4403">
     <span class='ocr_line' id='line_1_77' title="bbox 223 4328 1825 4403; baseline -0.002 -16"><span class='ocrx_word' id='word_1_550' title='bbox 223 4334 496 4403; x_wconf 79' lang='lat' dir='ltr'>psalmos,</span> <span class='ocrx_word' id='word_1_551' title='bbox 516 4338 617 4386; x_wconf 90' lang='lat' dir='ltr'>aut</span> <span class='ocrx_word' id='word_1_552' title='bbox 629 4332 837 4387; x_wconf 89' lang='lat' dir='ltr'>totiens</span> <span class='ocrx_word' id='word_1_553' title='bbox 849 4332 1195 4387; x_wconf 82' lang='lat' dir='ltr'>Dominicam</span> <span class='ocrx_word' id='word_1_554' title='bbox 1213 4332 1544 4385; x_wconf 85' lang='lat' dir='ltr'>orationem.</span> <span class='ocrx_word' id='word_1_555' title='bbox 1562 4337 1580 4399; x_wconf 93' lang='lat'>(</span> <span class='ocrx_word' id='word_1_556' title='bbox 1590 4344 1663 4385; x_wconf 81' lang='lat' dir='ltr'>nn</span> <span class='ocrx_word' id='word_1_557' title='bbox 1674 4373 1684 4384; x_wconf 96' lang='lat'>.</span> <span class='ocrx_word' id='word_1_558' title='bbox 1695 4328 1825 4399; x_wconf 81' lang='lat' dir='ltr'>)Ta—</span> 
     </span>
    </p>
   </div>
   <div class='ocr_carea' id='block_1_78' title="bbox 224 4420 1828 4492">
    <p class='ocr_par' dir='ltr' id='par_1_78' title="bbox 224 4420 1828 4492">
     <span class='ocr_line' id='line_1_78' title="bbox 224 4420 1828 4492; baseline -0.001 -16"><span class='ocrx_word' id='word_1_559' title='bbox 224 4434 350 4477; x_wconf 84' lang='lat' dir='ltr'>men</span> <span class='ocrx_word' id='word_1_560' title='bbox 390 4436 531 4476; x_wconf 85' lang='lat' dir='ltr'>rara</span> <span class='ocrx_word' id='word_1_561' title='bbox 571 4426 707 4476; x_wconf 87' lang='lat' dir='ltr'>sunt</span> <span class='ocrx_word' id='word_1_562' title='bbox 750 4423 871 4476; x_wconf 90' lang='lat' dir='ltr'>loca</span> <span class='ocrx_word' id='word_1_563' title='bbox 910 4422 1028 4485; x_wconf 87' lang='lat' dir='ltr'>illa,</span> <span class='ocrx_word' id='word_1_564' title='bbox 1059 4423 1119 4475; x_wconf 89' lang='lat' dir='ltr'>in</span> <span class='ocrx_word' id='word_1_565' title='bbox 1149 4421 1350 4492; x_wconf 85' lang='lat' dir='ltr'>quibus</span> <span class='ocrx_word' id='word_1_566' title='bbox 1389 4420 1688 4492; x_wconf 64' lang='lat' dir='ltr'>prmbenda</span> <span class='ocrx_word' id='word_1_567' title='bbox 1716 4436 1828 4475; x_wconf 89' lang='lat' dir='ltr'>non</span> 
     </span>
    </p>
   </div>
   <div class='ocr_carea' id='block_1_79' title="bbox 221 4510 1826 4591">
    <p class='ocr_par' dir='ltr' id='par_1_79' title="bbox 221 4510 1826 4591">
     <span class='ocr_line' id='line_1_79' title="bbox 221 4510 1826 4591; baseline -0.001 -26"><span class='ocrx_word' id='word_1_568' title='bbox 221 4511 391 4565; x_wconf 79' lang='lat' dir='ltr'>detur</span> <span class='ocrx_word' id='word_1_569' title='bbox 422 4528 527 4583; x_wconf 91' lang='lat' dir='ltr'>pro</span> <span class='ocrx_word' id='word_1_570' title='bbox 559 4526 643 4565; x_wconf 89' lang='lat' dir='ltr'>eo.</span> <span class='ocrx_word' id='word_1_571' title='bbox 669 4512 691 4535; x_wconf 81' lang='lat'><em>&quot;</em></span> <span class='ocrx_word' id='word_1_572' title='bbox 712 4512 856 4566; x_wconf 81' lang='lat' dir='ltr'>Nam</span> <span class='ocrx_word' id='word_1_573' title='bbox 883 4516 940 4566; x_wconf 93' lang='lat' dir='ltr'>et</span> <span class='ocrx_word' id='word_1_574' title='bbox 968 4512 1025 4565; x_wconf 88' lang='lat' dir='ltr'>in</span> <span class='ocrx_word' id='word_1_575' title='bbox 1050 4511 1381 4591; x_wconf 86' lang='lat' dir='ltr'>quibusdam</span> <span class='ocrx_word' id='word_1_576' title='bbox 1415 4510 1585 4565; x_wconf 89' lang='lat' dir='ltr'>datur</span> <span class='ocrx_word' id='word_1_577' title='bbox 1610 4517 1826 4583; x_wconf 89' lang='lat' dir='ltr'>septem</span> 
     </span>
    </p>
   </div>
   <div class='ocr_carea' id='block_1_80' title="bbox 220 4598 1827 4672">
    <p class='ocr_par' dir='ltr' id='par_1_80' title="bbox 220 4598 1827 4672">
     <span class='ocr_line' id='line_1_80' title="bbox 220 4598 1827 4672; baseline 0 -20"><span class='ocrx_word' id='word_1_578' title='bbox 220 4598 449 4665; x_wconf 73' lang='lat' dir='ltr'>diebus,</span> <span class='ocrx_word' id='word_1_579' title='bbox 482 4600 540 4654; x_wconf 90' lang='lat' dir='ltr'>in</span> <span class='ocrx_word' id='word_1_580' title='bbox 567 4599 902 4672; x_wconf 87' lang='lat' dir='ltr'>quibusdam</span> <span class='ocrx_word' id='word_1_581' title='bbox 933 4600 1104 4654; x_wconf 80' lang='lat' dir='ltr'>etiam</span> <span class='ocrx_word' id='word_1_582' title='bbox 1134 4600 1392 4669; x_wconf 80' lang='lat' dir='ltr'>triginta,</span> <span class='ocrx_word' id='word_1_583' title='bbox 1426 4607 1484 4653; x_wconf 91' lang='lat' dir='ltr'>et</span> <span class='ocrx_word' id='word_1_584' title='bbox 1518 4612 1742 4669; x_wconf 86' lang='lat' dir='ltr'>semper</span> <span class='ocrx_word' id='word_1_585' title='bbox 1767 4599 1827 4652; x_wconf 86' lang='lat' dir='ltr'>in</span> 
     </span>
    </p>
   </div>
   <div class='ocr_carea' id='block_1_81' title="bbox 220 4688 1830 4765">
    <p class='ocr_par' dir='ltr' id='par_1_81' title="bbox 220 4688 1830 4765">
     <span class='ocr_line' id='line_1_81' title="bbox 220 4688 1830 4765; baseline -0.001 -22"><span class='ocrx_word' id='word_1_586' title='bbox 220 4690 614 4744; x_wconf 70' lang='lat' dir='ltr'>anniversario</span> <span class='ocrx_word' id='word_1_587' title='bbox 634 4691 755 4765; x_wconf 84' lang='lat' dir='ltr'>ejus</span> <span class='ocrx_word' id='word_1_588' title='bbox 770 4695 1039 4744; x_wconf 66' lang='lat' dir='ltr'>etczetera</span> <span class='ocrx_word' id='word_1_589' title='bbox 1056 4704 1227 4760; x_wconf 75' lang='lat' dir='ltr'>supra</span> <span class='ocrx_word' id='word_1_590' title='bbox 1245 4688 1393 4743; x_wconf 86' lang='lat' dir='ltr'>dicta</span> <span class='ocrx_word' id='word_1_591' title='bbox 1412 4702 1513 4759; x_wconf 84' lang='lat' dir='ltr'>pro</span> <span class='ocrx_word' id='word_1_592' title='bbox 1529 4704 1600 4742; x_wconf 83' lang='lat' dir='ltr'>eo</span> <span class='ocrx_word' id='word_1_593' title='bbox 1612 4689 1830 4758; x_wconf 82' lang='lat' dir='ltr'>agenda</span> 
     </span>
    </p>
   </div>
   <div class='ocr_carea' id='block_1_82' title="bbox 218 4779 1829 4851">
    <p class='ocr_par' dir='ltr' id='par_1_82' title="bbox 218 4779 1829 4851">
     <span class='ocr_line' id='line_1_82' title="bbox 218 4779 1829 4851; baseline -0.001 -19"><span class='ocrx_word' id='word_1_594' title='bbox 218 4782 374 4843; x_wconf 74' lang='lat' dir='ltr'>sunt,</span> <span class='ocrx_word' id='word_1_595' title='bbox 396 4784 461 4833; x_wconf 85' lang='lat' dir='ltr'>et</span> <span class='ocrx_word' id='word_1_596' title='bbox 490 4779 550 4833; x_wconf 89' lang='lat' dir='ltr'>in</span> <span class='ocrx_word' id='word_1_597' title='bbox 580 4779 982 4851; x_wconf 69' lang='lat' dir='ltr'>marty&#39;rologio</span> <span class='ocrx_word' id='word_1_598' title='bbox 1003 4779 1309 4833; x_wconf 82' lang='lat' dir='ltr'>notandum</span> <span class='ocrx_word' id='word_1_599' title='bbox 1329 4783 1433 4832; x_wconf 84' lang='lat' dir='ltr'>est.</span> <span class='ocrx_word' id='word_1_600' title='bbox 1451 4780 1477 4805; x_wconf 79' lang='lat'>*</span> <span class='ocrx_word' id='word_1_601' title='bbox 1503 4779 1619 4832; x_wconf 81' lang='lat' dir='ltr'>Hoc</span> <span class='ocrx_word' id='word_1_602' title='bbox 1645 4784 1829 4832; x_wconf 80' lang='lat' dir='ltr'>totum</span> 
     </span>
    </p>
   </div>
   <div class='ocr_carea' id='block_1_83' title="bbox 220 4865 1824 4940">
    <p class='ocr_par' dir='ltr' id='par_1_83' title="bbox 220 4865 1824 4940">
     <span class='ocr_line' id='line_1_83' title="bbox 220 4865 1824 4940; baseline -0.001 -19"><span class='ocrx_word' id='word_1_603' title='bbox 220 4867 563 4940; x_wconf 84' lang='lat' dir='ltr'>dispositum</span> <span class='ocrx_word' id='word_1_604' title='bbox 585 4873 688 4935; x_wconf 91' lang='lat' dir='ltr'>est,</span> <span class='ocrx_word' id='word_1_605' title='bbox 706 4874 763 4922; x_wconf 92' lang='lat' dir='ltr'>et</span> <span class='ocrx_word' id='word_1_606' title='bbox 784 4868 1105 4922; x_wconf 90' lang='lat' dir='ltr'>ordinatum</span> <span class='ocrx_word' id='word_1_607' title='bbox 1130 4883 1229 4938; x_wconf 92' lang='lat' dir='ltr'>per</span> <span class='ocrx_word' id='word_1_608' title='bbox 1250 4867 1518 4921; x_wconf 76' lang='lat' dir='ltr'>domnuin</span> <span class='ocrx_word' id='word_1_609' title='bbox 1541 4865 1824 4933; x_wconf 77' lang='lat' dir='ltr'>abbatem,</span> 
     </span>
    </p>
   </div>
   <div class='ocr_carea' id='block_1_84' title="bbox 219 4955 1829 5028">
    <p class='ocr_par' dir='ltr' id='par_1_84' title="bbox 219 4955 1829 5028">
     <span class='ocr_line' id='line_1_84' title="bbox 219 4955 1829 5028; baseline 0 -19"><span class='ocrx_word' id='word_1_610' title='bbox 219 4959 356 5024; x_wconf 58' lang='lat' dir='ltr'>rm.)</span> <span class='ocrx_word' id='word_1_611' title='bbox 376 4956 689 5010; x_wconf 83' lang='lat' dir='ltr'>secundum</span> <span class='ocrx_word' id='word_1_612' title='bbox 721 4956 870 5028; x_wconf 90' lang='lat' dir='ltr'>quod</span> <span class='ocrx_word' id='word_1_613' title='bbox 892 4957 1014 5027; x_wconf 84' lang='lat' dir='ltr'>ipse</span> <span class='ocrx_word' id='word_1_614' title='bbox 1036 4955 1295 5026; x_wconf 73' lang='lat' dir='ltr'>Cognovit</span> <span class='ocrx_word' id='word_1_615' title='bbox 1320 4955 1750 5027; x_wconf 74' lang='lat' dir='ltr'>possibilitatem</span> <span class='ocrx_word' id='word_1_616' title='bbox 1772 4962 1829 5009; x_wconf 91' lang='lat' dir='ltr'>et</span> 
     </span>
    </p>
   </div>
   <div class='ocr_carea' id='block_1_85' title="bbox 220 5044 1014 5118">
    <p class='ocr_par' dir='ltr' id='par_1_85' title="bbox 220 5044 1014 5118">
     <span class='ocr_line' id='line_1_85' title="bbox 220 5044 1014 5118; baseline 0 -19"><span class='ocrx_word' id='word_1_617' title='bbox 220 5044 559 5100; x_wconf 58' lang='lat' dir='ltr'>breuitatem</span> <span class='ocrx_word' id='word_1_618' title='bbox 586 5046 694 5101; x_wconf 85' lang='lat' dir='ltr'>loci</span> <span class='ocrx_word' id='word_1_619' title='bbox 723 5047 1014 5118; x_wconf 80' lang='lat' dir='ltr'>cujusque.</span> 
     </span>
    </p>
   </div>
   <div class='ocr_carea' id='block_1_86' title="bbox 800 5144 1263 5209">
    <p class='ocr_par' dir='ltr' id='par_1_86' title="bbox 800 5144 1263 5209">
     <span class='ocr_line' id='line_1_86' title="bbox 800 5144 1263 5209; baseline 0 0"><span class='ocrx_word' id='word_1_620' title='bbox 800 5144 1038 5209; x_wconf 79' lang='lat' dir='ltr'>CAPUT</span> <span class='ocrx_word' id='word_1_621' title='bbox 1074 5146 1263 5209; x_wconf 83' lang='lat' dir='ltr'>LXIX.</span> 
     </span>
    </p>
   </div>
   <div class='ocr_carea' id='block_1_87' title="bbox 255 5234 1791 5368">
    <p class='ocr_par' dir='ltr' id='par_1_87' title="bbox 255 5234 1791 5368">
     <span class='ocr_line' id='line_1_87' title="bbox 255 5234 1791 5368; baseline 0 -72"><span class='ocrx_word' id='word_1_622' title='bbox 255 5244 330 5305; x_wconf 64' lang='lat' dir='ltr'>Ile</span> <span class='ocrx_word' id='word_1_623' title='bbox 360 5256 443 5305; x_wconf 85' lang='lat' dir='ltr'>eo,</span> <span class='ocrx_word' id='word_1_624' title='bbox 472 5234 573 5311; x_wconf 69' lang='lat' dir='ltr'>qui</span> <span class='ocrx_word' id='word_1_625' title='bbox 598 5240 782 5298; x_wconf 69' lang='lat' dir='ltr'>Subita</span> <span class='ocrx_word' id='word_1_626' title='bbox 810 5249 1003 5368; x_wconf 65' lang='lat' dir='ltr'>molrte.</span> <span class='ocrx_word' id='word_1_627' title='bbox 1023 5244 1177 5368; x_wconf 50' lang='grc' dir='ltr'>ἶφιοά</span> <span class='ocrx_word' id='word_1_628' title='bbox 1210 5234 1370 5305; x_wconf 67' lang='lat' dir='ltr'>absit,</span> <span class='ocrx_word' id='word_1_629' title='bbox 1400 5236 1597 5296; x_wconf 80' lang='lat' dir='ltr'>abierit</span> <span class='ocrx_word' id='word_1_630' title='bbox 1626 5250 1791 5318; x_wconf 57' lang='lat' dir='ltr'>eterra</span> 
     </span>
     <span class='ocr_line' id='line_1_88' title="bbox 863 5328 1194 5368; baseline 0 -2"><span class='ocrx_word' id='word_1_631' title='bbox 863 5331 889 5366; x_wconf 83' lang='lat' dir='ltr'>c</span> <span class='ocrx_word' id='word_1_632' title='bbox 913 5332 1017 5368; x_wconf 82' lang='lat' dir='ltr'>aus</span> <span class='ocrx_word' id='word_1_633' title='bbox 1046 5328 1194 5367; x_wconf 82' lang='lat' dir='ltr'>rum.</span> 
     </span>
    </p>
   </div>
   <div class='ocr_carea' id='block_1_88' title="bbox 863 5328 1194 5368">
    <p class='ocr_par' dir='ltr' id='par_1_88' title="bbox 863 5328 1194 5368">
     <span class='ocr_line' id='line_1_89' title="bbox 863 5328 1194 5368; baseline 0 -2"><span class='ocrx_word' id='word_1_634' title='bbox 863 5328 1194 5368; x_wconf 79' lang='lat' dir='ltr'>claustrum.</span> 
     </span>
    </p>
   </div>
   <div class='ocr_carea' id='block_1_89' title="bbox 292 5403 1825 5474">
    <p class='ocr_par' dir='ltr' id='par_1_89' title="bbox 292 5403 1825 5474">
     <span class='ocr_line' id='line_1_90' title="bbox 292 5403 1825 5474; baseline -0.001 -16"><span class='ocrx_word' id='word_1_635' title='bbox 292 5403 505 5469; x_wconf 68' lang='lat' dir='ltr'>&#39;Quod</span> <span class='ocrx_word' id='word_1_636' title='bbox 517 5403 563 5458; x_wconf 83' lang='lat' dir='ltr'>sl</span> <span class='ocrx_word' id='word_1_637' title='bbox 586 5403 762 5458; x_wconf 77' lang='lat' dir='ltr'>frater</span> <span class='ocrx_word' id='word_1_638' title='bbox 780 5403 983 5474; x_wconf 84' lang='lat' dir='ltr'>aliquis</span> <span class='ocrx_word' id='word_1_639' title='bbox 996 5419 1058 5457; x_wconf 87' lang='lat' dir='ltr'>su</span> <span class='ocrx_word' id='word_1_640' title='bbox 1067 5404 1291 5456; x_wconf 85' lang='lat' dir='ltr'>hitanea</span> <span class='ocrx_word' id='word_1_641' title='bbox 1309 5407 1489 5457; x_wconf 82' lang='lat' dir='ltr'>morte</span> <span class='ocrx_word' id='word_1_642' title='bbox 1504 5414 1825 5474; x_wconf 77' lang='lat' dir='ltr'>percussus,</span> 
     </span>
    </p>
   </div>
   <div class='ocr_carea' id='block_1_90' title="bbox 213 5492 1827 5564">
    <p class='ocr_par' dir='ltr' id='par_1_90' title="bbox 213 5492 1827 5564">
     <span class='ocr_line' id='line_1_91' title="bbox 213 5492 1827 5564; baseline -0.002 -16"><span class='ocrx_word' id='word_1_643' title='bbox 213 5494 373 5564; x_wconf 68' lang='lat' dir='ltr'>quod</span> <span class='ocrx_word' id='word_1_644' title='bbox 404 5493 590 5548; x_wconf 79' lang='lat' dir='ltr'>absit!</span> <span class='ocrx_word' id='word_1_645' title='bbox 622 5493 710 5547; x_wconf 65' lang='lat' dir='ltr'>vel</span> <span class='ocrx_word' id='word_1_646' title='bbox 728 5493 923 5564; x_wconf 59' lang='lat' dir='ltr'>aliqua</span> <span class='ocrx_word' id='word_1_647' title='bbox 951 5492 1116 5546; x_wconf 73' lang='lat' dir='ltr'>modo</span> <span class='ocrx_word' id='word_1_648' title='bbox 1145 5492 1452 5562; x_wconf 72' lang='lat' dir='ltr'>neglectus,</span> <span class='ocrx_word' id='word_1_649' title='bbox 1489 5498 1643 5546; x_wconf 81' lang='lat' dir='ltr'>extra</span> <span class='ocrx_word' id='word_1_650' title='bbox 1674 5493 1827 5546; x_wconf 81' lang='lat' dir='ltr'>clau-</span> 
     </span>
    </p>
   </div>
   <div class='ocr_carea' id='block_1_91' title="bbox 215 5580 1829 5653">
    <p class='ocr_par' dir='ltr' id='par_1_91' title="bbox 215 5580 1829 5653">
     <span class='ocr_line' id='line_1_92' title="bbox 215 5580 1829 5653; baseline -0.002 -14"><span class='ocrx_word' id='word_1_651' title='bbox 215 5588 412 5639; x_wconf 70' lang='lat' dir='ltr'>strum</span> <span class='ocrx_word' id='word_1_652' title='bbox 438 5582 662 5651; x_wconf 68' lang='lat' dir='ltr'>ebiedt,</span> <span class='ocrx_word' id='word_1_653' title='bbox 692 5582 763 5637; x_wconf 83' lang='lat' dir='ltr'>ad</span> <span class='ocrx_word' id='word_1_654' title='bbox 806 5582 1179 5638; x_wconf 65' lang='lat' dir='ltr'>mammam</span> <span class='ocrx_word' id='word_1_655' title='bbox 1212 5580 1491 5648; x_wconf 54' lang='lat' dir='ltr'>defertur,</span> <span class='ocrx_word' id='word_1_656' title='bbox 1522 5582 1829 5653; x_wconf 65' lang='lat' dir='ltr'>statuaque</span> 
     </span>
    </p>
   </div>
   <div class='ocr_carea' id='block_1_92' title="bbox 1912 3167 3511 3244">
    <p class='ocr_par' dir='ltr' id='par_1_92' title="bbox 1912 3167 3511 3244">
     <span class='ocr_line' id='line_1_93' title="bbox 1912 3167 3511 3244; baseline 0.003 -23"><span class='ocrx_word' id='word_1_657' title='bbox 1912 3167 2007 3230; x_wconf 78' lang='lat' dir='ltr'>cit,</span> <span class='ocrx_word' id='word_1_658' title='bbox 2036 3168 2131 3238; x_wconf 89' lang='lat' dir='ltr'>qui</span> <span class='ocrx_word' id='word_1_659' title='bbox 2160 3172 2218 3222; x_wconf 85' lang='lat' dir='ltr'>et</span> <span class='ocrx_word' id='word_1_660' title='bbox 2244 3169 2394 3222; x_wconf 88' lang='lat' dir='ltr'>illam</span> <span class='ocrx_word' id='word_1_661' title='bbox 2427 3183 2440 3217; x_wconf 74' lang='grc' dir='ltr'>ε</span> <span class='ocrx_word' id='word_1_662' title='bbox 2472 3173 2628 3232; x_wconf 78' lang='lat' dir='ltr'>Deus,</span> <span class='ocrx_word' id='word_1_663' title='bbox 2651 3174 2814 3239; x_wconf 76' lang='lat' dir='ltr'>cujus</span> <span class='ocrx_word' id='word_1_664' title='bbox 2842 3173 3237 3235; x_wconf 77' lang='lat' dir='ltr'>miserationis,</span> <span class='ocrx_word' id='word_1_665' title='bbox 3262 3184 3365 3244; x_wconf 84' lang='lat' dir='ltr'>pro</span> <span class='ocrx_word' id='word_1_666' title='bbox 3388 3184 3511 3226; x_wconf 67' lang='lat' dir='ltr'>orn-</span> 
     </span>
    </p>
   </div>
   <div class='ocr_carea' id='block_1_93' title="bbox 1912 3257 2634 3329">
    <p class='ocr_par' dir='ltr' id='par_1_93' title="bbox 1912 3257 2634 3329">
     <span class='ocr_line' id='line_1_94' title="bbox 1912 3257 2634 3329; baseline 0.003 -19"><span class='ocrx_word' id='word_1_667' title='bbox 1912 3257 2079 3311; x_wconf 85' lang='lat' dir='ltr'>nibus</span> <span class='ocrx_word' id='word_1_668' title='bbox 2104 3257 2198 3311; x_wconf 73' lang='lat' dir='ltr'>lrie</span> <span class='ocrx_word' id='word_1_669' title='bbox 2228 3258 2462 3329; x_wconf 83' lang='lat' dir='ltr'>sepultis</span> <span class='ocrx_word' id='word_1_670' title='bbox 2493 3258 2634 3313; x_wconf 81' lang='lat' dir='ltr'>finit.</span> 
     </span>
    </p>
   </div>
   <div class='ocr_carea' id='block_1_94' title="bbox 2480 3349 2943 3405">
    <p class='ocr_par' dir='ltr' id='par_1_94' title="bbox 2480 3349 2943 3405">
     <span class='ocr_line' id='line_1_95' title="bbox 2480 3349 2943 3405; baseline 0.002 -3"><span class='ocrx_word' id='word_1_671' title='bbox 2480 3349 2714 3404; x_wconf 77' lang='lat' dir='ltr'>CAPUT</span> <span class='ocrx_word' id='word_1_672' title='bbox 2750 3350 2943 3405; x_wconf 78' lang='lat' dir='ltr'>LXXI.</span> 
     </span>
    </p>
   </div>
   <div class='ocr_carea' id='block_1_95' title="bbox 2217 3438 3203 3507">
    <p class='ocr_par' dir='ltr' id='par_1_95' title="bbox 2217 3438 3203 3507">
     <span class='ocr_line' id='line_1_96' title="bbox 2217 3438 3203 3507; baseline 0.004 -18"><span class='ocrx_word' id='word_1_673' title='bbox 2217 3438 2289 3490; x_wconf 74' lang='lat' dir='ltr'>De</span> <span class='ocrx_word' id='word_1_674' title='bbox 2312 3438 2503 3490; x_wconf 73' lang='lat' dir='ltr'>abbate</span> <span class='ocrx_word' id='word_1_675' title='bbox 2530 3438 2599 3491; x_wconf 80' lang='lat' dir='ltr'>ab</span> <span class='ocrx_word' id='word_1_676' title='bbox 2629 3438 2731 3492; x_wconf 80' lang='lat' dir='ltr'>hac</span> <span class='ocrx_word' id='word_1_677' title='bbox 2756 3442 2873 3492; x_wconf 75' lang='lat' dir='ltr'>vita</span> <span class='ocrx_word' id='word_1_678' title='bbox 2901 3442 3203 3507; x_wconf 77' lang='lat' dir='ltr'>migrante.</span> 
     </span>
    </p>
   </div>
   <div class='ocr_carea' id='block_1_96' title="bbox 1988 3526 3507 3597">
    <p class='ocr_par' dir='ltr' id='par_1_96' title="bbox 1988 3526 3507 3597">
     <span class='ocr_line' id='line_1_97' title="bbox 1988 3526 3507 3597; baseline 0.005 -18"><span class='ocrx_word' id='word_1_679' title='bbox 1988 3527 2119 3593; x_wconf 64' lang='lat' dir='ltr'>(no.3</span> <span class='ocrx_word' id='word_1_680' title='bbox 2144 3526 2323 3597; x_wconf 85' lang='lat' dir='ltr'>Super</span> <span class='ocrx_word' id='word_1_681' title='bbox 2352 3527 2467 3581; x_wconf 81' lang='lat' dir='ltr'>haee</span> <span class='ocrx_word' id='word_1_682' title='bbox 2490 3527 2685 3581; x_wconf 79' lang='lat' dir='ltr'>omnia</span> <span class='ocrx_word' id='word_1_683' title='bbox 2713 3527 2919 3582; x_wconf 89' lang='lat' dir='ltr'>domno</span> <span class='ocrx_word' id='word_1_684' title='bbox 2944 3527 3137 3583; x_wconf 80' lang='lat' dir='ltr'>abbati</span> <span class='ocrx_word' id='word_1_685' title='bbox 3162 3545 3229 3584; x_wconf 79' lang='lat' dir='ltr'>ex</span> <span class='ocrx_word' id='word_1_686' title='bbox 3254 3531 3361 3585; x_wconf 69' lang='lat' dir='ltr'>hac</span> <span class='ocrx_word' id='word_1_687' title='bbox 3387 3531 3507 3589; x_wconf 73' lang='lat' dir='ltr'>vita</span> 
     </span>
    </p>
   </div>
   <div class='ocr_carea' id='block_1_97' title="bbox 1910 3614 3503 3688">
    <p class='ocr_par' dir='ltr' id='par_1_97' title="bbox 1910 3614 3503 3688">
     <span class='ocr_line' id='line_1_98' title="bbox 1910 3614 3503 3688; baseline 0.004 -19"><span class='ocrx_word' id='word_1_688' title='bbox 1910 3614 2204 3670; x_wconf 81' lang='lat' dir='ltr'>decedenti</span> <span class='ocrx_word' id='word_1_689' title='bbox 2232 3617 2344 3670; x_wconf 84' lang='lat' dir='ltr'>ista</span> <span class='ocrx_word' id='word_1_690' title='bbox 2368 3623 2502 3670; x_wconf 83' lang='lat' dir='ltr'>sunt</span> <span class='ocrx_word' id='word_1_691' title='bbox 2528 3617 2765 3687; x_wconf 83' lang='lat' dir='ltr'>agenda,</span> <span class='ocrx_word' id='word_1_692' title='bbox 2797 3618 2996 3672; x_wconf 80' lang='lat' dir='ltr'>tandiu</span> <span class='ocrx_word' id='word_1_693' title='bbox 3023 3618 3352 3674; x_wconf 87' lang='lat' dir='ltr'>inhumatus</span> <span class='ocrx_word' id='word_1_694' title='bbox 3374 3620 3503 3688; x_wconf 78' lang='lat' dir='ltr'>erit,</span> 
     </span>
    </p>
   </div>
   <div class='ocr_carea' id='block_1_98' title="bbox 1912 3706 3507 3781">
    <p class='ocr_par' dir='ltr' id='par_1_98' title="bbox 1912 3706 3507 3781">
     <span class='ocr_line' id='line_1_99' title="bbox 1912 3706 3507 3781; baseline 0.004 -23"><span class='ocrx_word' id='word_1_695' title='bbox 1912 3722 2090 3776; x_wconf 89' lang='lat' dir='ltr'>usque</span> <span class='ocrx_word' id='word_1_696' title='bbox 2119 3706 2253 3759; x_wconf 90' lang='lat' dir='ltr'>dum</span> <span class='ocrx_word' id='word_1_697' title='bbox 2301 3707 2503 3760; x_wconf 82' lang='lat' dir='ltr'>fratres</span> <span class='ocrx_word' id='word_1_698' title='bbox 2539 3712 2743 3761; x_wconf 60' lang='lat' dir='ltr'>nostra;</span> <span class='ocrx_word' id='word_1_699' title='bbox 2773 3709 3226 3778; x_wconf 85' lang='lat' dir='ltr'>congregationis</span> <span class='ocrx_word' id='word_1_700' title='bbox 3256 3709 3507 3781; x_wconf 85' lang='lat' dir='ltr'>undique</span> 
     </span>
    </p>
   </div>
   <div class='ocr_carea' id='block_1_99' title="bbox 1912 3794 3509 3868">
    <p class='ocr_par' dir='ltr' id='par_1_99' title="bbox 1912 3794 3509 3868">
     <span class='ocr_line' id='line_1_100' title="bbox 1912 3794 3509 3868; baseline 0.003 -20"><span class='ocrx_word' id='word_1_701' title='bbox 1912 3794 1981 3848; x_wconf 91' lang='lat' dir='ltr'>de</span> <span class='ocrx_word' id='word_1_702' title='bbox 2011 3796 2363 3849; x_wconf 89' lang='lat' dir='ltr'>monasteriis</span> <span class='ocrx_word' id='word_1_703' title='bbox 2392 3801 2449 3850; x_wconf 91' lang='lat' dir='ltr'>et</span> <span class='ocrx_word' id='word_1_704' title='bbox 2476 3795 2630 3850; x_wconf 90' lang='lat' dir='ltr'>cellis</span> <span class='ocrx_word' id='word_1_705' title='bbox 2653 3797 2949 3851; x_wconf 88' lang='lat' dir='ltr'>convenire</span> <span class='ocrx_word' id='word_1_706' title='bbox 2974 3798 3212 3868; x_wconf 86' lang='lat' dir='ltr'>possint.</span> <span class='ocrx_word' id='word_1_707' title='bbox 3231 3799 3509 3854; x_wconf 89' lang='lat' dir='ltr'>Tumulus</span> 
     </span>
    </p>
   </div>
   <div class='ocr_carea' id='block_1_100' title="bbox 1912 3884 3508 3957">
    <p class='ocr_par' dir='ltr' id='par_1_100' title="bbox 1912 3884 3508 3957">
     <span class='ocr_line' id='line_1_101' title="bbox 1912 3884 3508 3957; baseline 0.004 -21"><span class='ocrx_word' id='word_1_708' title='bbox 1912 3885 2032 3953; x_wconf 89' lang='lat' dir='ltr'>ejus</span> <span class='ocrx_word' id='word_1_709' title='bbox 2063 3884 2121 3937; x_wconf 91' lang='lat' dir='ltr'>in</span> <span class='ocrx_word' id='word_1_710' title='bbox 2152 3886 2292 3952; x_wconf 84' lang='lat' dir='ltr'>loco,</span> <span class='ocrx_word' id='word_1_711' title='bbox 2327 3902 2491 3956; x_wconf 84' lang='lat' dir='ltr'>quem</span> <span class='ocrx_word' id='word_1_712' title='bbox 2535 3885 2738 3939; x_wconf 88' lang='lat' dir='ltr'>merita</span> <span class='ocrx_word' id='word_1_713' title='bbox 2784 3887 2906 3956; x_wconf 88' lang='lat' dir='ltr'>ejus</span> <span class='ocrx_word' id='word_1_714' title='bbox 2955 3887 3185 3957; x_wconf 82' lang='lat' dir='ltr'>exigunt</span> <span class='ocrx_word' id='word_1_715' title='bbox 3230 3889 3508 3955; x_wconf 89' lang='lat' dir='ltr'>(ornatius</span> 
     </span>
    </p>
   </div>
   <div class='ocr_carea' id='block_1_101' title="bbox 1908 3974 3510 4048">
    <p class='ocr_par' dir='ltr' id='par_1_101' title="bbox 1908 3974 3510 4048">
     <span class='ocr_line' id='line_1_102' title="bbox 1908 3974 3510 4048; baseline 0.004 -22"><span class='ocrx_word' id='word_1_716' title='bbox 1908 3977 2098 4026; x_wconf 86' lang='lat' dir='ltr'>tamen</span> <span class='ocrx_word' id='word_1_717' title='bbox 2131 3988 2296 4045; x_wconf 83' lang='lat' dir='ltr'>quam</span> <span class='ocrx_word' id='word_1_718' title='bbox 2328 3974 2587 4035; x_wconf 69' lang='lat' dir='ltr'>aliorum)</span> <span class='ocrx_word' id='word_1_719' title='bbox 2608 3984 2693 4028; x_wconf 83' lang='lat' dir='ltr'>est</span> <span class='ocrx_word' id='word_1_720' title='bbox 2716 3976 3016 4045; x_wconf 88' lang='lat' dir='ltr'>parandus.</span> <span class='ocrx_word' id='word_1_721' title='bbox 3055 3982 3213 4037; x_wconf 68' lang='lat' dir='ltr'>rear.)</span> <span class='ocrx_word' id='word_1_722' title='bbox 3246 3978 3310 4031; x_wconf 91' lang='lat' dir='ltr'>In</span> <span class='ocrx_word' id='word_1_723' title='bbox 3342 3993 3510 4048; x_wconf 88' lang='lat' dir='ltr'>quem</span> 
     </span>
    </p>
   </div>
   <div class='ocr_carea' id='block_1_102' title="bbox 1910 4063 3510 4132">
    <p class='ocr_par' dir='ltr' id='par_1_102' title="bbox 1910 4063 3510 4132">
     <span class='ocr_line' id='line_1_103' title="bbox 1910 4063 3510 4132; baseline 0.003 -17"><span class='ocrx_word' id='word_1_724' title='bbox 1910 4063 2277 4132; x_wconf 87' lang='lat' dir='ltr'>deponendus</span> <span class='ocrx_word' id='word_1_725' title='bbox 2300 4064 2538 4117; x_wconf 86' lang='lat' dir='ltr'>vestitur</span> <span class='ocrx_word' id='word_1_726' title='bbox 2567 4063 2826 4118; x_wconf 88' lang='lat' dir='ltr'>omnibus</span> <span class='ocrx_word' id='word_1_727' title='bbox 2865 4065 3305 4119; x_wconf 87' lang='lat' dir='ltr'>sacerdotalibus</span> <span class='ocrx_word' id='word_1_728' title='bbox 3334 4066 3510 4120; x_wconf 77' lang='lat' dir='ltr'>vesti-</span> 
     </span>
    </p>
   </div>
   <div class='ocr_carea' id='block_1_103' title="bbox 1910 4152 3505 4222">
    <p class='ocr_par' dir='ltr' id='par_1_103' title="bbox 1910 4152 3505 4222">
     <span class='ocr_line' id='line_1_104' title="bbox 1910 4152 3505 4222; baseline 0.001 -17"><span class='ocrx_word' id='word_1_729' title='bbox 1910 4153 2134 4207; x_wconf 87' lang='lat' dir='ltr'>mentis.</span> <span class='ocrx_word' id='word_1_730' title='bbox 2161 4153 2416 4216; x_wconf 85' lang='lat' dir='ltr'>Quatuor</span> <span class='ocrx_word' id='word_1_731' title='bbox 2437 4152 2656 4219; x_wconf 85' lang='lat' dir='ltr'>fratres,</span> <span class='ocrx_word' id='word_1_732' title='bbox 2682 4152 2777 4222; x_wconf 88' lang='lat' dir='ltr'>qui</span> <span class='ocrx_word' id='word_1_733' title='bbox 2804 4157 3037 4206; x_wconf 87' lang='lat' dir='ltr'>cantant</span> <span class='ocrx_word' id='word_1_734' title='bbox 3056 4169 3249 4207; x_wconf 85' lang='lat' dir='ltr'>versus</span> <span class='ocrx_word' id='word_1_735' title='bbox 3279 4152 3505 4208; x_wconf 80' lang='lat' dir='ltr'>illorum</span> 
     </span>
    </p>
   </div>
   <div class='ocr_carea' id='block_1_104' title="bbox 1905 4241 3507 4314">
    <p class='ocr_par' dir='ltr' id='par_1_104' title="bbox 1905 4241 3507 4314">
     <span class='ocr_line' id='line_1_105' title="bbox 1905 4241 3507 4314; baseline 0.003 -21"><span class='ocrx_word' id='word_1_736' title='bbox 1905 4241 2078 4295; x_wconf 89' lang='lat' dir='ltr'>trium</span> <span class='ocrx_word' id='word_1_737' title='bbox 2125 4244 2631 4313; x_wconf 84' lang='lat' dir='ltr'>responsoriorum,</span> <span class='ocrx_word' id='word_1_738' title='bbox 2675 4241 2858 4296; x_wconf 89' lang='lat' dir='ltr'>induti</span> <span class='ocrx_word' id='word_1_739' title='bbox 2877 4247 3010 4296; x_wconf 83' lang='lat' dir='ltr'>sunt</span> <span class='ocrx_word' id='word_1_740' title='bbox 3027 4243 3240 4313; x_wconf 85' lang='lat' dir='ltr'>cappis,</span> <span class='ocrx_word' id='word_1_741' title='bbox 3272 4251 3331 4297; x_wconf 84' lang='lat' dir='ltr'>et</span> <span class='ocrx_word' id='word_1_742' title='bbox 3366 4258 3507 4314; x_wconf 82' lang='lat' dir='ltr'>qua—</span> 
     </span>
    </p>
   </div>
   <div class='ocr_carea' id='block_1_105' title="bbox 1909 4330 3507 4403">
    <p class='ocr_par' dir='ltr' id='par_1_105' title="bbox 1909 4330 3507 4403">
     <span class='ocr_line' id='line_1_106' title="bbox 1909 4330 3507 4403; baseline 0.001 -19"><span class='ocrx_word' id='word_1_743' title='bbox 1909 4337 2062 4399; x_wconf 78' lang='lat' dir='ltr'>tuor,</span> <span class='ocrx_word' id='word_1_744' title='bbox 2092 4332 2187 4402; x_wconf 83' lang='lat' dir='ltr'>qui</span> <span class='ocrx_word' id='word_1_745' title='bbox 2214 4338 2440 4403; x_wconf 85' lang='lat' dir='ltr'>portant</span> <span class='ocrx_word' id='word_1_746' title='bbox 2467 4348 2594 4386; x_wconf 90' lang='lat' dir='ltr'>eum</span> <span class='ocrx_word' id='word_1_747' title='bbox 2629 4332 2700 4386; x_wconf 79' lang='lat' dir='ltr'>ad</span> <span class='ocrx_word' id='word_1_748' title='bbox 2732 4332 3035 4389; x_wconf 81' lang='lat' dir='ltr'>tumulum.</span> <span class='ocrx_word' id='word_1_749' title='bbox 3085 4331 3244 4386; x_wconf 85' lang='lat' dir='ltr'>albis.</span> <span class='ocrx_word' id='word_1_750' title='bbox 3282 4335 3305 4359; x_wconf 64' lang='grc' dir='ltr'><strong>θ</strong></span> <span class='ocrx_word' id='word_1_751' title='bbox 3334 4330 3507 4403; x_wconf 73' lang='lat' dir='ltr'>Virga</span> 
     </span>
    </p>
   </div>
   <div class='ocr_carea' id='block_1_106' title="bbox 1912 4421 3503 4493">
    <p class='ocr_par' dir='ltr' id='par_1_106' title="bbox 1912 4421 3503 4493">
     <span class='ocr_line' id='line_1_107' title="bbox 1912 4421 3503 4493; baseline 0.002 -20"><span class='ocrx_word' id='word_1_752' title='bbox 1912 4421 2209 4490; x_wconf 87' lang='lat' dir='ltr'>pastoralis</span> <span class='ocrx_word' id='word_1_753' title='bbox 2226 4427 2448 4475; x_wconf 81' lang='lat' dir='ltr'>tantum</span> <span class='ocrx_word' id='word_1_754' title='bbox 2471 4422 2542 4476; x_wconf 88' lang='lat' dir='ltr'>ad</span> <span class='ocrx_word' id='word_1_755' title='bbox 2562 4423 2687 4492; x_wconf 84' lang='lat' dir='ltr'>ejus</span> <span class='ocrx_word' id='word_1_756' title='bbox 2709 4422 2968 4475; x_wconf 83' lang='lat' dir='ltr'>dextrum</span> <span class='ocrx_word' id='word_1_757' title='bbox 2990 4422 3139 4475; x_wconf 86' lang='lat' dir='ltr'>latus</span> <span class='ocrx_word' id='word_1_758' title='bbox 3157 4422 3503 4493; x_wconf 76' lang='lat' dir='ltr'>applicatur;</span> 
     </span>
    </p>
   </div>
   <div class='ocr_carea' id='block_1_107' title="bbox 1906 4511 3506 4582">
    <p class='ocr_par' dir='ltr' id='par_1_107' title="bbox 1906 4511 3506 4582">
     <span class='ocr_line' id='line_1_108' title="bbox 1906 4511 3506 4582; baseline 0.004 -19"><span class='ocrx_word' id='word_1_759' title='bbox 1906 4511 2007 4563; x_wconf 84' lang='lat' dir='ltr'>sed</span> <span class='ocrx_word' id='word_1_760' title='bbox 2022 4511 2167 4564; x_wconf 82' lang='lat' dir='ltr'>calix</span> <span class='ocrx_word' id='word_1_761' title='bbox 2185 4511 2244 4564; x_wconf 86' lang='lat' dir='ltr'>in</span> <span class='ocrx_word' id='word_1_762' title='bbox 2268 4522 2496 4565; x_wconf 84' lang='lat' dir='ltr'>manum</span> <span class='ocrx_word' id='word_1_763' title='bbox 2518 4527 2630 4565; x_wconf 88' lang='lat' dir='ltr'>non</span> <span class='ocrx_word' id='word_1_764' title='bbox 2650 4512 2834 4565; x_wconf 87' lang='lat' dir='ltr'>datur.</span> <span class='ocrx_word' id='word_1_765' title='bbox 2859 4512 2967 4565; x_wconf 89' lang='lat' dir='ltr'>Per</span> <span class='ocrx_word' id='word_1_766' title='bbox 2983 4526 3198 4565; x_wconf 72' lang='lat' dir='ltr'>annum</span> <span class='ocrx_word' id='word_1_767' title='bbox 3215 4512 3506 4582; x_wconf 78' lang='lat' dir='ltr'>integrum</span> 
     </span>
    </p>
   </div>
   <div class='ocr_carea' id='block_1_108' title="bbox 1910 4599 3503 4672">
    <p class='ocr_par' dir='ltr' id='par_1_108' title="bbox 1910 4599 3503 4672">
     <span class='ocr_line' id='line_1_109' title="bbox 1910 4599 3503 4672; baseline 0.001 -19"><span class='ocrx_word' id='word_1_768' title='bbox 1910 4599 2085 4653; x_wconf 89' lang='lat' dir='ltr'>datur</span> <span class='ocrx_word' id='word_1_769' title='bbox 2108 4600 2175 4653; x_wconf 87' lang='lat' dir='ltr'>ad</span> <span class='ocrx_word' id='word_1_770' title='bbox 2202 4601 2614 4672; x_wconf 82' lang='lat' dir='ltr'>eleemosynarn</span> <span class='ocrx_word' id='word_1_771' title='bbox 2636 4602 2759 4671; x_wconf 84' lang='lat' dir='ltr'>ejus</span> <span class='ocrx_word' id='word_1_772' title='bbox 2788 4600 3104 4671; x_wconf 62' lang='lat' dir='ltr'>prehende,</span> <span class='ocrx_word' id='word_1_773' title='bbox 3124 4606 3264 4666; x_wconf 67' lang='grc' dir='ltr'>(ιω.)</span> <span class='ocrx_word' id='word_1_774' title='bbox 3283 4614 3394 4655; x_wconf 90' lang='lat' dir='ltr'>non</span> <span class='ocrx_word' id='word_1_775' title='bbox 3416 4614 3503 4655; x_wconf 80' lang='lat' dir='ltr'>se-</span> 
     </span>
    </p>
   </div>
   <div class='ocr_carea' id='block_1_109' title="bbox 1910 4676 3615 4760">
    <p class='ocr_par' dir='ltr' id='par_1_109' title="bbox 1910 4676 3615 4760">
     <span class='ocr_line' id='line_1_110' title="bbox 1910 4676 3615 4760; baseline 0.002 -19"><span class='ocrx_word' id='word_1_776' title='bbox 1910 4689 2026 4742; x_wconf 88' lang='lat' dir='ltr'>lum</span> <span class='ocrx_word' id='word_1_777' title='bbox 2054 4690 2204 4760; x_wconf 87' lang='lat' dir='ltr'>apud</span> <span class='ocrx_word' id='word_1_778' title='bbox 2235 4706 2355 4755; x_wconf 86' lang='lat' dir='ltr'>nos,</span> <span class='ocrx_word' id='word_1_779' title='bbox 2383 4689 2482 4744; x_wconf 88' lang='lat' dir='ltr'>sed</span> <span class='ocrx_word' id='word_1_780' title='bbox 2502 4690 2671 4744; x_wconf 82' lang='lat' dir='ltr'>etiam</span> <span class='ocrx_word' id='word_1_781' title='bbox 2698 4690 2755 4743; x_wconf 92' lang='lat' dir='ltr'>in</span> <span class='ocrx_word' id='word_1_782' title='bbox 2781 4690 3041 4744; x_wconf 84' lang='lat' dir='ltr'>omnibus</span> <span class='ocrx_word' id='word_1_783' title='bbox 3070 4690 3427 4745; x_wconf 71' lang='lat' dir='ltr'>monasteriis</span> <span class='ocrx_word' id='word_1_784' title='bbox 3447 4696 3505 4745; x_wconf 82' lang='lat' dir='ltr'>et</span> <span class='ocrx_word' id='word_1_785' title='bbox 3606 4676 3615 4681; x_wconf 63' lang='grc'><strong>’</strong></span> 
     </span>
    </p>
   </div>
   <div class='ocr_carea' id='block_1_110' title="bbox 1910 4778 3503 4853">
    <p class='ocr_par' dir='ltr' id='par_1_110' title="bbox 1910 4778 3503 4853">
     <span class='ocr_line' id='line_1_111' title="bbox 1910 4778 3503 4853; baseline 0.003 -22"><span class='ocrx_word' id='word_1_786' title='bbox 1910 4778 2065 4831; x_wconf 90' lang='lat' dir='ltr'>cellis</span> <span class='ocrx_word' id='word_1_787' title='bbox 2085 4779 2312 4842; x_wconf 87' lang='lat' dir='ltr'>nostris,</span> <span class='ocrx_word' id='word_1_788' title='bbox 2332 4796 2455 4849; x_wconf 85' lang='lat' dir='ltr'>quae</span> <span class='ocrx_word' id='word_1_789' title='bbox 2483 4785 2540 4833; x_wconf 92' lang='lat' dir='ltr'>et</span> <span class='ocrx_word' id='word_1_790' title='bbox 2568 4793 2792 4851; x_wconf 79' lang='lat' dir='ltr'>semper</span> <span class='ocrx_word' id='word_1_791' title='bbox 2808 4794 2981 4850; x_wconf 86' lang='lat' dir='ltr'>super</span> <span class='ocrx_word' id='word_1_792' title='bbox 3005 4793 3262 4835; x_wconf 82' lang='lat' dir='ltr'>mensam</span> <span class='ocrx_word' id='word_1_793' title='bbox 3294 4780 3503 4853; x_wconf 85' lang='lat' dir='ltr'>princi-</span> 
     </span>
    </p>
   </div>
   <div class='ocr_carea' id='block_1_111' title="bbox 1911 4858 3503 4941">
    <p class='ocr_par' dir='ltr' id='par_1_111' title="bbox 1911 4858 3503 4941">
     <span class='ocr_line' id='line_1_112' title="bbox 1911 4858 3503 4941; baseline 0.003 -21"><span class='ocrx_word' id='word_1_794' title='bbox 1911 4868 2091 4938; x_wconf 87' lang='lat' dir='ltr'>palem</span> <span class='ocrx_word' id='word_1_795' title='bbox 2117 4869 2372 4939; x_wconf 88' lang='lat' dir='ltr'>ponitur;</span> <span class='ocrx_word' id='word_1_796' title='bbox 2405 4876 2461 4922; x_wconf 89' lang='lat' dir='ltr'>et</span> <span class='ocrx_word' id='word_1_797' title='bbox 2490 4858 2722 4940; x_wconf 79' lang='lat' dir='ltr'>triginta</span> <span class='ocrx_word' id='word_1_798' title='bbox 2750 4868 2936 4924; x_wconf 66' lang='lat' dir='ltr'>missm</span> <span class='ocrx_word' id='word_1_799' title='bbox 2955 4875 3258 4925; x_wconf 86' lang='lat' dir='ltr'>cantantur</span> <span class='ocrx_word' id='word_1_800' title='bbox 3285 4870 3362 4924; x_wconf 91' lang='lat' dir='ltr'>ibi</span> <span class='ocrx_word' id='word_1_801' title='bbox 3400 4887 3503 4941; x_wconf 88' lang='lat' dir='ltr'>pro</span> 
     </span>
    </p>
   </div>
   <div class='ocr_carea' id='block_1_112' title="bbox 1910 4950 3501 5031">
    <p class='ocr_par' dir='ltr' id='par_1_112' title="bbox 1910 4950 3501 5031">
     <span class='ocr_line' id='line_1_113' title="bbox 1910 4950 3501 5031; baseline 0.002 -22"><span class='ocrx_word' id='word_1_802' title='bbox 1910 4973 2001 5022; x_wconf 90' lang='lat' dir='ltr'>eo;</span> <span class='ocrx_word' id='word_1_803' title='bbox 2031 4957 2081 5010; x_wconf 89' lang='lat' dir='ltr'>si</span> <span class='ocrx_word' id='word_1_804' title='bbox 2107 4964 2297 5010; x_wconf 87' lang='lat' dir='ltr'>tamen</span> <span class='ocrx_word' id='word_1_805' title='bbox 2316 4964 2451 5011; x_wconf 88' lang='lat' dir='ltr'>sunt</span> <span class='ocrx_word' id='word_1_806' title='bbox 2475 4958 2816 5026; x_wconf 80' lang='lat' dir='ltr'>sacerdotes,</span> <span class='ocrx_word' id='word_1_807' title='bbox 2843 4959 2940 5030; x_wconf 91' lang='lat' dir='ltr'>qui</span> <span class='ocrx_word' id='word_1_808' title='bbox 2958 4958 3068 5013; x_wconf 82' lang='lat' dir='ltr'>hoc</span> <span class='ocrx_word' id='word_1_809' title='bbox 3095 4960 3381 5031; x_wconf 82' lang='lat' dir='ltr'>potuerint</span> <span class='ocrx_word' id='word_1_810' title='bbox 3402 4950 3501 5013; x_wconf 76' lang='lat' dir='ltr'>ex-</span> 
     </span>
    </p>
   </div>
   <div class='ocr_carea' id='block_1_113' title="bbox 1907 5044 3503 5118">
    <p class='ocr_par' dir='ltr' id='par_1_113' title="bbox 1907 5044 3503 5118">
     <span class='ocr_line' id='line_1_114' title="bbox 1907 5044 3503 5118; baseline 0 -20"><span class='ocrx_word' id='word_1_811' title='bbox 1907 5046 2062 5116; x_wconf 87' lang='lat' dir='ltr'>plere</span> <span class='ocrx_word' id='word_1_812' title='bbox 2107 5044 2274 5115; x_wconf 68' lang='lat' dir='ltr'>(rem)</span> <span class='ocrx_word' id='word_1_813' title='bbox 2299 5047 2430 5116; x_wconf 68' lang='lat' dir='ltr'>Ejus</span> <span class='ocrx_word' id='word_1_814' title='bbox 2453 5058 2681 5118; x_wconf 77' lang='lat' dir='ltr'>quoque</span> <span class='ocrx_word' id='word_1_815' title='bbox 2706 5048 3144 5109; x_wconf 80' lang='lat' dir='ltr'>anniversarias,</span> <span class='ocrx_word' id='word_1_816' title='bbox 3165 5048 3335 5102; x_wconf 87' lang='lat' dir='ltr'>etiam</span> <span class='ocrx_word' id='word_1_817' title='bbox 3365 5044 3411 5100; x_wconf 86' lang='lat' dir='ltr'>si</span> <span class='ocrx_word' id='word_1_818' title='bbox 3442 5046 3503 5099; x_wconf 89' lang='lat' dir='ltr'>in</span> 
     </span>
    </p>
   </div>
   <div class='ocr_carea' id='block_1_114' title="bbox 1906 5134 3497 5207">
    <p class='ocr_par' dir='ltr' id='par_1_114' title="bbox 1906 5134 3497 5207">
     <span class='ocr_line' id='line_1_115' title="bbox 1906 5134 3497 5207; baseline -0.001 -19"><span class='ocrx_word' id='word_1_819' title='bbox 1906 5139 2159 5206; x_wconf 84' lang='lat' dir='ltr'>tempore</span> <span class='ocrx_word' id='word_1_820' title='bbox 2176 5136 2419 5207; x_wconf 87' lang='lat' dir='ltr'>hyemali</span> <span class='ocrx_word' id='word_1_821' title='bbox 2440 5143 2565 5207; x_wconf 86' lang='lat' dir='ltr'>post</span> <span class='ocrx_word' id='word_1_822' title='bbox 2578 5137 2875 5191; x_wconf 74' lang='lat' dir='ltr'>duodecim</span> <span class='ocrx_word' id='word_1_823' title='bbox 2890 5138 3157 5191; x_wconf 78' lang='lat' dir='ltr'>lectiones</span> <span class='ocrx_word' id='word_1_824' title='bbox 3173 5134 3497 5199; x_wconf 82' lang='lat' dir='ltr'>occurrerit,</span> 
     </span>
    </p>
   </div>
   <div class='ocr_carea' id='block_1_115' title="bbox 1910 5224 3504 5295">
    <p class='ocr_par' dir='ltr' id='par_1_115' title="bbox 1910 5224 3504 5295">
     <span class='ocr_line' id='line_1_116' title="bbox 1910 5224 3504 5295; baseline -0.001 -17"><span class='ocrx_word' id='word_1_825' title='bbox 1910 5224 2014 5278; x_wconf 80' lang='lat' dir='ltr'>hoc</span> <span class='ocrx_word' id='word_1_826' title='bbox 2038 5225 2203 5278; x_wconf 86' lang='lat' dir='ltr'>modo</span> <span class='ocrx_word' id='word_1_827' title='bbox 2230 5225 2439 5295; x_wconf 89' lang='lat' dir='ltr'>agitur.</span> <span class='ocrx_word' id='word_1_828' title='bbox 2482 5226 2670 5281; x_wconf 84' lang='lat' dir='ltr'>Primo</span> <span class='ocrx_word' id='word_1_829' title='bbox 2701 5232 2765 5280; x_wconf 89' lang='lat' dir='ltr'>ut</span> <span class='ocrx_word' id='word_1_830' title='bbox 2792 5227 2980 5281; x_wconf 82' lang='lat' dir='ltr'>omnia</span> <span class='ocrx_word' id='word_1_831' title='bbox 3010 5226 3170 5295; x_wconf 83' lang='lat' dir='ltr'>signa</span> <span class='ocrx_word' id='word_1_832' title='bbox 3202 5225 3504 5294; x_wconf 80' lang='lat' dir='ltr'>pulsentur</span> 
     </span>
    </p>
   </div>
   <div class='ocr_carea' id='block_1_116' title="bbox 1906 5312 3502 5386">
    <p class='ocr_par' dir='ltr' id='par_1_116' title="bbox 1906 5312 3502 5386">
     <span class='ocr_line' id='line_1_117' title="bbox 1906 5312 3502 5386; baseline 0.001 -20"><span class='ocrx_word' id='word_1_833' title='bbox 1906 5314 2176 5385; x_wconf 79' lang='lat' dir='ltr'>prolixius</span> <span class='ocrx_word' id='word_1_834' title='bbox 2207 5314 2278 5367; x_wconf 84' lang='lat' dir='ltr'>ad</span> <span class='ocrx_word' id='word_1_835' title='bbox 2308 5326 2597 5385; x_wconf 67' lang='lat' dir='ltr'>Vesperam</span> <span class='ocrx_word' id='word_1_836' title='bbox 2624 5332 2726 5386; x_wconf 87' lang='lat' dir='ltr'>pro</span> <span class='ocrx_word' id='word_1_837' title='bbox 2755 5315 3048 5377; x_wconf 76' lang='lat' dir='ltr'>defunctis,</span> <span class='ocrx_word' id='word_1_838' title='bbox 3082 5314 3180 5384; x_wconf 79' lang='lat' dir='ltr'>qui</span> <span class='ocrx_word' id='word_1_839' title='bbox 3204 5318 3264 5366; x_wconf 88' lang='lat' dir='ltr'>et</span> <span class='ocrx_word' id='word_1_840' title='bbox 3292 5327 3359 5366; x_wconf 82' lang='lat' dir='ltr'>ea</span> <span class='ocrx_word' id='word_1_841' title='bbox 3379 5312 3502 5368; x_wconf 86' lang='lat' dir='ltr'>vice</span> 
     </span>
    </p>
   </div>
   <div class='ocr_carea' id='block_1_117' title="bbox 1912 5402 3500 5472">
    <p class='ocr_par' dir='ltr' id='par_1_117' title="bbox 1912 5402 3500 5472">
     <span class='ocr_line' id='line_1_118' title="bbox 1912 5402 3500 5472; baseline 0.001 -17"><span class='ocrx_word' id='word_1_842' title='bbox 1912 5408 2213 5457; x_wconf 86' lang='lat' dir='ltr'>cantantur</span> <span class='ocrx_word' id='word_1_843' title='bbox 2240 5402 2298 5455; x_wconf 91' lang='lat' dir='ltr'>in</span> <span class='ocrx_word' id='word_1_844' title='bbox 2328 5403 2519 5469; x_wconf 89' lang='lat' dir='ltr'>choro,</span> <span class='ocrx_word' id='word_1_845' title='bbox 2542 5403 2869 5472; x_wconf 78' lang='lat' dir='ltr'>priusquam</span> <span class='ocrx_word' id='word_1_846' title='bbox 2900 5402 3179 5472; x_wconf 78' lang='lat' dir='ltr'>processio</span> <span class='ocrx_word' id='word_1_847' title='bbox 3208 5402 3308 5454; x_wconf 71' lang='lat' dir='ltr'>ﬂat</span> <span class='ocrx_word' id='word_1_848' title='bbox 3335 5402 3407 5455; x_wconf 81' lang='lat' dir='ltr'>ad</span> <span class='ocrx_word' id='word_1_849' title='bbox 3436 5402 3500 5456; x_wconf 71' lang='grc' dir='ltr'>Β.</span> 
     </span>
    </p>
   </div>
   <div class='ocr_carea' id='block_1_118' title="bbox 1882 5491 3496 5565">
    <p class='ocr_par' dir='ltr' id='par_1_118' title="bbox 1882 5491 3496 5565">
     <span class='ocr_line' id='line_1_119' title="bbox 1882 5491 3496 5565; baseline 0 -19"><span class='ocrx_word' id='word_1_850' title='bbox 1882 5560 1887 5565; x_wconf 22' lang='grc' dir='ltr'><strong>ί</strong></span> <span class='ocrx_word' id='word_1_851' title='bbox 1913 5492 2166 5546; x_wconf 84' lang='lat' dir='ltr'>Mariam.</span> <span class='ocrx_word' id='word_1_852' title='bbox 2191 5494 2215 5517; x_wconf 71' lang='lat'>*</span> <span class='ocrx_word' id='word_1_853' title='bbox 2239 5491 2398 5555; x_wconf 90' lang='lat' dir='ltr'>Quod</span> <span class='ocrx_word' id='word_1_854' title='bbox 2418 5499 2607 5545; x_wconf 85' lang='lat' dir='ltr'>tamen</span> <span class='ocrx_word' id='word_1_855' title='bbox 2637 5491 2691 5543; x_wconf 92' lang='lat' dir='ltr'>in</span> <span class='ocrx_word' id='word_1_856' title='bbox 2714 5496 2907 5544; x_wconf 63' lang='lat' dir='ltr'>estate</span> <span class='ocrx_word' id='word_1_857' title='bbox 2936 5507 3049 5544; x_wconf 89' lang='lat' dir='ltr'>non</span> <span class='ocrx_word' id='word_1_858' title='bbox 3069 5495 3154 5544; x_wconf 91' lang='lat' dir='ltr'>est</span> <span class='ocrx_word' id='word_1_859' title='bbox 3175 5491 3456 5560; x_wconf 89' lang='lat' dir='ltr'>agendum</span> <span class='ocrx_word' id='word_1_860' title='bbox 3486 5511 3496 5546; x_wconf 91' lang='lat'>:</span> 
     </span>
    </p>
   </div>
   <div class='ocr_carea' id='block_1_119' title="bbox 1912 5578 3505 5651">
    <p class='ocr_par' dir='ltr' id='par_1_119' title="bbox 1912 5578 3505 5651">
     <span class='ocr_line' id='line_1_120' title="bbox 1912 5578 3505 5651; baseline 0.001 -15"><span class='ocrx_word' id='word_1_861' title='bbox 1912 5598 2045 5636; x_wconf 89' lang='lat' dir='ltr'>nam</span> <span class='ocrx_word' id='word_1_862' title='bbox 2065 5587 2199 5637; x_wconf 86' lang='lat' dir='ltr'>tunc</span> <span class='ocrx_word' id='word_1_863' title='bbox 2213 5580 2307 5650; x_wconf 88' lang='lat' dir='ltr'>huj</span> <span class='ocrx_word' id='word_1_864' title='bbox 2318 5580 2533 5634; x_wconf 91' lang='lat' dir='ltr'>usmodi</span> <span class='ocrx_word' id='word_1_865' title='bbox 2552 5578 2966 5634; x_wconf 82' lang='lat' dir='ltr'>anniversarius</span> <span class='ocrx_word' id='word_1_866' title='bbox 2989 5585 3117 5651; x_wconf 87' lang='lat' dir='ltr'>post</span> <span class='ocrx_word' id='word_1_867' title='bbox 3135 5579 3342 5636; x_wconf 87' lang='lat' dir='ltr'>festum</span> <span class='ocrx_word' id='word_1_868' title='bbox 3367 5581 3505 5638; x_wconf 84' lang='lat' dir='ltr'>duo-</span> 
     </span>
    </p>
   </div>
  </div>
