3886 6172
441 257 578 317 1143

446 478 957 543 diti‘erendus.(uo.)
977 474 1118 529 Item
1141 476 1210 529 ad
1238 475 1480 531 ofﬁcium
1501 484 1558 532 et
1576 480 1828 538 missam,
1851 496 1972 549 quae
1992 484 2047 532 et

445 566 659 629 festive,
695 581 797 619 nec
838 564 1049 635 absque
1077 570 1264 619 tractu
1304 567 1580 621 cantando
1624 567 1958 634 celebratur,
1991 574 2049 622 et

444 655 811 709 nihilominus
840 653 1029 707 omnia
1057 654 1217 724 signa
1240 655 1550 725 pulsantur.

515 744 955 813 'Unusquisque
994 743 1257 797 sacerdos
1298 750 1490 798 cantat
1531 745 1760 799 missam
1807 761 1908 816 pro
1952 762 2040 810 eo,

446 830 543 886 alii
574 837 785 902 septem
818 831 1081 902 psalmos.
1116 832 1203 884 vel
1246 832 1341 903 qui
1372 834 1616 903 psalmos
1644 834 1919 895 nesciunt,
1955 840 2046 887 to-

442 920 596 974 tiens
612 919 956 974 Dominicam
976 920 1304 976 orationem.
1326 928 1441 982 (UD.
1467 920 1749 991 rar.)Ipso
1769 921 1858 975 die
1879 921 2046 976 habe-

447 1006 590 1063 bunt
616 1009 818 1062 fratres
850 1008 907 1062 in
939 1008 1233 1063 refectorio
1256 1010 1619 1076 charitatem;
1655 1016 1881 1081 excepto
1910 1011 1956 1064 si
1988 1011 2042 1065 in

449 1098 895 1167 Quadragesima
939 1098 997 1151 in
1049 1098 1189 1151 feria
1218 1099 1483 1161 secunda,
1526 1109 1728 1169 quarta
1769 1100 1852 1153 vel
1891 1107 2047 1154 sexta

450 1187 722 1254 occurrit;
746 1194 880 1241 tunc
905 1187 1229 1256 hujusmodi
1253 1187 1521 1258 pietantia
1542 1205 1719 1259 usque
1742 1189 1795 1243 in
1814 1206 2048 1260 sequen-

448 1282 564 1330 tem
596 1277 743 1330 diem
774 1276 1049 1330 dillertur.
1084 1279 1105 1299 "
1133 1276 1417 1347 Pauperes
1464 1277 1631 1330 etiam
1662 1278 1954 1332 duodecim
1986 1279 2043 1332 in

449 1366 714 1436 hospitali
757 1366 1107 1432 reﬁciuntur,
1140 1382 1250 1419 non
1300 1366 1478 1419 solum
1509 1383 1654 1437 pane
1681 1372 1738 1420 et
1768 1367 1913 1433 vino,
1946 1368 2045 1422 sed

450 1454 623 1508 etiam
650 1469 849 1508 carne:
875 1455 1014 1508 alias
1040 1455 1362 1525 providetur
1385 1454 1489 1523 eis,
1522 1455 1670 1525 quod
1691 1455 2044 1509 tantumdem

450 1545 616 1598 valet.
651 1546 784 1614 (un).
817 1544 947 1597 ch
986 1549 1173 1597 autem
1207 1560 1515 1615 pauperum
1546 1546 1819 1599 recreatio
1857 1545 2046 1615 agitur

450 1638 671 1687 tantum
719 1631 779 1685 in
828 1637 1150 1687 nostrorum
1195 1632 1460 1687 abbatum
1494 1634 1896 1700 anniversario,
1935 1634 2044 1687 nisi

1473 261 1529 314 S.
1563 259 1954 315 GUILLELMI
1993 259 2298 315 ABBATIS
2338 260 2677 316 HIRSAUG.

449 388 632 443 decim
662 387 964 442 lectionum
994 401 1280 449 occurens,
1313 386 1371 440 in
1410 394 1737 459 sequentem
1780 389 1926 443 diem
1958 389 2106 447 estA

3522 265 3626 324 Illi

2681 384 2914 441 CAPUT
2952 384 3166 439 LXXV.

2129 480 2200 533 De
2228 494 2304 537 eo,
2347 480 2448 546 qui
2474 478 2810 546 sepeliendus
2843 480 2936 537 est,
2971 474 3191 542 quando
3225 476 3397 531 radere
3420 477 3630 533 debemus.

2203 570 2340 635 tun.)
2366 568 2505 621 ltem
2529 566 2625 637 qui
2650 564 3004 636 sepeliendus
3025 568 3112 617 est
3130 579 3194 617 eo
3209 563 3418 634 die,quo
3428 566 3638 622 nonbene

2129 673 2428 727 possumus
2456 661 2677 709 mutare
2707 670 2986 719 rasuram,
3029 658 3158 723 post
3196 652 3467 723 capitulum
3490 657 3638 710 statim

2128 762 2394 816 percussa
2418 744 2612 799 tabula
2640 743 2940 815 sepelitur;
2974 741 3108 812 quia
3149 742 3398 811 quamdiu
3426 748 3500 799 est
3527 743 3642 798 iuse-

2127 835 2340 905 pultus,
2366 851 2477 888 non
2508 834 2635 886 licet
2658 833 2713 885 in
2738 833 2983 885 claustro
3004 830 3089 883 vel
3110 830 3278 900 loqui,
3300 831 3376 884 vel
3401 831 3526 884 aliud
3543 832 3643 901 quid

2127 924 2328 986 facere,
2382 923 2489 977 nisi
2535 930 2756 976 tantum
2808 920 3039 991 psalmis
3080 935 3271 973 vacare
3314 920 3377 973 ad
3422 921 3644 990 exequias.

2131 1013 2294 1067 Solus
2322 1012 2600 1065 armarius
2638 1016 2861 1065 tantum
2908 1008 3154 1063 defuncti
3202 1025 3393 1062 nomen
3426 1009 3582 1062 scribit
3602 1010 3644 1063 in

2129 1101 2442 1155 memoriali
2496 1100 2733 1154 fratrum
2786 1104 2841 1152 et
2892 1098 3101 1155 breves.
3155 1115 3273 1167 qua:
3322 1097 3504 1168 absque
3530 1115 3648 1151 mora

2128 1190 2417 1244 mittendae
2461 1195 2593 1243 sunt
2631 1205 2731 1260 pro
2782 1205 2848 1241 eo
2895 1203 2995 1257 per
3039 1186 3225 1240 cellas.
3260 1188 3279 1208 ⁶
3318 1186 3452 1249 Quas
3475 1187 3648 1256 quidem

2126 1280 2464 1351 perscriptas
2493 1279 2641 1332 idem
2676 1276 2956 1331 armarius
2991 1275 3295 1339 cellerario,
3332 1275 3418 1346 qui
3444 1292 3524 1329 eas
3548 1276 3649 1329 mis-

2126 1385 2291 1422 surus
2336 1373 2440 1432 est,
2489 1375 2619 1421 ante
2660 1367 2950 1421 cellarium
2998 1370 3313 1437 praesentat,
3353 1371 3405 1418 et
3437 1364 3477 1418 si
3509 1364 3584 1417 ille
3611 1365 3650 1417 in

2128 1462 2393 1529 promptu
2422 1473 2534 1510 non
2564 1457 2751 1520 fuerit,
2785 1456 2924 1509 inibi
2954 1455 3013 1509 in
3040 1455 3223 1508 locum
3256 1454 3321 1507 ad
3352 1455 3446 1507 hoc
3469 1454 3652 1523 deputa-

2125 1554 2245 1602 tum
2274 1563 2369 1600 eas
2397 1546 2637 1616 reponit.
2658 1546 2792 1609 Quae
2817 1546 2949 1616 quia
2971 1561 3037 1598 ex
3058 1544 3289 1614 antiqua
3309 1544 3515 1597 Patrum
3533 1542 3656 1596 insti-

2127 1636 2368 1701 tutione,
2392 1635 2514 1689 sine
2544 1635 2696 1689 omni
2727 1635 2998 1688 dilatione
3022 1632 3341 1700 mittuntur,
3362 1648 3453 1703 per
3471 1631 3658 1685 famulos

451 1721 596 1775 forte
640 1722 925 1776 communi
970 1722 1193 1776 decreto
1238 1722 1591 1793 impensatur
1636 1723 1800 1778 alicui
1843 1709 2112 1793 magnoB
2132 1726 2199 1780 ad
2222 1726 2327 1779 hoc
2357 1725 2536 1779 solum
2568 1725 2867 1795 deputatos
2902 1722 3385 1777 circumferuntur.
3416 1720 3595 1786 Quibus
3616 1726 3662 1774 ut

452 1809 793 1865 benefactori
815 1816 1028 1865 nostro.
1053 1820 1189 1878 tun.)
1211 1811 1268 1865 Si
1296 1811 1518 1882 quando
1540 1812 1776 1882 alicujus
1797 1813 2051 1867 anniver-

450 1900 633 1955 sarius
664 1916 789 1954 cum
818 1900 1062 1954 maximo
1092 1900 1204 1955 ritu
1234 1900 1485 1971 agendus
1514 1901 1775 1967 occurrit,
1809 1901 1905 1971 qui
1932 1918 2049 1956 mo-

449 1988 697 2044 nasterio
726 1989 953 2060 aliquod
978 1990 1274 2043 donarium
1306 1989 1561 2054 contulit,
1593 1989 1728 2043 illud
1760 2006 1887 2044 cum
1918 1993 2048 2044 Pla-

450 2080 569 2133 cebo
599 2095 700 2149 pro
729 2078 926 2132 eodem
974 2078 1257 2150 incipitur,
1294 2084 1351 2132 et
1377 2078 1492 2132 sive
1531 2079 1605 2132 sit
1643 2079 1897 2150 pallium,
1930 2078 2049 2132 sive

448 2167 598 2222 aliud
631 2168 955 2238 hujusmodi
992 2173 1410 2232 ornamentum,
1442 2184 1544 2239 pro
1571 2169 1747 2239 ipsius
1776 2168 2049 2222 memoria

452 2258 794 2312 cernendum
819 2274 990 2328 super
1017 2258 1195 2311 altare
1224 2257 1471 2328 ponitur,
1502 2274 1685 2328 neque
1709 2257 1838 2311 inde
1867 2257 2049 2311 aufer-

448 2352 560 2411 tur,
586 2347 763 2401 donec
783 2347 840 2401 in
860 2347 1105 2401 crastino
1123 2346 1351 2401 missam
1375 2346 1763 2402 defunctorum
1787 2347 1920 2401 item
1945 2364 2046 2417 pro

446 2452 512 2491 eo
533 2436 785 2491 canenda
813 2436 1065 2490 ﬁniatur.

1004 2544 1238 2598 CAPUT
1274 2544 1493 2599 LXXII.

444 2635 517 2688 De
532 2634 730 2701 fratre,
746 2636 845 2702 qui
860 2636 921 2686 in
941 2634 1373 2700 Quadragesima
1385 2634 1598 2693 abierit,
1619 2638 1667 2687 el
1686 2635 1747 2687 in
1763 2634 2045 2686 duodecim

839 2707 1158 2758 lectionibus
1188 2710 1261 2757 est
1291 2707 1647 2772 sepeliendus.

430 2848 435 2853 .
517 2794 664 2867 (111).)
689 2794 747 2849 Si
779 2793 903 2865 quis
934 2793 1252 2860 fratrumlin
1284 2793 1726 2863 Quadragesima
1751 2792 1970 2859 obierit,
1990 2800 2046 2848 et

444 2883 503 2937 in
530 2883 633 2937 tali
678 2882 769 2936 die
811 2888 897 2936 est
940 2883 1309 2953 sepeliendus,
1351 2883 1446 2953 qui
1482 2899 1608 2936 cum
1640 2882 1931 2937 duodecim
1963 2883 2045 2936 le-

446 2971 723 3027 ctionibus
754 2972 924 3026 fuerit
952 2972 1216 3038 solennis,
1242 2989 1341 3043 pro
1370 2973 1465 3026 illo
1491 2980 1617 3043 post
1648 2972 1883 3043 primam
1920 2989 2047 3026 can-

2132 1815 2245 1870 sint
2274 1831 2496 1885 semper
2524 1814 2705 1885 parati
2737 1830 2771 1867 a
2799 1812 3109 1867 camerario
3140 1812 3458 1876 vestiuntur,
3487 1826 3516 1863 a
3537 1809 3662 1863 celle-

2134 1904 2285 1958 rario
2318 1917 2447 1955 vero
2482 1902 2657 1956 victus
2684 1902 3024 1956 cottidianus
3046 1900 3214 1955 debet
3239 1897 3518 1971 provideri.

2680 1990 2916 2046 CAPUT
2954 1990 3195 2046 LXXVI.

2465 2083 2693 2150 Quando
2724 2082 2901 2134 breres
2931 2081 3213 2133 mittenda
3240 2082 3369 2133 sint.

2202 2174 2222 2196 ⁶
2254 2172 2415 2236 Quali
2444 2177 2633 2226 autem
2665 2170 2861 2225 ordine
2889 2168 3215 2239 hujusmodi
3245 2168 3435 2222 breves
3453 2166 3551 2220 sint
3572 2166 3666 2231 mit-

2130 2262 2333 2325 tendae,
2365 2260 2643 2315 silendum
2692 2276 2805 2313 non
2849 2263 2951 2313 est.
2990 2258 3171 2329 Igitur
3198 2274 3300 2329 per
3339 2272 3516 2310 omnes
3541 2254 3668 2308 cellas

2131 2358 2353 2405 nostras
2382 2350 2547 2420 longe
2574 2350 2659 2402 vel
2690 2366 2864 2419 prope
2894 2348 3122 2419 positas,
3156 2346 3456 2402 dummodo
3476 2362 3506 2398 a
3531 2361 3580 2397 se
3605 2344 3668 2395 in-

2132 2439 2303 2492 vicem
2331 2439 2574 2492 multum
2611 2453 2723 2491 non
2750 2437 2978 2501 distent,
3004 2435 3187 2490 brevis
3221 2452 3336 2489 una
3361 2435 3427 2488 ad
3454 2433 3670 2487 intiman-

2129 2528 2261 2582 dum
2284 2528 2477 2581 fratris
2499 2526 2712 2580 obitum
2737 2526 3116 2580 suffieit.Nam
3139 2531 3435 2596 postquam
3455 2522 3515 2576 ad
3535 2520 3674 2593 proxi-

2131 2633 2281 2670 mam
2312 2616 2636 2670 earumdem
2669 2615 2935 2669 cellarum
2981 2615 3153 2669 allata
3193 2614 3383 2678 fuerit,
3413 2614 3476 2667 de
3501 2612 3599 2665 loco
3620 2609 3673 2662 ad

2128 2707 2313 2761 locum
2343 2722 2446 2777 per
2473 2705 2689 2776 priores
2714 2704 2850 2758 inibi
2870 2710 3307 2769 commorantes,
3331 2708 3413 2757 est
3431 2701 3673 2756 mittenda.

2130 2796 2288 2860 Quod
2322 2795 2369 2849 si
2410 2812 2509 2866 per
2537 2794 2788 2849 diversas
2815 2800 3095 2848 terrarum
3125 2799 3320 2864 partes
3347 2792 3535 2847 eazdem
3561 2790 3677 2842 cella:

2130 2884 2201 2939 ab
2230 2884 2466 2938 invicem
2498 2884 2719 2952 longius
2763 2883 2971 2937 distare
3012 2889 3346 2947 noscuntur,
3376 2897 3577 2935 necesse
3600 2884 3679 2940 est,

2131 2981 2195 3029 ut
2223 2991 2257 3027 a
2284 2972 2623 3027 monasterio
2655 2971 2946 3043 principali
2992 2988 3093 3043 per
3121 2971 3376 3042 singulas
3422 2966 3680 3040 provincia-

444 3068 601 3118 tatur
646 3062 819 3116 missa
865 3033 1276 3128 defunctorum,
1330 3068 1383 3116 et
1423 3033 1548 3116 cuin
1595 3033 1775 3116 tribus
1820 3033 2106 3115 tantumC
2133 3080 2256 3118 rum
2289 3064 2457 3118 cellas
2485 3033 2679 3115 breves
2705 3033 2939 3132 singulae
2968 3033 3455 3115 transmittuntur.

442 3152 720 3219 collectis;
759 3151 814 3205 id
846 3156 933 3205 est
965 3152 1315 3219 Omnipotens
1346 3155 1671 3220 sempiterne
1710 3153 1870 3206 Deus.
1904 3152 2045 3205 Deus

441 3245 612 3297 venia:
641 3244 893 3308 largitor.
917 3242 1187 3294 Fidelium
1211 3242 1370 3294 Deus.
1402 3241 1705 3311 Propterea
1734 3246 1924 3294 tamen
1945 3257 2049 3294 nec

443 3332 542 3386 illa
568 3330 741 3385 missa
787 3330 855 3383 de
904 3329 1203 3383 festivitate
1255 3335 1381 3400 post
1427 3329 1674 3389 tertiam.
1717 3347 1820 3383 nec
1852 3330 1948 3384 illa
1977 3330 2046 3383 de

437 3422 656 3493 jejunio
682 3426 810 3491 post
823 3436 1028 3474 nonam
1050 3418 1383 3473 remanebit.
1408 3419 1516 3473 Sed
1538 3419 1624 3472 sin
1649 3419 1738 3472 die
1756 3419 2047 3473 Dominica

447 3511 741 3582 sepultura
768 3509 1037 3571 evenerit,
1065 3507 1294 3561 additur
1325 3512 1383 3560 et
1411 3513 1614 3579 quarta
1639 3508 1904 3574 collecta;
1940 3511 1966 3533 *
1989 3508 2045 3561 id

444 3605 549 3664 est,
572 3599 907 3654 Sanctorum
930 3602 1173 3657 tuorum,
1201 3612 1326 3666 quae
1352 3611 1453 3649 nec
1472 3595 1612 3649 alias
1631 3601 1823 3650 tamen
1864 3613 1929 3649 eo
1951 3596 2042 3650 die

446 3686 818 3742 omitteretur.

979 3773 1209 3828 CAPUT
1248 3772 1507 3830 LXXIII.

506 3868 576 3921 De
599 3880 676 3927 eo,
711 3865 812 3931 qui
834 3864 1170 3932 sepeliendus
1200 3868 1273 3916 est
1304 3864 1367 3915 in
1396 3863 1583 3915 diebus
1610 3866 1738 3916 ante
1768 3864 1993 3918 Pascha.

521 3953 826 4024 (un.)Item
847 3952 893 4006 si
926 3952 1049 4023 quis
1078 3951 1431 4022 sepeliendus
1460 3957 1547 4005 est
1575 3957 1706 4005 ante
1735 3969 1963 4017 nonam,
1986 3953 2044 4005 in

449 4042 702 4115 qualibet
728 4042 820 4096 die
847 4042 916 4096 de
941 4041 1051 4094 illis
1081 4040 1281 4105 tribus,
1310 4040 1404 4111 qui
1435 4042 1686 4111 proxime
1708 4042 1921 4095 Pascha
1950 4058 2046 4095 an-

448 4133 732 4199 tecedunt,
759 4134 780 4155 '
807 4131 927 4186 sine
955 4131 1168 4185 lumine
1196 4136 1253 4184 et
1281 4130 1529 4194 incenso,
1564 4136 1621 4184 et
1651 4132 1695 4184 si
1734 4138 1819 4184 est
1848 4131 1905 4185 in
1936 4132 2045 4185 Pa-

447 4238 694 4288 rasceve,
727 4238 762 4275 a
790 4220 1058 4276 fratribus
1086 4220 1251 4275 nudis
1280 4219 1515 4291 pedibus
1546 4219 1935 4274 incedentibus
1963 4237 2047 4274 se-

446 4312 674 4384 pelitur,
719 4315 776 4364 et
803 4309 1012 4381 absque
1044 4310 1211 4363 missa
1242 4326 1342 4380 pro
1375 4309 1667 4369 defunctis.
1701 4326 1822 4380 quae
1851 4316 2043 4363 tamen

2204 3153 2333 3207 Haec
2359 3158 2548 3206 autem
2582 3151 2832 3205 brevium
2854 3150 3210 3205 transmissio
3242 3150 3412 3204 simili
3436 3147 3581 3202 modo
3595 3144 3685 3214 agi-

2130 3248 2245 3308 tur,
2278 3242 2324 3295 si
2353 3243 2515 3311 cujus
2542 3241 2735 3295 fratris
2771 3240 2958 3294 obitus
2985 3240 3045 3293 in
3074 3240 3217 3293 cella
3248 3240 3438 3311 aliqua
3461 3234 3683 3293 evenerit.

2130 3338 2187 3387 et
2217 3331 2400 3385 brevis
2429 3331 2581 3384 illius
2611 3330 2680 3384 ad
2727 3347 2829 3383 nos
2877 3346 3055 3400 usque
3086 3329 3443 3400 pervenerit;
3480 3330 3681 3395 excepto.

2131 3421 2277 3492 quod
2309 3420 2377 3473 ad
2411 3420 2658 3491 aliquam
2686 3420 2744 3473 in
2782 3419 2976 3472 eadem
3020 3424 3172 3473 terra
3203 3419 3377 3473 sitam
3406 3416 3614 3479 deloco,
3640 3412 3682 3466 in

2131 3526 2239 3581 quo
2265 3508 2423 3576 obiit,
2458 3508 2733 3563 mittenda
2764 3513 2867 3562 est.

2648 3598 2882 3653 CAPUT
2918 3598 3188 3654 LXXVII.

2128 3705 2278 3770 Quod
2287 3707 2405 3757 sine
2417 3706 2683 3757 dilatione
2693 3706 2907 3770 agenda
2917 3722 2967 3758 ιη
2981 3710 3054 3758 est
3069 3706 3321 3772 officium
3338 3706 3683 3770 [Jefunctorum

2358 3779 2767 3844 superveniente
2798 3777 2952 3829 brevi
2966 3793 3068 3845 pro
3091 3778 3275 3844 fratre
3299 3781 3496 3830 nostro.

2198 3865 2216 3886 ’⁵
2258 3864 2316 3919 Si
2369 3864 2593 3935 quando
2653 3863 2967 3918 istiusmodi
3010 3864 3194 3919 brevis
3235 3870 3369 3919 ante
3424 3859 3684 3934 capitulum

2129 3953 2363 4008 affertur
2393 3970 2427 4007 a
2458 3954 2687 4007 custode
2724 3954 3031 4024 hospitum,
3073 3971 3107 4008 a
3150 3971 3265 4024 quo
3306 3969 3499 4008 omnes
3534 3951 3686 4003 breves

2130 4043 2497 4113 recipiuntur.
2523 4042 2593 4096 ad
2626 4043 2937 4112 proximum
2968 4044 3279 4114 capitulum
3312 4043 3516 4097 domno
3540 4035 3690 4093 abbati

2129 4132 2209 4184 vel
2244 4131 2418 4201 priori
2445 4136 2901 4201 repracsentatur.
2926 4131 3033 4195 Qui
3056 4148 3202 4193 mox,
3233 4138 3302 4185 ut
3329 4148 3454 4185 eam
3483 4118 3691 4183 intrass-

2129 4220 2432 4290 metipsum
2468 4220 2788 4290 perlegerit,
2833 4226 2890 4274 et
2918 4221 3098 4273 locum
3130 4221 3283 4274 unde
3325 4220 3519 4274 eadem
3542 4212 3691 4270 brevis

2128 4309 2370 4373 advenit,
2407 4315 2465 4362 et
2494 4308 2697 4362 fratres
2726 4309 2972 4378 ejusdem
3004 4309 3218 4363 obitum
3259 4315 3319 4363 et
3366 4324 3562 4363 nomen
3588 4315 3691 4375 pro-

448 4406 645 4471 postea
671 4398 992 4454 cantabitur
1016 4399 1073 4452 in
1103 4398 1456 4469 feriaquinta
1477 4398 1720 4462 Paschaz,
1752 4415 1856 4453 nec
1879 4392 2106 4452 aliterD
2126 4397 2414 4461 nuntians,
2446 4397 2566 4451 sine
2616 4397 3027 4469 interruptione
3063 4398 3480 4453 absolutionem
3509 4394 3696 4449 solitam

450 4506 621 4559 quam
669 4489 719 4542 si
762 4504 962 4559 corpus
991 4488 1239 4541 defuncti
1270 4494 1417 4541 esset
1446 4487 1501 4540 in
1533 4487 1812 4558 praesenti.
1845 4487 1931 4542 Ab
1978 4504 2047 4542 ea

452 4584 643 4632 autem
669 4576 811 4630 hora
839 4593 951 4647 qua
979 4593 1155 4631 novus
1201 4577 1347 4647 ignis
1377 4575 1745 4641 benedicitur,
1780 4593 1958 4647 usque
1986 4577 2043 4630 in

450 4664 757 4719 crastinum
802 4681 988 4732 mane,
1037 4682 1219 4737 neque
1247 4667 1307 4720 in
1350 4666 1604 4733 ecclesia,
1635 4682 1818 4737 neque
1846 4665 1918 4719 ad
1955 4682 2044 4720 se-

449 4754 738 4825 pulturam
764 4753 978 4808 lumine
1008 4754 1277 4825 privatur.

999 4844 1232 4900 CAPUT
1269 4846 1510 4900 LXXIV.

502 4933 577 4988 De
605 4948 682 4994 eo,
706 4936 807 5002 qui
835 4935 1172 5003 sepeliendus
1203 4940 1277 4988 est
1307 4939 1369 4989 in
1399 4936 1587 4989 diebus
1616 4936 2000 5002 Rogationum.

522 5023 544 5044 ‘
571 5022 747 5091 (Var.)
782 5022 924 5077 Item
964 5023 1011 5077 si
1042 5023 1167 5094 quis
1195 5024 1548 5096 sepeliendus
1577 5028 1663 5078 est
1693 5024 1751 5077 in
1781 5022 2048 5093 Rogatio-

449 5110 634 5179 nibus,
655 5128 757 5184 pro
783 5129 849 5168 eo
868 5118 1130 5168 cantatur
1150 5120 1279 5186 post
1300 5115 1540 5185 primam
1569 5113 1741 5167 missa
1766 5111 2051 5165 defuncto-

447 5218 597 5270 rum,
624 5207 682 5256 et
707 5202 808 5257 illa
833 5203 900 5257 de
929 5204 1333 5274 Rogationibus
1363 5212 1490 5275 post
1512 5203 1763 5262 tertiam.
1787 5201 1853 5255 ad
1878 5217 2046 5272 quam

448 5292 620 5346 etiam
650 5308 763 5347 non
795 5294 1047 5359 offertur,
1081 5310 1183 5349 nec
1213 5311 1320 5365 pax
1350 5294 1639 5371 recipitur.
1674 5291 1783 5348 nisi
1811 5289 1882 5344 ab
1910 5306 2042 5356 uno,

446 5386 505 5435 et
532 5381 691 5443 ﬁnito
719 5382 965 5465 capitulo
996 5384 1284 5456 sepelitur.

2128 4493 2370 4558 exoptat,
2389 4491 2446 4540 et
2472 4486 2781 4557 capitulum
2813 4488 2937 4558 plus
2966 4488 3129 4543 solito
3158 4488 3481 4559 corripitur,
3512 4489 3567 4538 ut
3594 4496 3697 4535 cum

2128 4576 2442 4647 psalmodia
2482 4578 2645 4629 Verba
2676 4593 2796 4630 mea
2827 4576 3077 4642 ﬁniatur,
3110 4583 3167 4631 et
3190 4576 3441 4631 officium
3473 4590 3567 4646 pro
3600 4572 3702 4642 ejus

2128 4665 2329 4719 animae
2358 4664 2551 4736 requie
2581 4671 2906 4735 peragatur.
2937 4665 2995 4720 Si
3023 4666 3182 4720 ﬁnito
3208 4666 3461 4738 capitulo
3490 4662 3701 4719 cilicium

2128 4754 2321 4808 statim
2347 4770 2461 4807 non
2487 4754 2695 4824 agitur,
2719 4760 2914 4825 postea
2934 4771 3046 4809 non
3073 4755 3189 4821 ﬁet,
3213 4755 3327 4809 nisi
3356 4754 3547 4809 tabula
3571 4749 3704 4823 prius

2129 4843 2497 4914 percutiatur.

2207 4933 2277 4986 Et
2305 4932 2615 4995 sciendum,
2652 4932 2805 5004 quia,
2840 4933 2887 4987 si
2924 4933 3116 5005 plures
3161 4933 3362 4989 breves
3389 4934 3460 4988 de
3501 4928 3706 4985 diversis

2130 5021 2282 5084 locis,
2318 5021 2375 5074 id
2406 5026 2491 5075 est
2519 5022 2588 5075 de
2619 5023 2828 5076 nostris
2857 5022 3122 5094 professis
3147 5023 3298 5077 etde
3328 5022 3526 5077 alienis
3549 5017 3710 5074 fratri-

2130 5110 2233 5165 bus
2254 5111 2463 5178 pariter
2478 5111 2534 5164 in
2554 5111 2799 5181 capitulo
2820 5117 3247 5182 przesentantur,
3261 5128 3464 5166 omnes
3479 5111 3532 5164 in
3548 5106 3709 5162 missis

2129 5200 2456 5272 septenarii,
2481 5205 2534 5253 et
2560 5200 2619 5254 in
2649 5201 2881 5267 czeteris,
2907 5218 3028 5272 qua:
3052 5210 3321 5272 aguntur,
3354 5208 3559 5274 praeter
3573 5198 3711 5253 trice-

2130 5289 2356 5343 narium
2422 5291 2859 5361 conjunguntur.
2928 5290 3270 5363 Quacunque
3339 5297 3529 5346 autem
3588 5288 3708 5340 hora

2130 5388 2324 5451 postea
2345 5397 2523 5452 usque
2542 5380 2613 5435 ad
2634 5380 3010 5446 collationem,
3034 5389 3091 5436 et
3110 5381 3336 5452 quando
3354 5380 3527 5435 semel
3548 5391 3710 5432 come-

2125 5468 2300 5534 ditur,
2332 5468 2535 5523 fratres
2567 5474 2873 5540 antequam
2903 5468 3116 5539 bibant,
3149 5471 3402 5531 affertur.
3434 5469 3551 5523 sine
3576 5463 3703 5519 dila-

2126 5558 2281 5625 tione
2330 5558 2403 5615 ad
2456 5559 2840 5616 convocandos
2873 5558 3098 5631 fratres,
3136 5559 3326 5621 tabula
3381 5555 3601 5617 tractim
3649 5566 3704 5610 ac
