3950 6168
233 252 381 310 1145
1267 251 1685 309 CONSTlTUT.
1727 250 1836 306 IIII

1921 252 2069 309 LUG.
2113 285 2176 296 —
2217 255 2353 311 LIB.
2395 257 2469 311 ΙΙ.
3382 256 3519 315 1146

232 395 438 434 sonore
466 381 812 452 percutitur;
845 379 893 434 si
923 384 1113 434 tamen
1164 385 1470 436 conventus
1498 379 1556 432 in
1585 378 1898 449 praesen-A
1919 379 2144 435 adducti
2166 380 2223 435 in
2254 381 2564 453 capitulum
2594 388 2851 438 nostrum
2882 383 3158 451 venerint,
3189 387 3409 455 petunt,
3452 388 3517 438 ut

232 469 443 525 tiarum
466 470 655 542 aliquo
678 469 873 524 ordine
904 486 1016 524 non
1037 477 1359 542 occupatur.
1391 469 1535 524 Nam
1557 473 1717 521 tanta
1744 484 1836 521 cu-
1918 470 2025 541 ipsi
2055 488 2278 542 quoque
2308 477 2630 526 mereantur
2666 472 3074 528 fraternitatem
3131 478 3381 527 nostram
3411 472 3517 527 ha-

232 575 319 626 ra,
348 566 612 631 tantaque
642 559 968 614 festinantia
998 576 1063 614 ex
1090 561 1323 631 antiqua
1363 560 1587 612 Patrum
1615 555 1840 610 institu-
1917 558 2068 614 bere.
2100 561 2386 614 Annuitur
2413 567 2469 616 et
2488 579 2613 616 cum
2648 562 2788 617 libro
2810 564 2891 617 eis
2920 564 3105 625 datur,
3122 568 3187 616 ut
3208 568 3425 634 partem
3459 566 3518 617 et

234 648 390 703 tione
417 650 531 705 haec
554 650 760 704 tabula:
787 650 1072 721 percussio
1092 651 1160 704 ad
1183 649 1562 721 peragendum
1593 647 1838 702 officium

235 738 404 793 debet
432 739 572 801 fieri,
607 745 669 793 ut
692 741 810 810 jam
851 739 1107 810 cymbalo
1152 755 1436 810 percusso,
1479 737 1734 808 fabisque
1773 753 1838 790 ex

236 843 399 898 parte
427 828 853 891 administratis,
886 828 1088 883 fratres
1114 828 1372 882 omnibus
1401 826 1743 898 postpositis,
1767 824 1835 879 ad

239 917 492 987 ejusdem
523 917 691 971 officii
720 918 998 971 actionem
1030 918 1381 972 conveniant.
1423 918 1561 971 Illuc
1589 932 1741 985 ergo,
1774 919 1838 968 ut

239 1006 495 1077 quisquis
521 1007 861 1071 convenerit,
901 1008 1054 1061 nullo
1085 1007 1344 1061 stationis
1374 1006 1570 1061 ordine
1595 1009 1834 1071 servato,

240 1096 338 1149 sed
369 1102 538 1166 prout
562 1098 834 1167 cujusque
863 1096 967 1150 loci
996 1097 1372 1168 competentia
1403 1113 1462 1149 se
1514 1094 1833 1166 praebuerit.

240 1191 399 1238 extra
448 1185 757 1256 capitulum
810 1191 942 1239 ante
981 1192 1038 1239 et
1086 1192 1237 1240 retro
1280 1185 1507 1245 faciens.
1559 1182 1831 1237 subsistit.

237 1272 436 1328 Priore
465 1279 654 1328 autem
683 1290 715 1328 a
747 1274 1105 1344 percussione
1144 1274 1347 1329 tabulae
1376 1278 1649 1337 cessante,
1670 1272 1838 1325 facto-

239 1378 350 1432 que
366 1368 497 1417 ante
519 1367 575 1417 et
594 1369 768 1432 retro,
788 1366 1084 1419 Benedicite
1105 1364 1476 1435 pronuntians
1499 1382 1511 1431 ;
1534 1367 1838 1417 conventus

238 1451 404 1505 solito
433 1468 591 1506 more
619 1452 939 1522 respondet.
967 1452 1070 1507 Ille
1099 1470 1230 1507 vero
1261 1457 1318 1507 et
1346 1450 1400 1506 in
1431 1451 1674 1523 capitulo
1689 1451 1839 1504 intra

236 1556 293 1594 se
324 1541 579 1595 eamdem
611 1533 955 1595 breviculum
978 1542 1231 1612 legendo,
1263 1542 1491 1595 fratrem
1520 1540 1724 1595 obiisse
1746 1540 1839 1594 de-

234 1630 462 1684 nuntiat
487 1631 798 1702 adjungens
831 1650 842 1684 :
897 1633 1101 1686 Eamus
1130 1637 1180 1686 et
1209 1635 1456 1700 ofﬁcium
1487 1648 1738 1699 agamus,
1774 1635 1835 1684 ut

1921 650 2370 704 communionem
2397 650 2642 705 habeant
2668 653 2737 706 de
2767 652 2929 707 bonis
2949 652 3225 716 omnibus,
3257 670 3379 724 quae
3399 652 3515 706 ullo

1921 739 2088 792 modo
2119 738 2279 803 ﬁunt,
2309 741 2395 794 vel
2425 740 2483 794 in
2512 740 2875 806 orationibus,
2906 742 2991 796 vel
3020 742 3077 795 in
3123 741 3512 813 eleemosynis,

1922 844 2033 881 non
2057 829 2234 881 solum
2267 829 2413 899 apud
2444 846 2564 893 nos,
2584 830 2681 882 scd
2714 830 2882 883 etiam
2911 831 2970 884 in
2996 831 3514 901 cunctislocis,quae

1923 917 2097 970 nOstri
2119 917 2263 986 juris
2293 935 2414 971 esse
2435 918 2712 972 videntur.
2747 919 2855 973 Pro
2885 919 2972 973 his
2998 919 3276 981 omnibus,
3314 936 3515 990 quam-

1919 1007 2013 1060 diu
2045 1014 2179 1061 sunt
2196 1007 2253 1060 in
2282 1008 2385 1061 hac
2408 1008 2519 1061 vita
2540 1007 2858 1078 specialiter
2876 1014 3136 1063 cantatur
3151 1026 3249 1079 per
3263 1008 3514 1078 singulas

1917 1098 2085 1152 horas
2106 1097 2356 1168 psalmus
2392 1114 2401 1149 :
2434 1099 2570 1151 Deus
2602 1101 2663 1150 in
2714 1099 3085 1165 adjutorium,
3127 1103 3185 1151 et
3233 1098 3464 1151 collecta
3495 1116 3508 1151 :

1922 1190 2192 1241 Przctendc
2223 1190 2451 1242 Domine
2484 1207 2498 1241 :
2532 1193 2588 1241 et
2633 1187 2851 1258 quoties
2896 1187 2967 1241 ad
3011 1188 3281 1257 majorem
3316 1187 3399 1240 vel
3441 1186 3513 1240 ad

1919 1276 2310 1332 matutinalem
2340 1277 2567 1331 missam
2597 1277 2917 1347 apponitur,
2950 1294 3050 1347 pro
3080 1276 3161 1330 eis
3190 1276 3512 1346 apponitur.

1918 1368 2224 1437 Postquam
2256 1372 2444 1421 autem
2471 1366 2731 1432 obierint,
2765 1373 2892 1439 post
2911 1368 3161 1437 singulas
3189 1367 3358 1420 horas
3372 1365 3515 1436 psal-

1921 1470 2047 1507 mus
2084 1456 2203 1509 Voce
2226 1471 2386 1516 mca;
2420 1456 2642 1525 quando
2696 1473 2796 1526 pro
2852 1455 3155 1510 tricenario
3196 1453 3389 1508 fratris
3418 1452 3516 1506 ali-

1919 1544 2079 1614 cujus
2108 1560 2219 1598 non
2250 1548 2510 1598 cantatur
2538 1550 2596 1599 et
2648 1545 2896 1615 quotidie
2956 1549 3081 1616 post
3105 1543 3415 1616 capitulum
3443 1540 3515 1596 ad

1918 1634 2197 1703 psalmum
2239 1635 2402 1687 Verba
2434 1650 2570 1699 mea,
2597 1634 2777 1687 oratio
2806 1634 2905 1688 illa
2936 1654 2948 1689 :
2998 1635 3221 1688 Absolve
3243 1634 3505 1688 Domine.

234 1722 324 1773 illi
357 1721 495 1773 Deus
515 1724 860 1790 omnipotens
899 1723 1145 1788 requiem
1174 1724 1566 1790 sempiternam
1597 1723 1901 1795 tribuere];
1992 1724 2167 1789 (ναν.)
2214 1723 2495 1776 Praeterea
2523 1726 2639 1775 tres
2682 1723 2828 1776 vices
2857 1728 2990 1777 sunt
3028 1722 3087 1776 in
3116 1737 3284 1785 anno,
3319 1720 3373 1773 id
3404 1723 3508 1786 est,

232 1810 530 1875 dignetur;
564 1826 629 1863 ac
682 1815 879 1881 postea
919 1813 977 1862 in
1019 1810 1262 1880 capitulo
1314 1809 1722 1863 absolutionem
1754 1809 1834 1863 illi

232 1912 342 1950 non
377 1904 674 1968 precatur;
696 1904 972 1952 conventu
993 1903 1181 1952 autem
1208 1901 1400 1964 Amen,
1438 1898 1831 1968 respondente.

238 1986 551 2053 discedunt,
584 2005 697 2042 non
716 1988 984 2042 facientes
1012 1994 1144 2042 ante
1156 1994 1212 2042 et
1236 1993 1407 2042 retro.
1430 1988 1629 2042 Finitis
1653 1987 1835 2041 tribus

231 2075 583 2142 lectionibus,
616 2076 1005 2132 obedientiarii
1050 2083 1108 2132 et
1162 2077 1256 2131 alii
1283 2077 1533 2148 quidam,
1566 2078 1679 2131 tale
1700 2076 1835 2147 quid

231 2165 441 2234 negotii
471 2166 742 2221 habentes
772 2167 920 2221 exire
950 2173 1204 2238 possunt,
1240 2168 1385 2221 sicut
1422 2171 1480 2220 et
1517 2183 1723 2220 mensa:
1751 2167 1833 2219 le-

228 2260 348 2308 ctor
376 2260 432 2309 et
460 2256 713 2327 coquinae
741 2256 1167 2311 hebdomodarii
1196 2256 1429 2311 faciunt.
1461 2256 1519 2310 Si
1558 2255 1701 2310 forte
1733 2255 1834 2309 ali-

231 2344 457 2412 quando
481 2346 750 2416 evenerit,
777 2350 843 2400 ut
864 2364 990 2400 cum
1015 2347 1258 2417 primum
1285 2345 1643 2401 consederint
1672 2344 1835 2399 tabu-

232 2433 294 2486 lze
321 2435 739 2504 percussionem
767 2436 1019 2497 audiant,
1054 2436 1193 2490 nihil
1223 2435 1477 2489 alimenti
1518 2434 1831 2505 praelibant.

230 2522 314 2575 Ad
346 2523 673 2593 hujusmodi
699 2525 945 2579 officium
964 2542 1073 2579 non
1105 2525 1294 2596 plures
1316 2541 1484 2594 quam
1514 2528 1631 2577 tros
1648 2524 1837 2576 dicun-

231 2615 327 2665 tur
375 2612 677 2675 orationes,
723 2614 982 2668 videlicet
1029 2615 1054 2668 ’ἶ
1104 2616 1459 2683 Omnipotens
1511 2617 1839 2682 sempiterna

230 2701 390 2755 Deus.
425 2703 566 2755 Deus
594 2704 763 2755 venia?
795 2705 1047 2769 largitor.
1093 2704 1387 2755 Fz’delium.
1406 2701 1464 2755 Si
1492 2703 1679 2755 autem
1711 2705 1839 2772 post

230 2806 442 2844 nonam
469 2790 676 2861 agitur,
709 2791 933 2844 usuales
963 2790 1244 2845 orationes
1274 2791 1680 2862 adjunguntur,
1705 2789 1838 2860 quia

230 2880 590 2950 postmodum
612 2896 679 2933 ea
698 2879 788 2933 die
810 2879 962 2933 aliud
993 2896 1104 2933 non
1135 2880 1409 2951 sequitur.
1436 2880 1629 2933 Potest
1647 2884 1837 2932 tamen

230 2969 388 3039 prior
421 2968 667 3022 officium
699 2968 848 3023 idem
878 2968 936 3021 in
956 2968 1166 3023 talibus
1198 2969 1375 3033 festis,
1409 2969 1466 3021 in
1490 2967 1693 3038 quibus
1721 2966 1838 3020 fra-

1917 1815 2044 1881 post
2061 1810 2298 1881 primam
2322 1810 2657 1866 dominicam
2672 1811 3144 1881 Quadragesimaz,
3166 1813 3294 1881 post
3321 1808 3518 1862 nativi-

1916 1904 2092 1953 tatem
2121 1900 2500 1970 apostolorum
2533 1899 2684 1954 Petri
2713 1905 2771 1954 et
2798 1900 2977 1963 Pauli,
3004 1906 3130 1970 post
3158 1897 3513 1953 festivitatem

1918 1987 2185 2043 Omnium
2237 1989 2590 2053 Sanctorum,
2654 1990 2713 2043 in
2752 1989 2955 2061 quibus
2981 1988 3298 2060 specialiter
3316 2003 3511 2041 eorum

1917 2079 2505 2132 commemorationem
2538 2078 2794 2142 facimus,
2828 2095 2955 2133 cum
2999 2077 3182 2132 ofﬁcio
3212 2082 3269 2131 et
3315 2076 3510 2142 missa,

1917 2183 2043 2221 cum
2067 2166 2385 2237 septenario
2406 2171 2460 2220 et
2491 2165 2790 2237 praebenda
2821 2184 2831 2218 :
2867 2165 3077 2220 scilicet
3096 2165 3291 2219 eodem
3321 2165 3508 2228 modo,

1918 2272 2028 2326 quo
2058 2256 2201 2309 solet
2223 2255 2312 2325 agi
2344 2272 2446 2325 pro
2478 2254 2726 2325 quolibet
2776 2253 3026 2320 absente,
3061 2254 3157 2325 qui
3205 2252 3407 2307 obierit
3452 2253 3513 2307 in

1916 2345 2107 2415 aliqua
2118 2345 2385 2399 cellarum
2401 2350 2719 2398 nostrarum
2744 2362 2754 2396 ε
2776 2350 3004 2415 excepto
3029 2344 3174 2414 quod
3195 2342 3513 2397 sacerdotes

1917 2434 2147 2488 missam
2182 2450 2293 2486 non
2310 2438 2558 2496 cantent,
2599 2450 2781 2503 neque
2811 2433 2907 2487 alii
2948 2434 3225 2504 psalmum
3246 2433 3509 2487 Laudate.

1919 2521 2079 2585 Quod
2104 2538 2230 2575 cum
2256 2523 2393 2575 satis
2428 2522 2720 2576 manifeste
2750 2523 2989 2577 relatum
3020 2523 3095 2577 sit
3128 2523 3187 2576 in
3207 2520 3513 2594 superiori-

1922 2610 2043 2676 bus,
2066 2627 2178 2664 non
2210 2627 2350 2682 opus
2381 2615 2465 2665 est
2491 2610 2735 2665 secundo
2756 2612 2985 2666 referre.

2475 2701 2708 2754 CAPUT
2732 2699 3013 2754 LXXIX.

2026 2790 2169 2856 Quid
2196 2794 2404 2855 agatur
2424 2805 2529 2858 pro
2555 2790 2658 2853 his,
2680 2791 2781 2857 qui
2803 2791 2866 2842 in
2897 2790 3007 2842 loco
3026 2792 3157 2842 sunt
3185 2787 3401 2854 sepulti.

1990 2879 2011 2901 ⁴’
2042 2877 2275 2940 Quando
2304 2883 2432 2948 post
2452 2882 2702 2931 octavam
2734 2878 3091 2931 Pentecostes
3108 2875 3250 2929 feria
3268 2874 3513 2928 secunda

1919 2967 2195 3021 memoria
2222 2983 2440 3031 eorum,
2467 2967 2563 3037 qui
2582 2967 2729 3038 apud
2761 2983 2862 3021 nos
2886 2965 3090 3036 sepulti
3110 2963 3511 3029 sunt,maximo

230 3063 364 3119 tres,
390 3058 495 3112 Dei
515 3057 784 3111 servitute
813 3058 1031 3111 noviter
1060 3058 1201 3113 adeo
1229 3057 1446 3127 gravati
1474 3062 1625 3123 sunt,
1659 3049 1896 3126 usqueC
1922 3058 2037 3111 ritu
2065 3057 2269 3127 agitur,
2304 3055 2710 3126 unusquisque,
2743 3056 2838 3126 qui
2869 3056 2975 3110 scit
3013 3058 3225 3125 septem
3247 3053 3511 3124 psalmos,

230 3147 287 3200 in
318 3152 651 3219 sequentem
672 3147 822 3201 diem
849 3147 1092 3201 differre.

732 3252 965 3309 CAPUT
994 3253 1313 3309 LXXVIII.

301 3342 372 3396 De
398 3343 791 3410 familiaribus
820 3345 1024 3396 nostris
1052 3346 1188 3395 rivis
1210 3347 1258 3396 et
1286 3344 1560 3411 (Ie/unctis
1580 3360 1598 3405 ;
1631 3343 1766 3410 quid

801 3419 1008 3480 agatur
1030 3430 1132 3483 pro
1160 3417 1251 3467 eis.

299 3503 746 3571 (00.)Nonnullze
767 3508 897 3557 sunt
913 3501 1375 3572 congregationes
1399 3520 1510 3557 non
1528 3504 1708 3558 solum
1723 3520 1839 3557 mo-

229 3590 566 3655 nachorum,
592 3591 688 3645 sed
705 3592 876 3645 etiam
897 3591 1247 3655 clericorum,
1285 3606 1408 3660 quae
1421 3592 1630 3646 habent
1660 3593 1839 3647 socie-

228 3680 407 3732 tatem
430 3686 705 3746 nostram,
731 3686 788 3735 et
814 3680 1248 3746 fraternitatem,
1270 3685 1336 3733 ut
1363 3697 1491 3735 cum
1538 3682 1722 3737 brevis
1752 3698 1839 3735 ve-

228 3768 382 3821 nerit
411 3768 484 3822 de
514 3768 773 3823 defuncto
802 3770 1049 3833 illorum,
1084 3769 1172 3822 vel
1201 3768 1270 3822 ad
1319 3769 1443 3823 illos
1471 3777 1683 3838 nostra,
1714 3773 1837 3826 ofﬁ-

229 3855 382 3910 cium
414 3861 474 3910 et
501 3857 673 3912 missa
711 3862 964 3928 geratur,
1002 3863 1059 3911 et
1086 3862 1282 3928 postea
1328 3860 1682 3929 septenarius
1708 3877 1837 3914 cum

227 3944 433 3999 ofﬁciis
446 3951 505 3999 et
533 3946 735 4000 missis.
759 3950 774 3968 ‘
800 3948 908 4001 Pro
935 3947 1089 4001 nullo
1128 3950 1316 4001 autem
1342 3946 1544 4002 abbate
1574 3949 1839 4004 defuncto

225 4034 355 4104 plus
388 4034 633 4105 agimus,
667 4053 833 4107 quam
866 4053 967 4107 pro
989 4052 1101 4091 uno
1122 4052 1189 4090 ex
1224 4036 1340 4090 suis
1377 4036 1663 4092 fratribus.
1693 4039 1834 4094 Sunt

1918 3151 2125 3213 cantat;
2151 3146 2243 3216 qui
2265 3144 2687 3199 suntillitterati
2707 3145 2913 3199 totiens
2926 3144 3237 3199 orationem
3266 3141 3514 3197 Domini-

1918 3252 2074 3301 cam;
2111 3234 2317 3305 singuli
2339 3234 2658 3289 sacerdotes
2682 3251 2854 3288 unam
2898 3234 3148 3299 missam,
3181 3238 3238 3286 et
3267 3230 3416 3302 quod
3445 3229 3515 3284 ad

1919 3341 2133 3378 ccenam
2159 3323 2227 3377 de
2259 3340 2400 3394 pane
2430 3329 2487 3377 et
2513 3328 2650 3393 potu
2681 3323 2979 3393 supererit,
2998 3322 3069 3375 ad
3097 3321 3512 3391 eleemosynam

1919 3413 2174 3468 datur.In
2194 3409 2495 3466 festivitate
2516 3412 2780 3466 Omnium
2794 3412 3145 3472 Sanctorum,
3180 3414 3311 3480 post
3328 3424 3516 3479 vespe-

1918 3519 2030 3565 ros,
2062 3502 2297 3573 pulsatis
2326 3500 2585 3555 omnibus
2632 3500 2825 3571 signis,
2877 3504 3177 3553 cantantur
3218 3497 3387 3552 etiam
3416 3513 3513 3550 ve-

1921 3591 2069 3663 speri
2099 3591 2511 3655 defunctorum,
2536 3589 2657 3644 etin
2680 3595 2841 3643 nocte
2862 3588 3105 3643 ofﬁcium
3127 3587 3295 3642 simul
3328 3595 3515 3640 matu-

1920 3681 2092 3735 tinale
2121 3685 2174 3734 et
2200 3680 2548 3734 matutinalis
2573 3679 2745 3732 missa
2772 3677 3178 3733 solemnissime
3205 3694 3307 3749 pro
3338 3675 3517 3730 omni-

1921 3769 2026 3824 bus
2044 3768 2302 3822 ﬁdelibus
2330 3767 2628 3835 defunctis,
2659 3784 2785 3821 cum
2836 3784 2948 3822 una
2975 3772 3196 3821 tantum
3244 3766 3511 3832 collecta;

1923 3858 1976 3912 id
1995 3863 2081 3911 est
2111 3878 2121 3911 :
2159 3860 2431 3911 Fidelium
2467 3858 2607 3910 Deus
2632 3875 2647 3919 ;
2675 3873 2776 3927 pro
2807 3856 3006 3927 quibus
3036 3856 3243 3925 singuli
3264 3850 3517 3909 sac'erdo-

1923 3953 2008 4002 tes
2037 3947 2280 4017 privatas
2305 3946 2523 4009 missas,
2575 3946 2761 3999 caeteri
2790 3952 3004 4015 septem
3035 3945 3298 4015 psalmos,
3325 3945 3410 3997 vel
3434 3948 3517 3997 to-

1920 4037 2068 4091 tiens
2090 4034 2437 4090 Dominicam
2455 4034 2791 4096 orationem,
2821 4034 2916 4104 qui
2956 4033 3213 4086 nesciunt
3244 4033 3509 4103 psalmos,

225 4122 405 4176 etiam
437 4124 693 4194 quaedam
723 4126 1206 4196 congregationes,
1232 4123 1435 4195 quibus
1456 4127 1698 4197 amplius
1721 4145 1835 4183 non
1917 4131 2049 4180 sunt
2066 4124 2432 4188 cantaturi,et
2444 4123 2736 4176 duodecim
2751 4139 3024 4194 pauperes
3039 4120 3282 4175 uberiori
3300 4136 3442 4191 pane
3457 4126 3515 4173 et

224 4210 490 4278 facimus,
510 4214 617 4268 nisi
653 4216 876 4285 quando
899 4215 1080 4268 brevis
1109 4215 1178 4268 de
1203 4214 1462 4269 defuncto
1490 4216 1712 4271 illorum
1740 4236 1835 4271 ve-
1917 4232 2106 4279 carne,
2138 4218 2195 4267 et
2218 4213 2345 4266 vino
2370 4220 2502 4265 sunt
2531 4211 2850 4264 reficiendi:
2874 4216 2930 4264 et
2951 4215 3225 4280 quotquot
3251 4209 3348 4262 alii
3381 4224 3513 4278 pau-

221 4301 398 4365 nerit,
436 4318 604 4372 quam
638 4305 784 4375 quod
815 4310 939 4376 post
970 4294 1277 4375 Capitulum
1316 4304 1552 4374 pulsatis
1581 4306 1838 4361 omnibus
1921 4321 2082 4376 peres
2110 4300 2826 4373 super-venerint,omnibus
2847 4306 2931 4354 est
2951 4299 3330 4354 misericordia
3349 4297 3513 4351 solito

219 4390 409 4460 signis
438 4408 535 4445 sex
568 4394 832 4463 psalmos,
869 4394 926 4447 id
958 4398 1061 4457 est,
1118 4393 1280 4446 Verba
1327 4409 1465 4459 mea,
1500 4395 1694 4449 addita
1730 4398 1899 4468 hacD
1921 4390 2545 4463 largiusimpendcnda.
2582 4388 2821 4460 Insuper
2850 4396 2905 4444 et
2934 4390 2992 4443 in
3051 4390 3171 4460 ipsa
3213 4387 3514 4441 festivitate

218 4479 493 4533 oratione
515 4483 551 4535 Α
563 4484 732 4537 bsolre
751 4481 1324 4547 Demine,recitamus.
1355 4482 1488 4551 (111).)
1508 4484 1647 4538 Item
1676 4486 1839 4556 pleri-
1921 4482 2184 4539 Omnium
2209 4481 2560 4543 Sanctorum,
2579 4480 2849 4551 quidquid
2871 4479 3032 4551 panis
3051 4485 3109 4533 ct
3126 4477 3359 4549 potusin
3377 4476 3516 4531 refe-

216 4585 331 4639 que
365 4568 567 4624 ﬁdeles
618 4572 827 4627 Christi
852 4578 969 4626 tam
997 4586 1271 4643 pauperes
1291 4586 1459 4641 quam
1481 4572 1698 4641 divites,
1742 4576 1839 4645 qui
1921 4572 2096 4627 ctorio
2118 4571 2187 4624 ad
2202 4586 2416 4625 ccenam
2434 4569 2732 4640 supererit,
2775 4570 2845 4624 ad
2880 4570 3291 4639 eleemosynam
3321 4567 3508 4623 datur.
