3950 6168
273 339 423 400 ὶ149

1764 344 2054 401 MUSICA.

3410 332 3559 389 (1450

272 465 522 520 videtur.
551 466 787 531 Quando
804 467 954 522 enim
965 473 1237 525 totam‘ex
1249 469 1452 527 ordine
1472 484 1797 526 mensuram
1816 470 1936 530 inA
1955 474 2158 525 cetera
2196 464 2384 521 veluti
2426 467 2586 520 fonte
2650 465 2895 536 quodam
2944 463 3275 519 derivantur
3294 504 3312 531 ,
3339 471 3559 514 nomen

269 556 641 611 tetrachorda
687 557 986 620 dividendo
1019 575 1052 612 a
1075 565 1204 613 nete
1232 556 1612 631 hyperboleon
1642 561 1872 615 descen-

271 644 469 699 dimus
498 637 767 710 dicentes,
798 652 968 701 tonus
999 652 1168 702 tonus
1210 650 1596 712 semitonium,
1635 649 1884 720 itemque

276 737 455 787 tonus
470 740 636 788 tonus
649 735 1010 789 somitonium
1030 755 1042 803 ;
1073 736 1207 807 quid
1221 737 1373 794 aliud
1390 754 1559 809 quam
1580 738 1675 792 illa
1696 737 1884 810 priora

272 823 626 878 statuimus?
650 824 849 895 Specie
876 841 1099 896 quoque
1119 824 1458 898 discrepant,
1478 828 1756 898 quoniam
1786 828 1883 881 illa

277 913 649 969 semitonium
701 913 915 968 habent
937 914 994 967 in
1029 914 1252 981 ultimo,
1290 915 1404 975 ista
1427 916 1497 970 .in
1526 917 1708 970 medio
1743 935 1753 968 ε
1789 918 1885 970 illa

275 999 418 1054 bina
448 1008 505 1055 et
528 1001 678 1065 bina,
719 1002 780 1061 in
818 1008 1061 1073 utroque
1090 1003 1361 1076 diapason
1402 1004 1720 1075 conjuncta,
1754 1006 1884 1076 quia

276 1089 601 1145 Guidonem
629 1089 688 1144 in
714 1089 1032 1147 litterarum
1066 1091 1351 1163 positione
1396 1095 1704 1165 sequimur,
1737 1111 1786 1148 e.
1829 1101 1887 1148 et

276 1178 323 1232 Ε.
357 1179 668 1249 synaphen,
724 1184 922 1233 tonum
970 1196 1100 1235 vero
1156 1197 1328 1255 supra
1377 1198 1529 1236 mese
1569 1183 1883 1253 proximum

275 1266 575 1322 diezeuxin
603 1267 909 1323 habebunt.
938 1268 1059 1323 Ista
1086 1270 1258 1325 simili
1282 1272 1444 1324 modo
1471 1271 1519 1327 si
1533 1272 1881 1342 copulentur,

274 1356 349 1410 Β.
387 1353 531 1410 (διὰ.
570 1358 886 1429 synaphen,
917 1363 1114 1413 tonum
1145 1364 1333 1413 autem
1362 1359 1512 1413 infra
1531 1360 1718 1429 (mese)
1749 1377 1882 1431 pro-

275 1446 497 1505 ximum
517 1445 806 1501 diezeuxin
827 1447 1298 1517 designabuntJn
1312 1449 1544 1503 illorum
1565 1450 1715 1503 cnim
1729 1448 1883 1504 duali

275 1524 696 1605 conjunctione,
719 1536 833 1590 sive
861 1537 1135 1607 singulari
1164 1537 1529 1609 dispositione
1562 1539 1631 1592 de
1645 1544 1885 1609 utroque

1968 557 2398 630 principalitatis
2443 556 2815 625 effectumque
2868 560 3084 607 natura;
3123 550 3442 629 mirabilem
3473 548 3560 602 ab

1956 649 2088 719 ipso
2114 652 2459 701 mutuantur.
2494 646 2750 715 Namque
2770 642 3129 697 tetrachorda
3155 640 3432 703 ﬂnalium,
3461 654 3560 691 su-

1956 737 2268 808 periorum,
2305 734 2714 796 excellentium,
2753 731 2897 786 nihil
2927 731 3079 785 aliud
3112 734 3262 793 sunt,
3310 727 3418 781 nisi
3440 727 3559 781 ‘hu-

1956 820 2056 896 ius
2085 831 2361 896 quaterna
2376 822 2596 894 positio,
2611 823 2727 876 sive
2748 828 2916 875 terna
2935 818 3213 891 repetitio.
3239 816 3400 881 Quod
3417 815 3563 869 mul—

1957 914 2249 986 'tiplicibus
2279 930 2344 967 ex
2363 904 2548 966 causis
2573 910 2877 982 principale
2904 908 3085 963 vocari
3106 908 3326 962 videtur
3346 923 3357 959 :
3374 905 3433 959 in
3452 903 3563 984 pri-

1966 1004 2091 1069 mis,
2116 1003 2252 1074 quia
2280 1003 2631 1074 primumeest
2650 999 2899 1055 omnium
2923 1016 2936 1065 ;
2968 997 3232 1062 secundo,
3268 995 3417 1077 quod
3444 993 3563 1064 pri-

1965 1093 2073 1147 mis
2104 1091 2495 1163 principalium
2531 1089 3020 1144 tetrachordorum
3046 1086 3231 1140 nervis
3251 1084 3561 1150 clauditur;

1965 1182 2153 1245 tertio,
2169 1181 2317 1252 quod
2332 1187 2618 1251 troporum
2636 1177 2964 1233 differentiae
2983 1193 3047 1229 ex
3065 1192 3132 1229 eo
3154 1174 3560 1253 producuntur,

1960 1271 2011 1326 si
2052 1270 2347 1326 harmonia
2387 1268 2534 1322 infra
2560 1274 2778 1339 septem
2815 1265 3149 1337 principalia
3184 1264 3359 1317 duum
3382 1267 3564 1315 tetra-

1950 1358 2321 1425 chordorum,
2371 1359 2558 1429 gravis
2604 1358 2815 1412 scilicet
2853 1362 2920 1409 et
2970 1354 3174 1418 ﬁnalis,
3239 1350 3565 1406 discrimina

1966 1455 2319 1515 coarctatur;
2349 1453 2551 1518 quarto
2580 1447 2728 1517 quod
2759 1446 2867 1509 (in)
2890 1441 3142 1515 generali
3164 1440 3566 1495 constitutione

1967 1544 2257 1609 troporum
2297 1554 2362 1591 ex
2405 1538 2511 1590 hoc
2557 1535 2919 1591 constituitur
2943 1538 3158 1605 protus,
3181 1531 3335 1585 sicut
3354 1545 3389 1582 a
3413 1526 3569 1582 finali

277 1620 557 1695 diapason
582 1632 752 1687 tonus
773 1633 1045 1690 remanet,
1075 1629 1735 1695 7'nilloruminfe1‘ius,in
1756 1628 1889 1682 isto-
1969 1622 2283 1694 tetrardus;
2309 1627 2526 1697 quinto,
2558 1626 2706 1696 quod
2736 1624 2920 1677 omnis
2949 1622 3265 1693 specierum
3290 1616 3567 1672 naturalis

276 1729 408 1766 rum
441 1713 721 1783 superius,
754 1730 818 1767 ex
844 1713 959 1767 illis
988 1714 1138 1767 enim
1178 1714 1420 1784 primum
1451 1715 1740 1769 descendit
1767 1715 1838 1769 ab
1865 1732 1888 1760 η
1971 1718 2108 1771 ordo
2150 1723 2208 1771 et
2244 1716 2561 1775 calculatio,
2610 1715 2735 1784 ipsa
2784 1712 2952 1766 etiam
3004 1716 3207 1766 cmtera
3248 1709 3362 1762 tria
3382 1711 3568 1760 tetra-

276 1800 339 1855 in
361 1818 413 1855 e.
442 1803 751 1857 secundum
775 1802 847 1856 ab
871 1818 921 1856 e.
942 1802 1001 1856 in
1029 1802 1081 1856 b.
1114 1807 1172 1856 et
1197 1802 1278 1856 ibi
1306 1810 1634 1858 remanente
1658 1822 1757 1859 seu
1779 1805 1888 1858 dis-
1905 1791 1950 1853 Β
1968 1807 2198 1867 chorda,
2228 1812 2479 1876 totaque,
2517 1810 2583 1859 ut
2623 1803 3001 1875 praediximus,
3031 1797 3345 1863 harmonia,
3374 1795 3476 1850 sed
3507 1799 3567 1848 et

271 1892 555 1961 jungente
576 1897 733 1959 tono,
767 1892 999 1946 tertium
1029 1892 1335 1946 dimittitur
1363 1891 1433 1946 ab
1452 1895 1518 1946 A.
1553 1894 1610 1947 in
1630 1895 1697 1947 Ε.
1723 1911 1887 1964 quar—
1969 1902 2212 1967 quatuor
2250 1900 2539 1966 troporum
2577 1893 2858 1945 elementa
2875 1888 2989 1943 sive
3010 1882 3563 1953 mutatoria,exipso

276 1987 405 2035 tum
434 1980 506 2033 ab
542 1980 610 2034 E.
650 1981 709 2034 in
752 1982 815 2035 Β.
850 1981 1098 2052 itemque
1120 1987 1288 2036 tonus
1314 1983 1611 2052 supererit.
1647 1984 1886 2037 Econtra
1969 1985 2126 2054 quasi
2150 1984 2390 2054 quodam
2422 1990 2637 2036 naturis
2656 1974 2807 2034 fonte
2829 1978 3214 2050 producuntur
3237 1981 3295 2029 et
3312 1973 3569 2028 derivan-

278 2086 348 2123 ex
380 2070 504 2123 istis
516 2069 769 2141 primum
793 2070 1045 2124 ascendit
1067 2070 1138 2124 ab
1158 2072 1228 2125 Α.
1254 2071 1319 2124 in
1345 2072 1408 2125 D.
1435 2072 1741 2127 secundum
1767 2072 1880 2126 aD.
1966 2081 2078 2128 tur.
2140 2074 2390 2137 Quorum
2447 2071 2702 2143 quaedam
2754 2068 2837 2122 ad
2900 2083 3145 2138 praesens
3187 2067 3564 2146 exponuntur.

272 2159 341 2212 in
369 2157 439 2214 G.
472 2158 569 2212 ubi
603 2166 738 2213 tono
761 2164 1008 2213 testante
1032 2160 1273 2214 tertium
1306 2161 1527 2215 scandit
1549 2161 1619 2214 ab
1649 2177 1702 2214 a.
1735 2162 1793 2216 in
1823 2162 1880 2216 d.
1967 2162 2223 2233 quaedam
2254 2177 2384 2215 vero
2420 2166 2535 2229 post
2578 2156 2695 2212 suis
2724 2158 2790 2211 in
2816 2156 2955 2211 locis
2990 2154 3210 2227 plenius
3238 2148 3567 2224 exponenda

274 2253 552 2318 quartum
582 2263 618 2301 a
652 2249 710 2303 d.
748 2248 812 2301 in
848 2264 909 2319 g.
939 2254 1075 2302 tono
1104 2248 1242 2302 item
1271 2250 1581 2319 superﬂuo.
1619 2251 1724 2304 Illa
1750 2256 1886 2305 sunt

282 2336 585 2398 notabilia.
636 2337 756 2391 ista
796 2336 1047 2399 nomino,
1090 2338 1235 2391 sicut
1262 2343 1321 2392 et
1348 2344 1500 2394 sunt.
1533 2338 1879 2411 principalia.

282 2424 386 2479 Ha:
412 2431 550 2478 sunt
567 2425 838 2495 speciﬁcae
861 2426 1348 2480 tetrachordorum
1380 2428 1729 2489 differentiae.
1760 2429 1885 2482 Mu-

280 2513 405 2567 sica
416 2514 577 2568 enim
609 2515 827 2584 species
848 2520 935 2568 est
954 2514 1211 2585 quaedam
1244 2515 1515 2571 habitudo
1534 2518 1766 2572 diversae
1788 2535 1887 2588 po-

282 2603 509 2656 sitionis
534 2609 799 2657 tonorum
833 2611 892 2657 et
910 2604 1354 2661 semiloniorum.

357 2692 535 2747 O'rsL.
566 2691 743 2747 Video
771 2693 919 2763 quod
959 2693 1169 2748 frustra
1194 2693 1264 2748 de
1295 2693 1579 2765 impositis
1598 2694 1704 2749 tibi
1727 2713 1889 2766 quaa-

278 2781 565 2845 stiunibus
610 2787 954 2852 conquestus
991 2799 1065 2837 es.
1102 2782 1327 2851 Potenti
1355 2783 1507 2837 enim
1537 2784 1889 2855 apertissime

282 2885 544 2940 novaque
589 2886 656 2924 ac
698 2876 889 2924 vetera
931 2870 1266 2941 praferentis
1292 2871 1668 2926 institutionis
1689 2889 1887 2943 gressu

281 2960 579 3031 ιιι-ήρυίείί
616 2961 765 3014 viam
789 2979 803 3027 ;
844 2961 993 3015 unde
1023 2961 1383 3031 perveniendi
1413 2962 1557 3016 vires
1579 2961 1685 3016 tibi
1714 2963 1883 3017 etiam

276 3050 565 3104 onustiiori
603 3050 860 3105 sumcere
894 3066 1011 3104 non
1066 3051 1338 3106 dubitem.
1387 3052 1511 3109 Jam
1558 3052 1613 3104 in
1655 3052 1887 3107 diversis

1965 2257 2339 2305 reservantur.

2723 2337 2818 2392 IV.

2156 2428 2236 2483 Ec
2263 2428 2460 2496 quibus
2489 2430 2673 2481 causis
2706 2431 2966 2480 vocmtur
2988 2422 3360 2492 pﬁncipalta.

2044 2518 2299 2571 Primum
2329 2524 2516 2571 autem
2538 2524 2591 2569 et
2619 2516 2891 2580 omnium,
2914 2514 3048 2584 quia
3077 2512 3221 2566 mira
3239 2515 3297 2564 et
3322 2505 3569 2565 naturali

1972 2608 2214 2677 quadam
2264 2605 2713 2676 investigatione,
2745 2620 2857 2657 non
2886 2600 3068 2656 solum
3097 2605 3228 2654 ante
3255 2598 3368 2651 alia
3398 2600 3568 2650 tetra-

1971 2697 2198 2756 chorda,
2243 2696 2346 2750 sed
2387 2702 2518 2749 ante
2560 2695 2749 2749 omnia
2778 2688 3058 2748 minorum
3086 2703 3356 2744 sonorum
3390 2686 3569 2771 inter-

1969 2785 2117 2839 valla
2130 2783 2321 2839 statim
2333 2785 2397 2838 in
2418 2785 2547 2855 ipso
2568 2782 2932 2839 mensurandi
2958 2776 3321 2834 monochordi
3339 2774 3569 2859 eﬂulget

1963 2874 2153 2928 initio.
2196 2873 2382 2927 Tanta
2426 2873 2576 2927 enim
2617 2874 2699 2925 vis
2730 2876 2789 2925 et
2818 2870 2993 2923 virtus
3035 2869 3184 2922 inest
3220 2859 3570 2937 proportioni

1970 2963 2315 3034 quadruplici,
2342 2968 2407 3015 ut
2434 2962 2707 3033 quidquid
2726 2977 2827 3031 per
2839 2976 2962 3014 eam
2984 2959 3293 3023 ﬁat,totum
3316 2953 3563 3036 nomine,

1967 3069 2097 3107 voce
2147 3058 2205 3106 et
2246 3049 2521 3121 dignitate
2551 3049 2623 3104 sit
2661 3050 2921 3121 primum.
2953 3050 3154 3118 itaque
3183 3041 3561 3099 monochordo

284 3138 635 3192 musicorum
664 3139 884 3209 scriptis
915 3139 1130 3205 eadem,
1164 3156 1288 3209 quae
1314 3139 1523 3203 dixisti,
1544 3110 1947 3210 colligunturc.
1966 3140 2025 3194 in
2039 3147 2281 3211 quatuor
2304 3110 2493 3210 spatia
2520 3110 2785 3211 primitus
2815 3137 3011 3192 diviso.
3044 3110 3292 3206 primum
3316 3130 3564 3202 spatium

285 3226 521 3299 quidem
554 3228 1040 3282 tetrachordorum
1074 3227 1339 3282 vocabula
1366 3247 1378 3294 ;
1411 3229 1756 3283 differentias
1789 3246 1891 3284 au-
1972 3229 2237 3300 estquasi
2265 3245 2523 3288 vacuum.
2548 3228 2854 3283 secundum
2881 3226 3172 3296 diapason,
3189 3220 3419 3275 tertium
3452 3217 3568 3303 dia-

281 3322 401 3370 tem
430 3332 653 3380 eorum,
680 3322 739 3370 ct
765 3317 1172 3388 proprietatum
1204 3317 1504 3388 qualitates
1532 3317 1603 3372 ab
1631 3318 1891 3374 omnibus
1968 3326 2159 3390 ponte,
2189 3324 2454 3388 quartum
2488 3318 2635 3372 idem
2663 3318 2769 3372 sibi
2791 3312 3034 3370 vindicat
3059 3315 3427 3367 diatessaron.
3451 3309 3570 3363 Cla-

284 3421 433 3476 pene
462 3406 724 3469 intactas,
749 3412 806 3458 et
824 3407 1113 3477 hucusque
1142 3406 1426 3460 inauditas
1454 3424 1577 3461 esse
1605 3412 1802 3461 tateor.
1825 3408 1892 3461 Et
1970 3410 2157 3461 terum
2183 3407 2229 3460 si
2252 3423 2315 3460 ex
2334 3406 2513 3460 altera
2543 3413 2702 3477 parte
2731 3423 2890 3460 versa
2917 3405 3034 3459 vice
3057 3416 3320 3457 mensura
3338 3397 3571 3468 incipia-

282 3494 560 3565 quoniam
616 3510 650 3547 ι
697 3494 1129 3564 pimcedentium
1189 3495 1387 3551 semita
1427 3497 1545 3564 jam
1590 3496 1888 3561 divertisti,
1971 3502 2066 3549 tur
2092 3495 2278 3565 ipsum
2310 3495 2757 3560 tetrachordum,
2796 3492 3102 3547 harmoniai
3124 3490 3300 3544 totius
3325 3486 3569 3573 manife-

284 3599 463 3654 perge
489 3599 675 3653 qumoo
699 3585 712 3637 l
738 3600 805 3636 ec
826 3583 1219 3654 praetermissis
1248 3584 1527 3654 prioribus
1557 3585 1626 3639 ad
1661 3601 1891 3653 mensu-
1965 3590 2121 3638 stum
2152 3584 2262 3638 erit
2282 3583 2674 3655 primordium.
2708 3584 2820 3637 Sed
2852 3583 2968 3636 hac
2994 3581 3125 3643 tria,
3156 3580 3215 3634 id
3252 3584 3339 3633 est
3363 3577 3572 3632 diates-

279 3687 411 3725 ram
443 3671 839 3725 tantummodo
864 3671 1247 3743 spectantibus
1271 3673 1664 3739 tetrachordis,
1696 3673 1887 3730 dehis.

278 3777 411 3831 quae
429 3760 505 3813 ad
534 3760 835 3819 melodiam
866 3760 1174 3831 pertinent,
1212 3762 1493 3831 quomodo
1512 3762 1637 3833 plus
1819 3762 1892 3816 ad

277 3864 410 3909 eam
446 3849 789 3920 pertineant,
826 3854 885 3903 et
914 3850 1063 3903 unde
1091 3850 1218 3920 ipsa
1241 3850 1571 3921 principalia
1598 3851 1773 3915 dicas,
1804 3868 1895 3906 ex-

278 3954 452 4010 pone.
484 3938 738 4008 Denique
759 3938 1008 4009 vulgaria
1034 3954 1229 3994 eorum
1260 3940 1547 4007 vocabula.
1578 3941 1633 3994 id
1653 3947 1894 4011 est,gra-

278 4028 463 4092 vium,
523 4026 796 4090 ﬁnalium,
857 4027 1232 4098 superiorum,
1283 4029 1692 4096 excellentium,
1747 4030 1895 4101 quod

278 4117 440 4170 dicta
468 4116 604 4178 sint,
633 4123 846 4171 norunt
874 4116 1044 4171 etiam
1076 4116 1465 4187 simpliciores.

612 4241 622 4251 ι
1040 4206 1141 4261 Ill.

434 4295 511 4347 De
539 4296 953 4361 principalitate
981 4300 1226 4362 quatuor
1247 4296 1745 4351 Istrae/ambrum.

358 4382 556 4436 Wicn.
582 4383 836 4446 Quatuor
855 4383 973 4437 haec
987 4384 1345 4439 tetrachorda
1375 4385 1566 4440 omnia
1594 4385 1816 4456 quidem
1837 4391 1893 4439 et

1912 4427 1958 4485 D

1973 3689 2160 3737 seton,
2193 3673 2475 3743 diapente.
2496 3672 2767 3743 diapason
2784 3672 2938 3726 inter
2957 3670 3146 3724 omnia
3158 3666 3455 3725 interval-la
3474 3678 3571 3719 no-

1973 3762 2127 3816 mine
2173 3768 2231 3815 et
2273 3762 2550 3832 dignitate
2578 3761 2760 3831 prima
2786 3776 2910 3814 esse
2939 3766 2997 3813 et
3023 3750 3572 3813 earumdemme-

1972 3852 2298 3906 nantiarum
2330 3853 2540 3920 primas
2564 3850 2783 3921 species
2806 3849 2868 3903 in
2887 3848 3100 3903 eisdem
3128 3845 3326 3918 spatiis
3353 3844 3571 3902 consisé

1974 3946 2115 4007 tere,
2160 3941 2285 4011 ipsa
2322 3940 2492 3994 etiam
2546 3947 2755 4010 puncta
2788 3937 3140 4008 singulorum
3179 3934 3572 4018 principalium

1977 4030 2489 4091 tetrachordorum,
2538 4030 2657 4083 solo
2707 4029 2887 4099 primo
2926 4026 3317 4081 excellentium
3362 4027 3571 4095 puncto

1977 4119 2375 4191 praetermisso,
2399 4119 2612 4189 primas
2640 4132 2800 4171 voces
2824 4115 3068 4179 efﬁcere,
3099 4114 3243 4168 scire
3257 4113 3571 4197 volentibus

1975 4210 2170 4279 liquet.
2202 4207 2405 4265 Primis
2425 4210 2589 4267 etiam
2623 4205 2848 4261 chordis
2876 4204 3175 4266 clauditur,
3196 4201 3334 4272 quia
3361 4217 3488 4254 cum
3509 4201 3569 4255 in

1974 4302 2220 4369 quatuor
2252 4294 2625 4350 tetrachordis
2656 4300 2901 4364 quatuor
2942 4292 3057 4346 sint
3081 4290 3295 4362 primae,
3328 4296 3572 4361 quatuor

1972 4386 2249 4449 secundis,
2298 4390 2544 4455 quatuor
2584 4383 2784 4445 tertiae,
2834 4388 3078 4453 quatuor
3119 4385 3351 4450 quartae,
3382 4379 3569 4450 ipsum

282 4476 449 4535 sunt,
479 4476 538 4525 et
564 4471 813 4526 vocanda
840 4477 976 4525 sunt
998 4471 1347 4543 principalia,
1375 4489 1441 4527 eo
1463 4474 1607 4544 quod
1639 4474 1891 4529 omnium
1913 4470 1956 4504 ’τ
1975 4477 2326 4530 diatessaron
2355 4489 2470 4526 non
2496 4473 2676 4531 solum
2698 4472 2849 4526 inter
2874 4470 3217 4543 primas,sed
3233 4470 3404 4524 etiam
3424 4470 3575 4524 inter

283 4560 631 4632 specierum,
695 4560 1008 4625 modorum,
1058 4566 1347 4633 troporum
1395 4562 1454 4616 in
1497 4579 1561 4617 se
1605 4563 1897 4619 continent

282 4650 428 4712 vim,
460 4648 717 4703 ordinem
755 4654 925 4720 atque
964 4655 1227 4705 naturam
1257 4665 1269 4701 :
1298 4652 1398 4705 sed
1426 4651 1484 4705 in
1514 4651 1602 4706 his
1639 4654 1895 4706 omnibus

282 4753 472 4792 unum
504 4735 962 4806 deprehenditur,
997 4754 1031 4793 a
1066 4754 1179 4810 quo
1205 4745 1407 4794 cratera
1442 4755 1649 4795 nomen
1676 4746 1733 4795 et
1760 4741 1890 4799 vim.

282 4825 764 4896 dignitatemque,
787 4830 846 4879 et
872 4825 1054 4897 ipsum
1082 4843 1206 4882 esse
1225 4844 1389 4882 suum
1413 4827 1729 4884 sortiuntur
1750 4847 1763 4887 :
1783 4846 1896 4884 non

282 4914 455 4978 illud,
489 4913 636 4983 quod
667 4913 981 4979 Mercurius
1009 4915 1287 4987 invenisse
1317 4916 1542 4981 dicitur,
1566 4917 1621 4973 id
1646 4924 1749 4981 est,
1775 4935 1895 4974 mc-

282 5020 396 5059 son
426 5021 441 5069 ;
470 5018 651 5075 neque
679 5002 840 5068 illud,
863 5004 1009 5074 quod
1037 5004 1108 5061 ab
1127 5004 1380 5074 antiquis
1400 5005 1627 5065 musicis
1647 5007 1894 5077 hypaton

284 5097 382 5148 est
412 5091 788 5161 appellatum;
820 5093 918 5149 sed
958 5108 1141 5164 neque
1189 5095 1313 5157 hoc,
1358 5094 1507 5164 quod
1534 5096 1785 5151 moderni
1815 5114 1901 5150 sa-

286 5182 517 5252 pientes
544 5180 787 5250 primam
820 5196 942 5237 esse
970 5181 1273 5247 afﬁrmant,
1296 5182 1354 5239 id
1385 5190 1489 5245 est,
1515 5184 1789 5241 finalium.

364 5270 549 5324 Οτιιι..
572 5269 729 5332 Quod
761 5269 899 5323 illud
924 5270 1016 5333 sit,
1047 5271 1310 5326 velociter
1337 5288 1524 5343 qumso
1544 5275 1894 5343 pronunties,

285 5374 364 5414 ne
392 5357 820 5429 cppidissimum
843 5358 926 5415 vel
947 5359 1019 5416 ad
1049 5366 1398 5418 momentum
1425 5363 1756 5433 suspendas.

360 5446 554 5501 WiLa.
582 5446 726 5505 Illud
755 5451 861 5511 est,
895 5447 1044 5517 quod
1074 5453 1294 5512 natura,
1328 5449 1502 5508 immo
1530 5457 1745 5509 natura;
1762 5469 1897 5507 auc-

282 5542 402 5599 tor,
456 5533 637 5604 primo
680 5551 779 5604 par
803 5535 1119 5606 quadrupla
1144 5538 1384 5608 proferri
1414 5540 1608 5605 voluit,
1642 5542 1766 5595 dico
1793 5558 1897 5596 au-

282 5627 409 5686 tem
440 5622 862 5697 tetraphordum
884 5625 1162 5694 gravium.
1193 5627 1272 5699 Ex
1308 5628 1412 5684 hoc
1439 5628 1728 5701 nimirum,
1765 5631 1899 5700 quia

1978 4564 2289 4635 primarum
2319 4562 2528 4633 primas
2556 4562 2789 4615 locatur.
2834 4562 2933 4615 His
2962 4574 3096 4631 ergo
3124 4560 3361 4630 aliisque
3388 4546 3573 4613 adhuc

1979 4652 2319 4724 exponendis
2352 4651 2537 4704 causis
2561 4650 2762 4704 merito
2793 4656 2847 4704 et
2872 4649 2999 4721 ipsi,
3033 4657 3090 4704 et
3118 4648 3187 4703 ab
3212 4649 3334 4720 ipso
3363 4648 3487 4702 aliis
3507 4664 3575 4703 ex

1978 4740 2100 4812 ipso
2153 4741 2253 4805 ita,
2307 4745 2371 4793 ut
2414 4740 2623 4793 dictum
2673 4745 2776 4804 est,
2819 4738 3177 4792 manantibus
3206 4737 3575 4792 tetrachordis

1976 4846 2182 4885 nomen
2223 4829 2549 4883 conceditur
2593 4828 3036 4901 principalitatis.
3095 4829 3206 4883 Sed
3251 4833 3576 4898 competens

1978 4919 2316 4974 narrationis
2362 4918 2499 4972 ordo
2540 4919 2660 4988 jam
2706 4932 2833 4972 cum
2875 4933 3134 4989 supernae
3183 4916 3575 4973 illustrationis

1976 5009 2187 5064 auxilio
2212 5008 2415 5062 intueri
2444 5023 2545 5061 nos
2592 5007 2877 5073 admonet,
2912 5000 3182 5079 quantum
3225 5007 3336 5060 vim
3384 5012 3575 5078 poten-

1979 5098 2230 5165 tiamque
2252 5101 2467 5157 naturae
2486 5096 2571 5149 vel
2596 5095 2779 5166 ipsum
2809 5097 2868 5150 in
2900 5114 2960 5151 se
2982 5097 3285 5159 contineat,
3312 5095 3397 5148 vel
3416 5099 3575 5147 caete-

1979 5186 2058 5240 ris
2089 5200 2153 5239 ex
2185 5201 2245 5238 se
2275 5184 2684 5255 proﬂuentibus
2729 5186 3103 5240 tetrachordis
3130 5185 3335 5238 mirum
3363 5181 3424 5234 in
3452 5190 3574 5234 mo-

1980 5275 2114 5335 dum
2142 5274 2504 5339 transfundat

2740 5363 2806 5416 V.

2051 5453 2203 5519 Quod
2232 5467 2267 5504 a
2299 5453 2641 5513 tetrachordo
2675 5453 2935 5518 gravium
2960 5453 3149 5502 cetera
3173 5450 3498 5502 nascantur.

2049 5542 2233 5611 Igitur
2258 5557 2294 5594 a
2322 5541 2599 5612 principio
2628 5546 2906 5610 repetens,
2927 5551 3039 5592 non
3068 5537 3127 5590 in
3159 5551 3226 5590 ea
3249 5550 3372 5607 que
3389 5536 3577 5621 stulti-

1979 5630 2063 5686 tia
2088 5636 2175 5685 est
2200 5630 2351 5700 apud
2380 5629 2581 5696 Deum,
2618 5628 2719 5682 sed
2764 5628 2825 5689 in
2864 5642 2934 5682 ea
2956 5641 3082 5698 quae
3118 5625 3490 5698 superborum
3516 5630 3578 5681 et
