3950 6168
502 303 634 363 1151
1507 312 1564 367 S.
1605 311 2005 370 GUILLELMI
2045 313 2348 370 ABBATIS
2387 312 2730 369 HIRSAUG.
3590 293 3701 357 U5?

494 427 821 485 sublimium
867 431 1009 485 colla
1054 432 1516 505 philosophorum
1559 436 1756 503 calcat,
1810 437 2090 509 sapientia
2110 437 2806 509 Aspecierum,dispositio
2821 426 3702 509 troporum,diﬂ'erentiamodorum

496 517 736 586 videtur,
766 520 899 590 quia
928 521 1110 576 omnis
1132 524 1354 578 musicae
1379 525 1522 579 artis
1549 525 2096 599 disciplina,totaque
2177 529 2291 583 sive
2310 527 2525 599 agnitio
2558 529 2640 582 vel
2670 528 2980 598 proprietas
2996 532 3304 595 troporum,
3334 516 3562 588 operatio
3579 515 3705 586 prin-

499 610 864 665 monochordi
880 617 1185 677 structura,
1218 630 1283 667 ex
1304 614 1398 667 illo
1422 615 1570 685 quod
1598 617 1853 685 gravium
1874 623 2090 683 vocant,
2177 617 2440 688 cipalium
2464 617 2822 680 chordarum,
2855 615 3101 670 naturali
3132 611 3366 684 quadam
3395 612 3449 661 et
3472 605 3710 674 insepara-

499 713 602 767 ego
640 704 829 752 autem
890 701 1197 772 principale
1254 703 1501 770 nomino,
1553 706 1883 775 producitur
1918 712 2095 761 tetra-
2178 707 2276 762 bili
2297 707 2640 779 prOprietate
2664 706 2743 760 ita
2764 693 3708 777 principalibusinsunttetrachordis,

500 787 728 841 chordo.
780 790 897 843 Hoc
930 790 1206 862 siquidem
1237 792 1292 845 in
1327 793 1578 847 inferiori
1608 795 1879 865 diapason
1909 796 2095 867 dupli-
2179 803 2244 853 ut
2272 798 2316 851 si
2348 814 2416 851 ea
2436 797 2494 851 in
2529 797 2639 850 illis
2669 812 2792 866 quae
2821 795 2891 849 ad
2922 806 3239 848 mensuram
3284 784 3559 859 peltinenta
3595 798 3713 851 quae

501 882 688 931 catum
714 885 948 947 generat
985 897 1050 933 ex
1082 898 1141 934 se
1172 883 1592 937 tetrachordum
1624 884 1897 948 ﬁnalium,
1941 891 1997 939 et
2034 903 2098 939 ex
2180 904 2291 952 ras,
2328 886 2482 941 nullo
2512 884 2851 956 competenti
2890 882 3105 946 ordine,
3138 879 3284 933 sicut
3319 876 3375 929 in
3402 870 3713 943 sequentibus

499 966 587 1019 his
643 967 862 1021 duobus
918 970 1227 1039 procedunt
1275 978 1488 1041 septem
1540 973 1869 1044 principalia
1898 991 2092 1028 vocum
2179 977 2327 1030 claro
2366 977 2446 1035 ﬁt.
2483 974 2751 1028 invenias.
2814 972 2922 1027 Sed
2961 970 3130 1024 etiam
3171 970 3533 1037 opportunum
3565 958 3713 1012 (“fere

500 1055 845 1114 discrimina.
876 1058 1018 1111 Nam
1049 1059 1255 1129 septies
1284 1068 1515 1131 septena
1536 1062 1756 1117 diversa
1774 1064 2095 1118 discrimina
2178 1065 2415 1128 videtur,
2449 1063 2598 1135 quod
2624 1061 2854 1117 memini
2886 1076 2974 1114 me
3002 1060 3062 1113 in
3091 1052 3464 1128 superioribus
3482 1064 3635 1118 usque
3660 1046 3713 1099 ad

502 1161 697 1199 vocum
742 1146 799 1199 in
832 1148 1207 1201 monochordo
1238 1150 1613 1220 reperiuntur.
1649 1153 1717 1206 Et
1759 1154 1881 1223 ipsa
1914 1155 2096 1210 denuo
2179 1157 2329 1211 hunc
2377 1156 2560 1209 locum
2609 1154 2911 1218 distulisse,
2964 1151 3195 1209 scilicet,
3238 1145 3385 1218 quod
3413 1139 3713 1197 tetrachorda

502 1234 561 1288 in
581 1236 854 1304 superiori
873 1236 1141 1307 diapason
1166 1240 1423 1309 repetita,
1447 1241 1736 1311 phthongo
1750 1249 1879 1297 nete.
1901 1244 2099 1315 hyper-
2179 1246 2374 1301 eadem
2405 1245 2464 1299 in
2497 1250 2739 1316 quatuor
2763 1244 2989 1314 primas,
3022 1241 3081 1294 in
3113 1243 3355 1310 quatuor
3382 1230 3640 1291 εθοιιῐιάδεν
3669 1228 3713 1281 in

500 1322 701 1378 boleon
732 1334 1043 1397 assumpto,
1074 1328 1393 1383 universam
1437 1332 1799 1386 monochordi
1828 1332 2095 1388 fabricam
2180 1341 2424 1407 quatuor
2477 1334 2692 1397 tertias,
2748 1333 2806 1386 in
2854 1336 3096 1403 quatuor
3145 1331 3376 1399 quartas
3421 1319 3712 1375 diVidunmr-

501 1414 823 1468 conﬁciunt.
879 1416 1024 1469 Nam
1066 1418 1486 1473 tetrachordum
1526 1421 1879 1491 superiorum
1911 1424 2096 1494 ipsum
2180 1425 2372 1480 Prima
2399 1441 2532 1494 ergo
2559 1422 2815 1493 gravium
2845 1426 2931 1475 est
2959 1421 3027 1474 A.
3059 1415 3326 1479 secunda,
3360 1410 3538 1474 tertia,
3558 1412 3717 1479 quarm

503 1507 588 1556 est
617 1503 921 1574 principale
952 1512 1008 1558 et
1037 1507 1452 1562 tetrachordum
1485 1510 1876 1565 excellentium
1908 1513 2094 1580 ﬁnale,
2182 1514 2254 1568 B.
2284 1515 2346 1569 C.
2388 1515 2453 1569 D.
2507 1514 2603 1567 Est
2640 1513 2774 1566 item
2822 1512 3008 1582 prima
3043 1506 3302 1562 ﬁnalium
3349 1501 3533 1556 eadem
3570 1497 3626 1551 D.
3659 1512 3721 1549 se-

495 1591 762 1662 nullaque
785 1593 934 1647 inter
949 1594 1065 1648 haec
1091 1602 1306 1651 natura:
1322 1597 1429 1652 nisi
1453 1599 1627 1653 solius
1651 1601 1893 1655 nominis
1927 1597 2099 1673 et'po-
2181 1604 2383 1669 cunda,
2415 1603 2602 1667 tertia,
2639 1607 2839 1673 quarta
2858 1599 2924 1654 E.
2956 1599 3015 1653 F.
3048 1597 3114 1652 G.
3146 1595 3291 1649 Item
3320 1591 3497 1663 prima
3521 1586 3722 1657 superio-

496 1680 718 1735 sitionis
746 1684 851 1737 erit
881 1684 1153 1751 alteritas,
1179 1686 1260 1739 ita
1285 1692 1475 1742 tamen
1506 1694 1569 1743 ut
1585 1689 1891 1760 principale
1920 1708 2095 1745 unum
2182 1710 2307 1749 rum
2337 1699 2422 1747 est
2452 1710 2503 1746 a.
2537 1691 2802 1756 secunda,
2846 1688 3015 1743 tertia
3063 1691 3121 1741 et
3166 1690 3371 1755 quarta
3409 1679 3462 1733 b.
3505 1696 3549 1731 c.
3579 1676 3628 1728 d.
3651 1674 3725 1727 Est

500 1775 672 1839 atque
702 1771 850 1826 idem
879 1773 953 1827 sit
974 1774 1030 1827 in
1064 1776 1342 1830 omnibus.
1368 1778 1476 1831 Sed
1494 1778 1638 1833 sicut
1665 1779 1736 1833 ab
1758 1781 1878 1851 ipso
1899 1787 2098 1835 cuncta
2122 1760 2166 1817 Β
2184 1783 2320 1837 item
2368 1782 2549 1853 prima
2584 1779 2974 1835 excellentium
3005 1776 3200 1831 eadem
3222 1775 3276 1828 d.
3313 1768 3568 1834 secunda,
3592 1762 3724 1853 tertia

501 1858 781 1928 oriuntur,
810 1862 889 1916 sic
918 1878 953 1915 a
981 1862 1134 1917 ﬁnali
1167 1872 1441 1935 reguntur
1482 1868 1688 1933 omnia,
1724 1870 2101 1941 disponuntur
2183 1878 2241 1927 et
2269 1852 2538 1942 quartae.
2572 1869 2609 1923 f.
2629 1886 2684 1939 g.
2714 1866 3154 1923 Tetrachordum
3176 1862 3355 1934 igitur
3389 1852 3723 1929 principalium

500 1953 556 2004 et
584 1948 967 2019 dijudicantur
990 1959 1075 2020 ;et
1105 1954 1229 2008 ideo
1259 1955 1316 2009 in
1330 1956 1414 2010 his
1432 1958 1650 2012 duobus
1676 1959 1824 2029 viget
1840 1961 2102 2015 universa
2182 1961 2376 2034 primae
2404 1959 2627 2014 chordae
2650 1963 2785 2013 sunt
2811 1959 2876 2010 Α.
2909 1957 2978 2012 D.
3008 1972 3060 2008 a.
3086 1954 3147 2010 d.
3185 1949 3443 2005 secundae
3465 1946 3525 2000 B.
3625 1942 3668 1995 ἱ).
3686 1957 3722 1992 e-

499 2039 776 2093 naturalis
809 2040 886 2093 vis
907 2041 1233 2104 harmoniae,
1264 2045 1402 2099 adeo
1430 2052 1493 2100 ut
1520 2052 1720 2102 caetera
1743 2049 1971 2103 omnino
1998 2067 2099 2104 ne-
2182 2032 2363 2106 tertiae
2395 2051 2456 2104 Ο.
2490 2048 2555 2103 F.
2589 2066 2638 2102 c.
2679 2048 2717 2102 f.
2762 2054 2974 2118 quartae
3009 2045 3076 2099 D.
3125 2043 3189 2097 G.
3223 2042 3278 2094 d.
3312 2057 3369 2110 g.
3402 2052 3534 2108 quas
3560 2032 3725 2118 ide?et

501 2127 743 2181 cessaria
764 2145 875 2183 non
892 2136 1099 2196 essent,
1115 2133 1162 2186 si
1176 2135 1500 2203 generalem
1530 2136 1765 2192 istorum
1793 2139 2100 2209 potentiam
2184 2138 2515 2209 singillatim
2566 2143 2624 2191 et
2674 2116 3057 2205 congregatim
3104 2129 3403 2199 designare
3433 2139 3537 2177 non
3568 2116 3724 2190 piguit»

501 2216 709 2286 quique
730 2217 1094 2289 simpliciores
1114 2222 1401 2292 pervidere
1429 2225 1760 2294 potuissent,
1783 2234 1920 2282 sunt
1948 2245 2104 2282 nam-
2185 2228 2318 2300 quia
2346 2227 2634 2298 sequentis
2666 2225 2851 2297 operis
2879 2228 3103 2277 textura
3132 2219 3331 2273 crebro
3361 2215 3594 2286 ipsarum
3612 2205 3727 2260 indi-

502 2320 611 2374 que
641 2305 699 2359 in
733 2306 830 2372 eis,
860 2314 922 2361 ut
950 2308 1161 2363 dictum
1192 2317 1295 2377 est,
1323 2319 1535 2383 septem
1555 2331 1747 2369 vocum
1775 2317 2103 2372 discrimina
2183 2294 2280 2387 get
2325 2294 2659 2371 subtemine.
2706 2294 2776 2368 Et
2802 2330 2873 2367 ne
2902 2310 3124 2365 mireris
3148 2306 3302 2378 quod
3340 2310 3468 2358 nete
3505 2294 3729 2387 hyperbo-

505 2394 822 2465 omnigenae
854 2398 1079 2453 musicae
1112 2400 1251 2454 artis
1280 2402 1535 2457 varietati
1570 2404 1926 2473 sufﬁcientia,
1960 2406 2104 2461 sicut
2184 2407 2310 2461 leon
2333 2405 2710 2477 praetermissa
2734 2408 3061 2458 camerarum
3094 2392 3515 2469 quatuordecim
3541 2384 3728 2477 chorda-

503 2482 741 2554 quisque
765 2485 934 2555 hujus
967 2487 1271 2559 disciplinae
1288 2490 1500 2560 peritus
1520 2492 1697 2559 facile,
1728 2494 1774 2548 si
1797 2495 2097 2565 quaesierit,
2183 2512 2307 2549 rum
2333 2472 2416 2548 _in
2462 2494 2742 2548 sexdecim
2795 2493 2895 2545 ﬁat
2935 2487 3184 2561 partitio.
3233 2489 3435 2555 quater
3461 2479 3596 2533 enim
3623 2472 3724 2565 illl-

500 2572 765 2629 inveniet.
820 2577 924 2631 Ubi
977 2587 1034 2631 ct
1061 2580 1164 2633 hoc
1196 2582 1711 2638 manifestissimum
1743 2563 2102 2655 (ie—originali
2185 2590 2354 2640 erunt
2372 2582 2521 2638 XVI.
2542 2583 2682 2637 duas
2700 2581 2919 2652 exipsis
2935 2576 3187 2632 XIIII.id
3215 2580 3324 2639 est,
3354 2573 3421 2626 D.
3445 2576 3499 2623 et
3515 2568 3565 2621 d.
3585 2563 3725 2618 bifor-

502 2662 827 2734 principalis
873 2668 1217 2723 tetrachordi
1255 2670 1527 2741 dignitate
1564 2689 1628 2726 ac
1678 2673 1746 2727 de
1776 2675 2101 2730 omnimoda
2185 2690 2322 2740 mes,
2358 2675 2541 2741 bisque
2571 2670 2951 2725 numerandos
2988 2682 3096 2720 esse
3125 2666 3362 2719 noveris.
3417 2659 3731 2726 Qualiterau-

501 2751 680 2821 ipsius
724 2769 850 2808 cum
895 2758 1254 2812 tetrachordo
1302 2760 1655 2830 superiorum
1685 2762 1905 2818 unitate
1934 2765 2103 2818 datur
2186 2769 2291 2817 tem
2323 2765 2581 2831 biformes
2609 2761 2724 2814 sint
2742 2760 2801 2813 in
2820 2756 3186 2828 dispositione
3211 2758 3523 2823 troporum,
3548 2742 3729 2817 plenius

501 2840 791 2909 indicium,
826 2847 973 2915 quod
1014 2848 1195 2902 omnis
1224 2850 1519 2915 cantilena,
1554 2868 1677 2921 quae
1708 2853 1873 2907 modo
1901 2870 2100 2908 secun-
2182 2830 2448 2915 clarebit;
2491 2855 2623 2905 sunt
2666 2864 2912 2918 namque
2948 2846 3097 2900 inter
3134 2842 3407 2915 praedicta
3434 2830 3729 2921 tetrachorda

502 2930 636 2985 dum
665 2933 971 3003 spatiosam
991 2935 1228 2991 duorum
1252 2938 1524 3010 diapason
1552 2941 1793 3011 vagandi
1817 2942 2099 2996 licentiam
2183 2942 2458 3012 quaedam,
2492 2956 2614 3011 qnze
2661 2941 2986 3008 comparata
3030 2933 3326 3005 proferunt
3364 2946 3425 2983 ex
3471 2942 3528 2981 se
3555 2920 3730 2993 species

504 3018 564 3072 in
594 3022 976 3091 superioribus
1024 3025 1239 3096 incipit,
1280 3026 1328 3080 si
1356 3027 1503 3081 infra
1542 3029 1736 3083 eadem
1776 3030 2100 3085 discrimina
2124 3009 2565 3098 “diatessaron:
2600 3027 2855 3098 quendam
2902 3024 3035 3078 item
3077 3026 3228 3087 sunt,
3268 3036 3393 3091 qua:
3419 3015 3607 3070 collata
3636 3009 3732 3061 dia-

504 3116 718 3181 septem
750 3114 1382 3185 naturalirefragatione
1393 3116 1800 3185 cohibeatur,in
1812 3120 2095 3189 gravibus,
2120 3080 2165 3144 C
2183 3124 2350 3191 pente
2378 3118 2592 3190 species
2618 3133 2683 3171 ex
2710 3132 2770 3170 se
2799 3115 3135 3186 producunt.

502 3197 559 3252 id
590 3204 694 3264 est,
723 3202 917 3256 eodem
948 3204 1241 3275 principali
1270 3206 1626 3260 tetrachordo
1657 3208 1831 3262 sumit
1850 3209 2096 3268 initium.
2909 3200 3039 3256 VH-

502 3288 671 3343 Verbi
694 3291 879 3359 gratia
909 3310 922 3344 :
960 3309 1155 3347 omnes
1183 3293 1511 3350 dilferentiae
1531 3296 1600 3349 ad
1636 3297 1899 3367 primum,
1927 3316 2098 3370 quar~
2185 3300 2247 3352 In
2285 3298 2484 3365 quibus
2529 3295 2745 3350 chordis
2781 3295 2974 3362 species
3014 3292 3383 3348 diatessaron,
3429 3284 3655 3350 diapente
3695 3277 3729 3325 τι

500 3382 646 3445 tum,
690 3385 906 3433 sextum
939 3386 1135 3436 tonum
1183 3383 1514 3453 pertinentis
1546 3385 1817 3451 melodiae,
1868 3405 1992 3457 quae
2038 3389 2098 3443 in
2491 3387 2761 3452 diapason
2791 3382 3132 3435 naturaliter
3149 3378 3471 3431 consistant.

503 3471 669 3520 acuta
699 3484 748 3521 a.
783 3468 1142 3538 inchoantur,
1174 3472 1380 3526 eaedem
1414 3473 1472 3525 in
1506 3474 1662 3542 gravi
1693 3476 1755 3528 A.
1793 3481 1857 3529 ut
1887 3476 1943 3530 in
1975 3478 2098 3531 dia-
2251 3474 2555 3528 Videamus
2575 3451 2730 3541 ergo,
2756 3486 2879 3541 quae
2908 3472 3041 3523 sunt
3066 3467 3184 3525 illa.
3218 3472 3278 3518 et
3305 3461 3543 3535 qualiter
3559 3451 3732 3523 exipsis

503 3553 724 3624 phoniae
753 3564 1027 3628 preecepto
1049 3563 1494 3628 patet.naturale
1515 3562 2094 3636 habentprincipium.
2180 3563 2453 3636 probabili
2482 3562 2700 3616 ratione
2734 3560 2943 3628 absque
2992 3556 3202 3611 ordinis
3232 3552 3571 3607 confusione.
3599 3544 3731 3636 plano

503 3641 572 3696 Et
615 3660 764 3697 nunc
808 3645 940 3715 quia
983 3647 1054 3700 de
1107 3665 1254 3718 saepe
1300 3650 1450 3703 dicto
1508 3628 1823 3722 saepiusque
1864 3628 2097 3708 dicendo
2177 3628 2379 3708 itinere
2404 3669 2469 3706 ac
2499 3651 2618 3705 sine
2656 3648 2989 3704 oﬂ‘endiculo
3038 3644 3371 3717 procedant.
3418 3641 3491 3694 Ex
3529 3628 3731 3722 naturali

504 3731 797 3802 principali
844 3736 1198 3790 tetrachordo
1241 3742 1422 3791 totum
1465 3719 1846 3809 quidem—cur
1890 3743 2097 3812 princi-
2180 3741 2588 3796 coadunatione
2627 3737 3115 3793 tetrachordorum
3157 3729 3561 3802 principalisar.
3588 3719 3732 3777 ﬁnalis

506 3821 633 3891 pale
670 3837 734 3875 ac
761 3823 972 3877 fontem
1003 3829 1060 3879 et
1098 3826 1371 3895 originem
1400 3833 1748 3892 ceterorum,
1782 3830 1897 3884 sive
1925 3831 2099 3886 totius
2180 3847 2375 3885 omnes
2429 3830 2778 3883 diatessaron
2832 3825 3043 3896 species
3083 3821 3382 3894 prodeunt.
3426 3816 3598 3872 Prima
3629 3821 3733 3877 ergo

505 3910 1431 3981 monochordisummamdixerim,
1455 3933 1520 3970 ex
1539 3923 2097 3990 parteautem,quam
2180 3921 2437 3993 gravium
2487 3924 2545 3973 et
2591 3918 2774 3988 prima
2824 3915 3075 3969 ﬁnalium
3125 3912 3469 3981 depromunt
3502 3903 3733 3976 primam:

508 3997 619 4052 vim
665 4005 723 4053 et
762 4001 1069 4071 potentiam
1110 4009 1325 4059 naturae
1357 4005 1413 4059 in
1440 4022 1500 4059 se
1540 4006 1744 4061 habere
1773 3988 2101 4078 praedicave-
2182 3988 2429 4064 secunda
2454 4008 2586 4061 item
2612 4005 2869 4076 gravium
2903 4008 2960 4057 et
2988 4000 3231 4055 secunda
3252 3997 3505 4052 ﬁnalium
3538 3988 3737 4045 reddunt

505 4086 633 4153 rim,
652 4088 886 4151 audisti;
910 4091 1093 4145 adhuc
1112 4092 1331 4163 plenius
1355 4097 1477 4147 licet
1494 4076 1981 4168 utaudiasdeipsa
1994 4099 2101 4152 ori-
2182 4098 2481 4153 secundam
2506 4116 2517 4163 ς
2547 4096 2750 4149 iterum
2774 4093 2943 4147 tertia
2967 4090 3222 4161 gravium
3246 4092 3308 4141 et
3333 4085 3501 4141 tertia
3525 4076 3735 4135 ﬁnalium

502 4176 768 4247 ginaliter
791 4177 847 4231 in
878 4196 943 4233 eo
974 4186 1221 4235 scatente
1244 4183 1517 4253 potentia,
1540 4185 1980 4257 ejusdemquein
2001 4204 2101 4242 cae-
2182 4188 2475 4259 proferunt
2497 4185 2759 4248 tertiam;
2792 4192 2995 4253 quarta
3022 4179 3157 4233 item
3193 4177 3454 4247 gravium
3490 4176 3543 4226 et
3567 4170 3730 4239 quarm

502 4271 625 4321 tera
645 4268 1001 4323 tetrachorda
1031 4270 1344 4325 diﬁ‘usione.
1369 4273 1545 4336 Quam
1571 4273 1789 4328 facilius
1808 4276 2100 4345 videbis,si
2184 4277 2438 4333 ﬁnalium
2465 4275 2582 4328 vice
2612 4279 2826 4344 quartae
2856 4271 3060 4325 iterum
3086 4267 3495 4338 repraesentant
3517 4260 3737 4331 primam.

503 4355 680 4426 prius,
700 4373 766 4410 ex
788 4374 1025 4428 quarum
1058 4376 1246 4414 rerum
1269 4362 1763 4433 comprehensione
1792 4364 1967 4435 ipsius
1981 4384 2157 4435 mu-_
2184 4367 2318 4430 sive,
2361 4372 2425 4419 ut
2469 4364 2653 4418 verius
2697 4361 2969 4427 dicamus,
3002 4359 3062 4412 in
3092 4357 3270 4410 forma
3315 4354 3507 4426 prima:
3533 4346 3740 4401 Γεὶίῐιεῐιί

506 4444 631 4499 sicae
678 4447 818 4500 artis
863 4453 1068 4502 natura
1110 4450 1346 4504 maxime
1384 4451 1740 4522 percipiatur,
1774 4458 1830 4507 et
1858 4430 2469 4526 qualitequuartam.
2511 4453 2646 4517 Quae
2694 4452 2825 4505 licet
2881 4449 3065 4520 specie
3105 4447 3290 4517 prima
3338 4460 3460 4498 esse
3504 4439 3735 4526 videatut,

507 4535 714 4589 eaedem
743 4551 833 4589 res
861 4535 921 4591 in
948 4537 1035 4590 his
1058 4538 1434 4594 tetrachordis
1462 4542 1836 4611 reperiantur,
1873 4543 2094 4598 videris.
2184 4518 2490 4599 harmoniae
2518 4548 2709 4595 tamen
2741 4518 2942 4593 natura
2984 4534 3311 4606 diligentius
3341 4533 3631 4605 perspecta.
3662 4518 3739 4575 ἰνί-

1261 4628 1354 4682 VI-
2184 4633 2276 4703 plo
2308 4636 2510 4702 quarta
2532 4646 2654 4683 esse
2682 4628 3017 4691 declaratur,
3060 4625 3242 4696 primo
3262 4622 3415 4694 quod
3442 4621 3580 4674 inter
3597 4626 3737 4685 quar-

584 4714 729 4768 Unde
757 4719 966 4768 natura
996 4719 1217 4770 musicas
1239 4721 1382 4771 artis
1404 4723 1644 4773 maxime
1664 4725 2025 4788 cognoscitur.
2184 4728 2271 4774 tas
2298 4720 2634 4781 continetur,
2663 4716 2907 4772 secundo
2945 4714 3090 4785 quod
3123 4714 3178 4766 in
3216 4709 3465 4782 generali
3487 4711 3737 4773 troporum

579 4801 799 4855 Natura
824 4800 1049 4857 musicae
1077 4805 1215 4859 artis
1243 4812 1372 4876 post
1395 4823 1593 4862 novem
1617 4809 1915 4864 intervalla
1942 4828 2104 4866 sono—
2184 4809 2569 4880 dispositione,
2596 4812 2661 4861 ut
2680 4805 3053 4877 praediximus,
3077 4801 3323 4873 pertinet
3341 4798 3410 4852 ad
3440 4790 3735 4850 tetrardum.

506 4906 635 4944 rum
688 4890 1044 4961 potissimum
1086 4909 1153 4946 ex
1191 4895 1583 4964 praedictarum
1622 4904 1865 4968 quatuor
1911 4916 2101 4954 rerum
2182 4899 2350 4953 tertio
2383 4897 2532 4969 quod
2558 4894 2843 4950 contraria
2869 4899 2956 4947 est
2979 4892 3193 4964 primae,
3208 4887 3471 4961 quoniam
3499 4883 3631 4937 sicut
3647 4890 3738 4969 Ine-

507 4979 743 5034 scientia
785 4978 1100 5050 inspicitur,
1149 4981 1205 5035 id
1251 4989 1337 5038 est
1364 4985 1418 5037 1.
1456 4992 1581 5039 rata
1610 4964 1667 5040 et
1694 4987 2103 5042 rationabiliter
2183 4987 2334 5041 lodia
2356 4964 2594 5057 a—prima
2614 4983 2945 5048 intenditur,
2961 4982 3043 5035 ita
3061 4998 3096 5034 a
3114 4985 3317 5050 quarta
3336 4988 3552 5045 semper
3573 4964 3737 5057 realit-

506 5069 768 5125 ordinata
793 5069 1192 5125 constitutione
1208 5073 1519 5143 specierum
1541 5075 1712 5129 trium
1743 5077 2101 5147 symphonia—
2181 5076 2339 5136 titur,
2378 5055 2531 5128 utin
2567 5073 2671 5126 hoc
2717 5071 2914 5125 eodem
2954 5068 3206 5123 ﬁnalium
3257 5060 3599 5120 tetrachordo
3639 5055 3737 5106 ὶιεθο

505 5175 632 5215 rum
655 5160 1027 5217 diatessaron.
1047 5160 1327 5232 diapente,
1360 5163 1629 5235 diapason
1657 5183 1668 5217 :
1698 5164 1755 5221 2.
1777 5165 2103 5219 cautissima
2183 5168 2466 5219 testantur
2494 5162 2767 5233 exempla.
2800 5160 3003 5214 Protus
3037 5163 3153 5210 ant.
3202 5158 3292 5223 fac
3325 5166 3549 5207 maciam.
3586 5148 3686 5199 ant.
3708 5154 3735 5191 α

508 5255 566 5303 et
594 5249 929 5303 naturaliter
951 5248 1097 5304 facta
1124 5251 1490 5322 dispositione
1518 5259 1812 5324 troporum
1837 5272 1848 5307 :
1877 5253 1930 5307 3.
1958 5254 2097 5324 vigi-
2186 5255 2415 5307 bimam.
2444 5250 2750 5305 Tetrardus
2780 5254 2893 5301 ant,
2929 5248 3065 5300 dabo
3100 5249 3161 5299 in
3189 5243 3342 5298 Sion.
3367 5241 3568 5295 Judza.

505 5338 690 5394 lanter
718 5345 1011 5411 perspecta
1041 5318 1332 5395 modorum
1365 5318 1696 5406 differentia,
1717 5359 1886 5413 quam
1914 5318 2102 5398 verius
2253 5341 2437 5395 Media
2456 5340 2588 5394 item
2612 5338 2992 5399 tetrachorda,
3009 5334 3264 5389 ﬁnalium
3285 5331 3423 5394 dico,
3445 5333 3499 5381 et
3524 5318 3737 5413 sape-r10-

507 5427 743 5482 dixerim
780 5428 1128 5498 agnitionem
1171 5427 1286 5481 sive
1334 5429 1734 5499 proprietatem
1768 5437 2055 5501 treporum
2082 5451 2098 5496 ;
2185 5446 2332 5494 rum,
2358 5432 2405 5484 si
2437 5429 2815 5490 conferantur,
2839 5442 3034 5481 omnes
3054 5424 3315 5494 diapente
3342 5416 3547 5490 species
3567 5409 3733 5501 eodem

507 5517 559 5572 ἆ.
598 5518 758 5572 valde
801 5518 1119 5573 necessaria
1161 5517 1551 5588 principalium
1592 5519 1930 5574 chordarum
1978 5537 2106 5593 Ope-
2185 5526 2403 5573 natura:
2451 5522 2509 5571 et
2550 5515 2763 5570 ordinis
2807 5514 3010 5567 decore
3054 5515 3376 5565 nascuntur.
3418 5505 3553 5559 Nam
3580 5496 3735 5593 ρι’ίωτξ

513 5606 752 5664 ratione.
814 5606 948 5662 Haec
1003 5585 1193 5667 autem
1233 5585 1496 5679 quatuor,
1540 5607 1599 5664 id
1636 5613 1741 5675 est,
1781 5585 2105 5666 constitutio
2187 5608 2440 5671 ﬁnalium
2466 5612 2522 5662 et
2536 5605 2719 5679 prima
2745 5602 3100 5681 superiorum
3128 5599 3414 5656 continent
3437 5585 3733 5665 primam,et
