3886 6172
146 271 252 331 1153

1601 264 1887 324 MUSICA.

3241 275 3379 332 1154

139 398 401 467 utriusque
451 394 796 449 tetrachordi
843 390 1100 447 secundae
1151 390 1485 457 secundam,
1528 390 1712 444 tertiae
1730 389 2021 450 Aobscura
2044 390 2163 460 jam
2202 407 2267 445 ex
2308 407 2502 445 eorum
2529 391 2906 449 illustratione
2929 396 3067 451 satis
3094 400 3379 470 perspica-

138 487 356 551 tertiam,
404 492 469 541 et
516 490 730 556 quarta:
778 481 1119 538 concludunt
1162 486 1440 552 quartam.
1492 480 1705 533 Ultima

138 577 263 641 bina,
294 591 415 646 quae
443 579 660 627 restant
698 571 1076 633 tetrachorda,
1118 569 1471 640 superiorum
1494 569 1707 622 scilicet

138 672 183 720 et
217 664 622 727 excellentium,
655 662 703 715 si
735 667 1152 733 comparentur,
1189 658 1541 711 diatessaron
1570 657 1705 711 item

138 754 352 808 reddunt
384 753 618 823 species,
667 748 1140 822 quemadmodum
1189 753 1246 800 et
1300 747 1501 818 prima,
1553 746 1703 817 quia,

134 844 257 897 sicut
281 842 493 895 dictum
518 848 623 904 est,
653 840 846 894 eadem
886 844 1019 891 sunt
1049 837 1107 890 in
1152 842 1375 890 natura.
1399 836 1592 889 Prima
1618 853 1710 890 su-

135 933 392 1004 periorum
423 938 479 985 et
527 929 709 1001 prima
741 928 1131 983 excellentium
1173 928 1557 981 demonstrant
1589 925 1706 996 pri-

134 1038 280 1087 mam,
311 1021 569 1075 secundae
597 1019 921 1085 secundam,
971 1018 1152 1072 tertiae
1191 1016 1444 1090 tertiam,
1471 1023 1709 1087 quarta:-

135 1128 224 1183 que
260 1112 465 1165 iterum
512 1110 572 1163 in
624 1108 807 1180 specie
851 1107 1046 1178 primae
1091 1107 1376 1161 continent
1423 1112 1703 1177 quartam.

133 1203 256 1272 Ergo
281 1200 328 1254 si
350 1201 704 1254 diatessaron
760 1196 973 1268 species
1012 1196 1160 1250 inter
1183 1196 1300 1259 illa,
1331 1211 1453 1265 quae
1483 1194 1552 1247 ad
1583 1194 1707 1247 dia-

134 1295 294 1360 pente,
325 1290 413 1343 vel
453 1289 715 1359 diapente
756 1286 970 1357 species
1006 1286 1155 1339 inter
1191 1285 1306 1348 illa,
1340 1300 1462 1354 quae
1491 1284 1562 1337 ad
1593 1283 1710 1337 dia-

132 1386 363 1433 tessaron
406 1379 709 1449 pertinent,
758 1375 1067 1447 quaesieris,
1098 1373 1492 1427 olfendiculum
1520 1373 1709 1426 incur-

131 1469 211 1531 ris,
241 1469 371 1539 quia
405 1473 593 1522 ratum
620 1466 873 1520 ordinem
904 1481 1097 1518 earum
1122 1463 1372 1517 invenire
1401 1478 1514 1516 non
1544 1468 1704 1533 pote-

131 1558 209 1613 ris.
247 1558 355 1613 Sed
399 1564 464 1612 ut
509 1556 881 1617 manifestius,
921 1554 1069 1625 quod
1098 1553 1336 1608 dicimus
1360 1552 1707 1606 animadver-

132 1654 221 1713 tas,
247 1648 289 1700 si
323 1664 437 1718 quo
467 1647 524 1700 in
558 1647 682 1700 loco
714 1651 917 1716 praeter
953 1643 1067 1707 illa,
1119 1659 1243 1714 quae
1271 1641 1522 1714 exposita
1551 1646 1701 1707 sunt,

1785 481 1926 534 citer
1944 480 2122 544 video,
2159 498 2283 552 quae
2313 481 2525 535 dudum
2572 481 3029 554 interrogassem,
3078 488 3187 541 nisi
3231 490 3383 559 quod

1786 587 2054 625 novarum
2086 588 2272 625 rerum
2295 578 2352 625 et
2370 571 2663 625 dulcedine
2681 580 2895 643 captus,
2926 581 2979 629 et
3011 576 3383 634 admiratione

1787 660 2060 715 attonitus
2083 660 2546 729 jocundissimam
2586 662 2883 717 verborum
2925 670 3150 719 tuorum
3179 668 3384 722 seriem

1788 750 2199 821 interrumpere
2228 750 2603 805 nolui.Video.
2631 751 2882 822 inquam,
2916 770 3026 807 non
3049 755 3244 810 leviter
3263 773 3388 827 pec-

1789 856 1944 893 casse
1973 840 2269 911 quemdam
2302 856 2366 893 ex
2398 839 2699 903 modernis,
2726 841 2857 911 quia
2877 844 3088 913 species
3110 845 3386 901 diatessa-

1789 946 1890 984 ron
1922 937 1978 984 et
2000 929 2261 999 diapente
2280 929 2645 993 constituens,
2669 930 2862 1000 prima:
2892 933 3097 1002 speciei
3116 934 3387 990 diatessa-

1789 1036 1888 1073 ron
1922 1036 1957 1072 a.
1983 1019 2250 1090 lychanos
2298 1034 2511 1081 meson,
2556 1019 2660 1071 hoc
2698 1024 2803 1080 est,
2835 1037 2868 1073 a
2917 1022 2983 1074 Γὶ.
3025 1023 3198 1077 sumit
3225 1041 3387 1079 exor-

1789 1107 1966 1176 dium,
1999 1114 2055 1161 et
2083 1107 2209 1161 ﬁnit
2235 1123 2358 1160 eam
2398 1106 2457 1160 in
2505 1107 2773 1179 lychanos
2801 1108 3069 1180 hypaton,
3105 1111 3160 1165 id
3190 1119 3293 1180 est,
3328 1113 3387 1168 in

1789 1198 1854 1251 D.
1884 1198 1993 1252 Sed
2024 1198 2087 1251 D.
2114 1196 2263 1267 quia,
2296 1203 2359 1250 ut
2381 1197 2497 1266 jam
2522 1196 2730 1261 dixisti,
2754 1196 3007 1252 biformis
3031 1205 3133 1265 est,
3158 1206 3273 1255 tam
3296 1202 3387 1257 in-

1790 1292 1878 1341 ter
1908 1287 2137 1358 primas,
2164 1302 2330 1356 quam
2356 1286 2504 1339 inter
2521 1292 2750 1356 quartas
2771 1294 3136 1356 numeratur;
3165 1291 3232 1358 G,
3259 1309 3386 1346 vero

1791 1376 2122 1447 simpliciter
2145 1375 2360 1445 quartis
2389 1374 2708 1441 ascribitur,
2730 1375 2967 1447 ideoque
2998 1378 3388 1450 specieihujus

1787 1466 1982 1521 faciem
1998 1471 2053 1518 et
2080 1464 2255 1518 solam
2278 1464 2334 1517 in
2358 1464 2543 1517 medio
2568 1464 2732 1534 positi
2755 1465 3037 1519 semitonii
3055 1468 3387 1536 qualitatem

1786 1553 2377 1618 intuitus,interiorem
2403 1558 2619 1607 naturae
2636 1553 2744 1606 vim
2768 1560 2825 1607 et
2852 1555 3254 1625 preprietatem
3274 1575 3388 1613 non

1788 1644 2087 1718 perspexit.
2118 1643 2390 1697 Similiter
2412 1643 2712 1696 secundum
2746 1643 2943 1714 incipit
2975 1644 3030 1697 in
3059 1647 3125 1700 A.
3161 1664 3282 1718 quae
3304 1654 3392 1703 est

132 1738 316 1809 species
348 1737 575 1790 easdem
607 1734 904 1805 repereris,
941 1733 1127 1787 minus
1147 1732 1432 1802 regulares
1463 1748 1584 1785 esse
1604 1713 1766 1784 no-B
1788 1738 1987 1809 prima,
2029 1734 2406 1803 terminatque
2445 1733 2503 1786 in
2544 1734 2604 1787 E.
2648 1750 2769 1803 quae
2801 1740 2889 1787 est
2919 1713 3196 1803 secunda;
3231 1743 3289 1791 et
3321 1744 3386 1792 ut

129 1827 272 1894 veris,
303 1843 370 1880 eo
417 1825 567 1897 quod
608 1841 721 1879 uno
769 1822 1303 1894 eodemqueminus
1344 1821 1709 1875 includuntur

132 1933 360 1970 numero.

187 2005 440 2071 Videsne,
462 2004 638 2058 frater
665 2001 992 2057 charissime
1020 2002 1031 2054 !
1065 1999 1342 2071 quomodo
1378 1999 1436 2052 in
1464 1999 1569 2053 hac
1605 2015 1708 2053 no-

131 2101 229 2148 stra
247 2094 559 2165 specierum
582 2092 982 2147 constitutione
1018 2090 1268 2161 ipsarum
1308 2089 1620 2160 specierum
1653 2098 1711 2143 et

127 2183 445 2237 chordarum
469 2190 587 2236 tam
610 2180 853 2235 nominis
883 2196 1050 2250 quam
1072 2177 1379 2249 dignitatis,
1412 2182 1477 2232 ut
1496 2177 1707 2231 dictum

129 2278 217 2335 est,
248 2273 525 2326 naturalis
555 2272 692 2326 ordo
721 2277 993 2332 servatur,
1037 2274 1094 2322 et
1123 2268 1365 2338 qualiter
1393 2267 1541 2321 idem
1571 2266 1708 2320 ordo

126 2364 274 2434 plano
303 2363 514 2417 itinere
553 2377 619 2415 ac
664 2360 785 2414 sine
825 2356 1159 2412 oﬂ'endiculo
1203 2356 1578 2427 progreditur,
1612 2354 1709 2408 ubi

128 2453 293 2522 prima
317 2451 536 2523 species
558 2450 619 2503 in
649 2447 846 2520 primis
875 2446 1115 2511 chordis,
1157 2445 1401 2499 secunda
1427 2444 1484 2497 in
1509 2460 1709 2498 secun-

125 2542 218 2607 dis,
237 2542 408 2596 tertia
434 2541 494 2594 in
522 2538 724 2603 tertiis,
757 2542 959 2608 quarta
996 2535 1054 2589 in
1084 2534 1299 2606 quartis
1337 2539 1395 2588 et
1440 2533 1711 2604 incipitur

126 2638 175 2684 et
202 2633 413 2686 ﬁnitur.
442 2628 710 2699 Nunquid
750 2643 861 2681 non
891 2627 1056 2696 plane
1078 2623 1365 2694 intelligis,
1399 2623 1551 2694 ipsas
1578 2639 1711 2694 quo-

126 2737 221 2791 que
249 2720 463 2792 species
507 2717 844 2772 naturaliter
873 2732 906 2769 a
930 2713 1308 2768 constitutivis
1333 2729 1525 2767 earum
1553 2713 1712 2767 chor-

125 2810 201 2863 dis
220 2810 304 2863 vel
329 2808 562 2880 primas,
588 2806 683 2860 sed
706 2805 998 2870 secundas,
1021 2804 1109 2857 vel
1126 2802 1341 2868 tertias,
1374 2803 1461 2856 vel
1483 2808 1713 2873 quartas

126 2898 338 2952 vocari?
378 2899 579 2952 Nonne
624 2900 682 2949 et
725 2893 1087 2947 habitudines
1122 2908 1316 2946 earum
1361 2891 1715 2946 manifestius

124 2987 371 3051 intueris,
404 2985 684 3056 quomodo
713 2982 895 3054 prima
921 2981 1270 3036 diatessaron
1300 2981 1513 3053 species
1550 2980 1716 3033 semi-

126 3077 334 3130 tonium
368 3075 544 3128 habet
568 3074 628 3127 in
656 3072 842 3127 medio
867 3090 880 3139 ;
928 3070 1173 3125 secunda
1203 3071 1257 3124 in
1285 3071 1485 3141 primo,
1520 3085 1713 3123 secun-

123 3167 244 3220 dum
263 3165 647 3220 intensionem
671 3162 834 3229 dico;
877 3160 1045 3214 tertia
1071 3160 1131 3213 in
1167 3159 1402 3226 ultimo;
1452 3158 1713 3230 quodque

126 3256 295 3325 prima
321 3256 591 3325 diapente
619 3251 832 3322 species
871 3249 1042 3304 habet
1076 3249 1434 3303 semitonium
1470 3252 1597 3319 post
1623 3255 1712 3302 to-

122 3361 268 3409 num,
294 3349 496 3416 postea
516 3341 792 3406 ditonum,
818 3338 1066 3393 secunda
1090 3338 1150 3392 in
1195 3338 1396 3409 primo,
1437 3337 1604 3391 tertia
1654 3337 1713 3390 in

123 3433 330 3498 ultimo,
359 3436 565 3504 quarta
588 3436 715 3501 post
741 3429 1015 3494 ditonum,
1035 3433 1230 3499 postea
1251 3432 1447 3481 tonum
1469 3426 1493 3479 ?
1514 3426 1713 3480 Nonne

120 3522 259 3576 clare
289 3520 551 3584 intueris,
587 3518 830 3589 qualiter
867 3517 973 3571 iste
1014 3517 1328 3587 specierum
1376 3516 1512 3569 ordo
1537 3516 1621 3569 vel
1647 3532 1714 3569 ex

121 3612 216 3665 hoc
243 3611 493 3665 maxime
522 3608 797 3662 naturalis
839 3605 1065 3678 probari
1113 3610 1316 3676 potest,
1364 3604 1495 3675 quia
1521 3604 1716 3676 primae

120 3701 317 3771 speciei
347 3699 545 3754 sedem
592 3697 792 3751 tribuit
844 3696 904 3749 in
948 3695 1130 3766 spatio
1188 3693 1506 3766 principalis
1546 3699 1718 3748 tetra-

121 3790 329 3855 chordi,
360 3788 513 3860 quod
544 3790 692 3841 inter
748 3785 1060 3857 primarum
1115 3784 1453 3837 chordarum
1484 3783 1715 3854 primas,

121 3878 169 3931 id
198 3885 304 3943 est,
340 3881 411 3932 A.
438 3882 495 3931 et
514 3878 577 3930 D.
602 3881 667 3930 ut
696 3875 954 3946 superius
975 3873 1081 3926 tibi
1108 3873 1356 3926 nondum
1382 3872 1719 3943 intelligenti

119 3967 325 4023 dictum
348 3973 459 4029 est,
478 3964 730 4019 locatur!
763 3963 1067 4033 Perpende,
1096 3978 1302 4032 quaeso,
1337 3962 1721 4031 diligenter,et

122 4053 249 4110 illud
276 4054 589 4128 perpende,
614 4052 894 4124 quomodo
922 4052 982 4105 in
1011 4051 1134 4121 ipsa
1164 4050 1477 4121 primarum
1506 4049 1720 4121 specie-

116 4161 237 4199 rum
254 4143 515 4200 naturali
535 4142 888 4214 processione
907 4140 1091 4211 ipsum
1109 4139 1280 4195 etiam
1300 4139 1720 4194 tetrachordum

124 4235 283 4289 ﬁnale
310 4233 562 4305 quodam
604 4231 821 4286 occulto
850 4230 1045 4284 ordine
1086 4234 1143 4283 et
1182 4230 1305 4300 lege
1352 4234 1568 4283 naturae
1591 4245 1723 4300 pro-

118 4323 351 4378 ductum
384 4328 495 4376 est.
543 4320 687 4385 Quid
727 4323 815 4374 est
860 4335 995 4389 ergo
1041 4318 1366 4373 earumdem
1415 4318 1721 4389 specierum

1789 1826 2013 1896 singula
2036 1825 2208 1893 hujus
2231 1822 2439 1877 erroris
2454 1822 2668 1892 pariter
2682 1822 3034 1894 breviterque
3055 1826 3386 1881 concludam

1791 1915 1848 1969 in
1885 1912 2247 1984 disponendis
2269 1928 2423 1965 more
2440 1928 2541 1965 suo
2572 1911 2831 1982 diapente
2855 1912 3143 1983 speciebus
3173 1916 3389 1971 nullam

1791 2003 2143 2057 diatessaron
2172 2000 2434 2071 speciem,
2484 1999 2744 2070 primam,
2780 2001 3103 2067 secundam,
3136 2003 3388 2070 tertiam,

1790 2092 2038 2147 naturali
2088 2091 2208 2144 loco
2258 2090 2477 2157 inserit,
2517 2095 2719 2160 praeter
2762 2089 2933 2154 illam,
2987 2107 3154 2160 quam
3187 2098 3389 2163 quarto

1790 2184 1910 2236 loco
1942 2180 2101 2253 ponit
2119 2197 2237 2247 qua;
2256 2185 2330 2232 est
2360 2179 2510 2232 inter
2539 2180 2606 2231 A.
2645 2184 2701 2232 et
2733 2179 2796 2232 D.
2829 2186 3097 2250 utrasque
3133 2181 3392 2237 videlicet

1792 2272 2003 2343 primas
2038 2271 2290 2324 collocat.
2343 2270 2460 2322 Nos
2509 2273 2698 2321 autem
2732 2269 2918 2339 pravis
2950 2271 3259 2325 errantium
3288 2272 3392 2326 viis

1792 2361 2193 2434 compendiose
2222 2358 2562 2414 transcursis
2593 2358 2662 2412 ad
2695 2358 2906 2412 directa
2942 2365 3158 2415 natura:
3190 2361 3396 2417 itinera

1793 2451 1993 2506 festine
2023 2451 2340 2504 redeamus.
2373 2448 2481 2503 Sed
2511 2452 2688 2501 restat
2718 2447 2903 2501 adhuc
2930 2450 3163 2519 quaestio
3204 2451 3392 2507 minus

1792 2540 2203 2612 prmtereunda,
2253 2538 2387 2609 quid
2434 2538 2526 2603 sit,
2562 2537 2711 2607 quod
2766 2536 2976 2607 species
3028 2556 3061 2592 a
3106 2541 3395 2596 nonnullis

1791 2630 2022 2685 musicis
2063 2629 2443 2699 disponuntur
2488 2626 2897 2693 descendendo,
2936 2644 3062 2681 cum
3094 2634 3276 2684 totum
3298 2647 3393 2685 or-

1796 2720 1982 2773 dinem
2016 2718 2328 2789 specierum
2360 2717 2685 2771 earumdem
2718 2716 2985 2770 statueris
3013 2719 3384 2774 ascendendo.

2517 2805 2670 2859 VIII.

1798 2900 1976 2966 Quare
1994 2914 2029 2951 α
2051 2898 2377 2964 quibusdam
2402 2899 2596 2964 species
2615 2898 2977 2953 descendendo
2996 2898 3386 2965 disponantur.

1868 2986 2061 3040 WILH.
2104 2987 2169 3039 1A
2223 2984 2673 3056 quibuscumque
2729 2986 2783 3040 id
2835 2986 3042 3040 factum
3089 2985 3388 3054 inveneris,

1795 3075 2100 3129 secundum
2132 3072 2542 3138 remissionem,
2572 3091 2694 3143 quae
2740 3091 2800 3129 se
2843 3074 3057 3145 species
3086 3074 3265 3143 magis
3294 3075 3393 3128 de-

1794 3165 1973 3217 clarat
1992 3163 2291 3230 cantando,
2307 3162 2626 3216 ordinatum
2649 3181 2770 3218 esse
2791 3164 3031 3229 noveris,
3056 3180 3170 3217 non
3191 3180 3392 3218 secun-

1794 3253 1927 3308 dum
1970 3253 2366 3318 intensionem,
2421 3252 2553 3306 licet
2597 3252 2838 3307 intensio
2879 3253 3089 3323 ubique
3137 3253 3293 3324 prior
3322 3253 3397 3308 sit

1796 3358 1962 3414 quam
1992 3341 2266 3407 remissio,
2301 3345 2366 3394 ut
2401 3340 2459 3394 in
2509 3357 2662 3408 arcu,
2721 3347 2786 3396 ut
2831 3342 2888 3395 in
2935 3341 3143 3411 sagitta
3170 3358 3395 3397 sursum

1795 3432 2022 3493 directa,
2045 3436 2110 3485 ut
2134 3431 2188 3484 in
2221 3430 2439 3501 pluvia;
2463 3430 2580 3484 haec
2610 3430 2756 3485 enim
2787 3436 2845 3485 et
2866 3430 3187 3500 hujusmodi
3205 3432 3397 3486 omnia

1795 3520 1950 3591 prius
1995 3520 2384 3586 intenduntur,
2418 3535 2587 3590 quam
2639 3519 2755 3585 illo,
2802 3520 2950 3575 unde
2999 3520 3393 3591 procedebant,

1799 3610 2178 3664 remittantur.
2201 3609 2453 3680 Denique
2475 3615 2532 3663 et
2559 3609 2773 3680 species
2793 3610 3027 3680 singulae
3045 3610 3242 3665 ordine
3264 3627 3400 3682 pra:-

1799 3699 1947 3753 dicto
1998 3700 2067 3754 de
2101 3699 2459 3753 tetrachordo
2503 3699 2561 3752 in
2608 3699 3029 3754 tetrachordum
3075 3700 3309 3755 intensze
3350 3700 3401 3755 si

1798 3789 2180 3853 remittantur,
2202 3788 2364 3841 initio
2381 3794 2605 3858 sumpto
2632 3788 2702 3842 ab
2722 3788 2962 3854 ultimis,
2975 3788 3071 3843 ubi
3094 3789 3399 3844 terminum

1801 3895 1994 3932 earum
2022 3877 2344 3942 statuimus,
2371 3894 2566 3931 onmes
2596 3878 2791 3932 eadem
2822 3877 2929 3942 via,
2963 3895 3075 3949 qua
3105 3886 3398 3947 venerunt,

1801 3968 1873 4021 ad
1903 3966 2209 4038 principale
2238 3966 2657 4019 tetrachordum
2703 3967 2856 4020 velut
2898 3966 2969 4020 ad
3013 3966 3247 4037 originis
3285 3970 3401 4021 suae

1802 4056 2012 4110 fontem
2062 4062 2408 4121 recurrunt;
2461 4071 2802 4125 quamquam
2849 4058 3031 4108 omnis
3086 4055 3330 4109 melodia
3367 4071 3402 4109 a

1804 4144 2097 4217 principali
2140 4144 2408 4214 digressa,
2445 4160 2479 4197 a
2507 4144 2681 4209 ﬁnali,
2712 4149 2777 4197 ut
2806 4143 3180 4213 praediximus,
3213 4144 3403 4199 mode-

1794 4230 1980 4296 retur,
2014 4242 2244 4303 regatur
2268 4233 2388 4302 jam
2416 4237 2475 4285 et
2503 4232 2862 4302 dijudicetur.

1878 4323 2050 4378 OTHL.
2101 4323 2262 4376 Nunc
2306 4321 2497 4391 igitur,
2534 4321 2927 4375 dilectissime!
2959 4321 3092 4393 quia
3126 4326 3184 4377 et
3209 4322 3269 4376 in
3296 4321 3403 4376 hac

121 4412 483 4484 principium,
519 4410 628 4464 nisi
656 4408 962 4480 principale
989 4408 1411 4462 tetrachordum
1431 4407 1455 4460 7
1474 4407 1558 4461 vel
1589 4407 1721 4478 quid
1739 4400 1786 4458 D
1807 4412 2111 4483 quaestione
2133 4410 2473 4479 satisfecisti,
2489 4415 2614 4482 post
2633 4409 3066 4481 pulcherrimam
3098 4428 3128 4467 e
3156 4411 3405 4466 naturali

118 4502 377 4573 ipsarum
405 4499 835 4563 consummatio,
893 4497 1002 4551 nisi
1048 4497 1392 4551 tetrachordi
1430 4496 1614 4551 ﬁnalis
1659 4514 1724 4550 ex

120 4591 427 4664 principali
470 4590 735 4661 genitura
782 4588 1037 4660 quaedam
1084 4593 1142 4642 et
1176 4587 1513 4659 productio?
1543 4587 1725 4642 Simili

118 4682 289 4736 modo
349 4681 410 4734 in
455 4677 855 4733 constitutione
902 4676 1215 4748 specierum
1255 4676 1519 4747 diapente
1557 4682 1729 4731 tetra-

116 4770 400 4824 chordum
427 4767 782 4839 superiorum
809 4783 873 4820 ex
901 4766 1143 4827 ﬁnali.et
1159 4782 1226 4820 ex
1254 4766 1727 4837 subsequentibus

112 4858 422 4931 speciebus
445 4858 717 4911 excellens
750 4872 817 4910 ex
853 4855 1129 4926 superiori
1170 4855 1439 4926 procedit.
1491 4854 1582 4909 Sic
1609 4854 1729 4909 sin-

112 4950 393 5019 gulorum
406 4945 896 5001 tetrachordorum
917 4945 988 4999 ad
1008 4953 1299 5016 troporum
1315 4944 1729 5000 institutionem

115 5037 529 5111 spectantium,
560 5037 757 5107 prima;
791 5051 856 5088 ex
886 5033 1211 5106 principalis
1238 5034 1583 5088 tetrachordi
1612 5035 1733 5105 pri-

115 5145 229 5192 ma,
264 5130 357 5181 sic
382 5142 577 5180 omnes
602 5123 859 5179 secundae
888 5140 955 5177 ex
982 5123 1157 5194 ipsius
1174 5123 1437 5187 secunda,
1466 5124 1734 5179 sictertite

115 5231 181 5270 ex
210 5216 420 5277 tertia,
452 5221 509 5269 et
539 5220 752 5285 quartae
782 5230 846 5267 ex
867 5219 1067 5284 quarta
1097 5213 1256 5283 quasi
1286 5230 1352 5266 ex
1383 5219 1625 5284 quatuor
1645 5214 1735 5268 di-

112 5324 301 5361 versae
331 5312 552 5358 naturae
578 5303 872 5359 elementis
895 5302 1299 5374 producuntur,
1345 5303 1460 5357 sive
1499 5308 1633 5359 nata
1655 5310 1738 5358 to-

1804 4502 2052 4556 thalamo
2081 4517 2182 4555 suo
2210 4500 2520 4571 specierum
2545 4500 2892 4554 diatessaron
2908 4505 2965 4554 et
2992 4500 3257 4572 diapente
3271 4517 3406 4573 pro-

1807 4590 2147 4653 ductionem,
2178 4595 2306 4660 post
2333 4589 2817 4643 tetrachordorum
2838 4590 3408 4662 processionem,post

1807 4680 2071 4735 subtilem
2101 4679 2431 4750 primarum,
2460 4679 3155 4745 secundarum,tertiarum
3174 4685 3229 4734 et
3243 4695 3408 4751 quar-

1809 4774 1997 4824 tarum
2027 4768 2362 4822 chordarum
2394 4784 2459 4821 ex
2482 4767 2843 4822 tetrachordo
2874 4768 3192 4840 principali,
3224 4785 3289 4824 ac
3308 4786 3411 4841 per

1810 4860 1916 4914 hoc
1944 4857 2253 4911 harmoniae
2273 4857 2465 4914 totius.
2493 4862 2558 4911 ut
2587 4857 2944 4927 promiseras,
2979 4857 3407 4925 derivationem,

1813 4948 2080 5019 diapason
2112 4963 2333 5018 quoque
2361 4946 2573 5017 species
2605 4946 2801 5000 eodem
2826 4963 3013 5018 quaeso
3043 4948 3265 5015 decore,
3297 4963 3408 5018 quo

1815 5042 1872 5094 et
1909 5037 2172 5104 minores,
2206 5036 2377 5091 facias
2401 5035 2723 5107 procedere.

2264 5216 2335 5270 De
2364 5216 2632 5284 speciebus
2662 5216 2956 5283 Diapason.

1888 5306 2078 5360 WILH.
2108 5305 2189 5359 De
2220 5304 2509 5376 speciebus
2537 5303 2806 5375 diapason
2831 5303 2963 5374 quid
2988 5301 3228 5372 amplius
3248 5316 3413 5356 nosse

115 5396 205 5449 nis
233 5395 603 5450 derivantur.
1819 5395 2062 5458 laboras,
2105 5394 2213 5448 nisi
2236 5395 2385 5465 quod
2413 5410 2608 5448 omnes
2638 5392 2837 5447 musici
2857 5389 3417 5450 asseverant,scilicet

187 5486 388 5541 OTHL.
422 5484 655 5537 Placent
682 5487 878 5537 cuncta
898 5481 1202 5538 admodum
1225 5499 1347 5554 qua:
1367 5481 1528 5549 dicis,
1553 5488 1610 5538 et
1629 5500 1743 5538 non
1825 5489 2039 5555 septem
2069 5498 2190 5538 esse
2210 5483 2515 5538 secundum
2547 5487 2762 5553 septem
2777 5479 3105 5534 discrimina
3119 5495 3335 5543 vocum,
3359 5486 3418 5535 et

114 5574 319 5630 solum
368 5572 488 5628 haec
539 5572 844 5644 perpendo,
878 5571 977 5627 sed
1020 5577 1078 5627 et
1124 5572 1235 5626 alia
1285 5573 1542 5644 quaedam
1587 5572 1745 5645 prius
1828 5573 1961 5646 quia
1998 5573 2195 5629 eadem
2241 5570 2572 5628 discrimina
2608 5571 2669 5625 in
2712 5567 3091 5625 monochordo
3130 5568 3421 5639 geminata
