3950 6168
484 221 628 281 nos
822 188 825 191 ’
1502 220 1562 274 s.
1601 219 1993 275 GUILLELMI
2031 221 2344 278 senatus
2382 224 2723 280 HIRSAUG.
3565 228 3679 287 me

494 353 650 425 sunt,
674 348 917 422 primum
953 363 989 402 a
1036 346 1221 418 primo
1259 344 1585 400 discrimine
1621 346 1693 399 ad
1733 345 2000 415 primum;
2032 347 2093 402 id
2104 349 2355 410 Ardonec
2388 350 2572 404 tenaci
2623 352 2915 407 memoria
2965 352 3295 420 committas,
3332 353 3430 425 quil
3457 355 3682 410 maritum

489 444 597 504 est,
626 438 697 492 ab
726 440 792 492 Α.
818 437 887 491 ad
917 453 972 490 a.
1003 435 1305 490 secundam
1336 451 1371 487 a
1389 435 1635 496 secundo
1663 435 1733 488 ad
1753 436 2083 501 secundum,
2167 455 2326 492 error
2338 444 2454 493 tam
2484 439 2717 494 scientia
2737 440 3210 514 de'vitdtuhquam
3230 443 3515 512 ignorantia
3538 444 3684 497 incur-

485 527 545 583 id
571 536 676 591 est,
700 543 745 580 a.
783 526 849 580 B.
884 526 945 579 in
993 525 1038 596 η.
1089 523 1414 590 ascendere,
1446 523 1636 594 sicque
1673 525 1972 579 semitonio
2001 527 2086 579 vel
2167 528 2333 581 ritur.
2369 529 2511 583 item
2540 531 2901 583 tetrachorda
2930 531 3234 601 principale
3261 539 3315 585 et
3339 532 3590 593 excellens,
3615 548 3685 586 su-

488 621 624 670 tono
643 631 744 687 per
762 615 988 669 ordines
1009 613 1325 667 litterarum
1345 613 1635 678 scandere,
1653 613 1829 667 donec
1847 614 2089 684 septima
2170 616 2389 685 periori
2423 634 2493 671 ea
2541 618 2844 681 mediante.
2878 620 2925 672 si
2977 636 3009 673 e
3048 620 3264 674 diverso
3311 620 3551 681 conferas,
3589 622 3686 675 aliae

485 704 545 759 in
572 722 627 776 g.
664 709 997 776 superacuta
1028 702 1277 756 ﬁniatur.
1956 758 1961 769 ,
2169 713 2412 775 quatuor
2440 707 2651 778 species
2675 707 2945 779 diapason
2983 710 3258 763 consimili
3302 714 3495 763 natura
3524 716 3687 764 amata

540 788 746 857 ,O'r'nL.
778 794 835 849 Si
860 800 942 858 tu,
969 809 1135 864 quem
1166 799 1383 846 naturae
1408 792 1623 846 Niliaco
1652 791 2091 846 fonteoceultio-
2168 795 2537 865 apparebunt.
2568 797 2761 850 Prima
2786 797 2937 851 item'
2964 798 3231 868 diapason
3275 798 3471 869 species
3493 814 3522 851 a
3544 799 3693 869 prima

488 884 570 947 ris
617 882 1110 953 investigatoribus
1163 899 1274 936 non
1320 883 1511 952 paucis
1558 882 1717 935 facile
1757 884 2085 953 pertulerim
2168 884 2422 937 ﬁnalium
2458 885 2520 938 ι).
2570 892 2630 938 et
2671 902 2706 939 a
2761 885 2944 956 prima
2971 887 3353 941 oncellentium
3391 888 3442 940 d.
3473 886 3686 957 quoniam

491 972 560 1047 [ι.
587 973 953 1045 praetulerim]
982 973 1127 1026 hanc
1153 972 1464 1042 specierum
1504 970 1773 1042 diapason
1812 972 2089 1026 constitu-
2169 988 2404 1027 numero
2450 974 2701 1044 duplices
2744 982 2894 1038 sunt,
2943 976 3090 1030 sicut
3112 983 3172 1030 et
3198 976 3687 1047 quarta‘continetur,

491 1063 707 1128 tionem
735 1079 820 1129 ea,
854 1078 966 1133 qua
1007 1061 1333 1132 promisisti,
1378 1061 1598 1114 ratione
1642 1059 1982 1132 probaveris,
2028 1062 2088 1115 id
2169 1062 2267 1115 sed
2289 1062 2400 1117 alio
2439 1063 2762 1118 medietatis
2806 1065 3045 1129 vinculo,
3074 1065 3285 1119 scilicet
3304 1065 3471 1136 prima
3493 1067 3693 1136 periei

491 1152 777 1223 est,.quod
805 1168 838 1204 a
866 1150 1271 1222 principalibus
1292 1150 1660 1204 tetrachordis
1688 1149 1958 1204 inoll‘enso
1987 1166 2093 1204 na-
2168 1167 2292 1205 rum
2323 1167 2376 1205 a.
2410 1152 2711 1207 medietate
2730 1154 3509 1224 compaginatur.Secundaab
3532 1154 3690 1208 utrius-

489 1241 693 1295 turalis
720 1239 933 1294 ordinis
962 1240 1105 1310 pede
1152 1256 1453 1310 progressa
1496 1239 1590 1300 sit,
1622 1239 1761 1293 nihil
1799 1247 1901 1304 est,
1937 1240 2087 1310 quod
2170 1256 2283 1310 que
2306 1242 2682 1297 tetrachordis
2708 1243 3061 1308 secundis,'id
3091 1252 3178 1298 est
3207 1245 3269 1298 E.
3298 1249 3413 1298 ete.
3441 1242 3691 1306 cohibetur,

489 1330 641 1384 ultra
668 1330 737 1383 de
764 1329 854 1383 his
884 1345 1132 1399 quaerere
1161 1327 1429 1382 laborem.
2169 1335 2227 1382 et
2255 1346 2289 1383 a
2317 1332 2564 1385 secunda
2589 1332 2943 1403 superiorum
2974 1333 3696 1403 hcoadunaturfl‘ertiaster-

560 1414 750 1472 Witn.
774 1418 1010 1489 Antiqui
1039 1424 1097 1471 et
1124 1418 1379 1472 moderni
1411 1417 1637 1472 musicae
1663 1417 1806 1471 artis
1830 1423 2089 1471 auctores
2169 1418 2287 1486 tiis,
2318 1419 2375 1474 id
2407 1426 2495 1474 est
2515 1420 2575 1474 F.
2607 1427 2666 1475 et
2693 1421 2731 1474 f.
2777 1422 3197 1491 constringitur,
3228 1421 3697 1492 sedo-superiorum

494 1508 679 1561 multa
735 1507 1009 1578 scripsere
1064 1506 1398 1577 probabilia,
1428 1507 1607 1560 multa
1645 1507 1804 1560 utilia
1842 1512 1901 1560 et
1929 1507 2087 1561 valde
2174 1508 2349 1562 tertia
2380 1526 2430 1563 c.
2464 1509 3088 1580 distinguitdr.Quarta
3113 1511 3249 1565 item
3277 1528 3311 1564 a
3332 1510 3548 1581 quartis,
3571 1509 3618 1562 id
3638 1514 3702 1563 est

496 1596 834 1659 necessaria,
869 1590 1005 1667 quin
1035 1595 1208 1649 immo
1246 1597 1458 1666 primas
1486 1597 1740 1665 ejusdem
1767 1596 1904 1649 artis
1932 1596 2089 1650 inve.
2173 1594 2240 1650 G.
2269 1605 2325 1650 et
2349 1615 2411 1667 g.
2434 1598 2950 1669 comprehenditur,
2972 1605 3030 1653 et
3058 1616 3090 1653 a
3111 1607 3316 1670 quarta
3340 1596 3701 1670 superiorumd.

488 1702 626 1740 nere
650 1702 839 1752 venas,
857 1686 1039 1757 ipsum
1060 1701 1281 1755 quoque
1302 1684 1759 1755 limpidissimum
1791 1684 2088 1748 fontem,id
2109 1674 2552 1763 B’connectitur.
2606 1688 2807 1741 Nonne
2832 1688 3026 1759 prim
3053 1689 3324 1759 diapason
3350 1687 3547 1759 species
3570 1694 3617 1739 et
3637 1685 3701 1738 dio

492 1781 597 1837 est,
627 1774 938 1847 principale
963 1774 1382 1828 tetracliordum
1433 1774 1675 1844 quodam
1704 1773 2087 1844 Peripateticae
2172 1776 2365 1830 condas
2390 1783 2542 1840 sunt,
2577 1783 2635 1830 et
2657 1793 2802 1831 veras
2828 1784 2982 1845 sunt,
3010 1792 3136 1847 qua:
3162 1795 3195 1831 a
3224 1777 3417 1849 primis
3439 1776 3631 1831 chordis
3663 1780 3708 1828 et

489 1863 728 1929 rationis
771 1880 837 1917 ex
884 1869 1044 1934 parte
1095 1863 1354 1916 detexere
1393 1850 1648 1924 fossorio,
1682 1861 1814 1915 licet
1859 1862 2087 1932 quidam
2173 1865 2532 1919 extremitate
2561 1866 2939 1931 continentur,
2974 1873 3031 1920 et
3061 1867 3362 1920 medietate
3409 1866 3704 1935 distinguun-

495 1952 724 2007 illarum
752 1958 996 2023 quatuor
1025 1969 1235 2016 rerum,
1269 1952 1326 2005 in
1357 1950 1561 2022 quibus
1593 1951 1733 2004 artis
1770 1950 2089 2020 bujusmodi
2170 1958 2285 2020 tur,
2309 1960 2367 2008 et
2387 1970 2422 2008 a
2442 1955 2638 2025 primis
2658 1955 2942 2010 minorum
2960 1957 3450 2010 consonantiamm‘
3473 1952 3705 2026 speciebus

494 2058 718 2097 summa
746 2041 1022 2107 consistit,
1054 2041 1744 2112 aliquantisperturbante
1772 2040 2093 2109 ignorantia
2173 2043 2592 2101 instituuntur?
2621 2045 2709 2098 An
2740 2061 2864 2115 qua
2912 2062 2948 2099 a
2982 2046 3267 2110 secundis,
3296 2061 3479 2115 quave
3500 2042 3705 2106 sternis,

491 2146 607 2185 non
636 2131 956 2205 perspicuos
1011 2130 1141 2183 inde
1188 2131 1425 2184 haustus
1466 2129 1905 2199 propinaverint.
1932 2130 2093 2184 Unde
2173 2131 2291 2185 sive
2318 2148 2348 2189 a
2381 2131 2605 2202 quartis
2623 2132 2818 2187 eode‘m
2849 2133 3017 2187 modo
3044 2133 3437 2197 infamantur,
3471 2147 3573 2186 non
3608 2135 3712 2184 sunt

494 2234 600 2272 nos
627 2235 729 2289 per
757 2218 950 2271 omnia
992 2216 1387 2271 venerabiliter
1429 2218 1543 2270 illis
1588 2233 1904 2287 assurgere,
1938 2224 1995 2271 et
2038 2217 2090 2272 si
2174 2221 2377 2274 merito
2409 2222 2669 2275 seCundze
2695 2221 2781 2275 vel
2810 2222 3010 2284 tertiae,
3032 2223 3119 2277 vel
3148 2221 3394 2293 quartae?

492 2306 627 2378 quid
654 2305 944 2362 turbidum
989 2306 1299 2365 hauserint,
1352 2306 1571 2360 cautius
1597 2307 1932 2376 perspicere,
1967 2323 2088 2377 per-
2240 2310 2395 2364 OTHL
2441 2311 2661 2365 Potenti
2684 2317 2740 2364 et
2767 2310 3130 2382 insuperabili
3158 2311 3380 2365 ratione
3641 2321 3707 2369 αις

488 2400 856 2473 spectumque
882 2396 1199 2449 humillime
1225 2411 1467 2465 purgare
1487 2402 1709 2466 oportet
1739 2413 1750 2446 :
1785 2396 1935 2465 quod
1963 2403 2085 2450 tum
2169 2414 2295 2468 quae
2325 2399 2635 2469 promisisti
2683 2418 2696 2454 :
2753 2400 2854 2453 sed
2894 2411 3105 2470 perge,
3134 2407 3348 2470 quaeso,
3393 2396 3641 2459 velociter,
3663 2400 3711 2447 ut

488 2485 551 2559 in
564 2492 829 2559 promptu
855 2484 1033 2547 erit,si
1059 2486 1229 2539 Patre
1246 2485 1522 2538 luminum
1547 2484 2081 2552 donante,1ucidam,
2176 2487 2419 2542 Domino
2436 2489 2674 2559 juvante
2708 2488 2780 2542 ad
2830 2490 3090 2543 etfectum
3142 2490 3332 2559 operis
3368 2486 3710 2559 pervenirem-

492 2556 557 2626 ut
585 2573 794 2644 incepi,
824 2590 937 2627 non
995 2574 1178 2627 solum
1226 2573 1540 2643 specierum
1587 2573 1876 2644 diapason.
1918 2589 2087 2643 quam
2170 2577 2309 2633 leas;
2496 2646 2499 2651 η

489 2664 761 2736 postulas,
789 2665 887 2718 sed
916 2670 972 2718 et
998 2665 1252 2719 omnium
1293 2665 1417 2735 pari
1447 2665 1612 2718 modo
1638 2664 2089 2720 memorabilium
2241 2665 2431 2719 WILH.
2464 2666 2663 2737 Itaque
2679 2672 2806 2721 octo
2832 2666 3119 2736 speciebus
3148 2665 3479 2721 naturaliter
3496 2661 3711 2717 constitu-

492 2738 736 2824 quatuor
764 2770 957 2807 rerum
982 2753 1182 2807 seriem
1212 2754 1704 2807 iudissociabiliter
1752 2753 1857 2807 sibi
1906 2755 2089 2810 cohze-
2173 2754 2245 2807 tis
2274 2754 2519 2820 illorum,
2553 2772 2693 2825 quos
2740 2755 2967 2810 abusive
2990 2763 3157 2811 tenes
3182 2756 3399 2819 dieunt,
3427 2759 3540 2808 octo
3561 2760 3710 2821 tropo-

485 2850 709 2923 rentem
739 2860 803 2898 ex
832 2849 949 2897 tam
981 2843 1281 2916 purissimo
1303 2859 1476 2913 quum
1510 2842 1797 2897 verissimo
1823 2844 1974 2898 fonte
1994 2862 2090 2899 na-
2172 2860 2297 2897 rum
2329 2844 2604 2897 naturalis
2634 2844 2816 2898 oritur
2844 2844 3157 2915 dispositio,
3181 2844 3339 2899 itaut
3357 2850 3579 2915 quatuor
3599 2840 3711 2910 prio-

492 2939 635 2991 turaa
656 2933 987 3005 produxero.
1025 2934 1153 3007 lpse
1178 2932 1329 2986 enim
1360 2933 1506 2986 sicut
1542 2949 1668 2986 mox
1698 2932 1891 2987 audita
1918 2938 2088 2988 natu-
2170 2944 2263 2986 res
2294 2933 2351 2985 in
2385 2940 2630 3002 quatuor
2659 2933 3000 3004 subiugales,
3033 2941 3363 3005 et‘quatu'or
3385 2928 3712 3003 sequentesio

487 3012 925 3093 ralispecierum
944 3022 1293 3076 diatessaron
1315 3015 1643 3093 etdiapente
1664 3023 2082 3087 constitutione,
2098 3035 2144 3095 α
2161 3027 2414 3090 ‘quatuor
2452 3023 2807 3077 authenticos
2850 3030 3163 3078 transeant.
3211 3024 3275 3079 Si
3300 3023 3444 3078 enim
3470 3018 3615 3090 tropi,
3640 3014 3712 3087 qui

489 3110 626 3181 quin
654 3106 859 3185 iuipsa
880 3110 1107 3182 quidam
1137 3128 1201 3164 ex
1234 3111 1517 3164 modernis
1544 3112 1832 3176 erraverit,
1863 3112 2085 3181 judica-
2170 3118 2414 3179 quatuor
2445 3119 2581 3166 sunt
2613 3112 2671 3165 in
2703 3119 2908 3166 natura
2930 3129 3031 3182 pro
3051 3112 3423 3167 discernenda
3446 3115 3620 3165 cantus
3640 3122 3714 3159 va-

488 3199 592 3266 sti;
622 3199 703 3255 ita
734 3200 927 3254 statim
972 3206 1265 3271 perspecta
1296 3208 1623 3254 caeterarum
1658 3199 1922 3271 puritate,
1952 3200 2088 3270 quid
2173 3199 2375 3254 rietate
2429 3200 2509 3254 in
2538 3205 2665 3255 octo
2708 3200 3150 3261 distribuantur,
3200 3202 3321 3265 illa,
3356 3217 3475 3272 quae
3510 3197 3715 3269 priorum

487 3287 551 3343 in
585 3288 666 3343 eis
706 3288 955 3360 priorum
1005 3289 1323 3359 ignorantia
1369 3289 1679 3343 turbaverit
1722 3289 2091 3358 musicorum,
2177 3295 2422 3359 quatuor
2454 3290 2770 3360 specierum
2802 3291 3073 3361 diapason
3103 3290 3407 3361 primaest,
3429 3289 3484 3343 in
3506 3285 3717 3356 subjuga-

489 3384 587 3432 aut
615 3394 718 3449 per
744 3384 801 3432 te
828 3384 1089 3453 potenter
1121 3379 1407 3445 decernes,
1439 3386 1540 3432 aut
1566 3395 1656 3431 me
1696 3378 2091 3433 decernentem
2172 3377 2285 3431 lem
2296 3378 3137 3449 proticonvertitur,secundain
3156 3379 3504 3451 subjugalem
3522 3371 3715 3435 deuteri,‘

489 3467 755 3521 velociter
800 3467 1099 3536 intelliges.
1161 3467 1384 3537 Species
1449 3467 1719 3538 diapason
1784 3467 2093 3521 secundum
2173 3482 2278 3523 nec
2312 3483 2424 3520 non
2458 3467 2691 3538 reliquae
2727 3468 2851 3522 duae
2880 3468 2937 3521 in
2966 3468 3106 3521 alias
3136 3468 3303 3533 duos,
3334 3474 3397 3522 ut
3422 3466 3611 3519 dictum
3633 3462 3715 3522 ests

488 3572 789 3610 numerum
817 3555 1185 3628 troporumin
1203 3556 1557 3609 authenticos
1586 3562 1643 3608 et
1660 3556 1983 3626 subjugales
2010 3555 2094 3608 di-
2173 3555 2434 3610 similiter
2459 3556 2573 3620 illa,
2605 3572 2728 3627 quae
2749 3557 2806 3610 in
2826 3555 3189 3628 sequentibus
3213 3564 3458 3627 quatuor
3478 3549 3719 3624 speciebus

490 3644 844 3721 stinctorum,
874 3650 998 3698 octo
1023 3661 1165 3706 esse,
1214 3652 1416 3698 natura
1454 3652 1803 3698 monstrante
1848 3644 2087 3699 manife—
2172 3644 2359 3714 prima
2386 3650 2489 3709 est,
2510 3655 2634 3715 qua;
2663 3645 2814 3698 inter
2834 3645 2901 3699 D.
2935 3651 2992 3698 et
3020 3645 3074 3698 d.
3107 3643 3509 3707 conti'neturjn
3525 3638 3717 3695 authen-

489 3739 640 3810 stum
670 3739 776 3787 est.
816 3733 950 3797 Quae
978 3739 1171 3787 tamen
1219 3733 1499 3787 naturalis
1536 3734 1757 3787 numeri
1786 3733 1983 3787 ordine
2007 3733 2090 3787 ita
2170 3732 2344 3786 ticum
2375 3738 2603 3810 pratum
2627 3734 2995 3801 transfertur;
3026 3733 3273 3788 secunda
3303 3734 3360 3786 in
3387 3729 3716 3786 authenticum

488 3808 877 3897 computandae
922 3838 1039 3876 non
1080 3827 1232 3879 sunt,
1263 3828 1328 3876 ut
1377 3820 1529 3875 dicas
1574 3822 1773 3893 prima,
1819 3822 2083 3879 secunda.
2169 3808 2489 3884 deuteru‘m,
2513 3829 2574 3876 et
2599 3823 2730 3877 item
2757 3830 2970 3877 caeteris
2998 3824 3125 3877 duae
3150 3823 3209 3876 in
3230 3827 3573 3876 remanentes
3591 3816 3715 3869 duos.

487 3911 675 3966 tertia.
712 3917 932 3982 quarta,
967 3911 1183 3982 quinta,
1212 3918 1389 3972 sexta,
1410 3917 1467 3965 et
1486 3911 1567 3965 sic
1593 3913 1663 3965 ad
1685 3918 1937 3965 octavam
1957 3928 2086 3981 per-
2170 3910 2229 3964 Si
2257 3928 2385 3965 vero
2416 3913 2495 3965 ita
2522 3912 2916 3982 disponuntur,
2935 3918 2999 3965 ut
3018 3909 3605 3982 quisqueauthenticus
3622 3905 3719 3973 jun-

486 3988 682 4056 venias
709 4019 720 4050 :
756 4001 855 4054 sed
880 4008 1006 4072 post
1041 4008 1283 4074 quatuor
1309 4001 1514 4055 iterum
1546 4002 1668 4055 aliae
1695 4007 1953 4071 quatuor,
1973 4018 2089 4054 non
2168 4006 2259 4053 cto
2286 4000 2394 4055 sibi
2424 4000 2705 4071 subjugali
2724 4017 2831 4054 suo
2859 4012 3007 4055 unus
3034 4001 3427 4054 inditl‘erenter
3451 4005 3625 4068 tropus
3648 3992 3719 4044 hac

488 4106 524 4144 a
553 4090 770 4170 quinta,
796 4092 896 4145 sed
920 4090 1155 4162 aprima
1174 4090 1705 4160 denuoincipieutes
1725 4090 2087 4144 numeranda;
2170 4089 2389 4153 beatur,
2418 4095 2476 4144 et
2506 4106 2573 4144 ex
2587 4097 2727 4144 octo.
2747 4090 3084 4144 naturaliter
3111 4096 3362 4160 quatuor
3395 4091 3526 4144 ﬁant
3550 4082 3723 4156 speciei

485 4188 621 4235 sunt
636 4187 693 4236 et
714 4180 1325 4250 constituendegitur
1339 4179 1385 4233 si
1411 4178 1768 4233 tetrachordo
1780 4178 2084 4250 principale
2169 4195 2393 4257 quoque
2421 4179 2859 4250 diapason,un
2881 4179 3239 4234 authenticos
3251 4185 3313 4233 et
3330 4172 3720 4248 subjugalisejm

487 4285 554 4324 ac
581 4271 843 4340 superius
872 4287 903 4324 e
921 4270 1152 4340 regione
1172 4285 1465 4340 compares
1480 4274 1538 4322 et
1551 4267 1939 4339 jungas,ﬁnali
1968 4285 2086 4321 me-
2104 4312 2153 4340 n
2170 4267 2276 4321 sibi
2304 4268 2608 4331 vindicant.
2638 4274 2697 4322 et
2721 4269 2869 4323 unde
2890 4273 3168 4329 constant,
3187 4269 3357 4338 jungi
3387 4274 3444 4322 et
3466 4257 3720 4320 eosdunari

489 4343 777 4433 dictatum
809 4366 866 4413 et
911 4358 1263 4413 vinculorum
1304 4358 1420 4411 vice
1467 4346 1822 4428 interposito,
1845 4343 2395 4428 quatuorunecesse
2423 4363 2530 4413 est.
2560 4357 2730 4413 Verbi
2757 4357 2947 4427 gratia
2987 4375 3000 4410 :
3041 4357 3098 4411 in
3128 4362 3363 4428 pratum
3388 4355 3722 4411 indiﬁerenter

491 4447 706 4517 species
736 4448 1010 4520 diapason
1038 4447 1257 4509 exinde,
1290 4463 1433 4517 quas
1460 4446 1769 4511 desideras,
1812 4446 2105 4500 naturalis
2169 4446 2532 4505 statuendum
2573 4446 3097 4518 quatuor'priOrum
3137 4453 3197 4500 et
3237 4453 3484 4517 quatuor
3524 4454 3722 4511 δηναι-

489 4541 647 4613 ortus
685 4543 744 4590 et
772 4536 987 4591 ordinis
1014 4537 1215 4590 decore
1252 4536 1571 4612 precedent.
1616 4530 1870 4606 Denique
1905 4536 2109 4606 prima
2166 4534 2311 4589 tium
2339 4536 2655 4607 specierum.
2683 4536 2818 4592 duae
2850 4537 3047 4607 primas
3087 4540 3453 4599 concurrunt,
3480 4546 3600 4596 una,
3625 4540 3723 4598 qua

488 4623 702 4695 species
747 4625 1019 4697 diapason
1054 4642 1090 4679 a
1127 4625 1311 4696 prima
1357 4624 1613 4696 gravium
1648 4626 1717 4679 A.
1758 4631 1817 4678 et
1842 4640 1881 4677 a
1904 4624 2087 4695 prima
2168 4629 2254 4676 est
2287 4623 2357 4677 ab
2387 4626 2454 4678 A.
2486 4625 2549 4678 in
2575 4641 2628 4681 a.
2652 4624 2851 4690 altera,
2886 4640 3009 4695 quae
3036 4630 3124 4679 est
3149 4641 3187 4679 a-
3210 4625 3280 4679 D.
3312 4624 3449 4679 ind.
3478 4622 3537 4676 in
3559 4619 3723 4673 deute-

487 4713 839 4787 superiorum
869 4730 923 4767 a.
955 4714 1295 4775 continetur,
1326 4719 1385 4767 et
1411 4730 1453 4766 a
1493 4713 1697 4784 prima,
1721 4712 1977 4767 fmalium
2013 4714 2081 4768 D.
2166 4728 2294 4765 rum
2328 4712 2635 4767 indiscrete
2654 4714 3109 4784 componendum.
3130 4720 3499 4787 utrarumque
3522 4710 3725 4779 quam!

485 4798 792 4857 medietate
816 4800 1202 4873 distinguitur.
1250 4801 1506 4856 Secunda
1535 4801 1669 4854 item
1697 4800 1769 4855 ab
1788 4801 2085 4872 utriusque
2167 4801 2482 4871 specierum
2516 4803 2772 4858 secundae
2800 4803 3156 4863 conveniunt,
3180 4819 3298 4857 una
3317 4818 3440 4873 qua:
3457 4805 3584 4855 ests
3603 4794 3655 4848 B.
3675 4790 3723 4844 in

482 4890 855 4945 tretrachordi
874 4890 1160 4954 secundis,
1190 4891 1252 4945 id
1277 4898 1364 4945 est
1390 4891 1449 4947 B.
1484 4896 1539 4944 et
1566 4890 1611 4960 Η.
1654 4891 2085 4961 comprehendi-
2167 4890 2193 4962 η
2230 4891 2405 4945 altera
2440 4908 2562 4962 quae
2593 4898 2678 4946 est
2705 4891 2801 4946 ab-
2823 4893 2881 4945 li.
2932 4893 2991 4946 in
3021 4909 3057 4945 e
3104 4891 3168 4947 In
3196 4892 3401 4946 tritum
3423 4880 3723 4956 conjuncti“

482 4983 598 5043 tur,
621 4984 679 5033 et
706 4996 741 5032 a
762 4979 1009 5033 secunda
1034 4979 1289 5032 ﬁnalium
1319 4979 1381 5033 E.
1406 4974 1775 5035 connectitur.
1798 4979 1937 5033 Item
1966 4985 2084 5033 ter-
2166 4979 2585 5035 informandum
2629 4981 2926 5052 utriusque
2947 4980 3159 5036 ordinis
3188 4981 3377 5055 tertia
3397 4980 3602 5033 coeunt.
3630 4982 3725 5023 mni

479 5068 560 5122 tia
588 5085 621 5121 a
649 5068 851 5129 tertiis,
885 5068 943 5122 id
968 5067 1134 5122 estC.
1160 5074 1279 5122 etc.
1312 5068 1650 5138 implicatur,
1681 5075 1736 5122 et
1764 5085 1798 5121 a
1829 5069 2079 5123 finalium
2166 5085 2288 5139 quae
2316 5075 2405 5123 est
2432 5069 2499 5123 ab
2527 5070 2588 5125 Ο.
2608 5070 2675 5129 in
2705 5088 2759 5124 c.
2791 5071 2969 5124 altera
2992 5087 3115 5141 qua)
3143 5076 3230 5127 est
3259 5085 3293 5122 a
3320 5069 3383 5128 F.
3415 5068 3473 5121 in
3499 5065 3533 5118 f.
3562 5061 3623 5116 In
3650 5064 3713 5110 te-

478 5158 649 5212 tertia
672 5158 733 5212 F.
767 5157 1146 5227 conjungitur.
1173 5158 1385 5221 Quarta
1412 5157 1547 5210 item
1577 5174 1617 5209 a
1648 5158 1884 5229 quartis,
1916 5158 1973 5211 id
1994 5165 2079 5211 est
2160 5158 2422 5213 trardum
2440 5159 2619 5213 simili
2648 5160 2813 5214 modo
2838 5159 3288 5234 continuandum-
3302 5162 3519 5227 quartae
3545 5144 3721 5207 (λιτοδί-

430 5245 448 5265 ⁸
474 5248 545 5303 D.
578 5253 635 5302 et
663 5248 717 5302 d.
738 5248 1062 5309 includitur,
1097 5252 1156 5300 et
1181 5253 1445 5319 aquarta
1476 5247 1729 5302 tinalium
1751 5248 1818 5301 G.
1850 5247 2075 5318 propria
2158 5263 2265 5317 que
2311 5264 2371 5301 se
2411 5254 2733 5313 conserunt,
2785 5262 2925 5305 una?
2945 5265 3070 5319 quia
3110 5254 3198 5302 est
3242 5246 3370 5301 a-D.
3396 5243 3538 5299 ind.
3568 5239 3721 5293 altera

475 5322 726 5419 et‘quasi
750 5334 1091 5392 hereditaria
1120 5335 1422 5407 nativaque
1444 5336 1577 5390 sede
1603 5334 1937 5391 vinculatur.
1957 5336 2071 5390 Has
2155 5351 2278 5405 quae
2306 5340 2394 5389 est
2419 5352 2454 5389 a
2482 5335 2554 5391 G.
2585 5336 2644 5390 in
2661 5353 2719 5406 g.

475 5432 675 5482 autem
722 5426 967 5503 duas
1015 5429 1076 5499 et
1122 5424 1178 5478 d.
1225 5423 1493 5480 biformes
1516 5441 1663 5480 .esse
1701 5440 1769 5480 ac
1794 5425 2066 5497 duplices,

471 5514 959 5587 pernecessarium
977 5519 1096 5585 est,
1107 5518 1175 5577 ut
1189 5513 1401 5586 saepius
1410 5514 2065 5586 recogitudomines,
