3886 6172
442 282 583 341 1159

938 344 948 357 ⁸
969 348 994 381 ἢ

516 498 584 553 In
614 515 724 570 qua
751 498 1022 553 nimirum
1068 498 1249 567 ﬁgura
1292 502 1469 552 totam
1511 504 1782 570 susceptae
1811 517 1845 554 a
1876 499 2038 555 nobis

445 588 693 643 materiae
714 587 1129 659 abyssum,qu:e
1146 588 1264 657 jam
1298 586 1354 640 in
1387 587 1525 640 satis
1556 588 1731 642 latum
1763 589 2038 643 constitu-

443 675 612 729 tionis
639 676 887 729 omnium
918 676 1227 746 specierum
1260 692 1325 729 ac
1347 675 1729 746 dispositionis
1742 683 2035 748 troporum

441 782 631 836 aequor
657 766 971 819 collationis
1019 770 1223 818 nostra!
1272 765 1442 818 ductu
1489 765 1691 818 diffusa
1738 773 1842 827 est,
1885 768 2040 822 velut

438 854 582 908 intra
614 854 929 924 parvissimi
982 854 1088 906 laci
1137 852 1448 922 marginem
1500 854 1744 908 naturali
1795 856 2035 925 quodam

436 947 574 997 aestu
602 948 886 1013 receptum
916 943 1323 1011 collectumque
1355 940 1652 995 mirabere.
1690 941 1870 996 Habet
1888 944 2037 997 enim

443 1038 745 1103 quaternos
771 1032 1029 1085 tramites
1059 1031 1115 1084 in
1136 1030 1255 1084 vice
1278 1036 1522 1101 quatuor
1542 1032 1884 1086 naturalium
1917 1038 2035 1087 tro-

439 1138 662 1193 porum,
694 1121 751 1174 id
774 1126 876 1175 est.
906 1137 1029 1174 cum
1062 1119 1453 1189 subjugalibus
1492 1120 1777 1175 unitorum
1801 1123 2032 1192 positos,

441 1228 681 1283 quorum
728 1210 934 1280 singuli
983 1209 1233 1279 ejusdem
1274 1209 1442 1279 tropi,
1466 1211 1626 1279 cujus
1658 1210 1915 1265 obtinent
1952 1213 2037 1265 vi-

440 1303 830 1369 cem,quatuor
867 1297 1039 1351 etiam
1069 1296 1468 1367 principalibus
1489 1297 1712 1351 chordis
1736 1304 1863 1369 post
1883 1304 2037 1353 certa

440 1388 790 1442 diatessaron
838 1392 895 1441 et
940 1387 1220 1457 diapente,
1271 1386 1388 1440 sive
1439 1387 1708 1457 diapason
1738 1388 1920 1459 spatia
1948 1389 2036 1443 in-

447 1478 640 1548 scripti
669 1476 844 1530 totius
868 1477 985 1546 jam
1011 1476 1259 1529 decursa;
1290 1476 1628 1529 narrationis
1648 1476 2033 1532 brevissimam

442 1572 499 1621 et
528 1572 716 1620 tamen
762 1564 1143 1636 plenissimam
1190 1565 1718 1636 apertissimamque
1763 1567 2038 1637 recapitu-

439 1654 709 1709 lationem
760 1653 1048 1707 continere
1096 1653 1431 1724 probantur.
1476 1654 1656 1707 Tanta
1702 1654 1906 1725 quippe
1930 1654 2029 1718 vis,

440 1744 782 1813 eﬂ‘ectusque
833 1741 1085 1813 potentia
1134 1742 1281 1796 inest
1329 1742 1732 1813 principalibus
1788 1743 2094 1828 chordis;B

439 1832 588 1904 quod
630 1839 687 1886 et
729 1848 902 1903 supra
948 1832 1274 1897 memoravi,
1308 1838 1373 1886 ut
1419 1833 1535 1887 haec
1580 1832 1760 1886 brevis
1809 1833 2030 1886 illarum

437 1922 706 2001 connexio
737 1938 879 1992 pene
922 1922 1196 1981 omnium,
1225 1938 1347 1992 quae
1390 1923 1509 1992 jam
1542 1927 1693 1976 tacta
1738 1922 1823 1976 vel
1853 1922 2035 1975 adhuc
2068 1968 2075 1977 ,

442 2011 726 2081 tangenda
758 2017 909 2076 sunt,
941 2010 1344 2082 plenitudinem
1380 2011 1720 2065 contineant.
1750 2012 1812 2065 In
1834 2011 2033 2065 ultimo

445 2100 594 2154 enim
626 2099 877 2163 tramite,
899 2100 993 2170 qui
1017 2105 1177 2170 proto
1199 2099 1596 2170 praetitulatur,
1612 2100 1826 2170 primus
1848 2099 2033 2154 omni-

442 2188 546 2243 bus
566 2188 833 2250 collectis,
862 2194 919 2241 et
956 2188 1027 2241 ab
1058 2188 1315 2251 invicem,
1347 2187 1427 2241 ita
1458 2194 1521 2242 ut
1548 2189 1605 2241 in
1632 2189 2028 2255 monochordo,

438 2276 939 2349 proportionaliter
967 2276 1254 2346 sejunctis,
1288 2276 1503 2348 liquido
1530 2277 1843 2348 inspicitur,
1868 2284 1928 2332 ut
1962 2280 2027 2333 A.

441 2372 497 2421 et
526 2367 593 2420 D.
626 2366 771 2420 sicut
800 2365 859 2419 in
888 2366 1287 2420 constitutione
1317 2366 1632 2436 specierum
1679 2367 1890 2421 dictum
1924 2373 2026 2433 est,

442 2455 682 2527 primam
704 2455 943 2526 speciem
973 2455 1324 2509 diatessaron
1353 2456 1420 2509 D.
1454 2460 1511 2509 et
1535 2473 1584 2510 a.
1623 2456 1862 2527 primam
1901 2474 2030 2527 spe-

440 2544 582 2598 ciem
606 2544 868 2615 diapente
898 2561 950 2597 a.
983 2548 1041 2598 et
1062 2545 1116 2597 d.
1149 2544 1387 2614 primam
1410 2544 1615 2599 iterum
1646 2545 1887 2615 speciem
1918 2546 2035 2599 dia-

435 2638 710 2698 tessaron,
742 2638 799 2687 et
831 2640 1056 2687 rursum
1078 2633 1144 2688 A.
1180 2641 1234 2687 et
1286 2650 1344 2689 a.
1378 2633 1619 2703 primam
1649 2634 1887 2705 speciem
1920 2635 2036 2689 dia-

435 2739 632 2793 pason,
678 2722 925 2792 itemque
955 2722 1020 2776 D.
1053 2727 1111 2776 et
1135 2721 1189 2776 d.
1220 2721 1457 2792 primum
1492 2723 1730 2793 speciem
1764 2723 2034 2795 diapason

435 2812 800 2877 concludant;
834 2817 890 2865 et
910 2815 974 2864 ut
1003 2810 1359 2865 authenticus
1390 2816 1582 2882 protus
1605 2828 1668 2865 ex
1698 2812 1821 2883 ipsa
1843 2816 2034 2881 prima

436 2901 619 2973 specie
644 2900 935 2971 diapason,
960 2917 1085 2970 qua:
1101 2904 1187 2953 est
1209 2916 1242 2953 a
1267 2901 1326 2954 D.
1358 2900 1414 2953 in
1448 2901 1500 2954 d.
1528 2907 1763 2964 constet,
1790 2902 2032 2956 mediam

439 2990 855 3045 distinctionem
878 2989 1086 3043 faciens
1113 2988 1170 3044 in
1199 3007 1257 3045 a.
1280 2994 1337 3043 et
1357 2988 1426 3043 ab
1451 2990 1646 3044 eadem
1680 3009 1732 3045 a.
1766 2990 2034 3045 diatessa-

443 3096 546 3134 ron
597 3079 874 3150 superius,
909 3079 1172 3149 diapente
1204 3084 1393 3133 autem
1425 3078 1638 3133 habens
1667 3079 1934 3147 inferius;
1975 3086 2092 3151 etC

437 3170 715 3240 quomodo
746 3168 1055 3238 subjugalis
1086 3169 1206 3238 ejus
1234 3185 1300 3221 ex
1330 3167 1425 3221 illa
1471 3169 1652 3239 prima
1690 3169 1873 3240 specie
1903 3169 2026 3223 dia-

436 3275 632 3329 pason,
660 3274 782 3328 quae
814 3264 901 3311 est
944 3256 1013 3310 ab
1054 3258 1121 3311 A.
1155 3258 1213 3311 in
1252 3274 1303 3311 a.
1337 3258 1627 3319 consistat,
1670 3258 1912 3312 mediam
1946 3259 2028 3312 di-

437 3346 795 3401 stinctionem
830 3351 1087 3399 statuens
1117 3345 1175 3398 in
1206 3344 1272 3402 D.
1299 3351 1351 3399 et
1373 3363 1541 3416 supra
1560 3346 1814 3399 eamdem
1831 3346 2025 3401 D.dia-

434 3439 624 3506 pente,
656 3433 804 3487 infra
835 3450 963 3487 vero
990 3433 1338 3487 diatessaron
1382 3450 1708 3500 assumens;
1752 3441 1807 3489 et
1834 3451 2028 3505 quem-

432 3523 736 3577 admodum
771 3523 855 3575 hae
879 3522 1004 3575 duze
1044 3522 1259 3593 species
1298 3522 1568 3593 diapason
1610 3524 2024 3594 protumindif-

434 3610 682 3666 ferenter
729 3610 1031 3665 conﬁciant
1076 3610 1294 3665 duabus
1327 3612 1528 3666 mediis
1573 3612 2025 3667 distinctionibus

433 3700 751 3765 dilatatam,
784 3706 840 3753 et
869 3716 1036 3769 quam
1069 3699 1296 3754 omnino
1339 3700 1595 3755 mirando
1643 3702 2027 3757 moderamine

433 3794 649 3843 natura:
681 3788 862 3842 omnis
892 3788 1198 3858 primarum
1221 3788 1558 3844 chordarum
1576 3791 1828 3861 operatio
1844 3792 2027 3846 solum

432 3882 660 3949 protum
685 3875 1007 3931 constituat.

503 3966 775 4021 Similiter
802 3967 859 4020 in
881 3966 1125 4020 secundo
1154 3967 1401 4033 tramite,
1429 3968 1523 4038 qui
1554 3968 1786 4024 deutero
1825 3970 2025 4041 praesi-

429 4062 655 4128 gnatur,
687 4056 948 4110 secundis
969 4055 1258 4123 omnibus;
1286 4062 1457 4128 atque
1488 4057 1544 4111 in
1575 4063 1650 4111 tcl
1666 4059 1764 4124 tio,
1784 4059 1878 4129 qui
1892 4060 2027 4113 trito

429 4150 798 4219 praenotatur,
831 4144 1094 4198 omnibus
1142 4145 1369 4213 tertiis;
1400 4163 1503 4201 nec
1544 4163 1656 4201 non
1702 4147 1762 4201 in
1802 4153 2021 4218 quarto,

429 4236 527 4307 qui
548 4234 800 4289 tetrardo
829 4232 1231 4304 praescribitur,
1267 4234 1527 4288 omnibus
1556 4236 1772 4306 quartis
1800 4237 2016 4304 eadem,

433 4342 546 4397 qua
568 4324 1020 4396 dixi,spatiorum
1043 4324 1407 4394 proportione
1427 4324 1838 4391 ordinatis,non
1861 4327 2023 4382 tardo

431 4413 747 4468 hebetantis
791 4412 966 4466 animi
994 4412 1311 4483 aenigmate,
1339 4413 1437 4467 sed
1463 4420 1858 4468 momentanea
1890 4432 2018 4469 sen-
2040 4408 2090 4466 D

431 4501 609 4556 sibilis
637 4501 866 4556 obtutus
891 4500 1526 4572 perlustratione,quasi
1551 4503 1691 4557 facie
1721 4504 1791 4557 ad
1822 4504 2018 4560 faciem

431 4591 785 4662 cognoscitur
807 4604 818 4643 :
849 4590 979 4661 quia
991 4605 1340 4661 unaquaeque
1363 4590 1612 4661 ipsarum
1628 4592 2022 4664 principalium

433 4679 772 4733 chordarum
826 4679 1001 4732 series
1037 4678 1090 4731 in
1137 4678 1232 4731 illo
1264 4685 1447 4748 tropo,
1474 4680 1561 4733 cui
1593 4681 1875 4753 adscripta
1913 4689 2017 4749 est,

430 4769 685 4823 eamdem
715 4784 883 4839 quam
915 4767 1110 4838 primae
1136 4767 1194 4821 in
1224 4774 1389 4838 proto
1425 4771 1655 4840 regendi
1702 4772 2023 4843 specialiter

431 4857 812 4930 operandique
839 4855 1046 4910 habeat
1069 4862 1426 4927 potestatem.
1461 4860 1741 4930 Quidquid
1771 4861 1920 4915 enim
1950 4863 2016 4916 A.

431 4954 488 5003 et
513 4948 577 5002 D.
610 4946 668 5001 in
689 4952 870 5018 proto,
898 4946 1003 4999 hoc
1023 4946 1082 4999 Β.
1109 4952 1165 5000 et
1199 4946 1242 4999 Ε
1292 4946 1353 5001 in
1382 4946 1634 5013 deutero,
1665 4949 1723 5003 id
1753 4950 1923 5003 etiam
1955 4951 2017 5005 C.

429 5043 488 5093 et
516 5037 576 5091 F.
608 5036 666 5091 in
695 5035 847 5101 trito,
880 5034 1064 5106 ipsum
1099 5051 1321 5106 quoque
1362 5036 1426 5090 D.
1471 5042 1529 5091 et
1558 5037 1625 5092 G.
1672 5038 2023 5094 constituunt

427 5128 485 5182 in
506 5125 777 5182 tetrardo.
808 5123 957 5179 ldem
989 5129 1077 5178 est
1104 5123 1161 5177 in
1191 5125 1424 5179 caeteris.
1451 5126 1519 5180 Et
1547 5131 1611 5180 ut
1632 5126 1734 5181 hoc
1764 5127 2023 5182 similiter

427 5232 695 5288 corporeo
720 5214 909 5268 videas
937 5212 1164 5278 intuitu,
1181 5212 1432 5283 singulos
1464 5215 1656 5286 ﬁgurze
1677 5222 1883 5271 nostrae
1901 5224 2023 5271 tra-

428 5307 611 5371 mites,
655 5321 794 5376 quos
838 5302 895 5357 in
939 5308 1184 5372 quatuor
1210 5303 1551 5358 naturalium
1580 5310 1872 5375 troporum
1905 5307 2024 5360 vice

427 5396 640 5468 positos
666 5393 820 5448 brevi
853 5390 1251 5463 principalium
1280 5391 1613 5447 chordarum
1647 5394 2023 5466 descriptione

425 5483 877 5545 constrinximus,
897 5481 955 5533 in
976 5479 1255 5549 regularis
1275 5479 1512 5537 licentiae
1543 5482 1902 5538 ditl‘usionem
1931 5502 2022 5540 re-

424 5574 675 5630 laxemus
701 5572 809 5626 hoc
836 5568 1025 5625 modo.
1065 5569 1179 5623 νεά.
1201 5571 1297 5637 ﬂg.
1329 5569 1395 5639 B,
1422 5572 1597 5639 infra.

2051 411 2102 470 A

1453 283 1511 337 S.
1552 282 1948 341 GUILLELMI
1983 281 2290 338 ABBATIS
2326 282 2670 344 HIRSAUG.

3511 287 3617 346 1160

2856 409 3000 464 XIV.

2327 499 2534 567 Figura
2562 500 2918 554 Monac/tardi
2949 504 3001 552 ct
3029 500 3326 568 explanatio
3344 504 3460 570 ejus.

2191 586 2596 643 Universaliter
2636 594 2825 643 autem
2857 587 2946 641 hic
2974 589 3268 642 notandum
3293 595 3367 643 est
3391 589 3514 660 quod
3530 606 3624 644 om-

2120 692 2219 729 nes
2245 676 2553 730 authentici
2576 695 2607 731 a
2643 675 2903 731 ﬁnalibus
2927 676 3248 746 incipientes
3271 677 3333 731 ad
3360 678 3626 731 excellentes

2119 766 2450 824 ascendunt,
2467 773 2525 820 et
2551 766 2607 819 in
2639 763 3024 836 superioribus
3046 766 3629 837 distinguunturwmnes

2121 870 2249 906 vero
2272 854 2597 923 subjugales
2636 871 2669 907 a
2696 852 2959 924 gravibus
2989 854 3303 909 inchoantes
3337 854 3386 908 in
3428 855 3627 925 superio-

2124 941 2279 995 ribus
2313 943 2606 1006 finiuntur,
2643 949 2700 996 et
2729 943 2788 995 in
2824 941 3085 995 finalibus
3133 943 3456 1008 mediantur;
3482 943 3631 1012 sicque

2121 1031 2316 1085 finales
2339 1039 2396 1085 et
2423 1032 2739 1102 superiores
2763 1030 3018 1100 utrisque
3044 1037 3173 1084 sunt
3196 1048 3503 1093 communes,
3530 1045 3629 1101 gra-

2120 1137 2214 1173 ves
2243 1126 2430 1173 autem
2456 1120 2864 1190 subjugahbus,
2881 1121 3211 1173 excellentes
3230 1120 3525 1174 authenticis
3542 1136 3633 1190 pro-

2118 1209 2254 1279 pria;
2298 1215 2462 1276 sunt;
2506 1216 2562 1263 et
2593 1210 2743 1280 quod
2770 1209 3077 1276 naturales,
3108 1208 3161 1262 id
3194 1216 3291 1273 est,
3322 1209 3632 1263 inditierentcs

2119 1304 2362 1368 quatuor
2389 1298 2538 1370 tropi
2580 1317 2611 1353 a
2642 1298 2907 1370 gravibus
2954 1298 3238 1353 iuitiantes
3278 1299 3340 1352 ad
3367 1298 3632 1352 excellentes

2118 1403 2297 1457 usque
2328 1388 2679 1458 pertingant,
2711 1394 2768 1442 et
2796 1394 2912 1441 tam
2943 1387 2999 1440 in
3038 1387 3295 1442 ﬁnalibus
3321 1404 3468 1458 quam
3494 1387 3542 1439 in
3569 1403 3635 1439 su-

2120 1476 2432 1546 perioribus
2464 1478 2677 1531 medias
2707 1475 3098 1531 distinctiones
3128 1477 3421 1548 accipiunt;
3472 1475 3536 1528 sic
3570 1480 3635 1527 ta-

2119 1583 2249 1620 men
2278 1566 2457 1621 initiis
2490 1573 2546 1621 et
2596 1567 2852 1622 terminis
2901 1565 3213 1636 mediisque
3260 1563 3638 1620 distinctionibus

2116 1655 2369 1710 omnium
2405 1656 2475 1710 ab
2497 1656 2729 1710 invicem
2762 1654 3117 1725 inaequaliter
3136 1655 3469 1720 distantibus,
3487 1653 3637 1707 utth

2117 1744 2172 1797 in
2206 1744 2468 1799 omnibus
2493 1750 2693 1816 regnet
2716 1744 3024 1816 aequalitas,
3060 1753 3114 1798 et
3142 1745 3369 1816 quisque
3396 1743 3498 1797 suis
3521 1742 3640 1813 prin-

2117 1833 2391 1904 cipalibus
2415 1835 2657 1898 chordis,
2700 1834 2849 1905 quod
2879 1840 2936 1887 et
2975 1852 3146 1906 supra
3175 1833 3576 1895 memoravimus,
3600 1837 3643 1883 et

2117 1923 2436 1993 incipiatur,
2454 1929 2508 1977 et
2540 1923 2774 1978 finiatur
2794 1932 2851 1979 et
2872 1926 3271 1996 distinguatur,
3292 1928 3528 1992 totusque
3543 1919 3642 1973 inde

2115 2019 2333 2066 constet
2363 2018 2420 2066 et
2452 2018 2701 2083 regatur,
2737 2021 2931 2086 utpote
2963 2022 3160 2087 protus
3204 2031 3267 2068 ea:
3302 2013 3529 2067 omnibus
3548 2012 3642 2077 pri-

2116 2106 2222 2154 mis
2255 2120 2269 2154 :
2302 2103 2562 2155 (leutcrus
2592 2119 2656 2156 ea:
2685 2106 2941 2158 omnibus
2976 2103 3254 2168 secundis,
3285 2102 3443 2157 tritus
3476 2116 3534 2155 ea:
3555 2114 3643 2153 ωηι-⁹

2092 2192 2278 2247 .nibus
2304 2194 2501 2254 tertiis,
2541 2194 2821 2246 tetrardus
2852 2210 2918 2247 ex
2944 2192 3205 2247 omnibus
3225 2190 3445 2263 quartis.

2186 2280 2293 2334 Sed
2324 2286 2381 2333 et
2413 2281 2515 2334 hoc
2548 2281 2687 2334 satis
2710 2283 2959 2337 notabile
2987 2280 3375 2352 videtur,quod
3401 2277 3553 2350 ipsius
3575 2290 3647 2329 na-

2113 2373 2255 2423 turae
2310 2370 2617 2424 auctoritas
2646 2370 2736 2424 hic
2780 2372 3076 2427 manifeste
3106 2370 3356 2425 concedit
3380 2368 3645 2427 Ptolomazo,

2115 2459 2539 2512 consonantiam
2556 2459 2829 2530 diapason
2850 2478 2977 2515 cum
3004 2461 3350 2515 diatessaron
3365 2457 3428 2512 ab
3447 2453 3647 2525 antiquis

2116 2547 2480 2619 philosophis,
2516 2565 2581 2603 eo
2606 2549 2755 2619 quod
2804 2555 2859 2604 et
2904 2568 2967 2604 ex
3004 2549 3446 2622 superpartiente
3471 2547 3649 2601 constat

2117 2638 2499 2708 proportione,
2563 2638 2916 2709 repudiatam
2971 2640 3265 2694 verissima
3312 2637 3510 2691 ratione
3554 2649 3651 2705 pm-

2120 2726 2304 2794 banti;
2338 2727 2541 2797 singuli
2574 2728 2724 2781 enim
2756 2729 3102 2783 naturalium
3149 2735 3386 2801 quatuor
3408 2733 3651 2794 tr0porum

2118 2815 2248 2868 licet
2277 2804 2345 2868 ex
2374 2815 2463 2868 his
2483 2815 2754 2886 diapason
2799 2818 3108 2872 secundum
3151 2817 3459 2889 praedictam
3486 2811 3651 2883 specie.-

2116 2919 2242 2956 rum
2268 2901 2737 2958 coadunationem
2781 2912 3215 2976 componantur,
3254 2903 3533 2958 secundum
3560 2899 3654 2968 pla-

2114 3008 2243 3046 nam
2273 2997 2464 3046 tamen
2492 2993 2886 3064 descriptionis
2909 2995 3077 3064 hujus
3108 2997 3346 3049 formam
3368 2990 3654 3061 simplicem-

2114 3097 2222 3152 que
2253 3098 2553 3135 numerum
2584 3082 2919 3136 chordarum
2954 3100 3018 3137 ex
3051 3083 3253 3138 eadem
3285 3082 3531 3153 diapason
3554 3091 3655 3130 cum

2111 3169 2460 3224 diatessaron
2492 3175 2712 3224 tantum
2744 3171 2993 3225 existunt
3021 3170 3402 3226 consonantia.
3436 3167 3589 3238 Igitur
3608 3163 3654 3215 in

2110 3265 2232 3313 octo
2264 3258 2491 3313 discreti
2532 3259 2739 3328 singuli
2785 3260 2995 3315 habent
3027 3266 3147 3316 tres
3177 3258 3496 3333 principales
3530 3255 3655 3309 chor-

2109 3346 2229 3414 das,
2281 3346 2339 3401 in
2365 3353 2609 3419 quatuor
2637 3354 2828 3403 autem
2873 3351 3273 3415 recontinuati,
3309 3353 3553 3420 quatuor;
3577 3341 3655 3396 sic-

2110 3452 2218 3506 que
2244 3437 2328 3502 ﬁt,
2362 3443 2427 3491 ut
2446 3436 2557 3491 duo
2589 3436 2659 3491 ab
2690 3437 2926 3492 invicem
2949 3440 3232 3509 disjuncti,
3256 3444 3313 3493 et
3340 3433 3654 3506 singulariter

2108 3525 2344 3596 inspecti
2395 3543 2489 3580 sex
2536 3526 2876 3597 principales
2928 3529 3168 3584 chordas
3206 3528 3528 3588 contineant,
3553 3537 3653 3577 con-

2105 3615 2286 3685 juncti
2317 3632 2445 3669 vero
2472 3621 2529 3669 et
2558 3616 2616 3669 in
2637 3631 2815 3671 unum
2844 3622 3069 3689 tmpum
3089 3618 3305 3673 redacti
3325 3613 3532 3672 nonnisi
3551 3626 3654 3684 qua-

2109 3710 2239 3758 tuor
2268 3698 2530 3759 habeant.

2184 3793 2301 3847 Hoc
2330 3793 2503 3847 etiam
2530 3811 2671 3864 pene
2699 3813 2812 3868 prae
2846 3796 3107 3851 omnibus
3129 3802 3189 3851 et
3216 3812 3383 3868 super
3404 3792 3567 3849 omnia
3589 3787 3657 3843 hic

2112 3882 2474 3937 memorabile
2496 3889 2601 3951 est,
2625 3885 2758 3955 quia
2780 3886 2897 3941 haec
2926 3886 3327 3957 principalium
3364 3883 3655 3938 chordarum

2106 3971 2450 4038 distributio,
2485 3990 2607 4044 quae
2655 3976 2720 4028 tit
2769 3991 2868 4046 per
2907 3975 3070 4029 initia
3105 3982 3165 4029 et
3200 3977 3340 4030 fines
3380 3971 3658 4039 mediasque

2108 4061 2498 4116 distinctiones
2517 4062 2868 4133 singulorum
2892 4070 3014 4118 octo
3047 4076 3359 4136 troporum,
3380 4059 3659 4127 illud,cujus

2108 4150 2168 4203 in
2236 4150 2618 4221 superioribus
2667 4153 3009 4207 mentionem
3066 4154 3389 4219 habuimus,
3440 4157 3493 4205 et
3542 4142 3661 4218 quod

2107 4239 2309 4310 saepius
2338 4242 2757 4295 retractandum
2785 4248 2955 4313 atque
2988 4242 3394 4297 ruminandum
3419 4256 3529 4295 esse
3554 4233 3663 4291 dixi-

2107 4346 2252 4394 mus,
2286 4330 2582 4384 manifeste
2604 4331 2888 4385 declarat:
2918 4331 2974 4386 id
3009 4338 3113 4399 est,
3153 4332 3432 4404 quomodo
3466 4329 3526 4382 D.
3555 4322 3661 4379 etd.

2108 4416 2373 4472 biformes
2403 4418 2540 4472 fiant
2569 4436 2633 4472 ac
2651 4420 2922 4491 duplices.
2962 4420 3111 4475 Sane
3141 4427 3260 4475 tres
3280 4419 3428 4475 modi
3455 4410 3665 4471 biformi-

2102 4506 2237 4560 tatis
2285 4512 2455 4578 atque
2485 4508 2830 4579 duplicitatis
2876 4526 3071 4564 eorum
3101 4515 3368 4581 patenter
3390 4508 3476 4563 hic
3513 4509 3667 4558 osten-

2103 4594 2334 4653 duntur.

2839 4687 2957 4743 XV.

2313 4774 2459 4828 Unde
2493 4775 2751 4842 biformes
2779 4782 2826 4830 et
2852 4777 3094 4845 duplices
3123 4780 3239 4831 sint
3270 4779 3336 4832 Β.
3360 4782 3407 4831 et
3429 4777 3478 4830 d.

2175 4861 2417 4927 Primus,
2456 4864 2607 4934 quod
2630 4863 2689 4918 in
2719 4865 2917 4919 ordine
2953 4866 3071 4919 sive
3096 4883 3335 4920 numero
3365 4862 3667 4919 chordarum

2102 4950 2499 5022 principalium
2538 4954 3027 5009 tetrachordorum
3059 4961 3117 5009 et
3146 4956 3361 5010 ultimae
3405 4957 3529 5008 sunt
3551 4964 3670 5019 gra-

2101 5039 2255 5094 vium
2302 5057 2367 5094 ac
2395 5041 2771 5112 superiorum,
2806 5050 2860 5098 et
2906 5045 3102 5115 primae
3150 5045 3405 5099 ﬁnalium
3433 5058 3495 5095 ac
3522 5035 3671 5093 excel-

2103 5126 2359 5183 lentium.
2402 5130 2710 5198 Secundus,
2746 5133 2893 5203 quod
2920 5133 2977 5186 in
3006 5132 3377 5204 dispositione
3397 5138 3665 5200 troporum

2106 5218 2312 5273 eaedem
2330 5235 2440 5273 uno
2465 5236 2529 5274 ac
2549 5221 2744 5275 eodem
2767 5222 2947 5293 spatio
2978 5227 3036 5276 et
3056 5223 3440 5276 authenticum
3469 5221 3666 5290 protum

2105 5311 2161 5360 et
2186 5307 2545 5378 subjugalem
2577 5310 2892 5364 tetrardum
2924 5311 3236 5365 includunt.
3277 5309 3516 5369 Tertius,
3537 5299 3666 5376 quod

2105 5394 2163 5449 in
2194 5395 2509 5451 differentia
2538 5399 2855 5464 modorum,
2889 5399 2945 5453 id
2995 5406 3100 5467 est,
3132 5399 3472 5470 agnitionem
3497 5403 3667 5463 tl‘0P0“

2104 5501 2232 5540 rum
2265 5486 2474 5541 eaedem
2499 5494 2557 5542 et
2583 5487 2828 5560 primum
2852 5489 3080 5544 modum
3108 5488 3412 5544 instituunt
3437 5490 3491 5540 et
3516 5496 3666 5555 quar-

2103 5579 2229 5630 tum
2263 5594 2275 5631 :
2319 5575 2420 5647 qui
2456 5576 2658 5632 tertius
2699 5577 3046 5650 duplicitatis
3087 5577 3287 5634 modus
3332 5574 3550 5632 interim
3579 5567 3667 5624 tibi
