3886 6172
184 245 317 302 1161

1672 246 1964 302 MUSICA.

3320 259 3459 320 1162

184 370 292 426 erit
309 369 528 426 caeteris
558 368 778 424 duobus
805 368 1111 436 obscurior,
1141 370 1320 426 donec
1355 373 1425 426 de
1473 371 1654 426 modis
1683 388 1781 426 vo-
1799 376 1845 434 A
1866 372 2047 426 forma
2074 373 2251 444 possit
2289 374 2540 445 agnosci,
2577 375 2646 430 ab
2683 351 2938 449 antiquis
2974 382 3187 437 tradita
3228 386 3458 442 musicis

185 476 313 513 cum
340 464 584 513 tractare
614 458 968 530 coeperimus.
991 460 1100 514 Pro
1128 459 1218 513 his
1233 477 1366 530 ergo
1395 460 1577 515 tribus
1604 459 1783 515 modis

183 565 446 620 supremo
474 548 754 618 Largitori
803 565 867 603 eo
906 549 1148 619 majores
1200 566 1234 602 a
1282 549 1442 603 nobis
1479 551 1784 604 referendae

182 641 316 690 sunt
337 643 548 707 grates,
582 653 691 706 quo
720 636 1012 707 hucusque
1049 637 1316 707 incogniti
1347 637 1606 691 omnibus
1635 638 1782 690 anti-

181 727 308 797 quis
329 733 388 779 et
414 726 699 780 modernis
729 726 1036 791 latuerunt,
1059 726 1411 798 latentesque
1433 726 1675 780 maxima
1704 725 1785 778 eis

181 815 410 869 errandi
466 831 636 869 causa
685 815 935 869 fuerunt.
986 816 1133 869 Nam
1185 816 1290 869 etsi
1341 815 1682 885 generaliter
1719 831 1784 867 ex

179 903 504 973 ignorantia
531 904 627 957 illa
657 909 898 974 quatuor
926 920 1136 966 rerum,
1174 905 1232 958 in
1261 904 1464 974 quibus
1493 903 1631 957 artis
1660 920 1784 957 mu-

179 992 310 1046 sicae
335 1009 558 1047 summa
585 993 855 1056 consistit,
901 993 1136 1047 diversis
1175 993 1331 1058 locis,
1365 999 1427 1046 ut
1458 992 1784 1063 praedictum

181 1087 288 1147 est,
323 1081 704 1148 deviaverint;
751 1082 807 1134 in
839 1083 943 1135 hoc
975 1088 1165 1136 tamen
1213 1083 1354 1147 loco,
1395 1082 1452 1134 id
1483 1088 1588 1144 est,
1620 1080 1679 1134 in
1707 1081 1787 1151 ip-

180 1188 379 1224 sarum
433 1171 501 1224 D.
548 1176 606 1224 et
658 1171 710 1223 d.
763 1170 1106 1226 biformitate
1159 1172 1512 1241 agnoscenda
1559 1169 1785 1241 speciali

181 1259 432 1330 quadam
456 1259 704 1314 caecitate
733 1260 1001 1330 percussi,
1031 1267 1088 1315 et
1115 1261 1275 1331 quasi
1309 1259 1564 1314 unanimi
1610 1259 1785 1312 oﬁ‘en-

179 1349 344 1403 sione
378 1348 612 1420 repulsi,
643 1365 836 1403 omnes
864 1349 1091 1403 adducti
1120 1355 1254 1403 sunt
1281 1349 1341 1402 in
1379 1364 1647 1402 errorem.
1691 1347 1787 1400 In-

178 1438 363 1492 terius
392 1437 574 1508 igitur
593 1437 908 1492 mirabilem
954 1438 1202 1508 ipsarum
1233 1437 1299 1494 D.
1333 1443 1390 1492 et
1417 1438 1471 1491 d.
1524 1442 1786 1490 naturam

177 1527 559 1598 speculantes.
594 1527 900 1581 secundum
930 1527 1009 1592 id,
1051 1528 1199 1598 quod
1238 1527 1296 1580 in
1336 1525 1586 1598 quolibet
1621 1524 1787 1578 bifor-

177 1616 398 1670 mitatis
425 1621 484 1670 et
519 1615 863 1686 duplicitatis
906 1633 1022 1670 suae
1068 1616 1234 1670 modo
1284 1616 1498 1669 faciunt
1545 1620 1784 1684 utraque

1864 461 2163 532 descriptio
2191 465 2558 534 supponenda
2582 471 2681 519 est.
2705 467 2805 521 )Et
2829 474 2954 538 post
2976 470 3093 524 haec
3123 473 3458 543 quibusdam

1864 549 2212 621 interpositis
2239 573 2251 608 :
2279 569 2304 603 α
2326 557 2494 622 atque
2526 553 2617 607 hic
2644 561 2747 614 est.
2766 555 2968 626 inquit,
2989 564 3214 616 octavus
3234 565 3454 633 modus,

1867 654 2034 708 quam
2074 639 2396 694 Ptolomeus
2422 645 2882 712 superannexuit.
2906 665 2933 697 »
2965 647 3204 704 Causam
3235 669 3458 724 quoque

1867 727 2036 796 hujus
2090 729 2418 807 annexionis
2471 731 2711 800 aperuit,
2753 733 2966 788 scilicet
3012 739 3161 808 quod
3210 743 3458 813 antiquis

1866 831 1977 868 non
2007 816 2116 869 nisi
2143 823 2356 886 septem
2389 818 2583 872 modos
2630 823 3103 889 quemadmodum
3143 835 3199 882 et
3244 837 3459 901 septem

1867 901 2079 970 species
2095 902 2365 972 diapason
2376 907 2681 960 secundum
2693 917 2905 979 septem
2921 912 3247 971 discrimina
3261 935 3459 975 vocum

1867 990 2284 1060 recipientibus,
2317 995 2643 1049 eorumdem
2674 999 2966 1054 modorum
2998 1002 3361 1074 dispositione
3391 1009 3462 1064 ab

1869 1078 1950 1132 eis
1971 1079 2029 1132 in
2063 1081 2670 1150 proslambanomenos,
2719 1087 2868 1156 quod
2911 1096 2996 1144 est
3033 1093 3098 1145 A.
3133 1093 3373 1166 incepta,
3405 1103 3460 1152 et

1867 1168 2052 1222 usuali
2101 1175 2364 1223 tonorum
2412 1178 2511 1226 aut
2567 1175 2988 1232 semitoniorum
3039 1181 3356 1239 intensione
3402 1187 3462 1242 in

1867 1263 2135 1327 paranete
2161 1259 2715 1332 hyperboleon,quod
2738 1271 2822 1318 est
2857 1284 2910 1336 g.
2943 1270 3222 1338 gradatim
3255 1275 3464 1344 perdu-

1869 1345 2162 1416 ctaibique
2192 1347 2371 1414 ﬁnita,
2405 1350 2669 1419 quoniam
2699 1353 2816 1407 haec
2845 1357 3059 1427 tropica
3079 1358 3367 1430 dispositio
3397 1379 3464 1418 ex

1867 1435 2212 1506 simplicibus
2223 1440 2645 1507 quatuordecim
2668 1443 2892 1498 chordis
2912 1447 3183 1516 consistit,
3209 1456 3262 1504 et
3280 1452 3465 1508 adhuc

1867 1525 1936 1579 de
1965 1523 2048 1577 bis
2077 1525 2348 1595 diapason
2377 1543 2641 1598 suprema
2669 1531 2876 1586 chorda
2905 1539 3032 1589 nete
3061 1537 3460 1608 hyperboleon,

1867 1631 1990 1685 quae
2009 1614 2134 1684 est:
2153 1613 2348 1675 defuit,
2371 1621 2433 1669 ut
2457 1616 2537 1670 bis
2557 1617 2826 1689 diapason
2849 1627 3030 1677 totum
3050 1625 3108 1678 in
3136 1627 3240 1682 hoc
3266 1630 3464 1685 ordine

175 1721 378 1771 unum,
431 1721 546 1759 non
595 1705 1052 1760 inconvenienter
1087 1722 1182 1760 eas
1227 1705 1442 1776 lapides
1487 1697 2267 1774 angularesBinsumeretur,
2291 1710 2516 1759 octavus
2535 1708 2733 1762 modus
2755 1709 2812 1762 in
2830 1711 3130 1769 Ptolomaeo
3145 1717 3397 1788 adjectus
3411 1725 3468 1774 et

175 1793 423 1848 diximus
457 1819 468 1852 :
517 1795 825 1849 secundum
855 1794 912 1849 id
941 1811 1092 1859 vero,
1133 1795 1283 1866 quod
1337 1810 1533 1847 omnes
1585 1791 1784 1847 musici

173 1883 423 1953 graviter
473 1884 544 1948 in,
563 1884 644 1938 eis
672 1884 1046 1950 offenderunt,
1094 1900 1208 1938 non
1257 1883 1542 1937 immerito
1572 1881 1784 1952 lapides

175 1972 508 2027 offensionis
565 1981 621 2027 et
664 1973 910 2027 scandali
943 1977 1134 2044 petras
1188 1971 1582 2038 nominamus;
1636 1970 1784 2041 quod

176 2068 239 2114 ut
287 2061 686 2116 indubitanter
740 2061 1061 2133 probemus,
1095 2078 1266 2133 quam
1311 2061 1532 2115 fortiter
1587 2059 1647 2113 in
1696 2059 1784 2112 his

177 2150 466 2204 maximus
493 2151 858 2221 antiquorum
881 2150 1132 2212 Boetius,
1165 2166 1232 2204 ac
1259 2149 1656 2203 modernorum
1692 2163 1788 2218 po-

176 2238 385 2293 tissimi
414 2240 553 2294 Otto
583 2245 641 2294 et
669 2239 852 2294 Guido
873 2238 1225 2307 offenderint,
1258 2239 1318 2293 in
1346 2236 1677 2294 memoriam
1707 2252 1790 2291 re-

177 2328 476 2385 ducamus.

911 2420 1060 2474 XVI.

179 2507 439 2573 Qualiter
467 2509 684 2563 Boetius
713 2514 763 2563 et
781 2512 962 2563 ceteri
990 2511 1192 2562 musici
1219 2510 1283 2562 in
1310 2509 1373 2562 D.
1409 2511 1458 2560 et
1486 2507 1540 2560 d.
1573 2520 1790 2559 errave-

290 2599 431 2659 rint,
465 2602 515 2650 et
537 2599 682 2667 quod
708 2599 908 2666 duplex
925 2598 989 2651 A.
1015 2599 1317 2651 necessario
1345 2599 1688 2650 assumatur.

257 2687 495 2742 Boetius
513 2687 573 2741 in
587 2686 954 2758 dispositione
984 2692 1107 2740 octo
1140 2685 1454 2756 ﬁguraliter
1482 2683 1784 2753 descripta,

177 2775 278 2831 ubi
298 2783 497 2848 tmpos
523 2776 720 2848 primis
737 2793 933 2830 eorum
955 2775 1296 2842 nominibus,
1311 2781 1534 2846 protum
1556 2774 1790 2828 authen-

178 2866 362 2920 ticum
377 2865 625 2929 dorium,
640 2865 936 2920 deuterum
955 2865 1278 2935 phrygium,
1297 2864 1528 2918 tertium
1551 2863 1784 2934 lydium,

179 2955 504 3009 tetrardum
561 2955 947 3025 mixolydium,
1005 2953 1328 3023 subjugales
1388 2952 1783 3024 hypodorium,

1865 1791 2014 1846 inter
2041 1808 2094 1856 a,
2123 1797 2180 1845 et
2205 1792 2232 1863 ξ
2254 1795 2469 1848 locatus
2498 1801 2601 1849 est.
2632 1795 2698 1850 In
2729 1815 2840 1868 qua
2868 1803 3148 1858 sententia
3166 1806 3224 1860 id
3253 1809 3465 1863 sentire

1869 1881 2130 1935 videntur
2157 1883 2396 1953 antiqui,
2416 1889 2607 1955 tropos
2637 1893 2866 1957 propter
2888 1889 2991 1945 hoc
3011 1895 3300 1962 augendos
3319 1913 3461 1964 esse,

1866 1985 1939 2023 ne
1971 1969 2030 2023 in
2078 1986 2273 2024 eorum
2323 1971 2686 2043 dispositione
2739 1977 2808 2030 de
2854 1995 3076 2035 summa
3125 1983 3466 2039 chordarum

1869 2058 2003 2128 quid
2051 2059 2332 2129 supersit;
2379 2077 2506 2115 cum
2545 2079 2648 2117 nos
2701 2081 2829 2120 vere
2872 2068 3203 2138 sentiamus,
3281 2075 3463 2144 magis

1867 2147 2107 2202 chordos
2124 2153 2425 2220 propterea
2444 2151 2613 2205 etiam
2631 2154 3154 2224 superabundantes
3178 2162 3468 2232 ponendas

1870 2253 2011 2303 esse,
2053 2254 2124 2291 ne
2156 2238 2337 2292 solum
2367 2239 2437 2293 de
2485 2242 2729 2295 naturali
2759 2243 3144 2316 dispositione,
3175 2251 3273 2304 sed
3313 2256 3370 2306 et
3398 2253 3469 2308 de

1869 2325 2118 2395 regulari
2148 2327 2446 2382 diffusione
2469 2328 2808 2402 licentiaque
2837 2340 3149 2406 traporum,
3182 2338 3242 2393 in
3268 2339 3470 2411 quibus

1868 2419 1991 2468 tota
2042 2415 2124 2469 vis
2180 2416 2488 2471 harmoniae
2526 2418 2637 2473 sita
2684 2426 2790 2486 est,
2823 2424 2957 2493 quid
3004 2426 3167 2481 desit.
3219 2428 3470 2486 Dicimus

1871 2503 2042 2569 enim,
2077 2505 2223 2574 quod
2253 2510 2312 2559 et
2338 2506 2666 2562 certissimis
2703 2510 3034 2581 Gregoriani
3065 2522 3262 2572 cantus
3290 2535 3474 2574 exem-

1873 2592 1980 2662 plis
2009 2592 2605 2665 probamus,quoniam
2647 2614 2840 2653 omnes
2865 2602 3012 2672 tropi
3040 2620 3211 2675 supra
3239 2612 3297 2660 et
3325 2608 3472 2664 infra

1873 2681 2160 2735 naturales
2205 2681 2473 2754 diapason
2521 2685 2607 2739 sui
2639 2688 2912 2741 terminos
2940 2691 3241 2761 aliquando
3279 2696 3337 2750 in
3377 2713 3470 2751 so-

1871 2786 2009 2824 num
2038 2770 2300 2837 vicinum,
2333 2772 2634 2842 aliquando
2663 2775 2719 2828 in
2749 2777 2978 2832 tertium
3011 2780 3245 2836 licenter
3271 2801 3331 2837 se
3361 2786 3470 2840 dif-

1871 2858 2132 2925 fundunt,
2168 2876 2290 2930 qua:
2321 2860 2566 2928 licentia,
2600 2868 2665 2917 ut
2693 2865 2953 2920 omnibus
2992 2871 3284 2940 aequaliter
3310 2874 3470 2928 attri-

1870 2947 2096 3014 buatur,
2140 2966 2188 3002 a.
2241 2954 2408 3004 acuta
2455 2952 2684 3006 omnino
2729 2960 2814 3008 est
2867 2959 3204 3014 necessaria.
3257 2961 3334 3016 Ex
3363 2964 3486 3018 hoc-

178 3043 663 3115 hypophrygium,
714 3009 1644 3114 hypolidium,vh§pomixolvdium
1691 3009 1848 3094 vo;C
1873 3037 2043 3091 etiam
2082 3009 2280 3092 eadem
2308 3055 2362 3092 a.
2405 3040 2728 3096 nullatenus
2759 3043 2828 3098 de
2856 3009 3471 3108 summai—chordarum

178 3148 314 3186 cans
340 3132 401 3185 in
445 3136 670 3186 tantum
722 3131 979 3196 deviavit,
1008 3137 1071 3187 ut
1111 3149 1239 3185 cum
1287 3130 1608 3202 subjugales
1658 3129 1788 3184 inde

177 3218 468 3282 dicantur,
500 3219 649 3289 quod
677 3217 960 3289 subjugati
1006 3224 1064 3272 et
1111 3217 1320 3272 subditi
1371 3217 1486 3271 sive
1517 3214 1790 3288 suppositi

175 3307 299 3362 sint
324 3307 689 3374 authenticis,
716 3308 825 3379 ipsi
853 3307 1202 3378 subjugalem
1230 3305 1662 3376 tetrardi,quem
1683 3322 1786 3360 nos

177 3402 444 3451 octavum
476 3396 739 3464 dicimus,
766 3396 1088 3451 authentico
1123 3413 1226 3451 suo
1257 3395 1559 3467 mixolydio
1588 3412 1786 3466 super-

175 3485 617 3556 posuerit,unde
637 3491 695 3540 et
707 3485 1256 3558 hypermixolydium
1279 3502 1408 3540 eum
1429 3485 1738 3554 nominavit
1768 3503 1780 3537 :

172 3575 294 3640 ubi,
327 3591 405 3629 ne
424 3575 630 3641 dicam,
659 3591 826 3646 quam
866 3576 1260 3646 incongruum,
1301 3575 1399 3629 sed
1431 3591 1599 3645 quam
1631 3590 1787 3645 pror-

173 3681 275 3718 sus
293 3664 546 3728 nullum,
579 3665 636 3718 id
665 3669 768 3731 est,
798 3664 1109 3735 subjugalis
1136 3664 1340 3718 habeat
1370 3665 1576 3728 locum,
1608 3662 1784 3734 ipsius

170 3759 401 3808 naturae
449 3754 615 3808 docet
640 3753 964 3821 auctoritas,
1009 3771 1133 3824 quae
1171 3753 1477 3823 unicuique
1505 3759 1689 3824 tropo,
1721 3756 1787 3806 ut

169 3843 533 3897 sufﬁcienter
551 3843 674 3913 jam
697 3843 960 3908 diximus,
993 3843 1161 3897 talem
1193 3844 1378 3897 locum
1406 3841 1621 3907 tribuit,
1645 3840 1786 3896 utin

167 3933 295 3987 suis
325 3931 736 4005 principalibus
780 3932 1002 3987 chordis
1043 3937 1102 3986 et
1138 3931 1362 3986 initium
1410 3937 1468 3985 et
1512 3932 1683 3984 ﬁnem
1731 3935 1789 3984 et

166 4022 426 4076 mediam
478 4021 898 4076 distinctionem
948 4021 1206 4093 accipiat,
1253 4025 1310 4076 et
1358 4038 1480 4092 quae
1509 4020 1780 4092 tropicam

166 4111 616 4182 dispositionem
637 4116 880 4183 quatuor
889 4110 1280 4183 principalium
1294 4109 1780 4164 tetrachordorum

165 4203 515 4268 terminum,
547 4202 644 4272 qui
674 4207 760 4256 est
787 4202 846 4256 in
888 4201 1175 4256 excellenti
1218 4219 1274 4273 g.
1303 4207 1456 4256 vetat
1497 4208 1784 4256 transcen-

160 4291 312 4347 dere
348 4309 362 4344 :
412 4291 563 4346 unde
591 4291 658 4346 D.
693 4295 751 4346 et
777 4291 832 4345 d.
860 4297 978 4346 tam
1006 4291 1065 4346 in
1097 4307 1332 4346 numero
1363 4308 1532 4362 quam
1581 4293 1779 4346 effectu

156 4381 523 4435 chordarum
547 4379 798 4451 duplices
815 4379 1191 4451 biformesque
1220 4383 1780 4452 statuens,tropicam

1871 3125 2056 3197 perire
2083 3125 2309 3196 poterit,
2359 3127 2492 3197 quia
2546 3129 2878 3202 quadrupla,
2930 3151 3052 3204 quae
3106 3141 3470 3196 mensurandi

1873 3215 2239 3269 monochordi
2271 3220 2357 3269 est
2383 3215 2630 3284 initium,
2681 3219 2925 3290 primum
2956 3223 3016 3276 in
3051 3241 3181 3280 eum
3221 3229 3470 3300 spatium

1870 3303 2156 3358 terminat.
2183 3303 2363 3367 Quam
2378 3305 2612 3377 penitus
2641 3307 2810 3362 etiam
2837 3309 2967 3365 inde
3006 3313 3081 3367 sit
3106 3314 3466 3388 inevitabilis,

1869 3394 2017 3464 quod
2045 3394 2102 3447 in
2128 3394 2377 3464 generali
2407 3400 2690 3450 structura
2736 3401 3101 3457 monochordi
3147 3406 3284 3459 nihil
3336 3425 3469 3479 pro-

1868 3482 2182 3553 portionale
2203 3483 2325 3537 sine
2355 3483 2479 3554 ipsa
2507 3492 2693 3556 potest
2721 3489 2969 3558 regulari
2999 3492 3464 3565 ordineinveniri,

1869 3572 1954 3625 vel
1984 3571 2321 3642 simplicium
2371 3573 2560 3628 nullus
2603 3575 2846 3645 ignorat.
2883 3579 3001 3634 Hac
3030 3580 3207 3652 igitur
3256 3585 3465 3658 triplici

1867 3660 2086 3714 ratione
2129 3666 2259 3715 nete
2309 3661 2691 3733 hyperboleon
2734 3666 3069 3735 adstruitur,
3110 3688 3212 3727 nec
3259 3674 3466 3732 idcirco

1867 3748 2139 3813 aboletur,
2165 3750 2212 3804 si
2239 3753 2524 3822 superflua
2546 3753 2800 3808 videatur
2819 3755 2876 3810 in
2906 3761 3152 3815 naturali
3177 3769 3466 3835 troporum

1867 3837 2246 3909 dispositione,
2274 3845 2469 3911 utpote
2495 3858 2664 3912 quam
2716 3843 2926 3915 absque
2975 3848 3077 3903 hac
3121 3851 3362 3922 pleniter
3399 3873 3465 3911 ex

1870 3927 1954 3981 bis
1982 3928 2272 3999 diapason,
2308 3929 2364 3982 id
2417 3936 2520 3996 est,
2562 3932 2838 3986 sexdecim
2869 3936 3091 3992 chordis
3138 3939 3287 3996 infra
3332 3961 3465 4015 spa-

1868 4016 2012 4070 tium
2059 4017 2484 4087 quatuordecim
2523 4019 2859 4093 chordarum
2910 4025 3166 4096 existere,
3207 4030 3348 4099 jam,
3398 4037 3465 4088 ut

1862 4104 2127 4175 arbitror,
2157 4107 2517 4162 manifestum
2546 4113 2648 4162 est.

2570 4196 2745 4252 XVII.

1923 4284 2182 4351 Qualiter
2210 4287 2464 4339 moderm'
2485 4277 2801 4342 erraverint
2828 4291 2891 4343 in
2920 4293 3118 4347 eisdem
3147 4294 3384 4352 chordis.

1934 4372 2225 4428 Hactenus
2262 4373 2332 4427 de
2361 4375 2684 4430 offensionis
2709 4377 2830 4432 loco
2875 4382 3185 4438 secundum
3220 4392 3454 4444 veteres.

151 4470 609 4542 dispositionem
637 4475 814 4524 totam
853 4470 1002 4524 infra
1050 4470 1475 4542 quatuordecim
1523 4471 1778 4537 chordas,
1864 4464 1990 4516 Jam
2020 4463 2308 4517 Videamus
2337 4463 2405 4517 de
2433 4464 2554 4534 ipso
2586 4467 2892 4521 secundum
2925 4469 3068 4536 illos,
3095 4489 3234 4543 quos
3261 4493 3460 4548 propo-

149 4563 218 4618 id
260 4568 376 4627 est,
405 4566 618 4631 septem
643 4558 968 4614 discrimina
989 4559 1074 4613 his
1103 4559 1284 4631 posita
1307 4559 1561 4630 peragit;
1592 4560 1781 4632 sicque
1864 4553 2084 4606 SUimlIS
2123 4552 2440 4616 DIOdeI‘HOS.
2475 4559 2532 4607 et
2565 4554 2667 4608 hoc
2687 4571 2752 4609 eo
2781 4552 3106 4626 diStI‘ictius,
3149 4580 3261 4633 qua
3287 4567 3458 4626 latius

142 4663 410 4713 acutam
442 4671 495 4708 a.
535 4652 697 4725 quasi
741 4652 1086 4723 superﬂuam
1121 4667 1413 4706 remanere
1441 4650 1673 4721 patitur,
1720 4651 1778 4705 in
1863 4641 1932 4696 de
1963 4643 2326 4712 antiquorum
2353 4643 2617 4697 seandalo
2647 4645 2828 4714 planae
2871 4647 3258 4720 intelligentiae
3287 4673 3459 4716 causa

138 4763 348 4818 quam
411 4742 716 4815 subjugalis
758 4742 856 4796 ille
894 4741 1204 4795 secundum
1257 4740 1512 4795 Boetium
1561 4741 1771 4796 ﬁnitur,
1859 4733 2247 4790 tractavimus.
2289 4733 2417 4786 Otto
2444 4733 2502 4787 in
2539 4735 2858 4790 enchiriade
2887 4754 2990 4792 sua
3018 4741 3156 4795 satis
3184 4743 3453 4812 declarat,

133 4839 366 4904 Quare
390 4833 696 4888 secundum
716 4830 998 4897 Boetium,
1033 4835 1091 4884 et
1118 4847 1229 4884 non
1257 4831 1563 4884 secundum
1586 4832 1774 4885 Ptolo-

127 4941 406 4988 meeum,
460 4923 544 4976 vel
569 4921 877 4976 secundum
927 4935 1121 4974 omnes
1151 4919 1574 4991 antiquissimos
1599 4921 1774 4977 Musi-

121 5031 366 5073 oorum
401 5009 651 5064 dicamus
673 5009 699 5062 ‘I
728 5007 888 5072 Quod
917 5007 1064 5062 enim
1105 5007 1301 5062 eadem
1336 5007 1562 5078 tropicae
1590 5007 1774 5079 dispo-

121 5101 395 5161 sitionis
425 5100 603 5170 ﬁgura
631 5097 748 5152 suis
774 5096 1120 5168 temporibus
1151 5097 1220 5151 ab
1241 5096 1488 5167 antiquis
1521 5096 1772 5152 derivata

119 5197 210 5250 sit
245 5187 524 5253 Musicis,
555 5193 612 5242 et
635 5187 784 5260 quod
807 5187 1141 5241 Ptolomeus
1171 5201 1366 5240 eorum
1387 5185 1768 5240 nobilissimus

121 5281 441 5340 eumdem
467 5277 522 5332 in
557 5292 822 5348 supremo
851 5275 1130 5329 addiderit
1158 5274 1526 5346 subjugalem,
1561 5275 1681 5346 ipse
1710 5275 1770 5330 in

117 5370 394 5430 musica
416 5383 516 5420 sua
535 5365 812 5428 meminit,
835 5370 962 5436 post
980 5370 1259 5436 peractam
1282 5370 1572 5435 troporum
1593 5364 1776 5435 dispo-

119 5465 445 5520 sitionem
479 5456 560 5510 ita
587 5456 778 5510 dicens
810 5467 822 5502 ε
855 5455 1106 5519 Quorum
1135 5469 1248 5508 non
1289 5458 1352 5507 ut
1391 5452 1773 5524 intelligentiae

116 5554 357 5611 solum
388 5544 535 5603 ratio
560 5543 1091 5618 comprehendatur,
1121 5558 1317 5598 verum
1347 5543 1522 5598 oculis
1549 5559 1772 5615 quoque

422 5645 684 5710 Pusam
730 5645 850 5707 CL.

1859 4823 1991 4893 quia
2036 4821 2188 4876 solus
2237 4821 2499 4875 eumdem
2545 4824 2859 4879 communis
2904 4827 3222 4886 oﬁendiculi
3270 4835 3454 4893 locum

1857 4911 2132 4966 naturalis
2180 4910 2391 4980 ingenii
2441 4911 2784 4967 sublimitate
2828 4915 3302 4992 deprehenderat;
3355 4928 3453 4982 sed

1857 5001 1992 5055 dum
2018 5000 2186 5054 nimis
2231 5005 2430 5054 cautus
2477 5007 2535 5054 et
2563 5002 2724 5072 quasi
2755 5005 2971 5060 czeteris
2997 5007 3451 5082 circumspectior

1853 5091 1999 5146 circa
2019 5091 2177 5144 illum
2195 5089 2395 5155 extitit,
2419 5091 2632 5146 caeteris
2658 5093 2884 5162 gravius
2915 5096 2968 5149 in
2990 5096 3174 5167 ipsum
3199 5101 3448 5161 offendit.

1854 5181 2017 5235 Solus
2046 5181 2195 5234 enim
2225 5179 2490 5234 biformes
2519 5181 2879 5254 duplicesque
2900 5183 2965 5237 D.
2989 5193 3045 5238 et
3067 5186 3121 5240 d.
3149 5188 3440 5258 intellexit,

1855 5274 1912 5323 et
1939 5269 2072 5323 dum
2103 5270 2207 5323 hoc
2230 5269 2490 5324 distincte
2515 5276 2819 5342 aperteque
2849 5273 3107 5327 omnibus
3135 5276 3451 5350 intelligen—

1856 5358 1988 5412 dum
2019 5359 2266 5429 proferre
2294 5359 2531 5423 studuit,
2571 5360 2798 5414 modum
2831 5361 2887 5413 in
2925 5361 3319 5432 distinguendo
3349 5389 3445 5426 ex-

1854 5447 2037 5500 cessit.
2075 5447 2212 5500 Cum
2239 5447 2390 5500 enim
2423 5448 2486 5501 D.
2523 5464 2635 5501 una
2664 5447 2972 5519 eademque
2996 5450 3195 5506 ultima
3213 5455 3286 5510 sit
3311 5476 3446 5530 ἕνα-

1854 5536 2006 5592 vium
2031 5541 2089 5590 et
2111 5536 2293 5608 prima
2317 5536 2593 5604 ﬁnalium,
2608 5541 2668 5592 et
2687 5552 2815 5592 cum
2835 5537 3145 5612 eademque
3171 5545 3356 5615 prima
3372 5553 3450 5610 sit

3135 5640 3214 5704 37
