3950 6168
538 249 677 309 1157
1565 243 1622 297 S.
1664 240 2057 297 GUILLELMI
2093 285 2098 294 .

2140 241 2401 301 .BBATIS
2440 247 2782 304 HIRSAUG.
3595 257 3700 317 1168

537 373 972 448 terpretationes
1015 385 1163 426 nunc
1215 366 1546 439 singillatim
1591 366 1776 421 dicere
1831 364 2130 437 praeterivi,
2150 367 2490 437 Atessaron,
2523 370 2813 427 interdum
2837 370 3007 426 etiam
3025 372 3209 444 ipsum
3226 373 3709 449 diapasoninGrego-

539 466 673 537 quia
702 464 910 519 multos
937 462 1053 515 haec
1109 458 1398 530 scripsisse
1451 454 1653 511 inveni.
1691 455 1947 510 Moderni
2002 470 2133 509 vero
2215 456 2372 512 riano
2419 464 2588 515 cantu
2640 460 2955 531 reperimus
2994 479 3003 515 :
3046 461 3294 533 ideoque,
3330 463 3373 517 si
3417 466 3543 535 quod
3567 467 3733 523 dehis

538 552 720 607 adhuc
756 551 815 605 in
833 547 1108 621 principio
1128 562 1327 601 sonum
1352 562 1525 600 unum
1544 550 1781 615 etgrave
1810 560 2132 614 synemme—
2213 546 2569 603 intervallum
2601 548 2842 619 abjicere
2870 549 3191 617 debeamus,
3219 551 3485 607 nescimus.

537 633 978 711 non°B.propter
996 637 1289 708 quasdam,
1320 651 1460 706 quas
1478 633 1835 705 postmodum
1857 633 2128 699 dicemus,
2285 636 2429 699 Quia
2467 654 2600 709 ergo
2650 638 2891 692 domnus
2950 639 3130 694 Berno
3173 655 3358 694 novem
3395 646 3713 700 consonantias

537 729 811 784 utilitates
831 728 1176 798 adjecerunt.
2214 726 2484 796 exemplis
2527 726 2845 793 elucidavit,
2896 744 2999 782 nos
3043 727 3113 782 ab
3150 745 3215 783 eo
3250 732 3601 800 praetermissas
3622 750 3715 789 exe-

608 819 671 873 In
702 819 809 872 hoc
828 817 1095 871 differunt
1123 819 1366 886 quatuor
1392 811 1724 884 principalia
1754 810 2128 876 tetrachorda,
2217 830 2473 884 quemur.
2498 815 2871 871 Unisonantia
2888 823 2991 883 est,
3025 817 3121 871 ubi
3148 835 3248 872 vox
3276 835 3379 873 non
3404 821 3713 888 variatur,sed

539 923 662 980 quae
682 908 826 961 ﬁunt
843 905 1151 961 secundum
1174 902 1429 957 melodiae
1451 902 1699 966 modum,
1722 901 1807 953 vel
1824 900 2132 953 secundum
2215 904 2406 957 multa:
2450 921 2669 961 neumaa
2728 906 2937 961 crebris
2965 906 3348 962 iterationibus
3390 909 3442 963 in
3486 926 3579 964 uno
3610 928 3713 966 sono

537 994 953 1050 institutionem
977 998 1291 1064 troporum,
1336 990 1404 1044 ab
1449 990 1560 1043 illis
1606 995 1867 1059 quatuor,
1897 1004 2019 1058 quae
2049 1004 2134 1041 sc-
2214 993 2593 1060 continuatur,
2617 1000 2683 1049 ut
2707 994 2764 1048 in
2792 996 3018 1050 exordio
3046 997 3217 1067 hujus
3261 998 3545 1069 antiphonaz
3568 1000 3716 1071 proba-

537 1084 784 1138 cundum
832 1098 1109 1136 mensurae
1157 1079 1385 1133 modum
1417 1077 1821 1142 conﬁciuntur;
1864 1077 1998 1147 quia
2037 1074 2135 1128 illa
2213 1083 2497 1139 turzAnt.
2542 1085 2669 1137 Ecce
2708 1088 2883 1138 veniet
2911 1087 3267 1149 desideratus,
3308 1086 3530 1158 itemque
3561 1088 3608 1142 in
3639 1090 3715 1143 hac

537 1172 752 1228 habent
773 1170 1134 1226 semitonium
1166 1168 1225 1222 in
1250 1166 1453 1233 medio,
1486 1166 1592 1220 ista
1646 1165 1705 1219 in
1757 1164 1957 1219 ultimo
1985 1183 1998 1231 ;
2038 1164 2136 1217 illa
2215 1176 2332 1224 ant.
2352 1170 2955 1242 idipsumlucidissime
2971 1180 3127 1244 patet
3148 1193 3160 1228 :
3185 1176 3552 1231 convertimini
3585 1180 3715 1234 adm

530 1262 852 1331 junguntur
873 1259 932 1313 in
952 1259 1019 1313 D.
1051 1256 1209 1328 gravi
1231 1261 1288 1310 et
1314 1256 1369 1308 d.
1412 1260 1596 1318 acuta,
1624 1253 1733 1307 ista
1762 1253 1820 1306 in
1856 1269 1906 1307 ει
1950 1258 2009 1306 et
2039 1252 2083 1306 Ε
2115 1269 2129 1319 ;
2216 1261 2278 1312 in
2302 1266 2407 1313 toto
2435 1263 2593 1315 corde
2630 1268 2820 1316 vestro.
2872 1262 3147 1334 Diapente
3189 1281 3313 1319 cum
3364 1264 3619 1319 semitonio
3640 1272 3714 1329 est,

532 1350 592 1404 in
621 1349 733 1403 illis
754 1352 1013 1419 superest
1030 1351 1198 1400 tonus
1217 1344 1275 1398 in
1291 1348 1532 1415 utraque
1553 1342 1826 1413 diapason
1850 1340 2128 1411 superius,
2213 1364 2340 1402 cum
2364 1366 2467 1403 νοχ
2494 1356 2740 1419 quatuor
2767 1351 2914 1405 tonis
2945 1358 3000 1405 et
3038 1353 3255 1407 duobus
3281 1354 3563 1409 εεωίιοιιίίε
3580 1354 3718 1409 imm.

533 1437 594 1493 in
622 1437 746 1492 istis
768 1436 1020 1491 inferius.
2213 1436 2368 1491 ditur
2385 1438 2471 1492 vel
2497 1439 2824 1502 remittitur,
2843 1446 2909 1494 ut
2926 1441 2984 1495 in
3007 1441 3103 1495 illo
3124 1441 3164 1514 Ῡ
3189 1444 3262 1496 da
3274 1444 3409 1496 mihi
3432 1446 3715 1497 intellectum.

606 1525 773 1581 Initia
790 1531 981 1579 autem
1003 1528 1293 1594 troporum
1310 1520 1388 1575 ibi
1407 1537 1530 1574 esse
1548 1525 1876 1583 noscuntur,
1905 1518 2001 1573 ubi
2021 1517 2130 1571 dif-
2214 1525 2394 1595 quivis
2435 1526 2672 1595 probare
2694 1528 2921 1598 poterit,
2946 1528 3040 1599 qui
3081 1529 3239 1583 illum
3263 1536 3386 1602 post
3404 1532 3552 1585 ﬁnem
3571 1532 3719 1603 prioris

534 1615 786 1671 ferentiae
809 1630 1024 1679 eorum,
1046 1612 1101 1666 id
1117 1617 1205 1666 est
1216 1612 1541 1665 macularum
1554 1625 1737 1675 amen,
1761 1608 2125 1674 inchoantur;
2213 1631 2314 1685 per
2340 1616 2493 1669 istud
2516 1616 2876 1671 intervallum
2904 1623 3056 1672 recte
3085 1619 3354 1691 inceperit
3379 1638 3390 1672 ε
3416 1621 3467 1674 in
3487 1637 3620 1674 versu
3646 1638 3719 1675 ευ.

533 1703 713 1776 quivis
735 1703 888 1757 enim
912 1700 1364 1756 authenticorum
1407 1714 1578 1769 supra
1617 1697 1842 1751 ﬁnalem
1875 1713 2039 1751 suum
2068 1695 2128 1748 in
2144 1715 2192 1776 Β
2211 1708 2326 1757 tem
2338 1706 2569 1758 Domine
2584 1707 2723 1759 Deus
2738 1711 2799 1759 tu
2814 1711 3130 1774 cognovisti,
3153 1708 3210 1762 in
3232 1709 3550 1780 depositione
3561 1710 3721 1765 ultima

531 1793 730 1865 quinto
758 1793 897 1855 loco,
922 1791 979 1845 id
997 1795 1101 1855 est,
1120 1790 1178 1843 in
1194 1788 1419 1860 prOpria
1437 1786 1620 1858 specie
1650 1786 1913 1857 diapente
1933 1785 2131 1859 incipit
2212 1808 2430 1847 neumze
2452 1797 2742 1862 justitiam
2765 1811 2943 1849 meam
2957 1835 2970 1859 ,
2991 1803 3048 1850 et
3068 1797 3127 1851 in
3148 1798 3450 1853 elevatione
3465 1799 3628 1869 prima:
3643 1816 3723 1852 non

530 1885 738 1953 praeter
766 1880 947 1934 solum
967 1875 2127 1947 deuterum,quipropterimperfectionem
2210 1883 2487 1949 abscondi,
2538 1883 2808 1954 diapason
2859 1884 3217 1940 intervallum
3267 1904 3385 1942 esse
3430 1888 3717 1959 dignoscitur.

531 1968 839 2035 semitonii,
895 1968 1010 2022 imo
1038 1973 1269 2038 propter
1297 1971 1509 2020 metam
1532 1969 1589 2019 et
1616 1965 1805 2033 sedem
1835 1970 2127 2035 troporum
2212 1968 2448 2039 Oportet
2475 1987 2609 2041 ergo
2638 1971 2742 2026 has
2762 1974 3162 2029 consonantias
3189 1976 3299 2031 rite
3317 1977 3494 2031 animo
3506 1982 3645 2047 atque
3657 1992 3723 2030 au-

533 2074 593 2112 se
620 2058 892 2112 transfert
909 2055 980 2110 ab
1009 2055 1250 2110 secunda
1281 2053 1368 2109 sui
1406 2053 1699 2124 principali
1739 2053 1947 2107 chorda
1979 2053 2038 2108 in
2072 2070 2123 2110 c.
2208 2058 2365 2113 ribus
2384 2076 2506 2114 esse
2518 2066 2712 2128 notas;
2744 2061 2955 2117 frustra
2983 2063 3133 2118 enim
3155 2065 3274 2120 haec
3297 2073 3415 2120 arte
3428 2071 3577 2136 atque
3592 2065 3722 2119 scien-

530 2152 731 2218 protus
759 2162 1006 2216 namque
1035 2144 1094 2198 in
1124 2159 1304 2198 messe
1332 2142 1549 2212 incipit,
1588 2141 1855 2196 deuterus
1882 2142 1941 2195 in
1970 2142 2033 2197 Ο.
2062 2147 2128 2198 ut
2207 2147 2290 2202 tia
2315 2148 2658 2219 colliguntur
2680 2150 2791 2206 nisi
2817 2152 3029 2207 fuerint
3053 2169 3162 2208 usu
3199 2160 3368 2226 atque
3401 2154 3724 2210 exercitatione

529 2234 744 2289 dictum
778 2238 883 2301 est,
914 2249 1015 2305 per
1032 2231 1587 2296 transmutationem,
1616 2229 1676 2284 in
1708 2245 1819 2300 qua
1836 2230 2003 2285 tritus
2027 2247 2130 2302 per
2208 2236 2519 2293 notissima.

528 2328 794 2379 naturam
821 2322 1060 2386 orditur,
1082 2321 1369 2376 tetrardus
1380 2336 1509 2373 vero
1528 2319 1581 2372 d-
1602 2318 1919 2374 inchoatur.
1947 2320 2122 2391 Plaga
2911 2322 3094 2386 XXII;

525 2417 718 2467 autem
748 2428 861 2466 non
895 2426 1067 2482 supra
1092 2409 1319 2464 ﬁnalem
1348 2409 1406 2462 in
1437 2408 1719 2479 diapente,
1751 2413 1816 2461 ut
1839 2408 2116 2477 magistri,
2751 2420 2826 2473 De
2846 2423 3243 2476 consonantiis,

527 2502 628 2557 sed
651 2501 1069 2573 aliquantulum
1097 2498 1351 2564 inferius,
1382 2496 1616 2551 ubilibet
1662 2496 1775 2551 illis
1820 2497 2116 2564 convenit;
2276 2502 2384 2557 Sex
2406 2508 2542 2559 sunt
2565 2507 2962 2573 consonantiae,
2987 2515 3103 2563 tres
3131 2510 3411 2582 simplices
3429 2514 3592 2565 ettres
3614 2525 3724 2564 com-

524 2589 753 2645 initium
785 2588 1028 2655 habent;
1052 2587 1198 2642 sicut
1215 2587 1383 2658 plaga
1398 2586 1545 2657 proti
1559 2585 1617 2639 in
1636 2586 1697 2639 F.
1721 2585 1884 2656 plage
1903 2585 2121 2640 deuteri
2202 2591 2416 2661 positae.
2453 2593 2745 2665 Simplices
2783 2601 2917 2650 sunt
2962 2597 3334 2663 diatessaron,
3365 2601 3616 2672 diapente,
3639 2599 3727 2652 dia-

526 2677 616 2731 vel
637 2677 759 2733 triti
787 2677 957 2733 simul
984 2676 1044 2730 in
1082 2692 1283 2740 messe,
1312 2676 1479 2746 plaga
1496 2673 1733 2728 tetrardi
1752 2674 1810 2727 in
1831 2674 2124 2728 c.initian-
2202 2695 2374 2749 pason
2398 2700 2410 2749 ;
2453 2684 2772 2755 compositae
2816 2686 3089 2757 diapason
3120 2704 3250 2743 cum
3277 2690 3615 2756 diatessaron,
3639 2687 3727 2742 dia.

522 2771 638 2822 tur.
687 2767 913 2821 Primus
950 2781 1084 2836 ergo
1113 2771 1283 2820 tonus
1307 2764 1392 2818 vel
1426 2768 1662 2835 quartus
1714 2763 1801 2816 vel
1845 2769 2032 2817 sextus
2060 2763 2118 2817 in
2201 2785 2378 2839 pason
2401 2787 2530 2825 cum
2561 2772 2842 2844 diapente,
2876 2774 2961 2829 bis
2988 2776 3286 2848 diapason.

521 2871 696 2924 mese,
720 2857 874 2912 solus
895 2855 1176 2910 secundus
1193 2854 1253 2908 in
1276 2854 1338 2909 F.
1360 2852 1559 2907 tertius
1571 2851 1801 2923 quintus
1812 2857 1870 2906 et
1891 2857 2118 2906 octavus
2899 2863 3104 2919 XXIII,

521 2944 582 2999 in
608 2943 668 2999 C.
706 2944 860 2999 solus
907 2943 1178 3016 septimus
1204 2942 1262 2996 in
1291 2943 1347 2995 d.
1383 2940 1612 2995 initium
1668 2940 1895 2997 habent.
1928 2930 2116 2995 Unus-
2623 2951 3020 3006 Undeconstenz
3043 2955 3367 3010 ίηεενυαιια,

523 3033 762 3105 quisque
790 3039 982 3088 autem
1010 3038 1207 3103 trOPUS
1237 3031 1297 3085 in
1326 3029 1555 3101 propria
1582 3028 1960 3083 ﬁnalicborda
1973 3045 2116 3082 una-
2139 3032 2183 3093 C
2270 3034 2629 3092 Diatessaron
2652 3045 2957 3094 constat‘ex
2985 3040 3207 3096 duobus
3235 3047 3385 3099 tonis
3403 3040 3725 3105 etsemitonio,

519 3137 649 3177 cum
678 3122 846 3194 plaga
871 3139 976 3176 sua
1005 3121 1217 3185 ﬁnitur,
1250 3123 1443 3190 utpote
1469 3123 1665 3188 protus
1682 3117 1739 3171 in
1757 3116 1827 3171 υ.
1848 3117 2115 3206 deuterus
2196 3123 2458 3195 diapente
2483 3142 2548 3180 ex
2576 3126 2758 3182 tribus
2779 3129 2929 3183 tonis
2977 3135 3035 3184 et
3076 3132 3398 3203 semitonio;
3427 3134 3659 3206 diapason
3681 3146 3728 3184 ex

515 3210 577 3265 in
606 3211 668 3265 E.
701 3211 871 3265 tritus
898 3210 958 3264 in
984 3211 1045 3264 F.
1069 3208 1355 3264 tetrardus
1386 3207 1444 3261 in
1473 3206 1541 3261 G.
1565 3207 1715 3260 unde
1761 3212 1819 3260 et
1858 3205 2008 3260 istud
2035 3212 2116 3261 te-
2196 3212 2444 3284 quinque
2471 3214 2622 3270 tonis
2651 3221 2710 3271 et
2739 3217 2958 3272 duobus
2984 3219 3322 3277 semitoniis.

516 3299 879 3355 trachordum
912 3298 1166 3352 ﬁnalium
1195 3296 1421 3354 dicitur.
1477 3294 1815 3350 Diﬂ‘erentiae
1844 3295 1904 3349 in
1935 3294 2113 3366 tropis
2890 3307 3086 3362 XXIV,

515 3387 777 3443 bifariam
805 3388 970 3452 ﬁunt,
998 3385 1184 3456 primo
1204 3382 1334 3455 quia
1354 3384 1413 3437 in
1432 3384 1677 3437 naturali
1695 3383 2017 3437 diversitate
2040 3382 2112 3436 ab
2319 3394 2456 3460 Quo:
2483 3397 2599 3449 sint
2626 3400 2821 3464 species
2848 3400 3167 3453 earumdem
3186 3404 3635 3457 comomtimm.

517 3474 756 3529 invicem
777 3474 1045 3527 differunt
1075 3473 1134 3526 in
1162 3476 1464 3536 structura,
1512 3470 1572 3524 in
1601 3471 2003 3536 consonantiis,
2051 3470 2111 3525 in
2262 3482 2625 3538 Diatessaron
2651 3490 2769 3540 tres
2800 3486 3013 3557 species
3033 3487 3223 3556 habet,
3244 3491 3499 3563 diapente
3517 3494 3724 3562 quatuor,

517 3561 829 3632 speciebus,
861 3561 920 3615 in
951 3560 1352 3633 principalibus
1381 3558 1622 3621 chordis,
1653 3558 1710 3612 in
1743 3558 2107 3647 distinctioni-
2192 3570 2463 3642 diapason
2484 3579 2726 3644 septem,
2759 3574 2953 3628 prima
2986 3576 3199 3647 species
3231 3558 3570 3634 diafessam},
3599 3576 3727 3630 habet

514 3649 641 3717 bus,
673 3649 733 3703 in
760 3648 941 3703 modis
966 3665 1185 3712 vocum,
1224 3649 1284 3702 in
1331 3647 1507 3701 initiis
1538 3652 1596 3702 et
1631 3647 1836 3701 ﬁnibus
1879 3648 2018 3705 suis.
2054 3642 2112 3702 et
2191 3642 2631 3714 semitonium'in
2663 3660 2869 3727 medio,
2901 3666 2966 3715 ut
2992 3642 3061 3715 a_b
3091 3664 3158 3717 Α,
3204 3664 3268 3720 in
3304 3667 3366 3721 D,
3428 3664 3653 3721 Secunda
3686 3662 3727 3715 in

514 3736 648 3809 quia
674 3738 818 3792 alter
843 3736 1007 3791 alteri
1035 3737 1219 3791 locum
1259 3737 1317 3790 in
1355 3752 1458 3790 sua
1503 3736 1635 3790 sede
1666 3752 1779 3790 non
1799 3735 2021 3802 tribuit,
2053 3741 2111 3791 et
2190 3746 2394 3816 primo,
2440 3754 2503 3802 ut
2536 3766 2570 3802 υ,
2603 3749 2663 3803 Β.
2695 3749 2752 3803 in
2781 3751 2842 3803 E.
2864 3750 3054 3805 Tertia
3089 3751 3147 3805 in
3168 3753 3377 3809 ultimo
3399 3755 3530 3819 loco,
3558 3760 3661 3808 uta
3680 3751 3726 3805 Ο.

513 3826 659 3881 alter
671 3825 906 3881 alterius
924 3842 1187 3879 neumam
1208 3831 1309 3879 aut
1329 3824 1691 3879 transformat
1709 3831 1807 3879 aut
1820 3841 2111 3912 nunquam
2190 3834 2251 3888 in
2274 3835 2335 3893 F,
2353 3837 2544 3891 Prima
2554 3837 2767 3908 species
2785 3838 3047 3910 diapente
3083 3840 3261 3896 habet
3277 3843 3614 3898 semitonium
3636 3843 3729 3912 post

511 3914 731 3986 recipit,
767 3913 993 3985 aliaque
1020 3914 1287 3986 perplura
1312 3913 1657 3984 hujusmodi.
1688 3912 1944 3967 Secundo
1974 3911 2109 3983 quia
2190 3928 2409 3991 tonum,
2450 3930 2646 3996 postea
2667 3927 2943 3995 άίιοηυω,
2977 3934 3043 3983 ιιι
3070 3946 3104 3983 a
3130 3929 3199 3983 Ι),
3236 3948 3299 3986 ω
3339 3949 3396 3988 ε,
3446 3911 3730 3987 secundam

511 4010 712 4058 cantus
753 4003 1105 4074 singulorum
1154 4007 1447 4073 troporum
1501 4018 1616 4056 non
1665 4017 1841 4056 unum
1886 4018 2110 4073 semper
2191 4011 2373 4082 primo
2414 4014 2797 4083 semitonium,
2828 4023 3026 4087 postea
3042 4018 3347 4089 ιιιίιοηιιπι,
3383 4026 3446 4076 ut
3463 4020 3529 4074 ab
3553 4020 3604 4074 Ε,
3637 4014 3730 4083 in:

510 4093 776 4164 idemque
804 4091 977 4147 habet
1000 4091 1224 4146 initium
1254 4110 1267 4159 ;
1300 4091 1399 4146 sed
1428 4091 1524 4162 qui
1553 4091 1613 4145 in
1634 4091 1791 4144 ﬁnali
1810 4090 2111 4161 cujuslibet
2191 4101 2379 4156 Tertia
2399 4103 2458 4157 in
2481 4104 2682 4159 ultimo
2707 4116 2835 4177 post
2861 4107 3157 4174 tritonum,
3176 4114 3246 4164 ut
3260 4109 3334 4165 ab
3354 4111 3417 4166 Ρ,
3436 4111 3549 4165 inc.
3563 4109 3731 4173 Quarta

511 4181 740 4237 illorum
761 4180 1403 4251 chordaincipit,prim83
1424 4179 1753 4234 dill‘erentiae
1769 4180 1952 4234 locum
1970 4178 2111 4233 obti-
2192 4195 2320 4261 post,
2347 4191 2606 4246 ditonum
2626 4194 3006 4263 semitonium,
3041 4195 3247 4251 dehinc
3275 4203 3478 4266 totum,
3515 4203 3575 4252 ut
3598 4194 3658 4251 ab
3677 4192 3727 4247 G.

510 4276 634 4339 net;
668 4271 764 4343 qui
785 4287 916 4325 vero
935 4269 1084 4325 infra
1102 4270 1328 4324 ﬁnalem
1353 4268 1413 4323 in
1444 4268 1623 4323 vicino
1646 4269 1732 4323 vel
1760 4268 1929 4323 tertio
1969 4284 2108 4322 sono
2191 4276 2252 4332 in
2289 4279 2344 4333 d.

511 4361 749 4427 orditur,
774 4360 1031 4415 secunda;
1059 4360 1145 4413 vel
1156 4359 1336 4413 tertiae
1356 4357 1684 4412 dill'erentiaa
1702 4373 1906 4412 nomen
1919 4356 2107 4449 habet.
2124 4347 2176 4407 D
2266 4368 2417 4423 ordo
2446 4369 2759 4440 specierum
2788 4372 3060 4444 diapason
3098 4377 3413 4432 secundum
3447 4374 3734 4449 positionem

512 4450 696 4521 Supra
721 4450 951 4503 ﬁnalem
975 4454 1166 4503 autem
1220 4449 1282 4502 in
1317 4446 1485 4502 tertia
1529 4451 1747 4536 quarta;
1771 4446 1858 4500 vel
1907 4445 2104 4536 quinta
2187 4457 2504 4512 litterarum
2526 4459 2586 4513 in
2606 4462 2984 4517 monachordo
3013 4462 3240 4519 habitus
3270 4472 3376 4533 est,
3397 4445 3568 4532 iii—est,
3587 4462 3735 4536 prima

510 4553 661 4605 voce,
688 4543 901 4609 quarta
930 4537 1140 4609 quintae
1169 4542 1226 4591 et
1253 4540 1422 4591 sextae
1477 4534 1801 4590 differentiae
1854 4534 2070 4606 patebit

2188 4546 2401 4619 species
2428 4547 2499 4601 ab
2526 4550 2575 4602 A
2603 4548 2663 4603 in
2683 4566 2737 4605 a.
2760 4552 3007 4607 secunda
3025 4570 3061 4607 a
3078 4553 3123 4608 B
3141 4553 3203 4608 in
3220 4554 3278 4609 b.
3302 4556 3470 4611 tertia
3495 4571 3528 4609 a
3549 4534 3605 4608 Ci
3622 4552 3671 4606 in
3693 4565 3730 4603 c.

1234 4625 1381 4680 XXI.
2190 4642 2247 4692 et
2269 4637 2349 4691 sic
2365 4642 2599 4692 eceterae.

879 4717 1032 4784 Quod
1057 4717 1172 4770 sint
1200 4715 1500 4768 intervalla
1537 4729 1746 4768 vocum.
2259 4725 2525 4797 Exempla
2565 4726 2988 4784 intervallorum
3036 4732 3124 4786 vel
3171 4735 3646 4790 consonantiarum
3688 4727 3734 4782 in

580 4805 882 4861 Intervalla
902 4821 1119 4871 vocum,
1145 4802 1348 4875 quibus
1378 4802 1560 4857 omnis
1585 4804 1784 4857 Cantus
1803 4802 2099 4873 ἀὶεθτίιιιτ,
2185 4813 2437 4869 versibus
2466 4814 2833 4870 illustrissimi
2862 4817 2968 4872 viri
2998 4817 3312 4876 Hermanni
3331 4822 3621 4894 patebunt:

509 4892 750 4948 domnus
780 4893 963 4949 Guido
977 4909 1073 4947 sex
1092 4897 1315 4946 tantum
1341 4907 1464 4945 esse
1489 4896 1731 4945 testatur
1761 4910 1777 4945 :
1800 4891 1857 4945 id
1885 4897 1990 4959 est,
2022 4909 2106 4948 se-
2392 4896 2484 4951 Ter
2504 4903 2596 4951 tria
2612 4904 2886 4967 junctorum
2912 4912 3025 4955 sunt
3052 4907 3301 4960 intervalla
3326 4891 3565 4961 sonorum.

507 4980 833 5048 mitonium,
853 4988 1072 5049 tonum,
1096 4981 1373 5046 ditonum,
1393 4979 1759 5045 diatessaron,
1780 4980 2105 5052 diapente,a
2185 4983 2249 5037 Id
2272 4988 2374 5046 est,
2412 4984 2636 5054 qualem
2666 5001 2931 5040 neumam
2959 4994 3125 5043 sonat
3175 4992 3552 5060 semitonium,
3578 4995 3733 5053 tonus,

504 5068 778 5142 principio
819 5068 1045 5140 quidem
1072 5068 1510 5131 unisonantiam,
1557 5083 1592 5120 a
1622 5068 1735 5121 ﬁne
1764 5074 1955 5121 autem
1985 5068 2104 5122 dia-
2184 5071 2569 5132 semiditonus.
2589 5072 2834 5141 ditonus,
2858 5075 3226 5145 diatessaron,
3253 5081 3532 5153 diapente.
3546 5080 3736 5150 diapen-

504 5164 677 5231 ponte
706 5176 835 5215 cum
863 5156 1160 5213 semitonio
1190 5161 1248 5211 et
1274 5157 1537 5227 diapente
1584 5173 1711 5210 cum
1760 5164 1894 5210 tono
1918 5157 2099 5212 absci-
2182 5165 2239 5214 te
2267 5176 2395 5215 cum
2423 5161 2744 5233 semitonio,
2766 5163 3028 5236 diapente
3052 5185 3179 5223 cum
3202 5173 3366 5227 tono.

505 5249 662 5316 dens,
679 5248 1002 5319 dicensque,
1021 5263 1135 5301 non
1152 5245 1357 5299 debere
1379 5262 1474 5299 eas
1489 5261 1617 5299 cum
1632 5245 1848 5298 caeteris
1865 5252 2102 5301 annota-
2888 5253 3061 5310 XXV.

505 5336 577 5405 ri,
608 5338 769 5408 quasi
797 5354 919 5408 quae
944 5351 1256 5407 numquam
1287 5333 1345 5387 in
1392 5334 1639 5405 regulari
1676 5340 1845 5387 cantu
1881 5336 2102 5390 valeant
2336 5340 2541 5407 Quibus
2554 5344 3009 5410 proportionibus
3036 5352 3277 5402 constent
3298 5349 3606 5403 intervalla.

505 5425 825 5495 approbari.
855 5426 971 5479 Nos
996 5440 1126 5478 vero
1176 5438 1291 5476 non
1337 5422 1518 5476 solum
1549 5422 1665 5476 haec
1695 5438 1891 5476 novem
1930 5422 2103 5478 inter—
2253 5427 2617 5483 Diatessaron
2642 5436 2865 5486 constat
2910 5450 2977 5487 ex
3023 5437 3385 5507 sesquitertia
3409 5434 3733 5509 proportione

505 5512 673 5583 valla,
699 5513 800 5568 sed
825 5518 884 5568 et
900 5512 1162 5585 diapente
1182 5526 1313 5566 cum
1342 5509 1736 5579 semitonio,id
1757 5515 1844 5564 est
1870 5509 1954 5565 bis
1978 5512 2102 5566 dia-
2185 5515 2449 5588 diapente
2479 5535 2544 5573 ex
2566 5520 2953 5591 sesquialtera,
2976 5524 3247 5598 diapason
3272 5544 3342 5584 ex
3364 5527 3554 5601 dupla.
3594 5531 3732 5582 tonus
