3950 6168
234 302 385 362 1169

1735 320 2022 378 MUSICA.

3382 322 3521 380 1170

234 430 645 504 sesquioctava,
675 437 957 494 semitonii
1003 446 1191 514 partes
1239 448 1515 515 apotomae
1553 446 1837 501 dicuntur.
1859 447 1991 508 Aab
2023 448 2085 502 Γ.
2122 448 2181 502 in
2220 449 2293 506 E.
2331 449 2463 521 quia
2502 450 2747 521 regulari
2795 455 2929 505 tono
2974 447 3210 515 orditur,
3243 451 3301 502 et
3333 448 3522 503 minus

946 547 1144 605 XXVI.

312 633 381 686 In
409 637 541 700 quot
566 633 797 688 chordas
826 639 1085 760 asgendat
1112 643 1193 694 vel
1222 641 1508 696 descendat
1548 645 1774 712 quisque

923 723 1204 760 raporum.

923 723 1204 776 raporum.

310 791 560 855 Quilibet
585 794 1163 868 autenticustropusa
1182 801 1335 855 ﬁnali
1363 819 1464 857 suo
1489 803 1547 857 in
1568 803 1839 859 decimam

228 880 506 935 chordam
526 881 783 953 licenter,
799 889 858 938 et
868 901 983 940 non
1003 888 1257 956 ulterius,
1283 896 1485 962 printer
1503 894 1716 947 tetrard
1725 911 1837 962 um,

227 968 333 1040 qui
358 970 584 1025 nonnisi
625 972 687 1031 in
720 989 934 1029 nonum
969 977 1344 1049 phthongum,
1377 983 1662 1050 ascendit;
1694 983 1842 1037 infra

225 1058 464 1114 ﬁnalem
491 1076 626 1115 vero
671 1068 937 1118 autentus
979 1066 1217 1139 quisque
1246 1068 1304 1123 in
1334 1070 1577 1125 vicinum
1608 1072 1695 1126 vel
1723 1077 1841 1127 ter-

225 1146 399 1213 tium,
424 1164 734 1221 numquam
753 1152 814 1206 in
834 1160 1119 1223 quartum,
1144 1157 1449 1224 descendit,
1478 1160 1581 1214 nisi
1599 1161 1836 1216 sitcom—

226 1238 427 1291 munis
445 1244 663 1306 cantus,
690 1241 787 1311 qui
807 1248 894 1297 est
920 1248 1117 1315 tmpus
1141 1246 1480 1302 indifferens.
1505 1250 1691 1320 Plagae
1708 1267 1837 1305 vero

231 1340 268 1377 a
302 1326 463 1382 ﬁnali
489 1328 640 1383 ultra
666 1329 927 1402 diapente
955 1333 1014 1388 in
1036 1340 1419 1402 sextam,raro
1445 1355 1576 1392 vero
1591 1340 1648 1393 in
1669 1341 1839 1411 septi-

222 1429 384 1469 mam
413 1432 606 1471 vocem
625 1421 936 1489 scandunt;
968 1423 1116 1478 intra
1142 1425 1372 1481 ﬁnalem
1401 1432 1590 1482 autem
1621 1429 1692 1483 ad
1720 1430 1838 1484 dia-

222 1508 489 1561 tessaron
520 1523 666 1581 saepe
693 1513 893 1565 tonum
925 1518 1237 1568 assumunt.

916 1602 1142 1657 XXVII.

516 1687 686 1757 Cujus
719 1693 865 1759 tropi
892 1695 1006 1745 sint
1036 1695 1285 1760 quaelibet
1314 1695 1544 1750 chorda.

1926 537 2167 608 perfecte
2208 538 2263 592 in
2307 540 2602 595 semitonio
2632 540 2986 603 terminatur,
3017 539 3227 592 nullam
3259 537 3405 609 tropi
3440 554 3525 592 se-

1925 626 2052 680 dem
2085 644 2151 681 ex
2177 627 2271 681 illa
2312 628 2647 699 percipiunt,
2690 629 2928 699 ideoque
2965 627 3216 698 legitima
3260 643 3373 681 non
3414 632 3521 681 est.

1928 715 2185 770 Secunda
2204 722 2300 770 eta
2315 717 2567 787 gegulari
2590 721 2725 772 tono
2744 717 2942 788 incipit
2955 723 3008 771 et
3029 717 3085 770 in
3104 716 3348 786 regulari
3366 720 3522 780 tono,

1926 804 1982 858 id
2013 812 2098 858 est
2125 822 2277 859 mese
2306 806 2518 871 finitur,
2551 806 2790 877 ideoque
2820 805 3168 859 nobilissima
3193 811 3250 859 et
3276 804 3524 875 perfecta

1926 898 2030 957 est,
2070 899 2127 948 et
2160 894 2216 947 in
2254 894 2415 949 initio
2453 895 2574 965 ejus
2606 900 2663 949 et
2695 896 2807 948 ﬁne
2843 894 2992 966 tropi
3021 893 3182 964 quasi
3204 893 3262 947 in
3288 894 3521 964 quibus-

1924 984 2052 1037 dam
2093 983 2319 1037 sedibus
2371 984 2750 1054 requiescunt.
2798 984 2991 1038 Tertia
3027 1000 3062 1037 a
3101 982 3348 1053 regulari
3384 992 3519 1037 tono

1923 1073 2171 1143 quidem,
2192 1072 2250 1126 id
2290 1077 2374 1126 est
2397 1072 2455 1126 in
2485 1073 2552 1127 G.
2584 1072 2801 1144 incipit,
2832 1073 2931 1127 sed
2961 1072 3148 1127 minus
3174 1071 3430 1142 perfecta:
3458 1071 3519 1127 in

1919 1161 2237 1228 semitonio,
2264 1161 2323 1215 id
2349 1167 2435 1216 est
2462 1162 2520 1223 in
2548 1179 2598 1216 e.
2633 1161 2859 1227 desinit,
2890 1161 3128 1232 ideoque
3156 1161 3410 1231 legitima
3433 1166 3520 1216 est

1920 1250 1978 1303 in
2009 1250 2168 1305 initio
2198 1267 2317 1315 suo,
2349 1251 2478 1304 ﬁnis
2505 1268 2635 1305 vero
2663 1267 2776 1305 non
2799 1250 3085 1322 recipitur.
3121 1250 3335 1314 Quarta
3361 1267 3396 1305 a
3422 1267 3515 1306 re-

1917 1339 2105 1409 gulari
2134 1346 2290 1404 tono,
2324 1339 2379 1393 id
2405 1346 2492 1394 est
2510 1340 2569 1394 in
2597 1357 2645 1395 c.
2676 1340 2948 1411 incipiens
2972 1339 3098 1394 ideo
3117 1356 3231 1394 non
3267 1339 3515 1412 perfecta

1921 1433 2025 1493 est,
2060 1429 2191 1499 quia
2221 1429 2562 1484 terminatur
2583 1429 2642 1483 in
2672 1429 2717 1500 ξ,
2740 1430 2838 1484 sed
2868 1430 3003 1501 quia
3031 1445 3434 1501 synemmenon
3455 1429 3515 1484 in

1918 1516 2298 1573 monochordo
2325 1517 2487 1573 sedes
2510 1523 2801 1589 troporum
2819 1535 2941 1573 esse
2950 1535 3061 1573 non
3077 1518 3303 1589 poterit,
3319 1518 3519 1589 quinta

1917 1605 1978 1661 in
2006 1606 2191 1660 medio
2215 1606 2397 1677 posita
2429 1612 2659 1678 propter
2698 1607 2884 1661 minus
2913 1608 3173 1678 regulare
3201 1623 3517 1678 synemme-

1913 1712 2027 1750 non
2057 1695 2281 1767 penitus
2328 1711 2442 1750 non
2486 1696 2773 1767 recipitur.
2798 1696 2967 1750 Vides
3008 1696 3201 1766 igitur,
3231 1695 3515 1766 legitimas

296 1759 662 1846 Singulorum
714 1759 1200 1836 tetrachordorum
1251 1783 1447 1852 primae
1494 1785 1832 1857 principales
1847 1805 1894 1864 Β
1913 1759 2205 1856 troporum
2233 1785 2395 1840 sedes
2422 1786 2483 1839 in
2510 1759 2621 1840 illis
2650 1786 2785 1840 locis
2814 1801 2959 1850 esse,
2990 1759 3062 1839 id
3075 1759 3513 1856 quibusdictum

221 1863 451 1919 chorda
470 1872 602 1921 sunt
632 1868 778 1938 proti
798 1873 856 1922 et
874 1871 995 1939 ejus
1022 1871 1218 1941 plagae,
1250 1872 1465 1927 scilicet
1488 1876 1553 1927 A.
1586 1875 1651 1929 D.
1684 1891 1735 1928 a.
1768 1876 1825 1930 d.

223 1952 450 2008 deuteri
479 1956 737 2011 secundae
780 1958 842 2012 B.
900 1959 958 2014 E.
991 1960 1018 2031 η
1051 1977 1100 2014 e.
1142 1960 1262 2015 triti
1303 1962 1484 2016 tertiae
1515 1963 1576 2017 C.
1611 1962 1674 2016 F.
1707 1981 1752 2017 c.
1783 1965 1824 2018 f.

219 2042 463 2097 tetrardi
486 2050 723 2113 quartae,
749 2046 817 2100 D.
852 2047 918 2101 G.
951 2048 1007 2100 d.
1047 2065 1102 2117 g.
1140 2049 1374 2119 quilibet
1401 2050 1577 2121 igitur
1602 2051 1829 2107 illorum

217 2146 397 2186 unam
426 2132 597 2188 habet
634 2135 692 2190 in
731 2135 1015 2206 gravibus,
1044 2154 1216 2192 unam
1240 2139 1297 2192 in
1328 2140 1622 2209 ﬁnalibus;
1655 2157 1829 2197 unam

218 2219 278 2275 in
305 2222 714 2293 superioribus,
746 2242 919 2280 unam
947 2225 1006 2281 in
1040 2228 1456 2288 excellentibus.

289 2311 488 2365 Primo
535 2312 668 2382 quia
723 2318 1016 2386 troporum
1073 2318 1463 2390 unusquisque
1518 2320 1828 2375 secundum

218 2403 443 2454 natura
487 2418 603 2458 suae
649 2404 1052 2475 proprietatem
1081 2405 1141 2460 in
1169 2407 1570 2478 principalibus
1607 2408 1830 2465 chordis

216 2489 338 2544 suis
366 2491 663 2561 mqualiter
688 2491 1001 2549 intenditur
1031 2500 1089 2549 et
1116 2496 1443 2564 remittitur,
1465 2502 1530 2552 ut
1556 2498 1615 2552 in
1644 2505 1830 2569 proto,

218 2594 423 2634 omnes
450 2579 665 2651 primae,
704 2580 761 2635 id
790 2588 877 2637 est
902 2584 970 2637 A.
1000 2584 1068 2639 D.
1099 2601 1151 2638 a.
1184 2585 1237 2640 d.
1273 2590 1407 2640 tono
1436 2587 1824 2654 remittuntur,

216 2673 275 2721 et
325 2668 516 2739 prima
570 2670 754 2741 specie
808 2671 1073 2744 diapente
1110 2674 1499 2729 intenduntur.
1554 2676 1830 2731 Similiter

1911 1878 2013 1928 est.

2612 1964 2811 2018 XXIX.

1911 2073 1979 2125 In
1999 2071 2198 2138 quibus
2220 2071 2581 2124 tetrachordz‘s
2596 2073 3035 2139 uniuscujusque
3055 2072 3205 2139 tropi
3218 2071 3515 2139 principa-

2412 2144 2482 2195 les
2511 2143 2724 2195 chorda:
2748 2147 3012 2196 constent.

1985 2230 2175 2284 Prima
2204 2229 2528 2302 principalis
2570 2230 2781 2284 chorda
2830 2236 2917 2284 est
2962 2230 3023 2285 in
3070 2228 3323 2301 quolibet
3349 2233 3514 2301 tropo

1912 2319 2190 2384 ﬁnalium,
2226 2319 2472 2374 secunda
2498 2319 2874 2391 superiorum,
2906 2319 3074 2374 tertia
3101 2318 3511 2386 excellentium,

1914 2413 2117 2479 quarta
2163 2408 2440 2478 gravium,
2488 2413 2692 2479 utputa
2737 2408 2884 2479 proti
2928 2409 2997 2463 D.
3044 2408 3099 2466 d.
3133 2413 3191 2463 et
3217 2412 3518 2479 pr0pterea

1911 2498 2244 2568 gravissima
2295 2504 2381 2552 est
2426 2497 2646 2564 ultima,
2690 2497 2825 2569 quia
2868 2497 3186 2553 autenticus
3227 2497 3386 2569 prius
3414 2514 3516 2569 per

1912 2588 2013 2640 has
2037 2586 2276 2640 chordas
2304 2585 2474 2640 debet
2498 2587 2771 2652 construi,
2802 2603 2972 2658 quam
3001 2588 3170 2657 plaga
3197 2587 3319 2657 ejus
3342 2605 3355 2654 ;
3391 2603 3515 2657 qum

1912 2675 2057 2729 sicut
2097 2674 2414 2729 autenticus
2456 2690 2702 2741 sursum,
2753 2675 2832 2729 sic
2888 2674 3013 2746 ipsa
3054 2674 3222 2729 debet
3262 2676 3514 2729 construi

215 2757 492 2813 deuterus
520 2759 579 2812 in
608 2759 869 2816 omnibus
911 2762 1315 2835 principalibus
1366 2765 1483 2819 suis
1528 2766 1735 2832 nervis,
1766 2766 1825 2821 id
1908 2764 2192 2818 deorsum.
2229 2764 2564 2834 Separemus
2604 2763 2952 2818 autenticum
3002 2769 3231 2834 protum
3276 2780 3310 2817 a
3346 2764 3516 2835 plaga

214 2852 301 2900 est
328 2846 390 2900 in
422 2848 681 2902 secundis
711 2850 923 2905 scilicet
952 2852 1015 2906 B.
1049 2853 1111 2907 E.
1145 2854 1243 2924 ne.
1277 2853 1469 2908 ditono
1501 2854 1821 2925 deponitur,
1907 2870 2010 2907 sua
2043 2870 2053 2906 :
2084 2853 2176 2907 hic
2210 2851 2412 2923 incipit
2444 2852 2504 2905 in
2541 2852 2608 2907 D.
2640 2856 2697 2906 et
2720 2850 3009 2906 ﬁnitur‘in
3040 2853 3096 2906 d.
3129 2857 3188 2907 et
3213 2852 3385 2907 habet
3413 2853 3516 2907 has

214 2940 271 2990 et
297 2937 552 2991 secunda
579 2937 928 2995 diatessaron
959 2942 1144 3012 specie
1185 2942 1514 2997 intenditur.
1550 2944 1740 2999 Tritus
1764 2944 1822 2999 in
1905 2942 2241 3013 principales
2267 2947 2383 2995 tres
2411 2941 2648 2995 chordas
2677 2941 2742 2995 D.
2759 2957 2810 2994 a.
2836 2941 2889 2996 d.
2919 2958 3143 2997 sursum
3171 2941 3513 3013 :subjugalis

213 3025 482 3080 omnibus
522 3027 728 3091 tertiis,
754 3028 812 3082 id
843 3034 929 3083 est
954 3028 1013 3083 in
1044 3030 1106 3084 C.
1131 3030 1190 3084 F.
1213 3047 1257 3084 c.
1282 3031 1323 3086 f.
1347 3030 1540 3085 ditono
1571 3032 1821 3087 intendi-
1902 3047 2034 3085 vero
2060 3030 2330 3102 incipiens
2371 3030 2431 3084 in
2461 3031 2527 3084 A.
2559 3035 2617 3084 et
2647 3030 2847 3085 ﬁniens
2884 3030 2944 3085 in
2990 3047 3040 3085 a.
3089 3030 3261 3085 habet
3295 3035 3352 3085 et
3386 3030 3513 3102 ipsa

211 3120 327 3181 tur,
359 3120 420 3168 et
450 3116 619 3169 tertia
645 3117 829 3188 specie
852 3117 1205 3174 diatessaron
1236 3120 1557 3191 deponitur.
1592 3122 1881 3186 Tetrar-C
1906 3122 2008 3175 has
2028 3126 2145 3174 tres
2175 3137 2227 3174 a.
2262 3121 2325 3174 B.
2353 3122 2420 3174 A.
2456 3120 2742 3185 deorsum,
2786 3136 2913 3190 quae
2959 3119 3129 3174 simul
3174 3121 3385 3189 junctae
3413 3135 3511 3174 sex

210 3203 317 3258 dus
342 3205 403 3258 in
428 3205 691 3259 omnibus
719 3207 954 3277 quartis,
983 3207 1040 3261 id
1080 3213 1167 3262 est
1209 3209 1268 3262 in
1293 3210 1359 3263 D.
1403 3210 1471 3264 G.
1506 3210 1561 3264 d.
1594 3228 1650 3281 g.
1686 3216 1819 3265 tono

207 3291 547 3360 intenditur,
592 3300 649 3349 et
692 3302 895 3366 quarta
948 3296 1212 3367 diapente
1258 3299 1442 3369 specie
1496 3299 1816 3370 deponitur.

209 3382 476 3437 Secundo
490 3384 638 3454 quod
658 3385 715 3438 in
740 3385 1091 3455 singulorum
1106 3392 1395 3458 troporum
1418 3388 1603 3460 prima
1619 3390 1819 3460 princi-

206 3472 324 3543 pali
347 3473 714 3542 gravissimus
733 3474 1052 3541 descensus,
1073 3475 1133 3530 in
1152 3477 1399 3531 secunda
1419 3478 1673 3533 melodiae
1702 3480 1818 3533 exi-

206 3567 323 3624 tus,
355 3562 418 3615 in
451 3562 620 3616 tertia
648 3562 984 3634 principium
1031 3563 1495 3622 differentiarum.
1528 3568 1587 3621 in
1615 3574 1819 3639 quarta

204 3666 473 3705 summus
502 3668 784 3705 ascensus.
817 3653 1008 3707 Tertio
1038 3653 1184 3725 quod
1234 3654 1294 3708 in
1341 3655 1553 3710 eisdem
1592 3657 1815 3711 chordis

204 3746 508 3812 troporum
564 3756 782 3796 neumaa
833 3742 1261 3813 distinguuntur
1305 3750 1362 3798 et
1405 3745 1811 3814 producuntur.

205 3829 427 3892 Quarto
448 3830 595 3900 quod
612 3830 869 3885 secundae
900 3840 958 3885 et
995 3838 1208 3903 quarta:
1227 3832 1567 3904 principales
1596 3835 1817 3889 chordae

203 3918 556 3974 concludunt
581 3920 914 3988 autenticos,
933 3921 1130 3992 primae
1158 3938 1289 3976 vero
1320 3927 1379 3977 et
1401 3923 1581 3979 tertiae
1609 3924 1815 3995 subju—

204 4007 388 4077 galea.

885 4099 1137 4155 XXVIII.

674 4189 748 4242 De
777 4190 993 4242 sedibus
1041 4193 1347 4257 troporum.

1903 3208 2069 3264 ﬁunt.
2103 3208 2375 3264 Similiter
2412 3209 2481 3263 de
2510 3208 2724 3263 caeteris
2754 3208 2944 3263 facias.

2618 3316 2790 3371 XXX.

1905 3405 2039 3471 Quot
2066 3405 2279 3459 chorda
2306 3421 2619 3459 communes
2655 3408 2769 3458 sint
2805 3407 3102 3488 autenticz's
3132 3408 3181 3459 et
3206 3404 3413 3473 plagis,
3455 3411 3506 3459 et

1912 3500 1913 3503 η
2496 3492 2613 3544 qua
2643 3491 2901 3544 propriae.

1968 3565 2254 3620 Autentici
2296 3565 2437 3620 duas
2487 3581 2815 3619 communes
2851 3581 2979 3619 cum
3028 3563 3416 3635 subjugalibus
3443 3566 3504 3621 in

1897 3654 2177 3720 ﬁnalibus,
2232 3659 2290 3708 et
2344 3654 2404 3708 in
2459 3653 2843 3725 superioribus
2889 3653 3229 3725 principales
3265 3655 3502 3710 chordas

1896 3742 2125 3804 habent,
2150 3748 2208 3796 et
2233 3743 2520 3814 propriam
2548 3759 2720 3796 unam
2756 3743 2817 3796 in
2847 3741 3245 3797 excellentibus
3277 3761 3289 3796 :
3320 3744 3502 3815 plaga

1901 3849 2030 3885 vero
2060 3826 2233 3886 unam
2267 3832 2477 3885 habent
2500 3832 2785 3902 pr0priam
2834 3831 2894 3886 in
2938 3830 3220 3902 gravibus,
3262 3837 3320 3886 et
3360 3833 3501 3888 duas

1895 3920 2093 3975 itidem
2114 3937 2440 3975 communes
2468 3937 2596 3974 cum
2634 3920 2934 3975 autenticis
2979 3923 3115 3988 suis,
3146 3923 3204 3976 in
3234 3922 3500 3978 ﬁnalibus

1894 4009 2154 4064 videlicet
2180 4014 2238 4064 et
2267 4009 2328 4063 in
2357 4008 2760 4080 superioribus,
2793 4009 2939 4063 sicut
2967 4016 3161 4081 protus
3198 4027 3233 4064 a
3260 4011 3327 4065 D.
3359 4011 3420 4064 in
3440 4011 3496 4065 d.

1896 4099 2274 4153 conscendens
2304 4098 2546 4169 primam
2592 4108 2650 4153 et
2679 4098 2920 4152 mediam
2966 4098 3138 4153 habet
3170 4115 3497 4154 communes

1894 4205 2024 4242 cum
2054 4188 2242 4259 plaga,
2272 4187 2499 4242 tertiam
2535 4187 2707 4241 habet
2727 4187 3031 4258 propriam.
3063 4188 3240 4258 Plaga
3267 4203 3397 4240 vero
3426 4187 3497 4242 ab

274 4277 458 4331 Sedes
503 4277 588 4331 vel
634 4283 796 4332 metae
831 4283 1124 4348 troporum
1153 4285 1297 4345 octo,
1327 4279 1594 4349 legitimae
1618 4285 1807 4335 autem
1895 4278 1958 4330 A.
1999 4276 2058 4330 in
2078 4292 2129 4330 a.
2152 4276 2391 4331 tendens
2432 4276 2672 4347 primam
2692 4276 2758 4329 A.
2784 4274 2956 4328 habet
2977 4274 3283 4346 propriam,
3300 4290 3497 4329 secun-

199 4366 435 4420 nonnisi
457 4366 519 4420 in
549 4372 794 4438 quatuor
822 4367 957 4421 locis
974 4384 1095 4421 esse
1110 4374 1437 4435 noscuntur,
1461 4369 1519 4423 id
1546 4376 1631 4423 est
1658 4370 1715 4424 in
1741 4371 1804 4425 C.
1824 4405 1873 4463 Β
1892 4364 2022 4418 dam
2052 4365 2185 4419 D.et
2210 4365 2435 4419 tertiam
2460 4381 2512 4417 a.
2532 4380 2657 4418 cum
2689 4363 2974 4418 autentico
3004 4363 3496 4417 communeS-Hinc

194 4454 253 4509 in
282 4456 356 4510 G.
390 4455 450 4508 in
480 4472 533 4509 a.
583 4456 644 4511 in
684 4474 731 4511 c.
762 4457 1071 4512 Videamus
1112 4458 1303 4527 igitur,
1349 4463 1486 4529 quot
1521 4464 1682 4513 metae
1722 4460 1807 4513 vel
1829 4451 1868 4463 “’
1891 4459 1994 4518 est,
2024 4454 2172 4525 quod
2201 4453 2462 4524 superius
2491 4453 2701 4507 dictum
2733 4458 2837 4516 est,
2881 4452 3016 4522 quia
3058 4468 3181 4522 quae
3211 4451 3492 4523 simplices

192 4545 504 4599 intervalla
531 4552 809 4601 metarum
840 4546 899 4600 in
927 4548 1304 4601 monochordo
1333 4548 1454 4601 ﬁeri
1485 4548 1718 4618 possint,
1751 4554 1809 4602 et
1889 4549 2040 4609 sunt,
2091 4543 2403 4614 simplicem
2446 4548 2672 4614 trOpum
2711 4547 2769 4595 et
2795 4541 3025 4595 modum
3072 4557 3268 4595 vocum
3310 4542 3494 4612 perci-

191 4650 298 4687 cur
327 4633 390 4686 in
420 4633 668 4704 praefatis
696 4633 832 4687 locis
860 4633 1041 4704 magis
1086 4633 1350 4704 legitimae
1374 4651 1498 4689 esse
1525 4634 1803 4701 dicantur,
1888 4633 2070 4704 piunt,
2117 4649 2239 4703 qua:
2281 4633 2465 4703 dupla:
2505 4631 2815 4703 duplicem;
2850 4630 2982 4701 quia
3009 4630 3133 4685 duae
3162 4630 3360 4686 mediae
3389 4648 3493 4687 au-

190 4738 375 4793 quam
406 4722 467 4775 in
496 4721 641 4788 aliis,
662 4721 809 4775 sicut
825 4722 1084 4793 superius
1103 4722 1314 4785 dictum
1350 4730 1450 4777 est.
1489 4724 1809 4778 Secundum
1890 4722 2161 4775 tenticum
2182 4726 2240 4775 et
2267 4721 2488 4792 plagam
2516 4720 2891 4774 communiter
2918 4719 3276 4787 concludunt,
3308 4720 3494 4791 prima

188 4810 702 4867 melodiaemodum
721 4812 809 4865 vel
826 4812 1240 4866 institutionem
1263 4817 1553 4882 troporum
1570 4820 1812 4883 quatuor
1891 4827 2022 4864 vero
2067 4812 2135 4864 A.
2186 4810 2497 4881 simplicem
2539 4810 2784 4880 plagam,
2832 4814 3034 4880 quarta
3075 4825 3128 4865 a.
3177 4810 3491 4883 simplicem

187 4900 565 4956 tetrachorda
602 4901 660 4954 in
706 4902 1085 4956 monochordo
1116 4902 1436 4967 ﬁrmantur,
1464 4901 1521 4955 id
1558 4908 1644 4956 est
1671 4918 1804 4972 gra-
1894 4900 2241 4955 autenticum
2266 4899 2623 4954 determinat.

186 4990 353 5045 vium
380 4991 449 5044 Α.
482 4988 545 5043 Β.
578 4990 642 5045 C.
671 4991 736 5044 D.
762 4991 1017 5045 ﬁnalium
1046 4990 1120 5048 D.
1160 4991 1222 5045 E.
1256 4991 1317 5044 F.
1352 4991 1418 5046 G.
1448 4990 1802 5062 superiorum
2581 4987 2780 5042 XXXI.

187 5095 242 5133 a.
274 5079 337 5133 b.
370 5095 421 5132 c.
453 5077 508 5132 d.
546 5079 934 5134 excellentium
966 5079 1020 5133 d.
1050 5096 1099 5134 e.
1128 5079 1169 5136 f.
1198 5096 1253 5150 g.
1288 5081 1669 5151 cujuscunque
1700 5080 1803 5134 ho-
1957 5080 2085 5147 Quae
2104 5080 2315 5133 chordas
2343 5081 2664 5139 autenticos,
2700 5092 2818 5146 qua
2839 5078 3070 5145 plagam
3100 5079 3414 5132 includunt.

186 5185 325 5222 rum
352 5167 845 5223 tetrachordorum
871 5174 1068 5223 tonum
1099 5185 1165 5222 ex
1192 5174 1435 5239 utraque
1460 5174 1618 5239 parte
1642 5169 1806 5223 addi-
1960 5168 2216 5223 Secunda
2259 5166 2433 5237 igitur
2474 5172 2532 5221 et
2577 5171 2781 5237 quarta
2823 5166 3219 5237 principalium
3247 5165 3487 5220 chorda-

186 5258 371 5322 deris,
402 5256 588 5311 oritur
624 5256 725 5311 tibi
775 5258 966 5328 aliqua
1006 5262 1157 5312 meta
1204 5264 1514 5329 troporum,
1548 5262 1743 5327 utpote
1762 5274 1808 5312 ~a
1888 5274 2015 5312 rum
2041 5257 2382 5311 concludunt
2410 5255 2779 5321 autenticum,
2810 5256 3089 5324 tertiaque
3130 5254 3316 5308 media
3358 5259 3447 5307 est
3468 5273 3488 5324 ς

184 5346 473 5418 gravibus
519 5346 705 5416 prima
753 5352 904 5401 meta
951 5352 1094 5400 esta
1125 5347 1186 5400 Γ.
1230 5346 1287 5400 in
1331 5347 1410 5411 E;
1462 5364 1497 5400 a
1546 5346 1806 5401 ﬁnalibus
1888 5347 2091 5417 prima,
2142 5356 2198 5401 et
2243 5344 2409 5398 tertia
2452 5344 2698 5415 plagam,
2744 5348 2801 5397 et
2841 5342 3088 5396 secunda
3130 5341 3320 5396 media
3367 5349 3483 5410 est;

187 5435 453 5490 secunda
481 5451 516 5488 a
543 5435 605 5491 C.
639 5434 698 5488 in
726 5452 786 5489 a:
805 5451 840 5489 a
868 5435 1253 5506 superioribus
1281 5436 1448 5489 tertia
1476 5452 1512 5489 a
1538 5437 1605 5490 G.
1640 5437 1699 5490 in
1729 5453 1759 5490 e
1786 5455 1797 5489 :
1889 5441 2085 5506 utpote
2132 5439 2357 5504 protum
2402 5435 2469 5487 D.
2514 5439 2572 5486 et
2607 5433 2662 5486 d.
2708 5430 3063 5494 concludunt,
3107 5430 3270 5499 cujus
3301 5431 3488 5487 media
3542 5450 3549 5457 '

186 5524 263 5579 ab
286 5521 697 5578 excellentibus
731 5528 933 5594 quarta
952 5539 986 5577 a
1005 5540 1052 5577 c.
1076 5522 1135 5576 in
1165 5524 1207 5594 ξ.
1238 5526 1430 5595 quinta
1450 5541 1551 5595 per
1578 5541 1805 5596 synem-
1887 5523 2170 5578 distinctio
2207 5529 2293 5577 est
2340 5539 2393 5577 a.
2425 5523 2651 5593 plagam
2695 5520 2817 5590 ejus
2855 5520 2922 5573 A.
2956 5524 3014 5571 et
3041 5532 3093 5571 a.
3124 5519 3484 5588 concludunt,

186 5627 416 5668 menon
438 5611 594 5667 nasci
620 5612 828 5684 poterit
864 5610 934 5666 ab
966 5612 1029 5667 F.
1059 5611 1120 5666 in
1147 5613 1203 5668 d.
1234 5613 1427 5668 Prima
1454 5612 1629 5682 igitur
1656 5617 1809 5668 meta
1887 5613 2076 5668 media
2102 5616 2187 5666 est
2204 5612 2270 5667 D.
