3886 6172
420 203 554 262 1175

1268 209 1325 264 S.
1368 209 1759 266 GUILLELMI
1797 211 2104 268 ABBATIS
2141 207 2482 266 HIRSAUG.
2527 204 2822 261 MUSICA.

3506 212 3621 270 1176

414 329 474 385 in
501 329 570 385 D.
629 343 825 386 omnes
871 331 1262 386 coadunantur
1314 335 1633 403 graves,'in
1663 335 1720 389 C.
1754 337 1862 390 TE.
1894 337 2004 390 DE.
2027 337 2204 398 Arire
2224 334 2454 406 poteris.
2486 331 2557 385 Et
2611 335 2676 384 ut
2719 347 2786 383 eo
2813 325 2995 397 magis
3019 330 3139 380 tota
3165 326 3476 384 dilucidetur
3499 339 3627 387 stm-

416 435 546 473 cum
571 419 844 489 principio
873 420 1040 490 proti,
1080 420 1138 473 in
1194 421 1252 474 Β.
1308 423 1410 476 SE.
1467 424 1575 477 TE.
1625 424 1738 478 TR.
1771 425 1921 479 inter
1948 427 2011 479 B.

419 513 476 562 et
500 509 568 561 A.
601 507 836 561 inferius
865 525 1293 579 synemmenon,
1325 528 1452 564 cum
1487 512 1648 567 initio
1677 514 1892 568 deuteri
1916 528 1927 562 :
1956 515 2013 569 in

415 601 484 652 A.
517 597 624 650 ΤΕ.
656 612 784 649 cum
839 596 1154 668 inceptione
1205 599 1362 658 triti:
1401 601 1459 654 in
1492 602 1556 658 I‘.
1584 604 1694 658 TE.
1737 620 1865 657 cum
1898 609 2018 658 tota

418 684 741 738 initiabitur
767 690 1076 744 structura.

488 775 687 829 Adhuc
715 776 920 831 desunt
935 777 1234 832 semitonia
1247 778 1367 832 triti
1383 785 1441 833 et
1478 779 1697 834 deuteri
1724 797 1850 836 cum
1872 799 2020 854 sym-

420 880 586 918 meno
618 865 764 935 proti
796 870 853 918 et
876 866 1113 920 deuteri.
1150 867 1457 922 Semitonia
1481 869 1600 922 triti
1634 871 2019 940 quesiturusa

420 953 734 1023 penultimo
752 960 957 1024 puncto
987 955 1135 1009 illius
1155 956 1334 1020 lineae,
1365 974 1490 1028 qua:
1512 958 1806 1012 deuterum
1839 966 1896 1014 et
1923 961 2022 1015 tri-

420 1047 543 1096 tum
576 1043 763 1097 media
782 1044 1014 1109 dirimit,
1052 1045 1108 1098 id
1135 1051 1220 1099 est
1248 1045 1317 1099 ab
1351 1048 1418 1110 Λ,
1444 1046 1583 1112 triti,
1618 1049 1688 1101 ad
1712 1051 2020 1104 terminum

423 1131 666 1185 dexterae
695 1133 948 1203 magadae
978 1133 1210 1188 novenis
1240 1135 1422 1189 divide
1453 1135 1726 1206 partibus,
1761 1144 1817 1192 et
1839 1139 2020 1209 prima

425 1220 757 1276 terminabit
784 1221 844 1276 in
892 1223 1212 1288 semitonio,
1265 1225 1512 1278 secunda
1555 1232 1732 1293 vacat,
1765 1229 1934 1281 tertia
1962 1229 2021 1282 in

424 1310 741 1374 semitonio,
760 1316 964 1382 quarta
990 1317 1172 1381 vacat,
1203 1313 1402 1382 quinta
1431 1314 1488 1367 in
1518 1315 1835 1383 semitonio,
1867 1322 2023 1371 sexta

424 1399 484 1453 in
513 1399 830 1466 semitonio,
865 1400 1094 1471 reliquae
1123 1407 1340 1455 vacant.
1377 1401 1686 1459 Semitonia
1718 1422 1849 1459 vero
1883 1408 2023 1461 deu-

423 1488 534 1543 teri
581 1487 931 1553 inventurus,
974 1488 1044 1542 ab
1070 1490 1263 1543 eodem
1299 1496 1506 1561 puncto
1549 1493 1810 1548 similiter
1845 1512 2024 1566 usque

2098 433 2276 485 ctura,
2308 424 2417 476 illis
2447 426 2690 491 quatuor
2712 415 3111 490 principalibus
3135 416 3284 482 locis,
3314 419 3367 472 id
3394 422 3536 474 estin
3569 423 3624 476 D.

2099 515 2159 568 in
2182 515 2248 567 G.
2279 513 2338 566 in
2365 511 2420 573 d,
2457 511 2516 564 in
2546 527 2602 579 g.
2636 508 2838 579 quibus
2875 521 3069 560 omnes
3108 507 3314 577 pariter
3337 519 3630 567 concurrunt

2099 602 2266 674 tropi,
2301 600 2434 672 quia
2464 599 2523 653 in
2550 598 2688 670 ipsis
2715 613 2910 652 omnes
2939 595 3109 650 etiam
3149 596 3633 668 principalesconve-

2099 692 2264 746 niunt
2318 689 2557 752 chordae,
2609 687 2823 742 scilicet
2855 701 3073 756 graves,
3104 686 3314 751 ﬁnales,
3346 690 3631 760 superiores,

2100 781 2450 844 excellentes,
2483 776 2644 831 minii
2675 776 2877 830 coloris
2904 775 3244 829 inducantur
3278 776 3440 842 lineae,
3472 778 3635 850 hisque

2101 868 2336 939 singulis
2367 867 2588 936 singula
2617 865 2812 918 eadem
2842 862 3194 917 ascribantur
3221 865 3634 938 nomina,gravcs

2102 960 2162 1013 in
2193 959 2259 1012 D.
2284 956 2480 1010 ﬁnales
2507 955 2563 1008 in
2593 955 2658 1007 G.
2694 959 2749 1007 et
2769 953 2849 1007 sic
2879 952 3082 1023 reliqui
3111 969 3213 1024 per
3241 954 3494 1009 ordinem.
3520 957 3636 1028 Ergo

2103 1051 2330 1119 peracta
2354 1049 2639 1098 structura
2669 1042 2867 1095 litterae
2897 1041 3146 1112 duplices
3201 1047 3325 1096 nete
3361 1045 3637 1102 excellentes
3689 1106 3696 1112 ,

2104 1137 2420 1199 deleantur,
2450 1138 2516 1186 ut
2544 1133 2729 1201 ﬁgura
2747 1146 2849 1201 per
2875 1146 2934 1184 se
2959 1129 3286 1200 integritate
3306 1133 3387 1186 sui
3400 1136 3636 1191 consistat.

2176 1224 2284 1279 Sed
2315 1222 2580 1293 quoniam
2612 1220 2684 1274 ad
2705 1218 3058 1274 excitandum
3077 1219 3239 1273 valde
3250 1221 3399 1274 utilis
3417 1229 3494 1276 est
3505 1225 3637 1278 etiam

2106 1315 2228 1386 ipsa
2255 1309 2696 1366 differentiarum
2718 1308 2842 1361 loca
2860 1306 3176 1361 intimanda
3199 1309 3468 1369 videntur.
3501 1312 3555 1366 In
3570 1329 3641 1367 or-

2105 1403 2235 1456 dine
2290 1399 2439 1471 proti
2488 1403 2546 1452 et
2599 1396 2719 1450 triti
2759 1395 3213 1450 authenticorum
3271 1397 3564 1455 differentia
3598 1401 3642 1456 in

2107 1492 2326 1563 quinto,
2353 1486 2734 1558 subjugalium
2764 1485 3015 1555 ipsorum
3060 1485 3119 1539 in
3148 1487 3317 1540 tertio
3340 1503 3372 1541 a
3392 1489 3527 1542 ﬁnali
3551 1491 3643 1544 loco

425 1576 497 1632 ad
527 1577 825 1648 magadam
881 1577 1105 1631 decenis
1158 1579 1368 1650 partire
1399 1580 1674 1650 passibus,
1723 1589 1778 1637 et
1809 1584 2026 1654 primus
2042 1620 2087 1679 Β
2108 1584 2416 1652 ponuntur,
2445 1577 2504 1630 in
2532 1574 2728 1674 ordine
2753 1573 2972 1627 deuteri
2992 1578 3062 1679 ‘et
3079 1575 3320 1679 tetnardi
3343 1595 3356 1642 ;
3381 1577 3642 1679 authentici

425 1670 603 1726 vacat.
661 1666 904 1720 secundo
955 1667 1077 1721 ﬁnit
1129 1667 1188 1722 in
1241 1668 1562 1734 semitonio,
1610 1672 1812 1726 tertius
1841 1679 2021 1740 vacat,
2042 1662 2087 1679 ⁵³
2107 1667 2326 1724 deuteri
2347 1664 2675 1720 differentiae
2704 1662 2762 1716 in
2792 1667 2967 1728 sexto,
2986 1663 3226 1717 tetrardi
3245 1664 3302 1718 in
3321 1665 3519 1736 quinto,
3540 1667 3644 1721 sub-

426 1759 663 1824 quartus
685 1753 743 1808 in
776 1755 1096 1819 semitonio,
1122 1757 1351 1828 quintus
1371 1764 1548 1823 vacat,
1573 1766 1764 1816 sextus
1784 1761 1842 1815 in
1861 1763 2025 1816 semi-
2101 1758 2325 1829 jugales
2345 1770 2540 1810 eorum
2589 1753 2649 1806 in
2689 1755 2890 1822 quarto
2925 1767 2960 1804 a
2987 1752 3146 1806 ﬁnali
3175 1753 3294 1808 loco
3314 1755 3560 1808 locantur.
3584 1756 3645 1809 En

424 1842 582 1897 tonio
613 1848 670 1896 et
697 1843 758 1896 in
784 1859 1150 1914 synemmeno
1181 1846 1346 1915 proti,
1378 1848 1652 1918 septimus
1696 1850 1754 1904 in
1792 1851 2022 1905 semito-

425 1931 542 1999 nio,
566 1931 769 2003 reliqui
794 1939 1013 1986 vacant.
1040 1933 1458 2003 Synemmenon
1485 1937 1725 2004 deuteri,
1764 1940 1913 2010 quod
1932 1957 2023 1994 so-

2104 1848 2280 1902 habes
2309 1859 2633 1899 mensuram
2655 1839 2885 1894 metrice
2905 1845 2962 1893 et
2983 1841 3256 1912 prosaice;
3286 1843 3379 1897 sed
3405 1845 3645 1898 metricam

2106 1941 2336 2009 propter
2366 1933 2665 1997 acutiores,
2694 1929 3008 2002 prosaicam
3037 1933 3450 2002 propternostri
3476 1933 3646 1987 similes

429 2019 548 2074 lum
577 2024 776 2085 restat,
807 2020 1179 2091 sesquialtera
1210 2024 1569 2094 proportione
1589 2026 1818 2096 facilius
1861 2044 2025 2101 repe-
2107 2025 2486 2098 imperitiores
2514 2019 2886 2092 compositam
2916 2035 3037 2074 esse
3065 2021 3289 2075 noveris
3313 2021 3464 2092 (155).

1991 2155 2112 2210 XLI

1266 2239 1528 2294 Mensura
1560 2241 1881 2297 thorematz's
1914 2250 2202 2314 troporum
2228 2245 2350 2296 arte
2379 2239 2630 2293 metrica.

1141 2322 1413 2380 Mensura
1431 2344 1637 2383 novum
1666 2330 1763 2400 qui
1792 2331 1872 2385 vis
1899 2332 2159 2386 thorema
2176 2335 2490 2401 troporum,

1138 2412 1333 2470 Primo
1362 2417 1632 2488 magadas
1660 2417 1720 2472 in
1751 2419 1930 2475 latum
1960 2420 2144 2474 divide
2174 2421 2353 2484 ﬁnes;

1142 2503 1364 2560 Scilicet
1382 2507 1446 2560 A.
1485 2507 1548 2560 Β.
1583 2508 1642 2562 C.
1677 2508 1927 2564 Vacuum
1954 2509 2194 2564 concede
2219 2523 2484 2579 superne,

1140 2593 1211 2647 Et
1238 2595 1520 2666 reliquum
1551 2597 1746 2668 spatiis
1767 2599 1994 2670 paribus
2024 2599 2236 2670 partire
2269 2595 2580 2668 quaternis.

1139 2684 1395 2748 Quatuor
1420 2702 1553 2757 ergo
1582 2688 1729 2758 tropi
1757 2689 1993 2742 totidem
2023 2688 2219 2760 spatiis
2246 2685 2522 2740 dominati

1140 2772 1389 2844 Quisque
1418 2791 1584 2828 suum
1615 2782 1802 2848 captet
1823 2778 2162 2849 proprioque
2186 2777 2506 2830 charactere
2534 2773 2740 2843 signet,

1139 2864 1208 2916 A.
1242 2862 1304 2916 Β.
1338 2864 1604 2934 contigua
1624 2866 1813 2920 sedem
1843 2867 2049 2937 largire
2079 2865 2328 2920 tetrardo
2354 2883 2366 2932 ;

1143 2950 1287 3005 Hinc
1314 2952 1502 3019 tritus,
1536 2954 1666 3009 hinc
1691 2955 1942 3022 deutrus,
1973 2959 2273 3024 teneatque
2292 2951 2597 3007 novissima
2631 2953 2843 3021 protus.

1142 3041 1298 3094 Tunc
1323 3041 1473 3095 inter
1499 3045 1769 3114 magadas
1797 3061 2025 3098 mensus
2049 3042 2355 3098 Guidonice
2375 3056 2551 3112 ponas

1145 3130 1378 3196 Puncta,
1404 3139 1542 3202 quot
1558 3133 1678 3204 ipse
1698 3134 1849 3190 velit.
1872 3135 1988 3188 Nec
2011 3135 2320 3206 hypernete
2346 3130 2451 3186 tibi
2471 3130 2634 3184 desit.

1146 3219 1329 3290 Hujus
1360 3222 1666 3294 hypernete
1695 3240 2040 3294 synemenon
2069 3229 2127 3278 et
2152 3224 2217 3276 A.
2249 3221 2434 3293 gravis
2463 3220 2626 3274 adde.

1147 3311 1348 3381 Sicque
1376 3309 1460 3364 bis
1488 3311 1714 3366 undena
1731 3316 2054 3366 statuentur
2081 3312 2140 3366 in
2169 3310 2364 3365 ordine
2390 3313 2615 3380 puncta.
2707 3337 2714 3350 ι

1145 3399 1390 3454 Ultimus
1419 3400 1507 3455 his
1534 3417 1692 3471 aeque
1718 3399 1879 3455 limes
1902 3404 2202 3472 punctetur
2220 3398 2503 3469 utrinque.

1145 3490 1303 3545 Basis
1325 3496 1381 3544 et
1409 3491 1500 3544 hic
1529 3490 1695 3562 proti,
1719 3495 2013 3544 coraustus
2037 3495 2090 3544 et
2107 3489 2238 3543 inde
2266 3488 2521 3542 tetrardi.

1144 3582 1225 3634 Ac
1244 3595 1511 3634 mensura
1533 3580 1722 3634 statim
1752 3585 2058 3650 peragatur
2082 3578 2477 3644 continuatim,

1146 3669 1318 3738 Cujus
1343 3668 1452 3722 erit
1477 3667 1654 3722 facilis
1681 3667 2044 3739 perpetratio,
2077 3667 2123 3721 si
2145 3683 2362 3720 memor
2381 3667 2513 3730 eris,

1142 3758 1334 3814 Prima
1364 3775 1495 3813 voce
1521 3763 1710 3829 tr0pos
1737 3758 1850 3812 PR.
1883 3758 1995 3812 DE.
2027 3757 2142 3810 TR.
2169 3757 2278 3814 TE.
2301 3757 2576 3824 titulatos,

1145 3850 1215 3904 Et
1245 3847 1813 3918 monogrammaticas
1839 3853 2034 3901 teneas
2065 3847 2208 3900 hanc
2240 3852 2428 3901 mente
2448 3848 2688 3918 ﬁguram
2726 3867 2738 3902 :

1144 3938 1278 4002 Qum
1308 3937 1545 3992 totidem
1570 3935 1768 4008 spatiis
1797 3941 2078 3999 constans,
2103 3940 2240 4006 quot
2264 3940 2472 4006 puncta
2496 3936 2770 3993 Guidonis

1509 4015 1536 4052 d

1142 4027 1415 4093 Diximus,
1446 4044 1481 4081 a
1509 4025 1536 4096 ﬁ
1574 4042 1634 4080 se
1661 4025 1844 4080 tendit
1871 4025 1941 4078 ad
1970 4025 2168 4078 inﬁma
2193 4041 2456 4094 gamma},

1141 4115 1209 4171 In
1239 4117 1437 4190 spatiis
1461 4116 1662 4170 horum
1689 4115 1939 4169 retinens
1965 4129 2393 4183 monogramma
2411 4122 2722 4188 troporum,

1140 4203 1316 4258 Linea
1339 4221 1480 4276 quos
1509 4209 1728 4273 tangat,
1758 4219 1886 4258 cum
1911 4202 2106 4273 regula
2128 4207 2336 4272 puncta
2365 4211 2650 4276 peragrat.

1141 4293 1250 4348 Sed
1272 4292 1848 4363 monogrammatibus
1877 4292 2090 4364 liquido
2111 4308 2420 4362 synemena
2446 4300 2727 4359 notamus,

1140 4384 1239 4438 Est
1267 4382 1468 4453 quibus
1496 4382 1816 4454 appositum
1855 4382 1976 4449 SY;
2026 4383 2300 4453 lymmata
2344 4400 2474 4438 vero
2507 4385 2710 4456 quibus
2741 4389 2841 4444 SE.

1139 4471 1386 4544 Quaeque
1414 4472 1596 4527 vicina
1619 4477 1798 4526 tenes.

879 4560 942 4615 Γ.
1088 4563 1158 4615 Α.
1554 4563 1591 4617 S

1088 4563 1158 4615 Α.
1554 4563 1611 4615 S.
1973 4561 2016 4615 B

768 4596 967 4700 11's.]
997 4596 1252 4686 ΤΕΪἮἮ.
1288 4636 1299 4700 ι
1332 4634 1466 4704 Syn.
1497 4596 1611 4688 TE:
1640 4634 1751 4688 DE.
1788 4633 1799 4700 ι
1833 4633 1920 4688 Se.
1945 4596 2052 4686 TE.
2085 4632 2198 4687 TR.
2235 4636 2246 4700 ι
2275 4633 2289 4686 '.

2107 4596 2856 4708 ΓΒ.ιΤΕῨὺΕ.ΡΒ.ιΤΕ

1815 4723 1881 4776 G.
1907 4722 2146 4777 Finales.

975 4721 1037 4777 E.
1431 4722 1478 4777 F

2372 4562 2433 4616 C-
2867 4571 2936 4626 D.
2971 4573 3207 4631 Graves.

2866 4687 2880 4700 .
2910 4644 3024 4699 TR.
3059 4645 3174 4700 DE.
3207 4646 3318 4700 PR.
3352 4649 3363 4713 Ι

2490 4741 2545 4779 a.
3018 4735 3054 4788 S

770 4809 782 4876 |
812 4808 921 4863 TE.
947 4762 1060 4865 TR.
1093 4811 1207 4866 PR.
1242 4813 1252 4878 Ι
1284 4811 1390 4866 ΤΕ.
1557 4813 1668 4867 PR.
1703 4813 1713 4880 |
2133 4763 2256 4870 .PR.
2293 4815 2304 4878 l
2334 4813 2442 4867 TE.
2467 4765 2578 4868 TR.
2597 4815 2709 4871 PR.
2744 4819 2761 4888 Ι
2790 4820 2887 4892 Sy.
2919 4762 3166 4878 TE:3
3188 4824 3298 4879 PR.
3334 4827 3344 4891 |

765 4987 782 5055 Ι
812 4986 903 5042 Se.
922 4900 1032 5043 ΤΕ
1062 4989 1174 5044 TR.
1210 4992 1221 5058 |
1251 4918 1364 5044 Te?

983 5176 1013 5231 ε

1011 5180 1026 5231 .
1313 5196 1370 5249 g.
1394 5179 1757 5235 Excellentes.

758 5262 1246 5337 |TE.DE.PR.|

1371 4941 2094 5062 Sy.TR.DE.PR.|TE.

1279 5267 1386 5322 TE.
1407 5269 1522 5323 TR.
1541 5269 1653 5324 DE.
1682 5270 1795 5324 PR.
1832 5270 1842 5332 Ι
1874 5269 1980 5325 ΤΕ.
2002 5271 2118 5326 TR.
2147 5271 2256 5327 PR.
2293 5272 2302 5344 |
2335 5273 2446 5327 DE.
2475 5274 2587 5330 PR.
2623 5279 2633 5344 |

2099 4902 2154 4956 d.
2185 4902 2532 4972 Superiores.
2959 4928 3010 4967 ρ,

2130 4992 2243 5047 TR.
2284 4992 2374 5046 Se.
2419 4993 2529 5046 DE.
2573 4993 2684 5048 PR.
2721 4999 2732 5064 Ι
2763 4998 2871 5053 ΤΕ.
2901 5000 3015 5054 TR.
3053 5001 3145 5055 Se.
3189 5001 3300 5055 PR.
3335 5003 3346 5067 ι

2707 5117 2734 5190 Η
2980 5152 3002 5180 ο
3211 5144 3254 5182 «ι.

2701 5189 2728 5261 η
2976 5211 3013 5238 c.
3204 5201 3246 5237 d.

2665 5277 3339 5361 TR.lDE.PR.|PR.|

2453 5133 2481 5172 δ
2707 5133 2734 5180 Π
2980 5152 3002 5180 c

2455 5195 2480 5233 δ

483 5427 627 5509 ([55)
651 5429 910 5509 Hiqﬁnit
944 5434 1117 5490 codex
1144 5437 1463 5504 Blasianus,
1487 5438 1784 5509 sequentia
1823 5439 1982 5494 addit
2021 5442 2443 5498 Vindobonensis
2471 5460 2797 5504 mensuram
2837 5447 3108 5508 nimirum
3134 5446 3434 5509 metricam,
3463 5440 3524 5494 de
3548 5449 3640 5508 (Ιαα

407 5496 498 5551 hic
517 5499 584 5553 ﬁt
601 5501 834 5558 mentio.
