3886 6172
197 272 326 331 1177

818 276 1298 337 HERIMANNUS
1335 283 1693 340 METENSIS
1731 283 1958 338 EPISC.
2006 311 2072 324 --
2109 281 2410 339 NOTITIA
2446 281 2857 338 HISTORICA.

3327 284 3466 342 1178

1406 409 1496 463 Sic
1525 415 1716 464 autem
1747 408 2023 480 lymmata
2049 423 2268 478 quaeres
2300 425 2312 460 :

909 493 1131 558 Deutri,
1159 495 1274 549 sive
1302 496 1442 559 triti,
1477 515 1599 570 qua:
1620 499 1782 552 linea:
1809 496 2060 566 subjacet
2088 496 2206 561 uni,

910 583 1176 638 Imminet
1203 590 1372 656 atque
1393 586 1508 650 alii,
1539 604 1652 658 qua
1678 592 1812 640 sunt
1839 586 2122 640 mediante
2149 584 2433 656 dirempti.

910 673 1185 728 Primitus
1214 675 1359 729 hanc
1387 675 1458 730 ab
1487 693 1573 742 eo,
1606 677 1752 747 quod
1779 674 1950 730 habet
1971 674 2285 746 penultima
2312 678 2540 745 puncto.

911 762 1119 816 Passus
1144 763 1202 816 in
1227 764 1401 818 denos
1429 765 1476 818 si
1505 766 1729 830 dividis,
1758 765 1889 818 inde
1920 781 2164 818 novenos
2197 780 2209 818 :

913 852 991 906 Ex
1020 853 1180 907 denis
1207 853 1302 908 isti
1332 855 1542 909 saliunt
1570 855 1627 909 in
1658 856 1934 926 lymmata
1961 855 2170 920 deutri,

896 931 1185 1012 Septimus
1209 947 1266 994 et
1291 947 1505 1008 sextus,
1532 949 1768 1014 quartus
1799 942 1966 996 simul
1997 948 2167 1013 atque
2197 944 2495 998 secundus.

909 1029 1119 1084 Contra
1144 1046 1314 1100 quem
1341 1037 1561 1085 sextum
1589 1032 1736 1102 proti
1767 1048 2114 1103 synemenon
2143 1031 2485 1086 habendum.

905 1117 981 1171 At
1009 1133 1113 1171 sua
1141 1122 1340 1172 cuncta
1370 1118 1504 1172 trito
1536 1120 1605 1172 de
1635 1119 1798 1173 nonis
1827 1119 1918 1172 hic
1947 1127 2104 1174 notat
2135 1120 2271 1174 ordo
2302 1135 2312 1176 :

905 1205 1128 1259 Tertius
1156 1211 1214 1259 et
1243 1206 1484 1277 primus,
1517 1207 1768 1278 quintus,
1797 1213 1925 1278 post
1951 1208 2100 1262 hunc
2129 1225 2351 1279 quoque
2381 1213 2591 1264 sextus.

909 1293 1012 1348 His
1037 1293 1116 1347 ita
1144 1293 1430 1364 dispositis
1458 1296 1697 1350 necdum
1726 1312 2070 1367 synemenon
2099 1295 2330 1350 habebis

906 1383 1102 1438 Deutri
1131 1384 1512 1455 symphoniae,
1539 1386 1687 1456 quod
1715 1391 1773 1440 et
1801 1387 1974 1439 addes
2004 1385 2214 1456 absque
2241 1385 2452 1440 labore.

696 1472 935 1540 Emplz’c-z’t
965 1473 1175 1527 Musica
1202 1474 1345 1526 beati
1371 1473 1563 1528 Patris
1589 1475 1865 1528 Wilhelmi
1892 1476 2382 1542 Hirsaugiensium
2411 1477 2644 1530 abbatis.

237 1653 3347 1680 Μ

1564 1807 1598 1846 Α
1610 1801 1729 1848 NNO
1771 1799 1988 1847 DOMINI
2032 1800 2178 1845 MXC.

1124 1939 2134 2074 HERIMAN
2157 1940 2274 2074 Ν
2291 1936 2538 2077 US

1424 2164 1782 2221 METENSIS
1820 2163 2230 2219 EPISCOPUS.

707 2432 1170 2530 NOTITIA
1243 2430 1860 2528 HISTORICA
1935 2431 2056 2525 IN
2129 2429 2958 2527 HERIMANNUM.

1213 2610 1374 2692 (Gal.
1416 2612 1668 2686 Christ,
1703 2631 1848 2676 nov.
1888 2617 1936 2675 t.
1972 2615 2136 2685 XIII,
2169 2632 2238 2690 p.
2266 2613 2436 2712 732.)

263 2925 440 2980 Claris
469 2926 754 2982 natalibus
782 2927 840 2982 in
881 2928 1124 2983 Saxonia
1168 2933 1337 2984 natus
1383 2929 1784 2995 Herimannus,
1803 2933 1852 2992 Α
1873 2927 2126 2982 dicturus
2153 2928 2395 2982 adesset.
2439 2927 2599 2992 Quod
2628 2927 2676 2981 si
2703 2927 2913 2982 faceret
2954 2927 3306 2998 neglexisset,
3338 2947 3398 2984 se
3435 2945 3471 2984 a

198 3013 494 3086 discipulus
551 3017 843 3072 Hannonis
901 3017 1352 3089 archiepiscopus
1417 3016 1784 3085 Coloniensis,

196 3103 516 3159 Leodiensis
547 3107 898 3177 praepositus,
923 3106 1178 3160 unanimi
1205 3106 1338 3160 cleri
1363 3122 1426 3160 ac
1450 3105 1642 3177 populi
1663 3122 1789 3159 con-

199 3208 352 3247 sensu
380 3193 681 3265 praefectus
725 3201 783 3249 et
822 3195 881 3249 in
927 3195 1247 3266 episcOpum
1294 3201 1652 3249 consecratus
1681 3195 1788 3249 fuit

197 3296 331 3336 anno
365 3281 524 3339 1073.
559 3283 728 3338 Gravi
773 3284 966 3338 dolore
1008 3285 1298 3356 perculsus
1325 3284 1686 3338 investituras
1717 3283 1786 3338 ab

195 3368 524 3442 imperatore
543 3373 842 3444 accepisse,
859 3390 987 3428 mox
1003 3389 1038 3426 a
1053 3390 1272 3428 summo
1291 3373 1551 3444 pontifice
1567 3372 1787 3427 veniam

195 3461 364 3529 petiit.
395 3461 526 3516 Non
555 3462 734 3516 multo
776 3467 903 3534 post
948 3462 1344 3532 Gerslengensi
1381 3462 1680 3516 conventui
1717 3462 1786 3516 de

195 3549 446 3604 sedandis
469 3551 789 3606 Germaniae
805 3551 987 3605 turbis
1008 3551 1220 3617 habito,
1245 3567 1360 3605 una
1379 3567 1504 3605 cum
1529 3550 1784 3621 pluribus

195 3638 424 3708 praelatis
447 3646 508 3694 et
529 3640 892 3711 optimatibus
912 3641 1187 3696 interfuit.
1202 3640 1497 3694 Walonem
1523 3639 1782 3694 abbatem

193 3727 243 3780 S.
261 3729 501 3793 Arnulfi,
528 3745 694 3800 quem
716 3730 1003 3783 Manasses
1023 3729 1315 3783 Remensis
1332 3729 1783 3799 archiepiscopus

193 3814 384 3871 ibidem
415 3817 760 3872 monasterio
781 3819 838 3872 S.
866 3818 1106 3888 Remigii
1132 3817 1475 3889 praefecerat,
1499 3817 1677 3872 Metas
1698 3834 1782 3871 re-

194 3903 443 3961 deuntem
473 3906 545 3960 ad
595 3907 854 3976 Gregorii
882 3907 982 3962 VII
1029 3923 1186 3978 papa:
1235 3907 1781 3961 commendationem

196 3991 421 4066 benigne
439 3996 678 4067 excepit,
694 4002 750 4050 et
772 3997 829 4050 in
846 3997 968 4066 ejus
981 3997 1222 4066 gratiam
1236 3995 1488 4050 restituit
1502 3995 1782 4049 nundinas

194 4082 244 4137 in
269 4085 626 4140 solemnitate
648 4085 1015 4139 dedicationis
1037 4086 1096 4139 in
1119 4090 1453 4156 perpetuum
1473 4085 1777 4138 habendas.

1871 3016 2263 3071 communione
2303 3017 2558 3071 Ecclesiae
2602 3018 2918 3088 sejunctum
2949 3017 3019 3071 iri
3050 3034 3149 3088 pro
3179 3024 3331 3074 certo
3366 3019 3471 3074 ha-

1870 3106 2046 3160 beret.
2069 3107 2186 3160 Hoc
2207 3107 2405 3160 nuntio
2426 3123 2521 3160 rex
2547 3123 2720 3178 supra
2739 3107 2968 3161 modum
2991 3107 3234 3161 offensus
3257 3109 3471 3178 legatos

1868 3213 1903 3250 a
1932 3201 2231 3267 conspectu
2273 3212 2372 3249 suo
2419 3196 2646 3266 repulit,
2680 3201 2737 3250 et
2764 3197 3093 3250 Wormatize
3134 3204 3471 3252 conventum

1868 3284 1926 3338 in
1957 3285 2440 3356 Septuagesimam
2475 3285 2714 3349 induxit,
2747 3284 2802 3337 in
2835 3301 2944 3356 quo
2984 3285 3290 3356 Gregorius
3327 3303 3470 3358 pon-

1869 3374 2084 3428 tificatu
2113 3374 2380 3445 depulsus
2419 3379 2522 3436 est,
2557 3379 2754 3428 contra
2789 3374 3035 3444 plurium
3082 3374 3469 3446 episcoporum

1869 3463 2227 3519 sententiam.
2263 3468 2320 3517 et
2347 3463 2685 3517 nominatim
2718 3463 3048 3529 Hermanni,
3084 3464 3269 3534 palam
3299 3465 3469 3534 protl-

1867 3553 2041 3606 tentis
2070 3553 2304 3606 vetitum
2335 3569 2456 3606 esse
2485 3551 2704 3622 legibus
2729 3552 3012 3606 canonicis
3034 3553 3356 3624 episcopum
3377 3551 3474 3607 ab-

1867 3647 2085 3696 sentem
2137 3642 2511 3695 condemnare
2553 3659 2563 3693 :
2607 3641 2702 3695 sed
2752 3646 2942 3695 tamen
2982 3641 3184 3712 majori
3231 3658 3468 3697 numero

1866 3730 2170 3784 concedere
2189 3730 2455 3801 oportuit.
2471 3731 2782 3784 Persuasus
2802 3746 2947 3801 papa
2964 3731 3170 3784 multos
3181 3731 3471 3804 episcopos

1862 3835 1977 3874 non
2024 3818 2133 3872 nisi
2175 3818 2227 3872 vi
2257 3823 2315 3872 et
2358 3823 2513 3872 metu
2543 3819 2867 3883 assensisse,
2922 3819 3100 3873 Udoni
3131 3819 3468 3886 Trevirensi,

1861 3907 2208 3963 Theodorico
2253 3907 2593 3962 Virdunensi
2645 3913 2815 3978 atque
2864 3908 3209 3962 Herimanno
3252 3909 3472 3964 litteras

1865 3996 2072 4061 emisit,
2100 3996 2226 4049 illos
2250 3995 2557 4049 adhortans
2586 4002 2651 4049 ut
2679 4001 2887 4050 sanctae
2924 3996 3044 4049 sedi
3076 3998 3249 4050 finem
3278 4013 3468 4051 serva-

1862 4090 2010 4148 rent,
2050 4085 2383 4155 culpamque
2433 4100 2683 4154 congrua
2733 4084 3115 4138 satisfactione
3161 4085 3463 4140 diluerent.

195 4171 322 4228 Dein
343 4190 473 4229 vero
492 4174 647 4228 locus
665 4174 715 4228 ei
735 4191 846 4228 non
867 4175 1048 4228 defuit
1066 4174 1453 4246 expostulandi
1474 4179 1531 4228 et
1551 4174 1777 4244 quidem
1800 4187 1845 4246 Β
1866 4173 2136 4244 Equidem
2169 4173 2225 4226 in
2256 4179 2442 4227 errato
2473 4173 2852 4227 Herimannus
2882 4189 2993 4226 non
3028 4173 3123 4227 diu
3153 4190 3470 4244 persevera-

193 4277 372 4316 amore
400 4263 471 4316 de
501 4263 754 4328 Walone,
784 4269 850 4318 ut
889 4263 1036 4316 infra
1083 4263 1352 4317 dicemus.
1385 4263 1622 4317 Romam
1650 4279 1780 4316 cum

190 4351 524 4406 Theodorico
563 4351 754 4406 Sancti
795 4352 1034 4406 Huberti
1079 4351 1278 4406 abbate
1325 4352 1604 4422 profectus
1630 4367 1778 4405 anno

186 4439 336 4495 1074.
365 4441 664 4495 Paschalia
693 4441 836 4494 festa
861 4440 1006 4494 Pisis
1036 4441 1175 4511 egit;
1205 4441 1354 4495 unde
1383 4441 1491 4495 iter
1516 4457 1777 4511 pergens,

185 4527 409 4584 Romam
440 4530 697 4595 accessit,
730 4546 796 4583 ac
842 4529 1098 4600 precibus
1133 4530 1324 4583 effusis
1353 4529 1419 4582 ad
1454 4535 1778 4583 sanctorum

181 4621 558 4689 apostolorum
576 4617 844 4682 tumulos,
859 4635 1062 4689 papam
1079 4618 1416 4688 Gregorium
1429 4617 1534 4672 VII
1557 4618 1773 4685 invisit;

181 4723 215 4759 a
241 4725 346 4779 quo
374 4725 487 4762 non
513 4707 617 4762 sibi
646 4712 866 4761 tantum
891 4707 1183 4762 charitatis
1212 4707 1556 4772 testimonia,
1582 4723 1776 4760 verum

181 4803 236 4850 et
260 4797 535 4868 episcopis
562 4796 856 4851 Leodiensi
887 4813 951 4850 ac
981 4795 1430 4866 Babenbergensi
1450 4795 1770 4850 Theodvino

180 4892 237 4940 et
262 4887 626 4948 Herimanno,
658 4902 848 4940 sacros
877 4902 1118 4939 canones
1149 4885 1382 4939 violasse
1409 4885 1769 4948 insimulatis,

179 4975 540 5046 benignitatis
572 4974 813 5045 insignia
840 4973 1102 5028 obtinuit.
1138 4973 1253 5028 Sub
1282 4990 1493 5027 annum
1525 4972 1664 5030 1076
1683 4973 1776 5028 fu-

179 5072 399 5119 nestum
429 5082 497 5119 ac
520 5065 850 5118 diuturnum
881 5063 1125 5117 schisma
1140 5067 1395 5117 exortum
1426 5068 1530 5126 est,
1549 5068 1776 5116 auctore

183 5155 238 5208 in
279 5155 476 5225 primis
509 5154 749 5207 Henrico
781 5152 848 5207 Vl
895 5152 1210 5206 Germaniae
1240 5161 1390 5221 rege,
1425 5151 1521 5222 qui
1551 5151 1778 5206 nefariis

182 5243 397 5297 actibus
443 5259 686 5313 regnum
730 5241 1049 5296 infestabat.
1091 5241 1237 5296 Huic
1285 5244 1487 5311 saepius
1538 5240 1778 5310 benigne

1863 4262 1959 4326 vit,
1983 4261 2392 4316 absolutionem
2422 4280 2454 4315 a
2482 4262 2788 4315 Jarantone
2809 4261 3006 4315 abbate
3029 4263 3205 4316 sancti
3229 4263 3466 4333 Benigni

1862 4350 2209 4405 Divioncnsis
2239 4351 2296 4404 in
2329 4351 2518 4420 vigilia
2547 4351 2766 4404 Natalis
2796 4350 3020 4404 Domini
3053 4351 3301 4421 ejusdem
3333 4353 3468 4406 anni

1861 4437 2001 4495 1076
2028 4445 2379 4494 consecutus.
2416 4439 2622 4494 Eodem
2654 4455 2822 4504 anno,
2871 4456 3064 4493 mense
3111 4441 3366 4510 Augusto
3395 4440 3467 4494 ab

1861 4529 2059 4582 eodem
2115 4528 2377 4599 pontifice
2431 4527 2648 4581 litteras
2700 4526 2916 4598 accipit.
2972 4527 3174 4599 quibus
3208 4545 3354 4599 papa
3385 4530 3470 4584 ait
3531 4515 3542 4524 ’

1864 4634 2078 4684 omnes,
2140 4618 2236 4688 qui
2282 4633 2410 4671 cum
2455 4633 2586 4685 rege
2641 4618 3140 4680 communicarent,
3201 4635 3469 4673 censuras

1860 4706 2116 4772 subiisse,
2147 4707 2447 4776 ipsumque
2494 4706 3016 4761 excommunicandi
3057 4708 3152 4776 jus
3182 4707 3467 4763 habuisse.

1858 4795 2185 4866 Insequenti
2231 4811 2380 4848 anno
2429 4794 2684 4864 ejusdem
2730 4795 3009 4865 pontificis
3053 4796 3216 4865 jussu
3257 4797 3472 4851 sedavit

1859 4885 2015 4938 litem
2047 4889 2254 4937 motam
2298 4883 2447 4937 inter
2478 4884 2802 4954 episcopum
2834 4885 3200 4939 Leodiensem
3239 4891 3297 4939 et
3327 4885 3468 4939 Vul-

1861 4973 2067 5044 padum
2107 4971 2364 5026 abbatem
2400 4972 2456 5026 S.
2489 4973 2796 5034 Laurentii,
2832 4973 2929 5044 qui
2977 4990 3078 5027 suo
3124 4973 3468 5028 monasterio

1861 5080 2031 5117 causa
2068 5063 2279 5116 indicta
2307 5063 2502 5133 pulsus
2552 5063 2754 5117 fuerat.
2791 5065 3055 5118 Attamen
3088 5063 3465 5117 Herimannus

1861 5152 1930 5206 ob
1951 5152 2234 5222 singulare
2255 5169 2390 5221 erga
2409 5158 2663 5206 sanctam
2685 5153 2874 5205 sedem
2904 5153 3174 5214 studium,
3201 5150 3462 5204 offensio-

1859 5258 1990 5295 nem
2021 5241 2378 5312 imperatoris
2415 5240 2607 5303 subiit,
2652 5247 2710 5294 et
2738 5241 2794 5293 in
2827 5240 3158 5310 Moguntino
3187 5245 3464 5294 conventu

178 5333 559 5404 nequidquam
588 5331 872 5385 admonito
901 5331 1205 5400 Gregorius
1233 5328 1342 5382 VII
1373 5331 1558 5384 denuo
1577 5346 1678 5401 per
1706 5330 1838 5411 le-C
1861 5330 2218 5384 renuntiatus
2246 5335 2332 5384 est
2380 5330 2554 5382 hostis
2596 5329 2836 5399 imperii.
2870 5327 3281 5381 Persecutionis
3327 5345 3461 5400 ergo

177 5429 336 5491 gatos
358 5421 466 5476 sub
497 5422 665 5474 finem
690 5419 824 5474 anni
845 5419 1213 5490 praecedentis
1238 5418 1428 5483 edixit,
1445 5424 1509 5472 ut
1527 5419 1774 5473 secunda

179 5510 635 5582 Quadragesimaa
662 5508 1014 5563 hebdomade
1041 5507 1108 5562 ad
1140 5507 1437 5562 concilium
1467 5509 1657 5563 Romae
1686 5507 1776 5562 in-

178 5599 387 5657 dictum
410 5601 481 5656 de
511 5598 863 5666 criminibus,
893 5613 1133 5675 quorum
1166 5602 1518 5667 argueretur,
1546 5613 1774 5654 causam

1862 5419 2100 5473 vitandae
2113 5419 2520 5473 Virdunensem
2541 5417 2861 5488 episc0pum
2876 5416 3281 5470 Theodericum
3301 5417 3460 5485 adiit,

1858 5525 1893 5562 a
1943 5524 2073 5579 quo,
2105 5507 2531 5562 commendatus
2563 5523 2598 5560 a
2625 5521 2790 5576 papa,
2835 5521 3005 5576 quam
3053 5505 3465 5562 humanissime

1857 5601 2119 5673 acceptus
2147 5601 2252 5653 est.
2276 5595 2489 5654 Dehinc
2512 5595 2898 5670 oppigneratis
2919 5593 3252 5667 quibusdam
3278 5596 3457 5652 eccle-
