3886 6172
211 330 322 388 1181

1273 330 1373 386 DE
1407 331 1818 390 TRANSLAT,
1853 333 1911 388 Β.
1951 331 2380 388 CLIMEN’HS.

690 645 874 764 DE.
944 641 1968 783 TRANSLATIONE
2045 648 2150 770 S,
2215 638 2960 770 CLEMENTIS

3322 326 3468 384 ηδει

2960 485 3456 508 Ἢ

1764 895 1881 950 sm

200 1039 422 1119 Charta
445 1060 572 1123 pro
603 1031 867 1130 abbatis
894 1041 960 1112 S.
1006 1040 1392 1122 Clementis,
1428 1041 1584 1194 datta
1622 1040 1730 1200 (ita
1760 1046 1795 1142 ιλ

1562 1148 1636 1200 ΕΓ
1665 1149 1732 1196 la.
1769 1149 1795 1192 C

1858 1041 2230 1195 negationis
2277 1041 2583 1126 corporis
2632 1042 2964 1127 ejusdem,
3024 1055 3200 1126 ῃηηρ
3255 1032 3452 1126 109οη

1858 1150 1877 1191 3
1911 1163 1926 1191 '.
1974 1150 2080 1198 311.

1562 1148 1732 1213 arua
1769 1148 1877 1194 uie
1911 1148 2080 1206 Man.

1066 1322 1394 1395 (MBURlSSF.
1423 1323 1658 1403 Histoire
1693 1323 1782 1382 des
1812 1325 2029 1397 neque;
2058 1322 2122 1380 de
2150 1321 2308 1393 Μειε,
2338 1339 2395 1396 p.
2425 1320 2574 1395 377,)

251 1630 312 1692 In
340 1637 567 1690 nomine
599 1641 810 1690 sanctae
852 1641 909 1700 et
953 1635 1253 1698 individua:
1303 1636 1618 1700 Trinitatis,
1665 1644 1767 1709 ego
1786 1636 2056 1704 Ascrinio
2077 1653 2213 1690 auro
2246 1641 2300 1690 et
2330 1642 2562 1706 argento
2621 1637 2885 1690 decenter
2929 1641 3148 1701 ornato,
3196 1637 3463 1708 imposui-

189 1727 536 1780 Hssmmxiis
568 1720 820 1780 Ecclesia
845 1717 1110 1780 Metensis
1128 1726 1356 1780 humilis
1380 1725 1637 1779 minister
1649 1731 1768 1779 tam

189 1815 538 1886 praesentibus
588 1832 757 1886 quam
812 1816 1014 1869 tuturis
1067 1821 1394 1886 perpetuam
1451 1815 1506 1868 in
1547 1813 1773 1871 Christo‘

186 1905 426 1958 salutem.

248 1993 519 2056 Quoniam
551 1992 720 2062 primi
751 2007 904 2046 naevo
952 1991 1266 2062 terrigenae,
1316 1993 1496 2046 ofnnis
1538 1993 1772 2047 humani

186 2084 392 2151 generis
427 2082 622 2144 vitiata
653 2082 975 2151 posteritas,
1006 2069 1413 2144 interveniente
1456 2082 1768 2152 dispendio,

187 2171 271 2224 diu
287 2171 484 2241 nequit
497 2170 818 2235 subsistere,
831 2187 997 2241 quam
1021 2157 1207 2224 etiam.
1221 2213 1231 2223 .
1245 2171 1544 2233 .interioris
1562 2171 1772 2225 intuitu

190 2264 441 2328 (intuitus
445 2269 467 2328 λ
491 2259 1056 2323 hominis,oblivionis
1069 2246 1770 2330 contenebraturcaiigine,

181 2364 344 2418 operae
388 2349 634 2418 pretium
679 2349 958 2413 duximus,
1012 2355 1134 2429 quae
1185 2335 1392 2412 nostris
1453 2350 1774 2419 contingere

181 2438 538 2508 temporibus,
578 2443 929 2507 posterorum
961 2438 1353 2500 commendare
1376 2439 1678 2502 memoriae,
1703 2445 1772 2500 ne

180 2527 377 2580 scilicet
405 2528 449 2579 si
480 2533 640 2604 tanta
668 2533 724 2586 et
742 2533 858 2589 tam
886 2527 1164 2608 przecipua
1190 2531 1350 2604 gesta
1378 2528 1583 2589 silentii
1626 2528 1770 2586 mul-

183 2622 429 2669 tarentur
454 2616 856 2679 taciturnitate,
884 2618 1088 2669 nostrae
1132 2615 1486 2686 postmodum
1543 2615 1773 2686 deputa-

179 2709 324 2756 retur
349 2705 647 2758 stoliditati
679 2711 735 2758 et
761 2705 1044 2761 socordiae.
1076 2697 1235 2758 Anno
1266 2705 1541 2765 incarnati
1597 2705 1767 2759 Verbi

181 2793 467 2854 millesimo
526 2796 904 2870 nonagesimo,
959 2794 1261 2854 indictione
1316 2794 1532 2856 (iecima'
1578 2795 1768 2862 tertia,

1851 1741 1993 1789 mus,
2029 1731 2084 1778 et
2112 1721 2182 1779 ad
2240 1726 2532 1780 ecciesiam'
2584 1726 2774 1780 Sancti
2812 1723 3079 1796 Stephani
3120 1739 3242 1796 qua:
3285 1721 3462 1796 ipsius

1850 1815 1998 1870 beati
2021 1815 2344 1888 cathedram
2371 1815 2741 1886 episcopalem
2783 1815 3007 1874 retinet,
3054 1804 3462 1881 honorabiliter

1853 1903 2264 1957 transtulimus.
2292 1905 2469 1957 Nocte
2498 1919 2628 1973 ergo
2686 1905 2943 1973 sequenti
3001 1899 3209 1957 ibidem
3263 1895 3454 1958 coram

1856 1992 2032 2045 sancti
2051 1993 2298 2063 corporis
2322 1991 2665 2064 pignoribus,
2692 1992 2890 2062 vigiliis
2911 1999 2967 2045 et
2986 1979 3244 2046 laudibus
3263 1991 3456 2048 festive

1856 2070 2168 2144 celebratis,
2203 2082 2261 2134 in
2291 2081 2540 2134 crastino
2565 2095 2672 2149 ego
2702 2065 3078 2135 Hérimannus
3106 2086 3242 2134 ante
3278 2081 3456 2134 altare

1857 2169 2036 2222 sancti
2064 2169 2335 2240 Stephani
2384 2179 2553 2239 super
2604 2169 2750 2239 quod
2805 2170 2992 2254 ipsurn
3047 2181 3250 2254 corpus
3303 2168 3454 2223 beati

1858 2257 2162 2311 Clementis
2181 2258 2426 2327 jacebat,
2458 2258 2692 2311 consilio
2710 2265 2764 2311 et
2785 2265 3016 2311 aSsensu
3039 2259 3214 2312 toti'us
3247 2257 3457 2322 Meten-

1857 2347 1932 2401 sis
1963 2345 2217 2410 Ecclesiae
2247 2353 2364 2401 tam
2395 2347 2530 2400 cieri
2562 2358 2734 2417 quam
2766 2346 3220 2418 populi,sperans
3237 2358 3337 2418 pro
3353 2343 3456 2401 tali

1857 2427 2122 2489 beneficio
2154 2437 2212 2489 in
2242 2437 2650 2504 resurrectione
2675 2446 2800 2489 enm
2832 2435 2953 2506 ipso
2984 2442 3201 2513 partem
3227 2427 3456 2490 habitu-

1854 2541 2004 2587 rum,
2033 2525 2162 2578 dedi
2210 2525 2260 2578 ei
2311 2523 2527 2594 sibique
2577 2525 2946 2578 servientibus
2995 2525 3052 2578 in
3118 2534 3453 2596 perpetuum

1854 2614 2171 2679 Cuminam,
2207 2630 2327 2684 quae
2357 2613 2517 2667 estin
2549 2613 2909 2679 Chamberes,
2936 2613 3082 2667 ultra
3140 2605 3452 2680 Mosellam,

1854 2719 1978 2756 cum
2008 2703 2173 2755 domo
2207 2718 2328 2772 quae
2359 2695 2562 2754 ibidem
2591 2703 2694 2764 est,
2729 2708 2783 2754 et
2801 2703 3016 2754 vineam
3073 2717 3195 2771 quae
3250 2691 3461 2755 dicitur“

1852 2791 2119 2857 Bertoldi,
2147 2808 2270 2862 qua:
2289 2799 2374 2843 est
2410 2791 2559 2860 ap’ud
2573 2789 2745 2855 Mont,
2765 2807 2892 2844 cum
2922 2805 3118 2860 campo
3151 2791 3246 2860 qui
3295 2791 3457 2859 juxta

178 2883 441 2950 regnante
480 2870 720 2943 Domino
752 2878 942 2935 nostro
990 2871 1016 2935 J
1025 2900 1123 2944 esu
1180 2877 1420 2945 Christo‘,
1455 2883 1767 2958 imperante
1792 2922 1834 2980 Β
1852 2887 1954 2944 est,
1980 2890 2103 2934 cum
2126 2881 2310 2933 banno
2333 2885 2388 2946 et
2408 2883 2664 2940 centena,
2692 2885 2748 2932 et
2768 2885 2990 2956 pratum
3023 2877 3171 2950 apud
3185 2879 3452 2948 Prunvet,

177 2969 414 3030 Henrico
467 2971 636 3026 tertio
695 2972 918 3034 Caesare
974 2970 1356 3034 Romanorum
1402 2972 1768 3038 nobilissimo,
1795 2963 1834 2980 υ
1855 2966 2003 3042 quod
2032 2976 2341 3048 operantur
2358 2967 2552 3050 rustici
2583 2969 2651 3022 de
2680 2969 2953 3038 Nomincy
2989 2963 3114 3022 eum
3145 2967 3330 3021 hanno
3390 2965 3451 3021 et

180 3060 555 3113 monarchiam
589 3067 778 3114 autem
801 3051 958 3130 regni
979 3067 1208 3114 tenente
1234 3061 1374 3114 duce
1431 3062 1771 3115 Theoderico

177 3150 369 3202 comite
414 3150 696 3209 Folmaro.
723 3149 913 3219 judice
977 3151 1313 3214 Burchardo,
1347 3167 1475 3203 cum
1535 3163 1769 3220 regnum

179 3243 226 3290 et
254 3239 634 3310 sawrdotiurn
666 3255 699 3310 ρ,
727 3255 786 3310 se
817 3239 1049 3311 invicem
1093 3239 1445 3313 dissiderent.
1474 3247 1530 3312 et
1565 3240 1771 3312 idcirco

175 3330 279 3378 tam
311 3327 607 3380 mundana
637 3343 804 3397 quam
836 3327 1211 3381 ecclesiastica
1242 3328 1635 3382 miserabiliter
1664 3329 1770 3381 flu-

177 3418 448 3479 ctuarent,
481 3416 543 3469 Β.
595 3416 899 3469 Clementis
949 3417 1118 3487 primi
1172 3417 1347 3496 nostri
1401 3417 1640 3490 pastoris
1680 3418 1773 3492 pia

175 3505 572 3568 consolatione,
628 3521 729 3558 nos
783 3511 1097 3574 peccatores
1146 3507 1201 3558 et
1247 3505 1485 3559 afﬂictes
1529 3499 1775 3560 omles'tis

175 3587 486 3660 benignitas
511 3595 795 3646 recreavit.
844 3594 987 3646 Nam
1036 3611 1160 3646 cum
1212 3595 1455 3664 propitia
1511 3595 1772 3649 divinitas

174 3680 397 3747 pravlda
442 3680 862 3750 dispensatione
913 3681 1202 3736 cirita‘tiet
1252 3682 1398 3753 plebi
1434 3683 1771 3737 Metensium

175 3767 426 3822 misereri
455 3769 795 3839 disponeret,
831 3776 894 3823 ut
923 3771 1043 3824 luce
1073 3771 1277 3824 clarius
1301 3777 1538 3835 constat,
1580 3771 1772 3842 magni

171 3857 378 3910 consilii
413 3858 601 3927 angeli
632 3858 889 3929 praeduce
911 3860 1029 3928 jam
1057 3860 1239 3921 dictus
1260 3861 1493 3913 antistes
1515 3861 1771 3930 egregius

173 3945 355 3999 multis
407 3947 720 4000 multorum
769 3948 1072 4002 visionibus
1124 3945 1180 4002 et
1229 3949 1662 4004 rev'elationibus
1712 3961 1771 4003 se

171 4032 320 4086 nobis
349 4034 624 4098 innotuit,
657 4042 714 4089 et
737 4038 995 4090 utaloco
1047 4054 1155 4108 quo
1206 4055 1240 4090 a
1286 4037 1444 4091 bona
1487 4039 1770 4092 memoriae

173 4120 475 4176 Deoderico
502 4133 856 4178 antecessore
898 4132 1090 4179 nostro
1125 4127 1405 4196 quondam
1461 4127 1532 4179 ad
1580 4127 1767 4180 sedem

172 4213 457 4281 propriam
486 4213 640 4266 illam
665 4214 972 4267 transferre
995 4216 1240 4278 conanti,
1275 4216 1373 4269 sed
1421 4216 1522 4269 Dei
1563 4216 1771 4269 virtute

1854 3067 2106 3121 centena.

1927 3149 2066 3202 Dedi
2091 3147 2260 3202 etiam
2282 3153 2464 3201 totum
2483 3147 2732 3201 baunum
2761 3153 2816 3201 et
2864 3151 3156 3201 cen‘tenam
3207 3145 3454 3216 quinque

1854 3237 2244 3313 parochiarum
2276 3236 2332 3289 in
2363 3238 2490 3289 villa
2520 3254 2641 3316 qua:
2674 3237 2877 3290 dicitur
2906 3237 2975 3289 ad
3006 3235 3281 3303 basilicas,
3325 3235 3458 3289 sita-

1854 3344 2000 3392 rum,
2030 3327 2243 3379 scilicet
2283 3327 2472 3380 Sancti
2510 3326 2742 3379 Joannis
2785 3326 3066 3396 Baptista,
3113 3324 3302 3378 Sancti
3349 3325 3456 3378 Ge-

1855 3416 2015 3490 nesii,
2051 3417 2269 3490 Sancta:
2292 3414 2480 3488 Mariae
2509 3414 2579 3478 ad
2612 3421 2909 3485 martyres,
2943 3415 3134 3468 Sancti
3162 3413 3453 3467 Laurentii

1854 3489 2158 3574 Sanctiqus
2174 3502 2444 3564 Amantii,
2475 3503 2549 3556 ab
2585 3503 2734 3555 omni
2753 3502 3020 3556 advocato
3043 3507 3099 3555 et
3123 3501 3274 3556 omni
3291 3502 3454 3572 justi-

1855 3594 1934 3645 tia
1964 3593 2205 3645 civitatis
2221 3591 2478 3660 liberum,
2503 3592 2598 3644 sed
2616 3591 2718 3644 sub
2731 3591 2904 3644 solius
2922 3590 3138 3644 abbatis
3163 3590 3454 3661 providen-

1853 3683 1932 3735 tia
1967 3684 2025 3764 et
2052 3687 2347 3764 potestate,
2380 3682 2524 3734 sicut
2544 3693 2648 3751 ego
2671 3682 2730 3734 in
2773 3697 2944 3734 manu
2998 3695 3122 3733 mea
3157 3673 3442 3737 tenebam.

1854 3760 1992 3824 Dedi
2031 3760 2088 3824 et
2114 3769 2380 3823 feminam
2410 3771 2709 3840 quamdam
2751 3769 2820 3823 de
2861 3770 3160 3834 Pierreius,
3224 3768 3453 3822 nomine

1852 3859 2106 3930 Thyebot
2133 3875 2259 3912 cum
2293 3859 2422 3912 filiis
2453 3865 2507 3912 et
2539 3859 2762 3923 filiabus
2790 3860 2926 3922 suis,
2957 3865 3013 3912 et
3051 3859 3449 3920 Hamezonem,

1855 3955 1912 4002 et
1942 3945 2280 4002 Richardum
2313 3965 2379 4002 ea
2404 3950 2528 4017 lege.
2557 3957 2664 4018 qna
2697 3953 2874 4001 erant.
2909 3949 3252 4002 Cunctorum
3279 3947 3453 4016 igitur

1850 4038 2155 4092 estantium
2175 4039 2518 4091 unanimitas
2539 4037 2672 4090 cieri
2696 4044 2751 4089 et
2769 4037 3056 4107 populi,ad
3068 4037 3449 4090 renovandum

1849 4128 2144 4180 annuatim
2177 4144 2311 4196 erga
2336 4144 2497 4180 suum
2520 4132 2820 4196 patronum
2847 4126 2952 4195 piae
2981 4125 3292 4178 devotionis
3321 4125 3451 4178 affe-

1807 4224 2024 4298 ﬁctum,
2057 4217 2114 4270 in
2166 4216 2511 4279 universum,
2553 4231 2738 4278 suum,
2793 4215 2940 4270 hunc
2987 4214 3133 4268 diem
3189 4213 3448 4267 festivum

171 4279 501 4367 prohibente
533 4319 647 4369 non
669 4303 895 4367 valenti,
930 4304 1210 4374 repositus
1235 4303 1437 4370 fuerat,
1462 4305 1762 4368 levaretur,
1788 4279 1835 4338 Ο
1854 4307 2114 4376 deinceps
2134 4305 2340 4372 habere
2361 4305 2622 4358 decrevit.
2641 4305 2909 4368 Quocirca
2928 4305 3191 4373 quoniam
3211 4308 3330 4357 tum
3350 4319 3450 4373 pro

172 4387 287 4456 pius
316 4403 486 4460 pater
514 4392 611 4462 pia
635 4393 1028 4446 sollicitatione
1080 4395 1443 4458 commonuit,
1496 4400 1774 4464 quatenus

171 4478 282 4546 ejus
313 4481 674 4549 dignissimis
706 4481 1198 4536 intercessionibus
1227 4484 1433 4554 populo
1453 4483 1510 4536 in
1528 4483 1774 4546 tenebris

169 4574 220 4618 et
247 4569 457 4622 umbra
488 4571 688 4623 mortis
719 4571 1049 4631 ambulanti.
1083 4572 1314 4633 orientis
1352 4572 1595 4626 visitatio
1642 4589 1774 4643 pro-

169 4654 281 4710 dire
300 4658 646 4728 dignaretur
671 4675 735 4712 ex
751 4660 884 4713 alto.
913 4661 1056 4714 illud
1073 4661 1264 4732 itaque
1286 4661 1620 4728 Salomonis,
1636 4661 1777 4715 mul-

170 4751 473 4801 toserrare
509 4749 765 4802 fecerunt
811 4750 1049 4815 somnia,
1081 4750 1596 4815 animadvertendo,
1625 4751 1776 4820 quod

166 4835 562 4898 nuntiabatur,
589 4837 849 4891 frivolum
896 4853 1018 4892 esse
1073 4839 1233 4892 nobis
1275 4840 1684 4910 dubitantibus,
1715 4857 1779 4894 ac

166 4939 334 4994 super
361 4926 473 4978 hoc
503 4932 690 4979 mente
711 4926 996 4980 incredula
1027 4927 1228 4981 stolide
1251 4930 1680 4997 remorantibus;
1705 4931 1774 4984 ob

164 5014 350 5068 cordis
377 5013 563 5076 nostri
595 5015 885 5078 duritiam,
914 5023 1147 5086 repente
1177 5017 1363 5080 divino
1396 5018 1630 5072 ferimur
1658 5035 1777 5072 mu-

162 5119 330 5157 crone
353 5119 471 5173 quo
491 5103 654 5172 jame
684 5103 868 5156 medio
899 5103 1174 5160 tollimur.
1211 5105 1422 5159 Ultima
1439 5111 1588 5169 sorte
1603 5105 1778 5176 igitur

162 5192 457 5247 tarditatis
486 5198 692 5246 nostra
724 5208 909 5250 moras
949 5194 1256 5263 arguendo,
1292 5194 1438 5248 illico
1468 5195 1776 5260 terminare

161 5282 567 5352 cempellente,
600 5281 689 5334 die
737 5281 880 5351 ipsa,-
934 5282 1145 5346 scilicet
1187 5298 1242 5336 γι
1273 5284 1463 5337 Nonas
1501 5284 1649 5351 Maii,
1683 5285 1779 5338 stis

163 5370 440 5441 pantibus
485 5370 838 5435 clericorum,
871 5372 1295 5435 monachorum,
1332 5373 1646 5443 principum
1679 5373 1776 5426 lai-

161 5475 480 5530 corumque
510 5459 1013 5526 innumerabilibus
1033 5462 1287 5525 catervis,
1318 5463 1556 5533 hymnos
1587 5463 1702 5516 Deo
1723 5470 1780 5516 et

163 5547 358 5603 laudes
392 5549 840 5614 acclamantibus
895 5566 1097 5620 corpus
1144 5553 1560 5606 sanctissimum
1609 5547 1804 5623 super?

164 5654 369 5692 aurum
395 5643 462 5691 et
479 5637 733 5708 topazion
745 5638 1054 5709 pretiosum
1075 5640 1145 5694 de
1155 5643 1499 5714 earcophage
1511 5644 1776 5706 levatum,

1856 4395 2032 4466 ipsius
2073 4395 2326 4464 corporis
2355 4393 2673 4460 veneranda
2719 4393 3035 4463 prmentia,
3069 4400 3190 4447 tum
3239 4409 3341 4464 pro
3379 4393 3452 4446 ad

1856 4501 1983 4538 eum
2003 4484 2092 4554 pie
2107 4483 2545 4553 confugientium
2563 4482 2822 4545 celeri,ut
2832 4483 3096 4546 creditur,
3113 4482 3444 4536 delictorum

1861 4573 2040 4631 venia.
2083 4588 2241 4625 sacer
2278 4572 2430 4626 illius
2459 4573 2760 4642 sepultum
2789 4572 2942 4625 locus
2973 4570 3139 4640 digne
3167 4577 3252 4625 est
3278 4571 3454 4631 hono-

1860 4661 2183 4726 riﬁcendus,
2202 4661 2373 4714 alacri
2393 4662 2580 4714 favore
2609 4660 2882 4725 omnium,
2898 4660 3178 4713 nundinas
3200 4676 3300 4730 per
3327 4666 3452 4713 octo

1859 4748 2153 4803 continuos
2179 4750 2298 4802 dies
2327 4749 2464 4803 inibi
2494 4750 2821 4803 solemniter
2838 4749 3018 4803 teneri
3035 4749 3453 4813 constituimus,

1863 4854 2051 4909 pacem
2071 4840 2295 4906 ﬁrmam
2318 4838 2578 4902 omnibus
2595 4838 2727 4892 illuc
2743 4838 3176 4909 praperantibue
3189 4838 3294 4904 sub
3322 4853 3456 4903 ann-

1856 4928 2128 4982 thematis
2157 4928 2618 4992 interminatione
2665 4927 2980 4993 habendam
3032 4928 3452 4992 denuntiantes.

1858 5018 2097 5071 Reatum
2119 5025 2308 5071 tamen
2337 5017 2623 5071 homicidii
2643 5017 2772 5071 hinc
2799 5017 3160 5082 excludimus,
3189 5017 3296 5072 nisi
3311 5017 3454 5070 forte

1859 5107 1983 5177 quis
2007 5107 2180 5160 armis
2202 5107 2562 5177 propulsatus
2589 5105 2802 5160 inimici
2833 5106 3032 5160 limina
3051 5106 3301 5176 attigerit
3328 5117 3455 5158 san-

1859 5197 1952 5251 cti.»
1986 5197 2265 5250 Praeterea
2292 5197 2422 5250 huic
2442 5198 2658 5266 paginae
2684 5212 2755 5251 ne
2784 5212 2818 5249 a
2853 5196 3124 5250 memoria
3147 5194 3449 5260 laberetur,

1859 5287 1943 5340 vel
1977 5285 2189 5356 aliquid
2220 5285 2373 5339 aliud
2401 5286 2508 5339 sibi
2548 5291 2847 5357 usurparet
2879 5300 3045 5355 quam
3076 5284 3167 5344 hic
3208 5281 3452 5335 inditum

1861 5381 1965 5438 est,
2015 5376 2264 5439 inserere
2283 5375 2515 5444 dignum
2548 5375 2807 5428 duximus
2846 5373 2991 5444 quod
3016 5371 3252 5441 Hagano
3280 5369 3454 5426 abbas

1863 5464 2036 5535 ipsius
2085 5465 2211 5528 looi,
2256 5471 2478 5534 pratum
2523 5465 2592 5517 de
2630 5464 2893 5523 Prunoet.
2936 5478 3025 5515 me
3063 5466 3356 5532 praesente,
3399 5467 3457 5516 et

1862 5553 2082 5607 favente
2117 5553 2438 5607 Burchardo
2468 5553 2753 5615 advocato,
2779 5551 3007 5621 suisque
3023 5549 3459 5618 surmeuoribul,

1862 5649 1978 5696 tam
2008 5659 2110 5713 pro
2168 5642 2492 5696 detonsione
2539 5641 2710 5711 hujus
2735 5640 2991 5703 beneﬁcii
3036 5656 3070 5693 a
3118 5654 3207 5693 me
3243 5640 3458 5710 collati,
