3950 6168
440 307 578 366 1183

1369 312 1790 369 HERIMANNI
1828 313 2186 370 ME’I‘ENSIS
2222 311 2453 369 EPISC.
2496 311 2810 369 CHARTA.

3528 311 3639 370 1184

437 451 606 507 quam
634 451 737 507 pro
764 435 939 490 totius
967 433 1226 491 Ecclesiae
1251 437 1492 493 tuitione
1518 439 1576 494 in
1606 439 1812 494 foedum
1855 441 2028 503 dedit,
2051 443 2098 501 A
2117 441 2366 496 cautium
2388 436 3638 509 exauditorinnumerabilibuspolletvirtutibus,

435 541 501 579 eo
529 531 719 579 tamen
741 531 934 578 tenore
957 530 1021 578 ut
1045 527 1235 580 nullus
1263 527 1547 582 haeredum
1581 529 1776 599 ipsius.
1806 530 1911 583 nisi
1932 530 2033 583 ad-

435 615 750 668 vocatitiam
781 614 1020 668 civitatis
1045 616 1312 681 tenuerit,
1342 618 1446 671 hoc
1474 618 1695 671 fcodum
1724 619 1828 671 sibi
1859 618 2036 672 vindi-

434 707 538 756 cet.
568 703 634 756 Et
659 709 723 756 ut
752 703 808 756 in
841 703 1106 757 nundinis
1151 707 1424 759 memoria
1453 707 1838 761 translationis
1870 707 2032 761 istius

427 792 734 861 jucundius
765 798 934 863 atque
955 793 1232 847 celebrius
1276 812 1309 848 a
1335 796 1792 850 convenientibus
1823 797 2032 850 habea-

433 883 546 940 tur,
568 896 745 949 equus
764 880 1080 950 quindecim
1104 883 1410 936 solidorum
1429 883 1632 954 abipso
1649 885 1914 938 advocato
1933 885 2034 938 ibi-

434 967 561 1021 dem
582 971 1196 1039 repraasentaturQuod
1227 972 1273 1024 si
1293 973 1670 1037 saecularibus,
1702 978 1766 1027 ut
1787 991 1906 1027 mos
1926 980 2030 1039 est,

434 1057 493 1110 in
525 1073 798 1128 equorum
830 1060 1084 1113 cursibus
1118 1077 1178 1113 se
1224 1061 1653 1127 delectantibus,
1699 1063 2032 1132 quibusdam

433 1147 730 1216 specialius
761 1148 818 1201 in
847 1148 1004 1218 equis
1025 1150 1316 1203 exercitari
1334 1151 1623 1221 placuerit,
1649 1152 1860 1217 victori,
1881 1159 2030 1205 taxa-
2056 1158 2060 1162 ’

434 1240 492 1288 to
522 1237 699 1306 pretio
719 1237 1015 1290 dimidium
1054 1239 1425 1308 relinquatur,
1453 1241 1738 1293 residuum
1773 1241 2032 1294 Ecclesiae

435 1324 772 1394 assignetur.
809 1327 865 1379 Si
887 1343 1013 1380 vero
1044 1329 1238 1381 eadem
1256 1328 1676 1382 diehocfestum
1709 1347 1818 1383 non
1840 1331 2029 1397 fuerit,

433 1413 504 1466 ad
530 1430 824 1482 vesperum
847 1431 1023 1485 equus
1045 1416 1287 1469 ecclesiae
1312 1417 1432 1470 sine
1453 1418 1828 1471 controversia
1848 1418 2034 1471 dimit—

432 1507 621 1556 tatur:
654 1519 820 1572 quem
849 1504 916 1569 si,
950 1511 1014 1558 ut
1043 1505 1254 1558 dictum
1285 1512 1387 1570 est,
1419 1523 1530 1559 non
1563 1507 1831 1576 posuerit,
1860 1506 2032 1560 abbas

433 1591 542 1645 loci
566 1591 635 1645 ab
661 1608 726 1645 eo
748 1592 995 1662 requiret
1027 1611 1038 1645 :
1073 1591 1191 1664 ipse
1234 1610 1364 1646 vero
1390 1594 1712 1648 nullatenus
1743 1595 2032 1649 contradi-

432 1695 557 1735 cere
588 1679 774 1734 habet.
807 1681 875 1735 Et
905 1681 1168 1751 quoniam
1197 1683 1298 1736 has
1320 1684 1601 1737 nundinas
1621 1684 1891 1738 bannales
1909 1701 2031 1738 esse

2117 532 2188 584 ad
2219 533 2444 584 laudem
2475 539 2532 583 et
2559 529 2799 600 gloriam
2832 529 3077 582 nominis
3105 528 3320 582 Christi.
3350 527 3508 597 Igitur
3531 529 3646 583 hanc

2116 628 2367 674 nostram
2419 619 2783 673 traditionem
2815 623 2872 672 et
2911 618 3076 681 dona,
3135 616 3281 670 omni
3311 622 3530 687 tempore
3553 627 3650 673 rata

2116 725 2447 781 permanere
2479 715 2536 762 et
2569 708 2910 770 inconvulsa,
2951 706 3278 759 auctoritate
3314 707 3648 775 omnipotentis

2115 798 2235 860 Dei,
2269 797 2418 850 beati
2449 813 2670 866 quoque
2700 795 2964 849 Clemetis
2985 801 3041 848 et
3071 801 3259 848 nostra
3281 796 3646 861 conﬁrmamus;

2116 887 2287 957 sigilli
2317 887 2489 939 etiam
2520 886 2697 938 nostri
2721 884 3160 953 consignatione,
3190 900 3393 936 necnon
3421 890 3470 936 et
3495 900 3648 953 perso-

2118 993 2319 1030 narum
2387 974 2839 1028 authenticarum
2892 973 3297 1043 subscriptione
3357 971 3650 1037 roboramus,

2118 1070 2346 1120 cunctos
2391 1079 2736 1118 successores
2766 1068 2986 1116 nostros
3017 1061 3130 1115 haec
3179 1067 3434 1131 perpetuo
3458 1061 3656 1113 fideliter

2113 1169 2440 1207 conservare
2452 1151 2555 1206 sub
2567 1151 2803 1204 districti
2811 1151 3009 1221 judicii
3043 1151 3294 1204 examine
3313 1153 3649 1202 contestantes.

2114 1244 2170 1297 Si
2203 1259 2314 1314 qua
2342 1249 2533 1296 autem
2562 1239 2934 1294 ecclesiastica
2973 1239 3317 1294 szecularisve
3341 1254 3552 1308 persona
3576 1238 3654 1290 ho-

2113 1349 2238 1386 rum
2263 1330 2547 1402 quidpiam
2582 1329 2888 1399 infringere
2928 1327 3358 1399 przesumpserit,
3389 1343 3420 1379 a
3445 1327 3655 1379 sacratis-

2114 1421 2255 1474 simo
2286 1435 2519 1490 corpore
2548 1424 2605 1472 et
2621 1417 2896 1488 sanguine
2927 1417 3148 1470 Domini
3181 1416 3433 1481 alienata,
3462 1415 3512 1467 in
3540 1414 3658 1467 diem

2115 1508 2324 1564 Christi
2357 1514 2414 1562 et
2437 1507 2532 1562 Dei
2564 1507 2636 1561 sit
2665 1506 2969 1560 anathema
3010 1505 3116 1558 nisi
3165 1504 3464 1575 resipuerit.
3489 1503 3659 1555 Horum

2114 1598 2367 1652 omnium
2388 1597 2638 1650 fautores
2658 1596 2711 1649 id
2721 1613 2891 1650 oneos
2903 1600 3096 1663 testes,
3110 1595 3336 1654 visores,
3355 1599 3409 1646 et
3422 1592 3660 1645 auditores

2115 1687 2308 1741 subter
2346 1685 2698 1740 adnotandos
2735 1684 2966 1754 dignum
3015 1683 3294 1750 duximus,
3325 1698 3544 1753 quorum
3569 1682 3662 1732 hazc

430 1785 741 1829 censemus,
782 1770 1019 1824 sollicite
1073 1771 1250 1825 isdem
1291 1773 1590 1826 advocatus
1611 1790 1711 1844 per
1730 1791 1790 1827 se
1817 1791 1916 1828 seu
1936 1791 2035 1845 per
2049 1803 2094 1861 Β
2113 1782 2246 1831 sunt
2271 1775 2532 1829 nomina:

429 1857 670 1912 civitatis
692 1861 969 1914 castaldos
1008 1861 1296 1931 provideat
1321 1878 1389 1915 ne
1425 1863 1559 1932 quid
1606 1863 1846 1934 tempori
1889 1880 2030 1933 prae-

429 1947 718 2002 nominato
747 1949 1096 2011 detrahatur,
1133 1966 1202 2002 ne
1226 1949 1320 2019 qui
1366 1956 1743 2004 mercatorum
1791 1952 2033 2005 maxime

431 2035 868 2090 Bucchariorum
886 2054 945 2090 se
963 2037 1320 2103 subtrahant,
1337 2055 1573 2108 quorum
1598 2039 1849 2094 omnium
1864 2057 2035 2111 super

430 2123 536 2178 hoc
560 2124 678 2177 foro
707 2125 838 2178 facti
856 2126 1129 2195 justitias,
1152 2127 1300 2180 feodi
1320 2128 1406 2181 sui
1424 2129 1640 2182 noverit
1669 2145 1790 2182 esse
1808 2130 2030 2200 supple-

429 2219 963 2278 mentum,attamen
978 2215 1250 2285 quidquid
1267 2216 1322 2269 in
1323 2216 1604 2286 juriarum
1618 2217 1764 2270 infra
1779 2216 2029 2272 bannum

429 2301 823 2372 praedictarum
858 2303 1232 2358 Ecclesiarum
1257 2305 1514 2359 Ecclesiae
1544 2305 1626 2360 illi
1657 2323 1691 2360 a
1715 2323 1803 2359 me
1852 2307 2029 2359 dona-

428 2395 571 2457 tum,
603 2397 661 2446 et
678 2396 812 2445 tunc
839 2397 896 2446 et
923 2409 1146 2463 semper
1172 2394 1456 2454 acciderit,
1489 2395 1560 2448 ad
1587 2395 1762 2448 solius
1811 2394 2030 2448 abbatis

427 2479 535 2534 loci
557 2486 615 2535 et
633 2497 863 2535 suorum
891 2482 1212 2536 ofﬁcialium
1238 2484 1515 2552 justitiam
1550 2482 1868 2555 pertinebit.
1907 2485 2024 2538 Hac

427 2569 631 2623 celebri
660 2570 959 2624 traditione
981 2571 1112 2625 data
1143 2579 1199 2625 et
1222 2577 1482 2642 suscepta
1510 2579 1567 2626 et
1595 2573 1879 2626 communi
1908 2589 2024 2626 om-

427 2657 587 2712 nium
603 2661 859 2713 consultu
883 2667 1233 2714 sacramento
1256 2662 1501 2725 ﬁrmata,
1517 2661 1606 2714 die
1627 2662 1843 2724 eadem,
1864 2662 1918 2715 id
1940 2666 2025 2716 est

428 2746 625 2816 quinta
653 2749 841 2802 Nonas
863 2749 1011 2816 Maii,
1028 2750 1098 2803 ad
1118 2751 1302 2804 locum
1334 2749 1600 2803 Basilicas
1621 2750 1855 2816 dictum,
1871 2752 2022 2805 unde

426 2834 605 2904 pridie
633 2835 817 2889 fuerat
840 2843 1214 2908 assumptum,
1247 2851 1413 2908 quem
1443 2834 1622 2890 isdem
1678 2843 1906 2892 sanctus
1961 2839 2021 2893 in

425 2923 540 2978 vita
568 2941 672 2978 sua
699 2941 814 2979 suae
835 2926 1048 2996 requiei
1077 2927 1382 2997 delegerat,
1416 2927 1659 2980 maxima
1684 2928 2020 2998 populorum

425 3013 729 3066 comitante
749 3019 970 3068 caterva
988 3032 1188 3085 corpus
1214 3015 1628 3069 sanctissimum
1649 3021 1734 3068 est
1754 3016 2015 3082 relatum,

2187 1867 2421 1935 Hagano
2453 1862 2624 1917 abbas
2646 1863 2772 1916 loci.

2185 1953 2466 2008 Henricus
2507 1952 2680 2005 abbas
2718 1952 3054 2007 Gorziensis.

2185 2045 2370 2098 Lanzo
2394 2041 2568 2095 abbas
2589 2041 2777 2095 Sancti
2799 2042 3079 2095 Vincentii

2182 2129 2484 2185 Durandus
2513 2128 2684 2182 abbas
2713 2129 2904 2183 Sancti
2935 2129 3351 2201 Symphoriani.

2181 2217 2462 2273 Adalbero
2483 2217 2928 2271 archidiaconus.

2185 2306 2521 2360 Ruocelinus
2549 2305 2992 2360 archidiaconus.

2185 2395 2496 2450 Gervoldus
2527 2394 2974 2448 archidiaconus.

2177 2483 2477 2538 Matfridus
2505 2483 2953 2537 archidiaconus.

2176 2573 2472 2628 Canonici:
2498 2573 2894 2637 Ermerannus;
2928 2572 3220 2631 Arnulfus,
3252 2570 3669 2630 Lietardus,Ber-

2105 2662 2278 2716 tulqu
2326 2668 2539 2728 cantor,
2600 2661 2892 2715 Folmarus
2940 2668 3155 2728 cantor,
3207 2660 3664 2720 item~l“olmarus,

2105 2753 2370 2816 Joannes,
2395 2751 2714 2813 Anselmus,
2751 2755 2857 2803 etc.

2173 2840 2430 2894 Monachi
2453 2839 2704 2909 ejusdem
2728 2839 2863 2892 loci:
2893 2837 3186 2904 Richerius
3203 2837 3372 2908 prior,
3394 2837 3561 2899 Odilo,
3582 2841 3666 2887 etc.

2172 2929 2416 2982 Nomina
2462 2929 2735 2982 laicorum
2769 2943 2779 2976 :
2811 2927 3189 2982 Theodericus
3237 2928 3368 2992 dux,
3417 2925 3671 2980 Folmarus

2102 3033 2306 3082 comes,
2341 3017 2696 3071 Burchardus
2719 3016 2913 3087 judex,
2936 3016 3251 3087 Wypaldus
3299 3014 3557 3080 Scabinio,
3582 3013 3672 3065 Ge-

425 3101 522 3156 ubi
553 3102 857 3158 honorifice
880 3105 1116 3158 collatus
1145 3105 1270 3176 pius
1301 3110 1357 3158 et
1376 3105 1644 3170 clemens,
1677 3121 1736 3158 se
1765 3104 2022 3175 pieinvo-
2041 3098 2083 3158 C
2106 3105 2324 3172 rardus,
2356 3111 2462 3160 etc.

435 3282 1966 3307 Μ

1972 3277 3659 3306 mm:—

1369 3428 1908 3538 CHARTA
1993 3432 2762 3543 HERIMANNI

425 3636 567 3714 Qua
594 3637 857 3701 Waloni
882 3637 1104 3701 abbati
1137 3635 1202 3700 S.
1251 3635 1515 3702 Arnulﬂ
1540 3637 1860 3707 Metensis
1896 3643 2012 3721 jus
2061 3643 2374 3706 annualis
2412 3650 2772 3721 mercatus,
2833 3667 2865 3702 «
2917 3643 3377 3728 quorumdam
3415 3641 3672 3706 factione

1519 3728 1698 3790 male
1731 3728 2101 3806 sublatum,
2143 3755 2175 3788 »
2213 3734 2593 3795 conﬁrmat.
3587 3747 3590 3749 λ

1301 3903 1627 3973 (Μεωηεεε,
1663 3907 1901 3960 Histoire
1928 3906 2017 3960 des
2042 3910 2260 3974 évéqucs
2290 3910 2354 3962 de
2383 3911 2540 3976 xilcts,
2578 3927 2632 3981 p.
2659 3907 2810 3978 369.)

492 4193 560 4248 In
584 4195 809 4250 nomine
833 4196 1036 4266 Patris,
1069 4202 1126 4251 et
1152 4197 1298 4264 Filii,
1327 4204 1383 4254 et
1411 4200 1650 4270 Spiritus
1677 4201 1874 4267 sancti,
1902 4200 2017 4255 HE-

421 4297 718 4352 RIMANNUS,
739 4287 920 4356 gratia
953 4287 1052 4341 Dei
1081 4294 1286 4342 sanctae
1317 4290 1580 4344 Metensis
1601 4292 1803 4361 praesul
1825 4291 2015 4344 Eccle-

419 4372 534 4436 siae,
566 4375 781 4428 cunctis
808 4381 922 4428 tam
945 4377 1312 4446 praesentibus
1330 4395 1498 4448 quam
1516 4379 1720 4433 futuris
1736 4379 2011 4444 fidelibus,

420 4463 832 4517 misericordias
861 4465 1083 4518 Domini
1117 4466 1175 4520 in
1205 4472 1476 4521 aeternum
1508 4474 1754 4522 cantare.

491 4551 633 4613 Quia
663 4552 948 4606 beatitudo
986 4561 1307 4609 sanctorum
1335 4563 1572 4620 constat,
1605 4563 1661 4610 et
1691 4558 1759 4610 de
1785 4573 2016 4610 munere

417 4640 633 4706 gratiae,
669 4645 722 4692 et
752 4641 820 4693 de
847 4641 1214 4697 retributione
1263 4645 1516 4714 justitiae,
1548 4645 1900 4700 innitendum
1932 4650 2018 4698 est

420 4725 722 4797 unicuique
741 4728 991 4783 ﬁdelium
1027 4733 1346 4786 omnimoda
1374 4733 1746 4788 sollicitudine
1777 4735 2018 4804 qualiter

419 4814 476 4867 in
506 4831 603 4885 spe
629 4822 800 4887 atque
835 4819 1054 4873 actione
1084 4821 1377 4892 utriusque
1405 4822 1722 4892 pertingere
1743 4824 1916 4892 possit
1948 4825 2020 4877 ad

417 4905 625 4975 gaudia
643 4907 905 4976 perennis
927 4908 1070 4962 vitae.
1096 4911 1164 4963 Et
1177 4910 1441 4980 quoniam
1462 4911 1821 4980 diligentibus
1842 4913 2019 4966 Deum

418 4995 605 5048 omnia
630 5002 1004 5066 cooperantur
1024 4998 1082 5052 in
1111 4999 1314 5053 bonum
1337 5000 1540 5053 idcirco
1563 5001 1743 5053 modis
1759 5002 2018 5054 omnibus

417 5091 504 5137 est
541 5084 680 5138 bene
729 5086 1010 5155 agendum
1059 5088 1365 5142 secundum
1396 5088 1545 5158 quod
1574 5089 1843 5159 scriptum
1898 5095 2012 5143 est:

419 5175 785 5242 Quodcunque
819 5181 990 5242 potest
1019 5193 1221 5229 manus
1253 5182 1347 5229 tua
1367 5181 1564 5243 facere,
1601 5184 1876 5232 instanter
1903 5196 2019 5247 ope-

416 5263 621 5317 rare.N
624 5281 686 5317 os
697 5281 830 5334 ergo
846 5264 962 5317 haec
981 5278 1150 5334 atque
1171 5265 1256 5318 his
1272 5265 1478 5319 similia
1494 5267 1549 5319 in
1572 5275 1893 5321 sanctorum
1909 5267 2017 5320 Pa-

413 5357 566 5405 trum
579 5353 874 5406 sententiis
896 5354 1201 5423 prudenter
1221 5355 1634 5425 salubriterque
1652 5356 1797 5409 dicta
1818 5373 2019 5426 appro-

2096 4201 2292 4266 tificio,
2327 4217 2453 4254 cum
2503 4206 2709 4256 nostra
2765 4203 2971 4256 mentis
3025 4202 3284 4256 interiori
3340 4201 3670 4260 discussione,

2096 4295 2218 4345 tum
2250 4290 2638 4357 religiosorum
2663 4291 2754 4362 pia
2781 4291 3168 4356 collocatione,
3200 4294 3476 4364 coepimus
3496 4287 3677 4344 sollici-

2096 4380 2210 4434 tius
2235 4379 2518 4432 reminisci
2548 4379 2744 4434 salutis
2774 4386 2976 4434 nostra;
3001 4381 3221 4434 animae.
3245 4384 3496 4451 Cumque
3516 4379 3579 4431 ad
3594 4379 3680 4429 hoc

2098 4467 2240 4522 bene
2275 4468 2566 4538 profutura
2615 4469 2947 4522 occurrisset
3002 4469 3219 4523 Domini
3268 4469 3544 4524 sententia
3587 4479 3680 4536 qua

2099 4557 2304 4611 dicitur
2327 4575 2337 4608 :
2372 4559 2503 4611 Date
2530 4561 2985 4624 elcemosynamct
3011 4562 3202 4611 omnia
3232 4561 3447 4612 munda
3461 4561 3676 4610 suntra-

2102 4649 2197 4707 bik,
2229 4646 2553 4716 supervenit
2571 4647 2730 4699 nobis
2751 4648 2965 4700 cunctis
2986 4647 3352 4702 charissimus
3377 4655 3434 4701 et
3451 4643 3682 4700 omnibus

2099 4735 2465 4788 charissimus
2496 4735 2876 4804 praeferendus
2912 4736 3243 4789 venerabilis
3283 4736 3508 4790 nomine
3542 4731 3682 4785 Walo

2101 4824 2273 4877 abbas
2299 4823 2535 4877 cmnobii
2568 4824 2756 4877 Sancti
2788 4826 3005 4878 Amulfi
3039 4826 3323 4894 quondam
3357 4818 3680 4878 memorandi

2101 4920 2271 4983 atque
2322 4929 2546 4982 semper
2597 4913 2899 4966 venerandi
2951 4915 3500 4968 Mediomatricorum
3547 4908 3682 4963 urbis

2102 5001 2464 5072 episc0pi,cui
2481 5007 2537 5055 et
2562 5002 2774 5072 aliquid
2790 5003 3037 5056 humana
3055 5003 3348 5056 nobilitate
3379 5003 3676 5072 loquamur,

2103 5091 2335 5144 Carolus
2359 5107 2598 5160 magnus
2624 5091 2932 5161 imperator
2951 5109 3015 5145 ac
3037 5092 3302 5162 patricius
3323 5093 3681 5145 Romanorum

2099 5180 2158 5233 in
2178 5179 2559 5249 generationis
2602 5180 2751 5232 linea
2789 5181 3165 5250 quadrinepos
3209 5180 3441 5234 exstitit.
3474 5180 3544 5233 Ut
3569 5190 3681 5230 vero

2100 5270 2181 5331 fit,
2239 5284 2362 5322 cum
2412 5268 2561 5321 inter
2607 5285 2708 5321 nos
2757 5275 2927 5338 atque
2973 5269 3296 5339 praedictum
3347 5268 3598 5321 abbatem
3622 5264 3682 5315 de

2101 5358 2292 5411 multis
2321 5373 2506 5410 sermo
2537 5363 2684 5410 esset
2712 5364 2886 5420 ortus,
2934 5364 3272 5428 conquestus
3317 5363 3403 5410 est
3445 5355 3585 5426 quod
3619 5351 3678 5404 ab

419 5439 632 5505 bantes,
650 5417 936 5511 totiusque
963 5443 1212 5496 veritatis
1235 5444 1500 5498 firmitate
1527 5417 1767 5498 subnixa
1797 5417 2016 5498 ratione
2034 5417 2080 5474 υ
2101 5445 2372 5515 improbis
2404 5445 2726 5498 hominibus
2753 5417 2930 5499 multa
2943 5417 3229 5517 pateretur
3246 5417 3534 5515 dispendia
3558 5459 3679 5512 pra:-

414 5529 768 5598 apertissima
803 5531 1234 5600 perpendentes,
1267 5539 1562 5602 postquam
1620 5539 1848 5586 auctore
1900 5533 2016 5586 Deo
2100 5534 2280 5588 dictus
2309 5535 2481 5594 locus,
2505 5534 2716 5588 addens
2741 5535 2942 5588 annale
2989 5540 3292 5588 mercatum
3321 5531 3681 5604 quorumdam

413 5617 655 5689 promoti
675 5633 871 5672 sumus
901 5619 957 5672 in
980 5619 1148 5689 hujus
1173 5627 1380 5676 sancta:
1408 5621 1672 5676 Metensis
1698 5622 1846 5676 sedis
1875 5639 2018 5695 pon-
2101 5623 2365 5688 factione,
2400 5623 2496 5693 qui
2543 5639 2710 5677 suum
2757 5624 2973 5678 lucrum
3020 5624 3308 5694 deputant,
3344 5622 3394 5675 si
3432 5620 3552 5675 aliis
3579 5619 3681 5672 dis-
