3886 6172
226 248 374 308 1185

1379 247 1475 303 DE
1508 243 1879 302 TRANSITU
1916 246 2353 307 HERIMANNI.

3377 251 3512 313 1186

224 374 499 446 pendium
524 372 788 435 inferant,
810 372 1322 443 impraesentiarum
1349 371 1499 426 male
1527 371 1981 438 sublatum,Aut
2004 374 2065 429 in
2092 375 2300 431 talibus
2341 377 2568 444 assolet,
2613 377 2700 432 vel
2746 376 2960 447 injuria
3002 377 3322 449 contigerit,
3354 394 3505 434 sum-

223 462 576 535 temporibus
620 461 798 516 nostri
846 460 1273 533 pradecessoris
1304 467 1510 515 sancta
1542 461 1831 515 memoria

224 552 601 607 Adelberonis
630 554 750 622 jam
798 551 1168 622 quadriennio
1212 551 1469 605 habitum
1516 551 1573 605 in
1603 550 1830 604 dedica-

222 641 381 695 tione
412 641 588 712 ipsius
635 640 911 695 Ecclesia.
946 639 1104 694 Unde
1136 656 1236 693 nos
1284 638 1575 709 cupientes
1602 642 1831 709 proten-

222 730 361 784 dere
390 747 531 800 opus
557 728 962 783 misericordia
1001 729 1059 782 in
1088 729 1328 782 salutem
1378 733 1583 782 nostra
1610 727 1831 792 anima,

225 824 401 890 atque
432 819 491 872 in
521 812 877 873 commodum
913 817 1190 881 Ecclesia,
1234 816 1494 888 precibus
1528 816 1705 887 ipsius
1735 814 1836 869 ab-

228 907 381 962 batis
408 924 624 962 necnon
649 907 1083 978 religiosissima
1112 912 1284 977 atque
1312 905 1543 976 virginis
1564 905 1679 959 Deo
1699 920 1833 959 con-

226 1004 463 1052 secrata
490 996 629 1050 inibi
681 996 912 1050 reclusa
959 995 1198 1049 domina
1245 993 1474 1049 nomine
1517 995 1829 1061 Hodierna,

228 1087 600 1157 omniumque
628 1086 870 1139 fratrum
900 1085 995 1156 pia
1040 1083 1471 1155 supplicatione,
1500 1089 1670 1154 atque
1698 1100 1834 1137 una-

228 1176 372 1231 nimi
397 1192 674 1230 consensu
711 1180 1032 1229 nostrorum
1083 1173 1354 1239 ﬁdelium,
1390 1173 1740 1227 restituimus
1777 1178 1835 1227 et

231 1265 585 1319 reddidimus
604 1264 790 1335 ipsum
810 1263 1015 1329 forum,
1047 1262 1104 1316 in
1133 1262 1512 1333 [solemnitate
1532 1261 1711 1332 ipsius
1732 1262 1832 1316 de-

224 1354 523 1409 dicationis
551 1352 957 1425 perpetualiter
998 1351 1347 1410 habendum.
1392 1351 1469 1406 Ut
1514 1350 1694 1420 igitur
1730 1367 1833 1406 nos

224 1444 302 1515 pii
322 1442 509 1514 operis
529 1448 883 1496 exsecutores
912 1456 1234 1495 mereamur
1251 1438 1490 1494 caelestis
1518 1439 1679 1509 regni
1710 1438 1833 1493 fieri

225 1532 550 1603 participes.
579 1529 851 1601 quidquid
881 1529 1060 1583 nostri
1082 1529 1227 1598 juris
1258 1528 1316 1582 in
1347 1527 1468 1599 ipso
1495 1528 1613 1581 foro
1634 1527 1831 1583 haberi

227 1620 627 1692 comperimus,
652 1618 728 1672 nil
753 1618 913 1673 nobis
936 1618 1340 1688 relinquentes,
1370 1623 1551 1670 totum
1576 1617 1829 1671 servien-

1914 478 2064 517 mam
2094 464 2258 535 pretii
2284 481 2453 536 quam
2502 466 2589 520 lex
2617 482 2718 537 pro
2746 466 2991 520 vindicta
3035 467 3213 538 culpa
3241 467 3508 537 exegerit,

1912 552 2075 631 nullo,
2099 554 2379 609 retinente
2409 553 2580 609 abbas
2610 555 2860 626 accipere
2880 553 3121 608 debebit.
3142 554 3514 609 Obsecramus

1914 641 2142 695 tandem
2174 650 2404 697 cunctos
2452 650 2578 715 post
2625 660 2726 698 nos
2775 649 3040 701 venturos
3068 644 3380 715 pontiﬁces,
3413 661 3515 715 per

1918 745 2113 784 omnes
2159 732 2384 786 Domini
2425 732 2834 797 miserationes,
2875 738 2932 787 et
2984 749 3084 803 per
3120 733 3513 787 auctoritatem

1918 816 2213 874 duodecim
2260 822 2664 892 apostolorum,
2694 821 3003 892 prasertim
3046 822 3226 875 sancti
3280 822 3513 877 Joannis

1919 907 2268 963 dilectissimi
2298 911 2542 976 Domini,
2576 912 2737 981 cujus
2784 912 2842 965 in
2888 911 3119 983 prafato
3170 911 3510 966 monasterio

1914 996 2052 1049 dens
2078 996 2318 1051 habetur
2347 1004 2403 1051 et
2434 1005 2751 1064 veneratur,
2784 1004 2849 1052 ut
2875 1000 3267 1053 conﬁrmatum
3281 998 3513 1054 estinibi

1914 1085 2250 1139 auctoritate
2279 1085 2429 1140 beati
2452 1087 2587 1141 noni
2616 1086 2818 1141 Leonis
2848 1104 3025 1159 papa,
3046 1093 3103 1141 et
3132 1104 3232 1158 per
3258 1104 3510 1142 amorem

1914 1173 2167 1228 omnium
2198 1180 2539 1238 sanctorum.
2567 1193 2782 1230 necnon
2816 1182 2874 1230 et
2910 1176 3262 1230 obtestamur
3287 1194 3390 1249 per
3416 1194 3515 1231 no-

1914 1268 2091 1315 stram
2121 1279 2289 1334 quam
2319 1280 2354 1316 a
2382 1264 2497 1317 Deo
2528 1264 2845 1334 accepimus
2874 1270 3228 1334 potestatem,
3250 1270 3314 1318 ut
3331 1281 3511 1335 neque

1914 1367 1950 1404 a
1976 1368 2036 1404 se
2060 1367 2243 1421 neque
2276 1369 2309 1405 a
2339 1352 2590 1422 quolibet
2610 1352 2834 1407 irritum
2859 1353 2977 1407 ﬁeri
3004 1353 3338 1423 permittant
3357 1354 3510 1409 istud

1915 1456 2056 1511 opus
2085 1440 2500 1507 misericordia,
2526 1442 2671 1512 quod
2700 1442 2908 1513 scripto
2937 1442 3200 1513 prasenti
3229 1448 3287 1496 et
3326 1448 3514 1497 aucto-

1913 1529 2080 1583 ritate
2098 1535 2303 1584 nostra
2335 1547 2554 1597 manus,
2570 1530 3006 1602 nominibusque
3026 1537 3351 1586 nostrorum
3381 1531 3515 1585 ﬁde-

1910 1617 2047 1671 lium
2077 1620 2493 1674 conﬁrmamus.

233 1710 387 1764 tibus
407 1710 524 1764 Deo
553 1707 691 1762 inibi
730 1708 891 1761 fratri
920 1706 1280 1772 contulimus,
1314 1705 1597 1776 deputatis
1635 1706 1827 1760 decem
1846 1727 1894 1788 Β
1980 1707 2096 1778 Ego
2127 1708 2504 1763 Herimannus
2526 1708 2792 1763 Metensis
2820 1708 3077 1764 Ecclesia
3098 1709 3303 1779 prasul
3324 1708 3513 1780 signa-

222 1798 417 1853 solidis
443 1798 597 1851 inter
623 1795 1023 1868 primicerium,
1038 1794 1452 1849 thesaurarium
1476 1800 1644 1865 atque
1666 1811 1829 1849 cano-

224 1889 383 1943 nicos
413 1886 595 1941 sancti
624 1885 895 1956 Stephani
939 1888 998 1938 et
1024 1884 1354 1938 advocatum
1384 1883 1641 1949 civitatis,
1697 1900 1831 1955 quo-

222 1994 347 2032 rum
382 1976 611 2047 quidem
638 1975 887 2046 quinque
916 1973 1124 2027 dantur
1152 1989 1254 2043 pro
1285 1972 1643 2027 restitutione
1670 1989 1833 2027 num-

222 2082 446 2121 morum
477 2064 574 2136 qui
602 2063 712 2118 sibi
756 2063 1125 2117 conferuntur
1170 2061 1242 2115 de
1292 2061 1525 2131 privatis
1566 2062 1829 2116 mercatis

224 2162 347 2210 octo
379 2155 621 2208 dierum.
667 2151 780 2207 Alii
826 2150 1174 2205 nilhominus
1222 2149 1432 2205 dantur
1464 2149 1733 2221 quinque,
1765 2155 1831 2205 ut

223 2247 634 2313 nosexacuant
658 2240 718 2295 in
746 2257 806 2295 se
839 2240 1066 2295 dentem
1114 2238 1337 2293 invidia
1380 2238 1439 2292 in
1493 2238 1655 2293 bonis
1697 2255 1830 2311 pro-

228 2332 488 2388 ventibus
516 2332 779 2396 fratrum,
810 2329 909 2384 sed
936 2328 1225 2400 gaudeant
1259 2344 1389 2382 cum
1428 2327 1824 2398 gaudentibus,

223 2428 284 2477 ut
327 2424 434 2476 ﬁat
478 2420 631 2492 quod
675 2419 949 2490 scriptum
981 2424 1070 2472 est
1100 2435 1113 2470 :
1148 2418 1299 2485 Quod
1326 2419 1495 2470 vultis
1524 2422 1586 2470 ut
1614 2418 1827 2484 faciant

222 2514 372 2565 vobis
394 2512 644 2564 homines
659 2513 710 2562 et
735 2525 825 2562 vos
853 2509 1041 2561 eadem
1061 2508 1226 2574 facite
1254 2507 1390 2559 illis.
1413 2505 1693 2560 Praterea
1706 2507 1826 2576 jam

222 2600 405 2654 dictus
445 2599 747 2653 advocatus
777 2612 1028 2650 seorsum
1066 2595 1201 2649 item
1232 2593 1444 2665 accepit
1470 2594 1661 2649 decem
1692 2595 1827 2649 soli-

222 2689 320 2743 dos
367 2694 426 2743 et
468 2694 589 2742 tres
619 2685 816 2740 decani
845 2690 1015 2755 atque
1071 2682 1318 2737 scabinio
1361 2690 1552 2737 ternos
1596 2683 1820 2751 solidos,

228 2776 439 2848 singuli
465 2776 528 2829 in
555 2773 871 2828 mercedem
901 2772 989 2826 sui
1019 2771 1208 2838 ofﬁcii,
1227 2776 1505 2842 quatenus
1531 2787 1715 2842 neque
1742 2771 1827 2826 in-

218 2865 352 2921 ferri
383 2881 419 2919 a
448 2863 723 2935 quolibet,
763 2877 947 2932 neque
976 2860 1166 2914 sinant
1192 2859 1530 2929 injustitiam
1561 2860 1646 2913 vel
1675 2860 1828 2931 inju-

220 2955 361 3009 riam
392 2953 517 3025 pati
546 2949 868 3024 quemlibet.
906 2950 1079 3004 Extra
1110 2949 1214 3003 hos
1244 2948 1486 3019 denique
1515 2947 1747 3018 triginta
1772 2952 1830 3003 et

218 3044 357 3099 duos
395 3042 629 3103 solidos,
663 3039 833 3094 nullis
860 3037 935 3092 sit
986 3037 1234 3103 omnino,
1288 3037 1374 3091 vel
1414 3036 1691 3107 exigendi,
1739 3038 1826 3092 vel

215 3132 502 3189 retinendi
528 3130 725 3201 iniqua
741 3127 1122 3200 prasumptio.
1148 3126 1209 3181 Si
1237 3142 1350 3197 qua
1366 3142 1499 3180 vero
1525 3125 1822 3196 injustitia,

1911 1813 1984 1850 νι.

1984 1885 2216 1956 Signum
2237 1886 2542 1958 primicerii
2565 1886 2955 1942 Adalberonis.

1984 1975 2041 2032 S.
2073 1974 2317 2030 Ricberii
2346 1976 2755 2034 archidiaconi.

1983 2064 2041 2119 8.
2074 2063 2344 2119 Gernoldi
2373 2065 2773 2120 archidiaconi.

1983 2152 2038 2207 S.
2070 2152 2317 2207 Udelrici
2346 2153 2745 2209 archidiaconi.

1981 2240 2039 2296 8.
2067 2241 2299 2295 Joannis
2327 2241 2568 2301 jErarii.

1983 2329 2042 2386 S.
2074 2330 2307 2385 Comitis
2336 2331 2605 2390 Folmari.

1981 2418 2037 2473 S.
2071 2419 2355 2473 Cuonradi
2383 2420 2625 2474 comitis.

1981 2508 2038 2561 S.
2072 2506 2408 2563 Herimanni
2437 2508 2660 2563 comitis
2672 2552 2686 2566 .

1977 2596 2034 2651 S.
2067 2597 2281 2651 Udonis
2308 2597 2552 2652 comitis.

1984 2685 2041 2742 S.
2076 2684 2353 2739 Rothfridi
2385 2685 2454 2739 de
2486 2684 2760 2739 Prisneio.

1978 2774 2033 2828 8.
2066 2774 2349 2828 Cuononis
2377 2774 2447 2828 de
2474 2773 2736 2828 Tincber.

1980 2863 2037 2917 8.
2072 2862 2385 2917 Burchardi
2417 2862 2690 2916 advocati.

1981 2951 2038 3005 S.
2069 2949 2299 3005 Joannis
2328 2950 2497 3022 primi
2523 2948 2820 3004 scabionis.

1988 3040 2046 3095 8.
2077 3039 2324 3095 Alterici.

1987 3129 2046 3184 8.
2074 3127 2292 3183 abbatis
2316 3126 2589 3184 Walonis.

960 3446 1143 3539 DE
1199 3443 1875 3541 TRANSITU
1930 3441 2742 3545 HERIMANNI.

1070 3728 1087 3743 ,
1178 3662 1373 3743 (HUGo
1406 3658 1776 3733 Flaviniac.,
1812 3657 2092 3719 Chronic.
2126 3656 2206 3717 ad
2238 3673 2345 3717 an.
2374 3654 2581 3736 1090.)

281 3954 792 4027 Appropinquante
815 3971 945 4010 vero
969 3953 1059 4009 die
1089 3953 1463 4009 determinato
1494 3952 1565 4007 ad
1589 3953 1828 4007 transfe-

1906 3966 2055 4016 rum,
2088 3955 2154 4005 ut
2172 3948 2293 4005 sine
2322 3949 2471 4015 dolo,
2514 3949 2635 4003 sine
2662 3948 3042 4013 simulatione,
3072 3951 3384 4004 tractarent
3412 3968 3508 4005 ne-

210 4043 430 4097 rendas
479 4042 828 4098 venerabiles
868 4043 1136 4115 reliquias
1177 4043 1260 4111 (S.
1301 4042 1634 4109 Clementis),
1676 4042 1827 4096 vires
1905 4038 2123 4110 gotium
2153 4037 2412 4092 Ecclesia
2432 4037 2489 4091 in
2516 4035 2758 4108 simplici
2780 4041 2839 4091 et
2865 4036 3018 4089 nuda
3039 4035 3290 4102 veritate,
3315 4043 3371 4092 et
3391 4054 3509 4093 om-

218 4139 428 4187 tenues
456 4132 701 4187 Domino
727 4138 1013 4187 annuente
1041 4132 1674 4203 recepit(ﬂerimann.),
1693 4136 1752 4185 et
1766 4131 1829 4185 in

1908 4127 2073 4182 nibus
2104 4128 2367 4182 ultimum
2397 4127 2520 4180 vale
2560 4126 2717 4191 dixit,
2757 4141 2885 4179 cum
2924 4123 3170 4179 mirabili
3206 4124 3506 4182 verborum

216 4219 617 4290 transferendo
644 4220 810 4275 beato
838 4221 1126 4275 Clemente
1155 4220 1288 4277 Kal.
1314 4219 1584 4274 Maiicum
1605 4234 1826 4273 summa
1846 4269 1888 4290 η
1909 4223 1967 4271 et
1986 4216 2175 4271 vultus
2203 4216 2516 4270 affectione.
2550 4214 2652 4269 Die
2679 4212 2849 4268 tertio
2890 4213 3038 4267 circa
3057 4213 3259 4267 horam
3298 4229 3506 4270 nonam

211 4309 354 4364 cieri
385 4309 677 4381 plebisque
730 4309 1027 4364 devotione
1056 4308 1245 4363 divina
1270 4309 1455 4381 gratia
1482 4307 1825 4363 desiderium

1842 4269 1891 4331 D

1906 4305 2228 4377 intelligens
2278 4321 2442 4359 suum
2489 4302 2794 4358 transitum
2838 4302 3154 4369 imminere,
3213 4304 3507 4358 convocari

212 4398 341 4469 ejus
356 4398 827 4470 implevinettota
843 4397 1577 4469 nrbe,imototaregionead
1594 4396 1825 4451 verbum
1906 4396 2108 4450 fratres
2124 4395 2313 4466 jussit,
2349 4399 2409 4449 et
2444 4394 2587 4448 ﬁlios
2625 4397 2876 4447 astantes
2916 4408 2989 4446 ne
3008 4392 3264 4446 dolerent
3292 4409 3421 4448 voce
3451 4399 3508 4449 et

210 4488 641 4558 praedicationis
652 4488 701 4557 ej
709 4505 774 4542 us
785 4493 1023 4551 astante,
1032 4494 1090 4542 et
1099 4488 1168 4542 de
1185 4505 1281 4542 ore
1297 4489 1420 4559 ejus
1432 4504 1558 4541 rore
1568 4502 1825 4558 superna

210 4576 539 4631 dulcedinis
558 4576 1154 4644 distillante,omnibus
1172 4576 1464 4643 absolutis,
1492 4581 1550 4631 et
1566 4577 1636 4630 ab
1647 4575 1825 4630 omni-

207 4665 325 4719 bus
358 4665 523 4736 quasi
551 4664 623 4718 ab
650 4665 771 4737 ipso
800 4667 916 4720 Deo
938 4665 1285 4720 absolutione
1306 4666 1500 4737 petita,
1523 4665 1752 4720 tandem
1768 4665 1828 4719 in

207 4753 455 4809 auribus
482 4754 738 4809 omnium
767 4754 1123 4821 desideravit,
1158 4754 1385 4809 dicens:
1420 4756 1639 4822 Sufﬁcit
1660 4755 1821 4815 mihi,

206 4862 241 4897 o
296 4847 531 4898 utinam
574 4846 832 4912 respiciat
860 4846 1019 4906 Deus,
1054 4848 1103 4897 et
1132 4847 1295 4911 finiat
1346 4845 1552 4898 labores
1582 4860 1744 4905 meos,
1777 4848 1827 4897 et

205 4934 491 5000 suscipiat
522 4935 584 4985 in
608 4948 740 4999 pace
769 4935 1034 5001 spiritum
1056 4949 1241 4985 meum
1265 4948 1367 5001 per
1386 4936 1828 4987 intercessionem

202 5023 405 5074 sancti
431 5020 745 5083 Clementis,
779 5023 939 5089 cujus
970 5024 1420 5075 sacratissimum
1449 5037 1644 5090 corpus
1672 5022 1828 5075 hodie

1907 4501 2079 4539 manu
2109 4483 2469 4556 compescuit.
2489 4485 2538 4537 Α
2559 4481 2761 4553 quibus
2788 4498 2917 4537 cum
2943 4481 3390 4552 interrogaretur
3416 4483 3508 4539 cui

1909 4589 2004 4628 eos
2051 4573 2334 4627 desolatas
2389 4570 2753 4642 relinqueret,
2810 4569 2944 4641 quid
2990 4569 3071 4624 eis
3116 4569 3445 4641 praciperet
3492 4588 3506 4627 :

1910 4662 2236 4717 Commendo
2282 4677 2389 4720 vos,
2426 4660 2527 4724 ait,
2578 4661 2712 4723 Deo;
2745 4663 2880 4713 state
2912 4662 2972 4712 in
3002 4660 3106 4727 ﬁde
3155 4664 3206 4712 et
3252 4662 3509 4715 doctrina

1911 4752 2053 4804 beati
2092 4751 2260 4814 Petri,
2308 4751 2450 4803 sicut
2478 4764 2514 4801 a
2541 4748 2936 4802 successoribus
2979 4751 3097 4815 ejus
3134 4752 3185 4801 et
3213 4749 3430 4803 vidistis
3458 4754 3509 4804 et

1910 4840 2169 4892 audistis.
2229 4837 2297 4891 Et
2351 4842 2481 4907 post
2529 4837 2647 4892 hac
2698 4853 2894 4890 omnes
2942 4835 3295 4903 benedicens,
3347 4837 3508 4909 signo

1910 4927 2090 4982 crucis
2139 4942 2200 4981 se
2248 4926 2507 4991 munivit,
2556 4932 2615 4979 et
2663 4925 2923 4979 invocata
2965 4931 3161 4980 sancta
3207 4925 3506 4992 Trinitate,

1911 5022 2123 5071 sancta
2152 5015 2343 5070 Maria
2371 5032 2431 5069 se
2462 5015 2884 5081 commendans,
2918 5030 3219 5069 commune
3264 5014 3508 5085 patroci-

202 5112 424 5169 viderc,
453 5110 687 5177 palpare
708 5114 759 5163 et
779 5112 1085 5176 transferre
1111 5113 1404 5179 "mgni/iw
1426 5127 1655 5165 munere
1678 5111 1829 5165 nobis
1911 5106 2071 5160 nium
2100 5110 2423 5159 sanctorum
2456 5104 2785 5175 implorans,
2818 5103 2994 5159 oculis
3043 5109 3101 5158 et
3152 5102 3410 5170 manibus
3452 5102 3511 5156 in

204 5198 705 5252 decalodonatum
726 5203 803 5251 est
821 5202 839 5250 !
858 5196 973 5252 Sub
991 5198 1097 5252 hac
1116 5214 1248 5252 voce
1270 5198 1508 5269 populus
1529 5198 1827 5269 ingemuit,
1913 5195 2114 5248 calum
2136 5193 2384 5259 elevatis,
2408 5192 2530 5247 sine
2550 5192 2665 5246 ullo
2687 5192 2928 5263 strepitu
2950 5191 3098 5245 vocis
3127 5196 3184 5244 et
3210 5195 3365 5244 motu
3393 5207 3513 5245 cor-

204 5298 271 5339 et
304 5282 490 5334 fracto
533 5280 815 5351 ﬁnemque
863 5280 1117 5335 laborum
1148 5282 1474 5353 imploranti
1520 5283 1828 5339 condoluit.
1913 5284 2085 5355 poris,
2120 5282 2281 5354 quasi
2311 5281 2689 5346 obdormiens,
2723 5280 2983 5350 spiritum
3013 5278 3218 5334 emisit.
3244 5280 3513 5349 Sequenti

203 5367 457 5422 Duobus
477 5367 676 5422 diebus
695 5368 1169 5424 intercedentibus
1191 5371 1361 5442 quasi
1384 5372 1649 5443 prasagis
1668 5372 1833 5427 vicini
1915 5379 2077 5427 nocte
2097 5372 2359 5443 apparuit
2384 5371 2606 5426 cuidam
2647 5369 2847 5423 dilecto
2868 5385 2987 5433 suo,
3031 5382 3199 5438 quem
3245 5367 3305 5420 in
3332 5368 3513 5423 ﬁlium

231 5456 522 5517 ransitus.
570 5456 828 5512 ﬁdelibus
885 5458 1143 5514 Ecclesia
1191 5459 1311 5514 ﬁeri
1343 5461 1606 5532 epistolas
1641 5462 1831 5533 jussit,
1917 5462 2303 5534 adoptaverat,
2327 5460 2425 5532 qui
2459 5476 2583 5514 cum
2609 5457 2809 5529 psalmi
2829 5461 3193 5511 cantarentur
3206 5472 3320 5527 pra
3341 5456 3516 5513 tristi-

210 5561 404 5601 orans
439 5551 500 5600 et
526 5544 798 5616 adjurans
832 5563 935 5619 per
969 5547 1249 5604 viventem
1276 5547 1336 5604 in
1373 5549 1581 5606 sacula
1606 5550 1833 5607 saculo-
1916 5550 2002 5607 tia
2027 5549 2432 5619 obdormierat,
2469 5546 2549 5603 ait
2593 5546 2678 5602 illi
2709 5562 2724 5599 :
2756 5546 2885 5602 Noli
2922 5549 3140 5602 17mins
3180 5561 3290 5600 esse
3330 5548 3519 5605 salvus
