3886 6172
441 269 577 330 uel
1494 263 1846 321 GUIDONIS
1879 263 2186 320 ABBATIS
2218 262 2646 321 FARFENSIS.
3503 270 3612 331 im

436 395 563 464 Quo
591 395 771 452 crucis
797 393 1113 449 almiﬂuum
1142 390 1354 447 meruit
1379 405 1713 461 cognoscere
1739 389 1982 461 signum,
2040 389 2100 451 Α
2117 389 2253 454 Quae
2279 389 2499 461 fulgore
2523 388 2614 445 sui
2639 387 2944 462 superabat
2962 387 3176 443 lumina
3198 389 3391 445 Phoebi.

436 487 501 541 In
530 502 642 557 quo
671 484 940 556 percepit,
975 499 1077 536 cur
1104 481 1185 535 sic
1210 478 1477 534 animalia
1505 481 1631 541 ﬁxa,
2118 477 2164 531 Ο
2195 477 2420 531 Domini
2444 477 2639 549 pietas,
2673 476 2897 531 Domini
2926 476 3180 532 miranda
3206 480 3452 549 potestas!

439 576 667 637 Sistant,
698 573 900 644 quidve
930 572 1090 632 ferat,
1124 570 1210 624 vel
1231 569 1361 624 talis
1388 568 1516 622 ﬁxio
1539 572 1749 639 poscat.
2117 564 2296 629 Quam
2324 565 2465 620 bene
2484 566 2769 628 sublimat,
2804 567 2889 620 vel
2922 583 3044 637 quae
3072 566 3319 637 disponit,
3346 567 3553 639 opimat!

436 664 592 718 Tunc
621 661 1095 732 circumspiciens,
1121 665 1178 712 et
1205 658 1449 730 plurima
1478 663 1665 710 mente
1690 656 1995 721 revolvens,
2116 655 2373 725 Namque
2404 655 2559 709 locus
2587 654 2804 725 pridem
2836 671 2946 708 non
2976 655 3179 719 cultus,
3200 655 3378 710 visitur
3402 657 3542 717 idem,

432 751 680 805 Advocat
710 750 1014 821 agricolam
1047 748 1171 809 sibi,
1190 763 1354 818 quem
1379 762 1551 818 prope
1571 745 1752 799 cernit
1777 751 2032 799 arantem
2114 745 2299 814 Atque
2326 744 2735 815 frequentatur,
2769 744 2990 806 colitur,
3021 742 3360 815 Dominoque
3383 751 3609 810 sacratur,

435 838 517 894 De
547 840 707 910 cujus
740 838 989 900 stimulo,
1023 837 1184 908 signo
1216 835 1397 889 crucis
1428 834 1691 904 etﬁgiato,
2122 832 2188 887 In
2218 850 2329 903 quo
2350 833 2587 904 leprosis
2616 833 2849 898 curatio,
2881 834 3071 887 lumen
3101 840 3158 887 et
3184 832 3343 905 orbis,

434 928 709 999 Reliquiis
730 927 929 998 positis
953 926 1135 981 inﬁxit
1164 925 1361 990 humo,
1393 929 1563 994 atque
1592 921 1845 976 recessit.
2122 921 2318 975 Surdis
2342 937 2406 976 ac
2434 922 2607 976 mutis
2634 927 2972 993 reparantur
2999 922 3148 976 dona
3174 921 3376 977 salutis.

434 1017 510 1070 At
540 1032 700 1071 sacer
726 1017 822 1070 ille
852 1016 1024 1077 locus,
1059 1014 1310 1069 Audoeni
1339 1013 1490 1067 Crux
1515 1010 1811 1073 vocitatur,
2116 1010 2272 1063 Tunc
2290 1009 2366 1063 ibi
2388 1011 2644 1065 salviﬁcae
2672 1011 2873 1073 crucis,
2908 1017 3078 1082 atque
3106 1010 3205 1065 Dei
3234 1009 3329 1064 sub
3359 1012 3554 1075 honore,

440 1103 507 1160 In
547 1122 657 1176 quo
688 1105 968 1159 mirantur
989 1102 1245 1163 virtutes,
1282 1109 1450 1171 atque
1482 1104 1798 1171 patrantur,
2116 1099 2185 1153 Et
2222 1100 2399 1169 patris
2422 1100 2699 1163 Audoeni,
2731 1101 2858 1154 vitae
2888 1099 3105 1153 meritis
3136 1099 3423 1166 reverendi,

434 1194 720 1266 Praecipue
748 1194 993 1265 primum
1025 1209 1134 1263 quo
1166 1190 1401 1261 contigit
1427 1206 1548 1243 esse
1568 1194 1871 1243 sacratum.
2116 1187 2411 1242 Fundatur
2436 1189 2712 1260 templum
2734 1188 3021 1243 Leutfredi
3044 1187 3210 1242 rebus
3235 1188 3505 1244 adauctum
3533 1208 3544 1243 :

434 1284 561 1339 Non
581 1288 876 1354 postquam
893 1281 1135 1352 geminis
1162 1280 1437 1333 mundum
1464 1295 1572 1331 nox
1600 1276 1767 1331 vestit
1795 1276 1919 1339 alis,
2112 1278 2175 1331 In
2197 1294 2307 1348 quo
2338 1284 2661 1332 sanctorum
2692 1277 3013 1349 disponitur
3032 1277 3168 1331 ordo
3194 1276 3442 1345 virorum,

436 1372 599 1428 Multi
626 1370 1067 1426 ﬂammivoniam
1096 1369 1282 1424 subito
1311 1368 1498 1422 videre
1528 1366 1846 1421 columnam
1872 1384 1884 1433 ;
2113 1364 2183 1419 Et
2206 1365 2347 1436 Regi
2376 1382 2573 1437 regum
2603 1365 2951 1421 famulantur
2974 1382 3125 1421 nunc
3153 1372 3210 1420 et
3234 1365 3291 1420 in
3316 1382 3493 1422 savum.

1769 1641 1934 1686 ANNO
1977 1640 2194 1688 DOIINI
2239 1642 2361 1687 MXC
2372 1671 2387 1687 .

703 1813 1337 2011 GUIDO
1470 1810 3438 2109 ABWARFENSIS.

1371 2152 1921 2324 Nomm
1997 2209 2767 2322 HISTOBICA.

1092 2420 1367 2500 (FABRIC.
1398 2418 1774 2482 Bibliotheca
1798 2418 2005 2482 media:
2031 2427 2089 2481 et
2117 2418 2337 2502 inﬁmae
2367 2417 2707 2497 latinitatis,
2739 2420 2847 2498 III,
2882 2416 3050 2500 130.)

514 2713 679 2769 Circa
697 2729 908 2768 annum
944 2710 1080 2769 1093
1107 2711 1242 2785 vixit
1267 2712 1457 2785 Guido
1479 2713 1789 2785 monachus
1816 2718 1987 2784 atque
2026 2713 2159 2785 inde
2206 2710 3217 2785 post,rHugonemuabbasAFarfensis
3260 2708 3484 2766 cmuobii

443 2784 697 2856 Virginis
726 2784 785 2839 in
814 2800 950 2855 agro
979 2784 1255 2838 Acutiano
1286 2784 1343 2838 in
1373 2784 1615 2849 Sabinis,
1643 2784 1699 2838 in
1715 2781 1922 2839 ducatu
1950 2781 2239 2855 Spoletino
2260 2781 2814 2850 ordinis'Benedicti,
2833 2782 2924 2837 cui
2950 2782 3079 2837 libri
3095 2783 3212 2839 duo
3238 2786 3311 2838 De
3333 2799 3433 2837 usu
3451 2787 3494 2856 et
3513 2781 3670 2856 ordine

439 2859 514 2910 ad
533 2850 1174 2910 o'rnandam'Ecclesiam
1203 2856 1550 2919 catholicam,
1586 2872 1679 2909 nec
1700 2872 1811 2909 non
1841 2858 1914 2908 ad
1942 2850 2375 2909 conservandam
2393 2857 2671 2922 regularis
2690 2857 2937 2908 tramitis
2968 2870 3232 2908 normam
3253 2857 3317 2908 in
3341 2854 3553 2908 coenobio
3565 2850 3671 2922 Far-

440 2929 584 2994 fensi
612 2944 677 2980 ex
706 2925 924 2980 duobus
954 2942 1086 2979 mss.
1117 2926 1387 2981 Vaticano
1417 2932 1474 2980 et
1503 2926 1830 2980 monasterii
1862 2928 1919 2981 S.
1954 2927 2115 2980 Pauli
2138 2926 2348 2993 Romae,
2377 2921 2514 2980 editi
2542 2932 2677 2979 sunt
2696 2925 2755 2978 in
2787 2925 3219 2980 Benedictorum
3243 2921 3672 2994 econgregatione

443 2999 501 3053 S.
533 2997 709 3053 Blasii
739 2997 799 3052 in
829 2997 1210 3069 Sylva-Nigra,
1246 2997 1515 3069 praeclara
1531 2998 1756 3069 Sylloge
1784 3003 2037 3052 veterum
2066 3003 2568 3052 monumentorum
2597 2996 2689 3051 cui
2712 2996 2919 3051 titulus
2951 3013 2962 3049 :
3012 2998 3164 3052 Vetus
3192 2998 3479 3064 disciplina
3503 3007 3673 3047 mona-

440 3072 595 3123 stica.
630 3069 790 3124 Paris
830 3067 987 3135 1726,
1018 3067 1098 3136 4ο,
1129 3067 1265 3140 Ραεξ
1293 3067 1520 3126 37-132.

1603 3352 2553 3521 GUIDONIS

630 3605 2041 3779 DISCIPLINA
2151 3604 3525 3779 FABFENSIS

1201 4036 1913 4132 MONASTEBII
1991 4038 2079 4132 S.
2153 4038 2502 4134 PAULI
2577 4036 2964 4132 ROMz’E.

1742 4301 2415 4403 MONITUM.

511 4485 776 4560 Farfense
804 4485 1575 4560 monasteriumuinSabinis
1610 4487 1668 4560 in
1699 4488 1908 4543 ducatu
1949 4489 2273 4560 Spoletano,
2306 4506 2341 4544 a
2384 4494 2575 4544 monte
2603 4487 2944 4560 Acutianum
2975 4486 3211 4560 dictum,
3248 4493 3451 4559 agente
3472 4486 3686 4560 Hugone

440 4554 643 4642 abbate
661 4557 766 4642 sub
795 4558 966 4642 finem
995 4574 1031 4611 x
1062 4557 1251 4642 saeculi
1281 4554 2193 4642 Clunilacensinunmconsuetudines
2223 4561 2453 4642 recepit.
2484 4561 2656 4642 cujus
2684 4559 2768 4614 rei
3399 4554 3683 4642 habeas}!!-

441 4628 652 4701 nalium
686 4628 893 4701 Bened,
920 4633 1056 4682 tom.
1085 4629 1181 4701 IY,
1206 4646 1333 4700 pag.
1366 4628 1559 4701 1‘20et
1586 4629 1710 4687 206.
1739 4632 1831 4686 Hae
1860 4648 1990 4685 vero
2012 4626 2465 4699 consuetudines,
2499 4626 2605 4686 etsi
2628 4647 2755 4685 cum
2786 4632 2952 4686 editis
2980 4626 3229 4686 Udalrici
3248 4631 3410 4685 libris
3433 4627 3572 4701 apud
3598 4626 3687 4679 Da-

439 4698 692 4773 cherium
732 4698 936 4773 Spicil:
954 4705 1091 4773 tom.
1123 4698 1151 4753 Ι
1179 4698 1334 4755 novae
1364 4700 1625 4773 editionis
1646 4702 1701 4755 in
1733 4703 2020 4773 nonnullis
2049 4704 2421 4768 consentiant,
2455 4704 2636 4757 multa
2662 4707 2853 4757 tamen
2891 4703 3185 4757 continent
3212 4719 3339 4773 quae
3383 4698 3523 4772 apud
3554 4711 3688 4773 eum-

438 4769 566 4845 dem
594 4765 1403 4845 auctorem‘desiderantur,‘et
1430 4772 1702 4845 singulari
1742 4772 2129 4828 observatione
2157 4774 2328 4845 digna
2355 4765 2504 4828 sunt.
2538 4776 2603 4829 In
2632 4773 2806 4845 priori
2834 4773 2977 4828 libro
3006 4773 3196 4827 divina
3225 4765 3556 4845 ordinantur
3578 4765 3686 4845 om:

440 4841 529 4897 cia
556 4859 568 4894 :
601 4841 661 4916 in
689 4841 983 4916 posteriori
1012 4842 1287 4916 regularis
1299 4836 1610 4916 disciplina
1624 4844 1960 4916 explicatur.
1996 4846 2061 4899 In
2110 4844 2181 4899 iis
2214 4836 2548 4901 Concordiae
2576 4836 2901 4916 regularum
2950 4851 3008 4899 et
3036 4844 3371 4916 traditionis,
3402 4836 3687 4916 l-lildemari

437 4912 651 4993 mentio
671 4909 766 4993 fit:
781 4909 1757 4993 Propterea:quod_Cluniacensium_
1767 4932 1903 4993 usus
1926 4932 1994 4993 ex
2014 4916 2287 4987 Capitulis
2314 4916 2495 4993 sancti
2521 4909 3193 4993 BenédictiAnianensis,
3217 4916 3318 4986 qui
3343 4909 3684 4993 Concordiam

436 4983 596 5037 illam
621 4982 816 5058 edidit,
837 4982 1306 5058 desumpti’sunt.
1338 4984 1690 5058 Describitur
1716 4986 1996 5058 Farfensis
2032 4982 2360 5058 monasterii
2388 4994 2692 5045 structura.
2733 4987 2925 5058 agitur
2952 4987 3021 5042 de
3042 4982 3325 5058 mensura
3356 4984 3689 5058 vestimento-

439 5070 587 5130 rum.
614 5053 960 5130 professione
983 5050 1307 5120 monastica,
1341 5055 1559 5130 abbatis
1576 5056 1983 5130 benedictione,
2015 5057 2298 5130 oblatione
2327 5050 2849 5130 puerorum,ratque
2879 5058 2949 5113 de
2979 5057 3105 5130 aliis
3132 5057 3305 5130 reb_us
3335 5050 3687 5130 scitu-dignis:-

438 5122 864 5179 simistaedem
897 5140 1062 5195 porro
1090 5127 1521 5181 consuetudines
1550 5127 1620 5181 ab
1641 5128 1835 5183 Odone
1865 5122 2218 5183 Cluniacensi
2258 5122 2347 5184 in-
2371 5122 2777 5185 monasterium
2814 5129 3003 5184 Sancti
3034 5128 3196 5182 Pauli
3216 5128 3411 5182 Romae
3435 5125 3610 5195 illatae,
3638 5126 3688 5174 et

436 5202 565 5269 post
592 5193 912 5269 eumpjussu:
930 5196 1154 5269 Agapiti
1183 5198 1644 5269 PP.amonachis
1675 5199 2069 5255 Gorziensibus
2090 5199 2296 5255 ibidem
2324 5202 2559 5256 ﬁrmatae
2578 5202 2828 5255 fuerunt.
2853 5202 3231 5255 Asservantur
3256 5193 3687 5269 hodiequedicta:

435 5267 867 5323 consuetudines
895 5267 954 5321 in
983 5268 1156 5321 veteri
1174 5267 1361 5323 codice
1380 5269 1708 5324 monasterii
1736 5272 1925 5325 Sancti
1954 5270 2113 5325 Pauli
2143 5271 2199 5325 in
2232 5272 2400 5332 Urbe.
2431 5279 2490 5327 et
2516 5272 2577 5326 in
2596 5272 2708 5326 alio
2737 5289 2843 5326 ms.
2868 5272 3058 5326 codice
3089 5271 3222 5324 olim
3253 5267 3526 5331 Farfensi,
3552 5278 3684 5318 nunc

435 5339 727 5403 Vaticano,
761 5338 866 5393 sub
893 5339 997 5393 hoc
1009 5339 1176 5393 titulo
1198 5358 1210 5393 :
1234 5341 1435 5408 Incipit
1461 5344 1730 5409 perfectus
1754 5359 1888 5395 usus
1925 5347 2036 5396 sive
2059 5344 2196 5397 ordo
2222 5345 2299 5398 ad
2327 5346 2644 5398 ornandam
2681 5344 2978 5398 Ecclesiam
3007 5343 3355 5404 catholicam.
3374 5355 3470 5394 nec
3494 5352 3598 5392 non
3619 5332 3683 5387 ad

436 5411 868 5482 conservandam
897 5413 1175 5482 regularis
1204 5414 1450 5464 tramitis
1483 5428 1743 5466 normam
1774 5415 1835 5466 in
1856 5414 2089 5468 canobio
2121 5414 2279 5467 beatae
2306 5416 2500 5468 Maria:
2526 5430 2736 5482 semper
2761 5417 2998 5482 virginis
3017 5417 3081 5467 in
3099 5429 3233 5481 agro
3261 5414 3535 5482 Acutiano
3557 5421 3684 5482 911m-

430 5487 581 5555 ptus,
616 5482 717 5555 Ex_
722 5480 927 5555 quibus
946 5480 1165 5555 duobus
1190 5498 1328 5555 mss.
1360 5483 1522 5536 Joan.
1546 5482 1832 5555 Mabillon,
1864 5484 2179 5555 exemplum
2202 5484 2440 5539 describi
2467 5476 2700 5544 curavit.
2726 5476 2874 5555 quod
2906 5484 2992 5539 vir
3004 5476 3448 5555 humanissimus
3474 5480 3538 5534 D.
3561 5476 3681 5555 Yin-

436 5546 656 5609 centius
674 5546 1038 5609 Tliuillierius
1058 5568 1126 5607 ex
1150 5553 1403 5623 ejusdem
1420 5569 1630 5611 musaeo
1658 5554 1798 5610 mihi
1821 5546 2121 5611 concessit.
2142 5554 2422 5613 Caeterum
2444 5561 2551 5612 etsi
2570 5546 3005 5613 consuetudines
3028 5556 3150 5611 istae
3170 5570 3206 5609 a
3232 5546 3680 5611 Cluniacensibus
