3950 6168
229 259 372 316 H93

1427 261 1843 319 DISCIPLINA
1881 247 2301 323 FARFENSIS.

3361 271 3501 332 1194

227 388 468 461 sumptae
494 382 816 461 sipt,_prius
839 388 1032 439 tamen
1061 385 1370 461 quamilla:
1395 386 1721 461 conscriptae
1746 388 1974 461 fuerint,
2006 404 2134 444 cum
2163 389 2503 461 posteriores
2531 389 2652 445 istae
2698 406 2812 446 non
2849 389 2958 446 nisi
2987 392 3190 449 saeculo
3219 407 3280 449 χι
3307 410 3343 450 a
3370 395 3505 452 Ber-

227 455 408 510 nardo
434 462 489 510 et
514 455 768 529 Ucalrico
798 463 1038 510 exaratae
1066 455 1197 523 sint,
1221 457 1290 512 de
1321 458 1523 529 quibus
1553 455 1720 528 paulo
1750 459 1984 515 inferius
2012 455 2281 514 dicemus.
2323 460 2446 525 Qua
2487 478 2618 515 vero
2659 462 2877 517 ratione
2915 463 3056 518 ritus
3085 481 3116 519 e
3145 465 3503 524 Cluniacensi

227 527 591 611 monasteriq,
623 533 681 582 et
707 542 808 598 per
836 543 975 611 quos
1004 529 1216 611 accepti
1238 527 1378 611 sint,
1400 527 1566 584 docet
1579 530 1864 602 prologus,
1907 531 2003 604 qui
2033 548 2068 586 a
2101 531 2358 587 Guidone
2380 533 2675 605 monacho,
2717 534 2916 589 eodem
2960 535 3104 591 forte
3143 537 3240 610 qui
3275 539 3502 611 Hugoni

228 597 423 653 abbati
446 599 623 655 Farfae
652 597 936 662 successit,
965 597 1204 672 scriptus
1232 600 1356 655 fuit.

810 854 813 857 ”
863 909 1826 1046 DISCIPLINA

1946 912 2874 1049 FARFENSIS

1031 1287 1738 1382 MONASTERII
1813 1289 1900 1384 S.
1980 1291 2321 1387 PAULI
2387 1291 2746 1388 ROMZE

725 1467 834 1532 Ea:
861 1487 968 1530 ms.
1015 1467 1320 1566 Vaticano,
1352 1489 1516 1532 num.
1551 1471 1734 1548 6808,
1767 1479 1826 1532 et
1854 1472 2050 1532 veteri
2067 1471 2265 1535 codice
2295 1473 2516 1536 Sancti
2535 1475 2729 1538 Pauli
2750 1476 2814 1538 in
2848 1475 3028 1539 Urbe.

1509 1774 2267 1889 PROLOGUS.

309 2006 453 2062 Cum
484 2023 587 2078 per
611 2007 932 2063 universam
960 2007 1181 2063 Italiam
1202 2007 1412 2064 Christi
1441 2012 1719 2080 praecepta
1745 2009 1902 2069 an-A
1919 2009 2224 2079 praeclarus
2253 2007 2480 2072 effulsit,
2526 2023 2629 2062 nec
2668 2023 2781 2062 non
2811 2012 2867 2062 et
2895 2007 2951 2062 in
2980 2007 3348 2064 aediﬁcatione
3375 2009 3519 2064 mul-

246 2097 598 2164 nularentur,
628 2102 686 2152 et
711 2097 863 2151 velut
891 2096 949 2151 in
980 2097 1215 2152 vastidio
1242 2103 1622 2163 versarentur,
1654 2096 1844 2151 diabo-
1922 2104 2111 2152 torum
2141 2097 2611 2152 monasteriorum
2636 2115 2647 2149 :
2673 2097 2842 2152 Pater
2863 2114 2994 2151 vero
3009 2098 3190 2168 Hugo,
3213 2096 3522 2169 sequipeda

245 2183 364 2238 licaa
413 2185 801 2256 suggestiones
845 2191 1137 2257 coeperunt
1183 2185 1557 2257 augmentari,
1591 2191 1648 2240 et
1675 2202 1843 2256 opere

246 2275 534 2346 compleri,
563 2275 645 2329 ita
663 2280 728 2329 ut
751 2275 992 2330 etiamin
1018 2276 1191 2330 sacris
1221 2275 1510 2330 constituti
1530 2274 1840 2342 ordinibus,

246 2363 391 2418 sicut
419 2380 541 2418 mos
586 2363 856 2419 laicorum
901 2370 1006 2431 est,
1038 2381 1239 2420 uxores
1269 2364 1605 2436 acciperent,
1639 2370 1696 2418 et
1724 2363 1845 2418 sine

246 2452 439 2523 aliqua
465 2453 796 2508 difﬁcultate
819 2453 1074 2508 haeresim
1091 2460 1416 2508 exercerent
1445 2453 1839 2508 Simoniacam.

249 2541 504 2597 Caelestis
535 2547 669 2596 tunc
697 2542 995 2598 clementia
1023 2543 1241 2598 favente
1261 2542 1449 2614 Regis,
1481 2541 1578 2612 qui
1601 2541 1846 2613 pretioso

247 2630 382 2685 olim
427 2631 700 2685 mundum
745 2648 846 2686 suo
888 2632 1128 2686 redemit
1174 2649 1387 2696 cruore,
1431 2631 1732 2686 suscitatus
1763 2636 1849 2684 est

248 2719 479 2792 quidam
521 2720 721 2775 decore
767 2720 1092 2792 splendidus
1121 2721 1467 2784 monachico,
1500 2720 1848 2774 Romualdus

245 2808 494 2874 nomine,
522 2809 619 2880 qui
650 2826 908 2864 normam
949 2809 1143 2880 priscae
1166 2809 1400 2880 justitiae
1433 2809 1490 2863 in
1524 2826 1659 2864 sexu
1689 2825 1849 2862 reno-

248 2897 399 2952 vavit
425 2905 666 2970 utroque
710 2905 768 2952 et
814 2899 1030 2953 ordine.
1073 2899 1248 2969 Cujus
1296 2899 1548 2970 exempla
1593 2897 1848 2952 imitatus

246 2986 583 3041 venerabilis
612 2988 774 3058 Hugo
800 2987 992 3053 abbas,
1015 2987 1302 3042 renovavit
1317 2987 1500 3059 prisca
1523 2992 1848 3041 sanctorum

247 3076 484 3131 Patrum
515 3076 815 3148 eximiique
841 3077 1125 3132 Benedicti
1170 3077 1466 3132 clarissimi
1496 3082 1550 3132 et
1583 3077 1853 3131 luculenti

249 3165 437 3220 Patris
468 3165 524 3220 in
548 3165 800 3220 ccenobio
830 3165 1006 3220 beatae
1036 3166 1225 3220 Mariae
1254 3183 1478 3236 semper
1517 3165 1766 3235 Virginis
1797 3165 1853 3220 in

249 3255 396 3323 loco,
427 3255 524 3326 qui
555 3254 760 3308 dicitur
795 3254 1122 3319 Acutianus,
1157 3254 1253 3309 ubi
1283 3255 1604 3309 destructus
1626 3260 1748 3308 erat
1775 3254 1856 3308 ni-

1925 2187 2045 2256 ejus
2077 2187 2304 2241 eﬂ‘ectus
2333 2185 2392 2240 in
2423 2186 2600 2257 regali
2627 2185 2902 2252 cmnobio,
2946 2185 3006 2241 in
3050 2191 3292 2252 tantum,
3343 2191 3408 2241 ut
3446 2185 3520 2241 ad

1927 2274 2238 2330 Galliarum
2276 2275 2465 2330 studia
2504 2275 2909 2330 venerabilium
2939 2273 3255 2330 coenobium
3299 2273 3523 2330 Clunia-

1927 2363 2198 2429 censium,
2230 2363 2326 2418 ubi
2347 2364 2680 2419 venerabilis
2701 2365 2870 2419 Pater
2901 2364 3084 2431 Odilo,
3115 2364 3269 2419 velut
3293 2365 3525 2420 lucerna

1927 2452 2175 2519 radians,
2207 2453 2390 2508 adhuc
2417 2453 2613 2524 fulget,
2648 2455 2829 2508 multa
2872 2454 2942 2507 de
2970 2453 3198 2508 illorum
3221 2460 3524 2510 consuetu-

1929 2542 2080 2608 dine,
2123 2542 2193 2595 ad
2224 2542 2527 2596 utilitatem
2557 2542 2818 2608 fratrum,
2860 2542 2970 2597 illis
3019 2543 3352 2611 commissis,
3383 2549 3442 2598 et
3466 2544 3526 2599 in

1929 2630 2071 2684 ovile
2093 2629 2301 2684 Christi
2328 2631 2649 2700 aggregatis
2679 2630 3010 2700 imposuerit
3034 2631 3105 2685 ad
3143 2632 3383 2686 salutem
3408 2632 3528 2686 ani-

1929 2736 2170 2773 marum.
2203 2721 2279 2774 Ex
2305 2719 2510 2791 quibus
2539 2737 2686 2775 unus
2714 2721 2872 2776 valde
2899 2721 3224 2792 inspiratus.
3256 2727 3313 2775 et
3335 2737 3528 2777 accen-

1929 2825 2025 2862 sus
2053 2807 2112 2862 in
2152 2809 2366 2863 fervore
2401 2811 2728 2876 monastico,
2762 2827 2828 2864 ex
2856 2809 3146 2881 discipulis
3193 2809 3386 2865 domui
3412 2810 3526 2865 Ro-

1929 2896 2160 2961 mualdi,
2194 2899 2423 2952 nomine
2453 2899 2698 2952 Joannes
2729 2897 2818 2965 (ι),
2842 2915 2970 2952 cum
3001 2915 3112 2952 uno
3133 2915 3235 2954 suo
3265 2898 3417 2954 socio
3454 2899 3528 2955 ad

1931 2985 2230 3040 videndum
2252 2992 2309 3040 et
2335 2985 2692 3041 scribendum
2723 2987 3044 3058 properavit
3061 2987 3210 3058 apud
3231 2988 3379 3042 idem
3400 2988 3530 3044 Clu-

1933 3074 2192 3129 niacense
2219 3075 2556 3139 ccenobium,
2586 3080 2644 3130 et
2672 3076 2753 3130 ita
2789 3077 3038 3130 exaravit
3061 3077 3119 3132 in
3142 3077 3444 3148 paginulis,
3465 3083 3532 3135 ut

1936 3163 2110 3218 oculis
2143 3163 2300 3231 vidit,
2340 3171 2398 3219 et
2426 3165 2486 3219 in
2513 3164 2795 3220 codicibus
2831 3165 3026 3232 afﬁxit,
3058 3165 3411 3239 posterisque
3447 3168 3530 3223 le-

1933 3252 2116 3322 genda
2153 3252 2512 3307 contradidit.
2560 3253 2812 3308 Domnus
2861 3270 2990 3308 vero
3019 3255 3181 3326 Hugo
3211 3255 3398 3320 Pater,
3428 3272 3532 3328 per

250 3343 358 3397 mis
373 3342 556 3398 omnis
568 3343 703 3397 ordo
723 3349 780 3397 et
797 3342 1128 3414 compositio
1158 3344 1560 3398 monachorum
1585 3361 1596 3396 :
1627 3343 1852 3398 illorum
1877 3341 2126 3425 Bomnia
2154 3341 2407 3396 imitator
2433 3343 2660 3396 illorum
2691 3343 2940 3409 effectus,
2982 3343 3099 3398 haec
3127 3348 3186 3398 et
3207 3345 3386 3400 multa
3418 3345 3530 3400 alia

251 3431 401 3486 ulnis
449 3431 742 3502 imponens
790 3448 954 3486 usum
985 3431 1236 3486 Cluniaci
1280 3431 1513 3487 coenobii
1560 3432 1619 3486 in
1672 3432 1854 3488 Gallia
1934 3430 1994 3485 in
2022 3447 2124 3485 suo
2154 3431 2329 3502 regali
2359 3437 2415 3486 et
2442 3431 2676 3503 antiquo
2695 3432 2947 3486 coenobio
2973 3433 3212 3499 advexit,
3236 3439 3299 3488 ut
3321 3433 3392 3488 ab
3412 3435 3532 3490 illo-

250 3518 532 3581 ediﬁcati,
564 3535 628 3572 ac
656 3535 756 3590 per
782 3523 965 3573 totum
994 3519 1206 3586 orbem,
1237 3525 1437 3573 cuncta
1477 3520 1627 3574 ultra
1659 3537 1853 3574 mona-

251 3607 447 3670 steria,
478 3607 726 3678 regulari
765 3607 992 3663 tramite
1020 3609 1284 3679 pollentis
1315 3609 1436 3679 ipso
1462 3614 1732 3680 tempore.
1767 3611 1856 3664 In-

250 3702 492 3753 sonante
520 3702 578 3751 et
596 3696 746 3751 enim
773 3696 938 3767 longe
962 3697 1186 3768 lateque
1213 3697 1361 3750 fama
1380 3696 1654 3768 prmlibati
1675 3714 1854 3753 coeno-

252 3784 349 3852 bii,
397 3801 506 3841 nec
542 3802 654 3840 non
702 3790 760 3839 et
799 3785 1191 3856 prazdictorum
1250 3785 1506 3850 Patrum,
1555 3785 1854 3842 Romualdi

253 3874 465 3931 scilicet
510 3879 569 3929 et
604 3873 796 3928 domni
842 3873 1095 3944 Hugonis
1129 3873 1348 3929 abbatis
1376 3873 1764 3944 benignissimi
1795 3875 1852 3929 hi

254 3963 498 4036 denique
547 3961 764 4026 Patres,
811 3961 985 4016 nimio
1033 3962 1150 4017 zelo
1192 3962 1468 4017 ferventes
1518 3968 1576 4016 et
1617 3962 1767 4017 inter
1792 3981 1853 4018 se

254 4051 682 4120 concordantes,
729 4050 971 4107 domnus
1029 4051 1377 4108 Romualdus
1431 4051 1490 4106 in
1544 4052 1855 4107 theoretica

1935 3536 2063 3574 rum
2089 3537 2196 3575 usu
2239 3521 2297 3574 in
2337 3521 2492 3575 nullo
2540 3521 2902 3593 discreparet,
2955 3522 3186 3594 cupiens
3220 3523 3532 3596 adimplere

1937 3610 2087 3681 quod
2117 3609 2176 3664 in
2201 3609 2434 3665 Actibus
2467 3611 2849 3682 apostolorum
2892 3611 3098 3682 legitur
3128 3627 3144 3669 :
3171 3631 3198 3666 ι
3224 3612 3533 3670 Multitudi-

1937 3698 2027 3752 nis
2079 3697 2427 3754 credentium
2467 3704 2590 3753 erat
2618 3715 2714 3754 cor
2739 3704 2798 3753 et
2834 3699 3024 3754 anima
3052 3716 3167 3755 una
3196 3701 3327 3771 (Act.
3358 3700 3460 3771 ιν).
3502 3721 3528 3754 ι

1937 3787 2117 3852 Quam
2141 3787 2622 3850 consuetudinem,
2650 3788 2698 3842 si
2718 3787 2842 3859 quis
2869 3789 3276 3861 adimpleverit,
3307 3789 3367 3845 in
3395 3807 3533 3862 prm-

1934 3876 2080 3930 senti
2109 3875 2445 3931 exaltabitur
2477 3876 2605 3944 vita,
2641 3883 2700 3932 et
2726 3883 2853 3950 post
2876 3877 3025 3932 intra
3045 3893 3352 3952 perennem
3370 3879 3529 3936 leta-

1933 3963 2088 4020 bitur
2114 3981 2398 4036 pascuam,
2427 3970 2531 4020 etc.

1439 4204 1680 4263 TITULI
1719 4205 2040 4265 CAPITUM
2077 4205 2276 4266 LIBRI
2312 4204 2362 4266 Ι.

938 4319 1142 4391 Incipit
1162 4323 1409 4393 pulchra:
1438 4339 1572 4377 usus
1602 4327 1917 4380 monasticae
1955 4341 2181 4387 norma},

939 4411 1192 4477 Qualiter
1218 4411 1314 4478 agi
1340 4411 1524 4464 debeat
1553 4411 1740 4465 diebus
1770 4416 1882 4466 octo
1909 4417 2039 4466 ante
2067 4413 2298 4468 Domini
2314 4411 2691 4469 Nativitatem.

937 4494 1268 4548 Adveniente
1296 4496 1550 4558 Domino,
1585 4497 1766 4550 isthzc
1794 4511 2010 4550 servare
2039 4504 2326 4554 memento.

938 4582 1252 4652 Stephanus
1283 4584 1432 4639 hunc
1461 4587 1639 4638 ritum
1668 4589 1866 4655 quaerit
1901 4602 2117 4640 servare
2146 4589 2452 4642 colendum.

939 4671 1137 4725 Almus
1166 4678 1215 4726 et
1244 4673 1337 4726 hos
1367 4688 1542 4727 mores
1566 4678 1873 4742 prospectat
1895 4676 1965 4729 ab
1991 4691 2118 4730 arce
2143 4677 2404 4730 Joannes.

939 4759 1220 4814 Laudibus
1251 4763 1541 4829 infantum
1570 4762 1736 4829 hunc,
1768 4764 1993 4831 fratres,
2017 4766 2240 4832 jungite
2269 4768 2468 4820 ritum.

941 4849 1086 4916 Quid
1095 4851 1191 4917 agi
1198 4850 1444 4904 debeatsi
1462 4851 1575 4904 dies
1604 4852 1931 4906 Dominicus
1945 4854 2252 4906 incurrerit
2268 4853 2424 4920 infra
2448 4855 2552 4908 ista
2571 4855 2860 4910 solemnia.

939 4938 1078 4992 Item
1105 4938 1169 4992 de
1200 4940 1318 5006 ipsa
1347 4939 1722 5002 celebratione,
1749 4957 1867 5009 qua:
1885 4942 1946 5008 ﬁt
1970 4943 2208 5010 privatis
2227 4943 2435 4998 diebus.

945 5025 1170 5080 Octavas
1199 5026 1468 5096 Stephani
1493 5031 1589 5090 sic,
1618 5029 1843 5096 fratres,
1877 5032 2087 5084 currite
2113 5033 2314 5088 sancti.

937 5116 1050 5170 Ista
1085 5115 1443 5184 Theophania:
1470 5132 1746 5171 servemus
1776 5120 1838 5171 in
1863 5119 2057 5173 ordine
2084 5121 2225 5174 vita.

950 5204 1160 5260 Taliter
1187 5206 1389 5258 octavis
1413 5207 1710 5272 peragitur
1744 5206 2116 5275 Theopham’a.

943 5293 1156 5348 Paulus
1183 5309 1471 5348 conversus
1491 5295 1601 5348 sibi
1629 5295 1763 5349 tales
1791 5297 1963 5364 exigit
1983 5312 2136 5351 usus.

339 5431 413 5508 (1)
443 5431 552 5508 llic
578 5431 683 5488 sub
711 5431 1133 5508 religiosissimo
1176 5432 1376 5508 abbate
1419 5435 1624 5508 Joseph
1674 5451 1865 5492 mona-

264 5503 442 5560 sterio
467 5504 684 5560 incerto
713 5503 915 5560 vixisse
942 5503 1166 5560 dicitur.
1190 5506 1380 5562 Refert
1407 5503 1577 5562 etiam
1615 5508 1864 5564 Mabillo-

264 5573 400 5632 nius
425 5575 634 5632 Annal.
665 5581 805 5632 tom.
845 5576 944 5645 IV,
988 5593 1118 5651 pag.
1141 5575 1270 5648 207,
1303 5579 1564 5635 eumdem
1586 5580 1864 5637 Joannem

515 5673 783 5740 ΡΑτιιοῐ..
835 5675 955 5741 CL.

1944 5437 2186 5495 alterum
2225 5440 2520 5521 prologum
2547 5444 2855 5518 scripsisse,
2877 5446 2975 5521 qui
3005 5452 3193 5506 tamen
3222 5449 3295 5506 ad
3323 5466 3525 5511 manus

1944 5527 2100 5568 meas
2127 5528 2240 5569 non
2263 5513 2503 5574 devenit.

3223 5693 3304 5758 38
