3950 6168
568 298 708 365 1199

1628 299 1979 359 GUIDONIS
2015 298 2320 357 ABBATIS
2357 298 2757 360 FARFENSIS

3622 304 3734 364 1200

636 428 907 488 Sacerdos
955 431 1014 484 et
1056 426 1411 495 secretarius,
1462 427 1559 500 qui
1605 427 1878 500 perticam
1925 430 2151 498 portare
2170 425 2414 487 Afrater
2441 430 2556 481 stat
2572 444 2700 483 cum
2728 444 2875 499 aqua
2894 431 2954 483 et
2980 426 3422 488 mantile,abluat
3436 442 3607 482 manus
3618 444 3737 495 suas,

563 518 731 576 debet
746 519 844 574 illo
872 517 981 583 die,
1013 517 1145 572 dein
1164 517 1434 583 infantes,
1459 523 1518 571 et
1535 516 1892 588 postmodum
1915 516 2156 569 domnus

563 608 754 671 abbas,
787 613 844 662 et
857 606 955 661 alii
977 606 1121 662 sicut
1140 611 1289 661 sunt.
1313 605 1553 669 Priores,
1588 611 1645 661 et
1664 604 1916 660 conversi
1937 620 2032 658 eos
2049 603 2156 657 im-

562 698 852 753 mittentes
867 697 925 751 in
944 696 1260 750 novissimis
1279 695 1436 762 locis,
1463 696 1574 750 duo
1596 701 1654 749 et
1669 696 1799 749 duo.
1833 694 1938 749 Ubi
1970 709 2158 764 perve-

562 786 784 842 nientes
805 806 818 855 ;
850 786 1003 841 dicat
1020 786 1298 852 sacerdos,
1322 787 1592 841 Dominus
1604 786 1898 849 vobiscum,
1920 789 1978 837 et
1996 784 2158 837 bene-

563 876 715 932 dicat
731 876 917 932 focum
932 892 1157 940 novum,
1183 882 1240 930 et
1258 880 1393 929 tunc
1412 879 1675 945 aspergat
1694 890 1842 945 aqua
1865 871 2158 927 benedicta

561 965 623 1021 in
679 982 766 1033 eo,
816 971 987 1037 atque
1038 964 1309 1019 accendat
1336 964 1627 1018 candelam
1674 962 1918 1034 perticae,
1952 978 2018 1015 ex
2046 960 2157 1014 alia

564 1070 733 1127 quam
748 1054 934 1110 infans
953 1060 1178 1127 portare
1190 1053 1248 1108 in
1266 1054 1527 1108 lanterna
1543 1050 1725 1106 debet.
1749 1052 1906 1106 Tunc
1928 1049 2157 1104 veniant

561 1143 813 1200 canendo
837 1149 954 1199 tres
983 1144 1247 1215 psalmos.
1265 1144 1421 1205 Deus,
1442 1145 1507 1196 in
1522 1144 1747 1196 nomine
1768 1144 1879 1194 tuo.
1902 1141 2157 1194 Miserere

562 1236 693 1298 mei,
708 1234 868 1296 Deus,
886 1236 1142 1288 miserere
1154 1235 1280 1286 mei.
1302 1233 1440 1287 Deus
1454 1235 1786 1285 misereatur
1798 1230 1969 1283 nobis.
1995 1229 2150 1290 Deus,

562 1324 628 1377 in
656 1321 1206 1393 adiutoriumémeum
1231 1322 1449 1375 intende
1478 1338 1493 1372 :
1526 1317 1867 1374 intrantibus
1896 1333 1962 1371 ex
1975 1317 2155 1387 janua

562 1411 796 1481 majoris
834 1410 1048 1482 templi.
1085 1408 1409 1464 Psalmodia
1439 1424 1570 1463 vero
1606 1407 1977 1478 protendatur
2023 1421 2158 1475 quo-

561 1513 742 1571 usque
759 1499 987 1556 veniant
1005 1499 1062 1553 in
1084 1499 1337 1554 chorum.
1370 1499 1469 1552 His
1498 1496 1679 1551 tribus
1706 1496 1998 1567 aequaliter
2024 1511 2157 1565 pro-

559 1588 737 1644 cessio
748 1588 1063 1646 celebratur
1074 1586 1451 1643 diebus.Tunc
1462 1591 1754 1640 vertantur
1763 1584 2030 1639 formulsel
2047 1583 2152 1651 10),

560 1676 824 1732 similiter
853 1682 911 1732 et
938 1676 1125 1731 omnia
1155 1676 1317 1747 signa
1335 1676 1649 1748 pulsentur.
1685 1675 1888 1729 Postea
1918 1687 2049 1726 vero
2069 1670 2156 1724 vel

2240 520 2297 569 et
2329 517 2683 587 regrediatur
2710 517 2765 571 in
2796 534 2962 572 suum
2992 518 3199 572 locum.
3232 517 3415 573 Caeteri
3440 516 3657 571 similiter
3674 517 3738 570 fa-

2238 603 2425 659 ciant:
2461 605 2594 659 dum
2626 622 2819 659 omnes
2849 605 3028 660 abluti
3056 606 3286 670 fuerint,
3315 605 3555 676 incipiant
3578 604 3742 658 donare

2238 708 2442 763 aquam
2473 693 2697 748 illorum
2725 695 3007 760 manibus,
3020 700 3247 750 tenente
3262 695 3421 748 fratre
3444 700 3611 747 mutuo
3627 708 3745 746 man-

2239 781 2336 835 tile
2372 782 2443 836 ad
2483 783 2625 848 illos,
2659 790 2716 838 et
2741 784 2823 837 sic
2850 800 3073 856 semper
3118 784 3484 855 unusquisque
3513 779 3743 855 [supp.fa-

2239 869 2372 940 ciat]
2397 888 2408 923 :
2433 870 2538 925 hoc
2553 879 2617 926 ut
2635 872 2843 927 factum
2865 873 3147 941 habuerit,
3162 874 3222 928 in
3239 873 3412 928 locum
3432 888 3574 926 suum
3586 870 3746 925 iterum

2238 959 2443 1014 veniat.

2309 1048 2463 1103 Illico
2486 1057 2549 1105 ut
2580 1055 2782 1107 cuncta
2806 1051 2954 1107 facta
2977 1053 3211 1120 fuerint,
3227 1056 3383 1106 sonet
3400 1050 3539 1122 prior
3555 1048 3748 1103 tabulam

2238 1152 2351 1191 uno
2380 1138 2493 1194 ictu
2522 1144 2761 1197 tantum.
2788 1143 2945 1197 Tunc
2971 1141 3217 1197 habeant
3237 1140 3440 1199 cellarii
3464 1138 3627 1193 vinum
3643 1153 3748 1206 pra-

2237 1232 2518 1297 paratum,
2544 1235 2603 1282 et
2620 1231 2915 1285 camerarii
2943 1247 3091 1286 unus
3112 1231 3258 1292 hinc,
3281 1230 3421 1285 alius
3446 1229 3579 1295 inde,
3605 1226 3751 1281 fratri-

2237 1313 2343 1369 bus
2371 1318 2675 1389 propinant
2702 1318 2914 1374 vinum.
2964 1320 3039 1375 Et
3070 1320 3329 1375 denarios
3354 1322 3655 1390 praeparatos
3675 1315 3750 1367 ha-

2236 1402 2425 1471 beant,
2476 1412 2539 1461 ut
2594 1407 2729 1462 dum
2773 1410 2975 1463 fratres
3004 1408 3284 1481 accipiunt
3316 1407 3567 1479 scyphum
3594 1404 3755 1458 donent

2238 1495 2595 1565 pauperibus.
2616 1497 2830 1561 Quibus
2848 1498 3111 1554 dantibus
3140 1498 3444 1562 vasculum,
3462 1511 3637 1549 manus
3659 1492 3754 1545 illo—

2236 1599 2363 1637 rum
2395 1586 2735 1653 osculentur,
2759 1592 2928 1657 atque
2947 1588 3153 1642 iterum
3176 1603 3433 1641 nummos
3450 1585 3577 1639 duos
3592 1582 3757 1636 veltres

2236 1672 2491 1728 tribuant
2513 1692 2640 1729 cum
2671 1676 3034 1731 osculatione.
3063 1676 3224 1741 Quod
3251 1692 3377 1730 cum
3397 1674 3553 1729 fuerit
3577 1672 3756 1733 factum,

559 1764 619 1821 in
632 1766 864 1822 ecclesia
884 1767 968 1821 vel
987 1766 1045 1820 in
1065 1742 1309 1821 claustro
1328 1742 1544 1819 nullum
1569 1768 1732 1818 sonet
1750 1766 2117 1818 aeramentum
2137 1777 2149 1813 :
2172 1742 2220 1801 Β
2236 1761 2385 1816 dicat
2410 1763 2583 1818 abbas
2603 1765 2649 1819 si
2669 1782 2917 1836 praesens
2935 1765 3123 1832 fuerit,
3147 1767 3371 1821 Ostende
3390 1763 3756 1829 nobis,Domint.

559 1855 660 1910 sed
688 1861 747 1910 et
769 1855 1040 1927 quidquid
1070 1855 1251 1909 facere
1279 1854 1485 1908 debent
1513 1854 1734 1918 fratres,
1766 1850 1971 1906 tabulae
1999 1849 2153 1903 soni-

557 1948 623 1999 tu
648 1944 912 1999 nuntient
922 1960 1100 2014 usque
1111 1943 1181 1997 ad
1204 1942 1431 1997 missam
1450 1942 1508 1996 in
1522 1941 1754 1995 sabbato
1769 1938 2153 2014 sancto.Dein-

558 2032 630 2087 de
661 2033 834 2087 missa
851 2011 1045 2087 festive
1078 2031 1409 2087 celebretur.
1435 2031 1646 2085 Cantor
1672 2030 1730 2084 in
1755 2030 1923 2085 choro
1952 2011 2151 2099 Eappa,

557 2120 829 2176 diaconus
852 2120 1172 2187 dalmatica,
1199 2119 1573 2174 subdiaconus
1592 2120 1783 2173 tunica
1802 2118 1877 2173 sit
1894 2118 2147 2172 vestitus.

557 2210 641 2267 Ad
665 2208 962 2267 introitum
990 2208 1175 2283 missae
1201 2208 1410 2275 dicant,
1453 2209 1643 2264 Gloria
1672 2210 1849 2262 Patri.
1880 2207 2150 2278 Epistola,

559 2298 1034 2362 Convenientibus,
1075 2296 1187 2353 duo
1237 2296 1440 2350 fratres
1476 2295 1893 2366 responsorium
1924 2299 2147 2359 canant,

558 2389 811 2445 Christus
839 2388 1019 2455 factus
1049 2390 1144 2439 est.
1203 2385 1583 2456 Evangelium,
1617 2387 1755 2439 Ante
1782 2386 1930 2437 diem
1949 2386 2151 2452 festum

554 2477 791 2532 Pascha.
839 2474 1220 2541 Oﬂ'ertorium,
1272 2475 1500 2529 Dextera
1530 2476 1774 2528 Domini.
1830 2473 1900 2528 Et
1927 2478 2147 2527 tantum

554 2565 855 2620 mittantur
884 2564 1199 2619 hostiarum
1229 2562 1301 2617 ad
1333 2562 1794 2628 consecrandum,
1834 2568 1899 2617 ut
1944 2567 2002 2616 et
2029 2562 2153 2633 ipsa

552 2654 665 2723 die,
696 2670 801 2709 nec
824 2670 937 2709 non
967 2658 1025 2708 et
1053 2653 1114 2708 in
1143 2651 1449 2707 crastinum
1489 2650 1751 2705 omnibus
1796 2650 2039 2705 sufﬁciat
2081 2649 2153 2703 ad

553 2743 1104 2799 communicandum.
1139 2741 1224 2795 Ad
1253 2756 1447 2812 pacem
1495 2739 1667 2793 etiam
1700 2755 1895 2793 omnes
1940 2737 2147 2803 venire,

552 2830 1121 2902 communionemque
1145 2828 1332 2884 cuncti
1360 2827 1568 2883 debent
1592 2827 1760 2882 etiam
1791 2826 2035 2881 infantes
2064 2842 2151 2880 ac-

551 2920 757 2993 cipere.
776 2920 913 2975 Post
925 2919 1155 2974 missam
1167 2918 1391 2990 pulsata
1404 2917 1619 2975 tabula.
1634 2917 1735 2971 ﬁat
1748 2915 1932 2970 brevis
1948 2914 2147 2982 oratio,

550 3010 697 3066 sicut
720 3008 849 3064 aliis
876 3008 1076 3063 diebus
1095 3013 1226 3062 ante
1254 3022 1543 3078 vesperam
1574 3004 1803 3060 solitum
1833 3009 1945 3078 est.

619 3100 995 3170 Posteaquam
1025 3096 1177 3152 exuti
1198 3076 1409 3151 fuerint
1445 3094 1523 3149 illi
1553 3094 1648 3166 qui
1677 3098 1872 3149 sancta
1900 3076 2148 3148 admini-

549 3192 821 3257 strarent,
843 3186 1012 3241 simul
1039 3201 1234 3240 omnes
1264 3184 1322 3238 in
1358 3182 1889 3238 refectorioveniant
1909 3182 2145 3236 mixtum

548 3275 820 3348 accipere.
880 3275 1136 3329 Decanus
1162 3277 1354 3327 autem
1404 3272 1783 3338 claustrensis,
1815 3276 1874 3326 et
1901 3271 2145 3326 decanus

549 3364 774 3436 dignior
800 3363 1056 3429 forensis,
1081 3378 1210 3417 cum
1238 3360 1547 3415 camerario
1571 3360 1766 3430 (etiam
1794 3360 1865 3415 de
1892 3360 2018 3415 aliis
2037 3360 2147 3415 fra-

548 3452 754 3520 tribus,
778 3451 981 3524 quibus
1001 3451 1192 3515 velint,
1220 3449 1565 3521 assumptis),
1586 3449 1815 3504 interim
1836 3449 1970 3504 dum
1988 3449 2046 3503 in
2064 3466 2145 3504 re-

551 3540 780 3596 fectorio
810 3545 945 3595 sunt
970 3539 1191 3605 fratres,
1226 3539 1285 3593 in
1315 3539 1499 3593 locum
1521 3555 1632 3609 quo
1652 3538 2019 3593 constitutum
2037 3543 2140 3606 est,

550 3628 812 3683 videlicet
830 3628 890 3682 in
920 3628 1163 3682 claustro
1188 3628 1349 3699 juxta
1377 3626 1667 3681 ecclesiam
1695 3627 1977 3681 deducant
2004 3644 2146 3698 pau-

551 3732 716 3789 peres
744 3716 816 3771 ad
844 3716 1172 3771 sedendum.

626 3805 970 3885 Exeuntibus
1025 3805 1095 3859 de
1126 3803 1420 3860 refectorio
1469 3802 1736 3859 fratribus
1778 3810 1941 3860 sonet
1994 3804 2147 3876 prior

553 3893 845 3962 tabulam;
884 3894 1221 3950 conveniant
1265 3911 1460 3949 omnes
1505 3895 1564 3949 in
1619 3895 1947 3956 claustrum.
1988 3894 2149 3963 juxta

554 3984 1005 4057 promptuarium
1026 3983 1278 4050 stent,ibi
1290 3984 1434 4041 sicut
1448 3989 1583 4039 sunt
1594 3984 1811 4056 priores
1821 3983 2119 4039 ordinatim
2128 4022 2142 4049 ,

554 4077 621 4127 ut
641 4071 814 4128 moris
842 4077 946 4140 est,
977 4072 1046 4127 ad
1074 4072 1483 4144 processionem
1506 4078 1682 4130 stare.
1713 4074 1878 4129 Pueri
1917 4077 2051 4130 eant
2085 4072 2148 4127 in

557 4161 768 4229 schola,
796 4160 1067 4232 magistro
1087 4159 1236 4215 inter
1251 4177 1346 4215 eos
1365 4165 1550 4216 stante
1560 4162 1724 4232 juxta
1742 4162 1967 4218 ordines
1992 4178 2142 4225 suos,

555 4248 616 4304 in
643 4256 774 4305 ante
800 4266 1094 4322 pauperes.
1120 4248 1458 4321 Incipientes
1477 4255 1733 4305 cantores
1760 4251 2146 4323 antiphonam,

558 4342 830 4396 Dominus
866 4341 1037 4402 Jesus,
1074 4339 1302 4393 ﬂectant
1330 4356 1525 4394 omnes
1550 4356 1736 4410 genua
1773 4357 1877 4395 sua
1902 4340 1962 4394 in
1999 4345 2154 4395 terra

560 4427 634 4484 ad
662 4427 957 4495 orientem,
979 4432 1045 4483 ut
1062 4427 1122 4482 in
1151 4428 1231 4482 eis
1247 4428 1504 4483 Christus
1522 4428 1808 4483 adoretur.
1832 4429 2153 4501 Eademque

562 4522 694 4571 ante
717 4516 1044 4588 peregrinos
1068 4516 1278 4571 faciant
1308 4516 1563 4587 magistri
1589 4534 1716 4572 cum
1740 4517 2071 4585 infantibus,
2097 4523 2155 4573 et

561 4605 837 4676 incipiant
857 4604 1064 4671 lavare,
1098 4612 1223 4676 post
1255 4606 1553 4677 psalmum,
1605 4608 1746 4661 Deus
1797 4610 2147 4662 misereatur.

562 4693 868 4764 Postquam
915 4709 1373 4765 unumquemque
1415 4711 1645 4750 versum
1693 4696 1973 4768 expletum
2027 4712 2156 4752 cum

565 4782 876 4854 antiphona
900 4784 1167 4838 Dominus
1189 4786 1361 4846 Jesus,
1392 4782 1711 4850 habuerint,
1737 4786 1990 4856 psalmus
2026 4786 2160 4841 inci-

563 4870 773 4944 piatur,
803 4872 954 4926 Beati
975 4873 1331 4925 immaculati
1350 4889 1366 4924 :
1382 4877 1440 4926 et
1466 4871 1538 4926 ad
1558 4874 2000 4945 unumquodque
2010 4874 2160 4946 capi-

563 4960 748 5016 tulum
768 4959 975 5015 iterum
1003 4958 1325 5032 incipiatur,
1359 4962 1627 5016 Dominus
1646 4965 1815 5027 Jesus,
1845 4979 2042 5035 usque,
2077 4967 2160 5019 tu-

564 5066 733 5106 cerna
753 5051 981 5121 pedibus
1011 5051 1161 5103 meis.
1194 5049 1396 5104 Postea
1436 5050 1698 5107 dicantur
1721 5052 1847 5107 alia).
1895 5053 2159 5125 antipho-

564 5156 675 5210 nte,
703 5139 882 5195 donec
911 5137 1117 5210 singuli
1139 5138 1343 5194 fratres
1364 5139 1599 5211 singulis
1619 5141 1958 5213 pauperibus
1987 5143 2157 5213 pedes

566 5229 773 5295 lavent,
800 5232 1028 5300 tergant
1050 5233 1108 5283 et
1125 5227 1466 5283 osculentur.
1490 5228 1592 5283 Ille
1608 5245 1851 5301 namque
1869 5230 1964 5301 qui
1984 5230 2152 5296 lavat,

565 5323 756 5391 tergat
784 5323 955 5390 atque
974 5317 1258 5373 osculetur
1275 5333 1469 5371 eorum
1498 5317 1699 5388 pedes;
1730 5319 2160 5391 aliusaccipiens

565 5406 806 5465 linteum
832 5407 892 5462 in
920 5406 1117 5479 primis
1146 5406 1413 5462 concham
1443 5425 1454 5462 :
1488 5407 1609 5479 ipse
1631 5413 1722 5462 eat
1748 5408 1820 5462 ad
1853 5408 2039 5464 locum
2063 5407 2160 5465 ubi

640 5568 747 5642 (10)
786 5567 1077 5637 Formule,
1097 5566 1309 5637 forma,
1329 5584 1576 5636 scamna,
1599 5568 1817 5625 sedilia.

2234 1854 2675 1908 misericordiam
2700 1860 2875 1909 tuam.
2906 1857 3073 1924 Kyrie
3106 1857 3325 1917 eleison,
3365 1855 3561 1909 Christe
3589 1855 3757 1913 eleison,

2234 1941 2403 2008 Kyrie
2428 1945 2647 1998 eleison.
2672 1946 2835 1999 Pater
2864 1951 3066 2011 noster,
3098 1949 3157 1998 et
3179 1945 3245 1999 Et
3276 1960 3343 1998 ne
3365 1960 3482 1999 nos.
3518 1942 3634 1997 Post
3655 1941 3763 1995 hanc

2234 2029 2545 2085 orationem
2559 2031 2752 2086 dicant
2762 2034 3203 2104 aperte,Suscepi
3206 2050 3350 2097 mus,
3362 2034 3763 2093 Deus,misericor~

2233 2119 2387 2172 diam
2407 2124 2583 2174 tuam.
2620 2122 2699 2174 Tu
2723 2124 3007 2177 mandasti
3034 2124 3306 2177 mandata
3340 2128 3453 2185 tua,
3476 2123 3686 2176 Domine.
3706 2120 3761 2173 Tu

2236 2208 2434 2262 lavasti
2444 2210 2602 2276 pedes
2615 2210 3020 2279 discipulorum
3041 2217 3265 2266 tuorum
3275 2252 3288 2265 .
3314 2212 3384 2266 Et
3397 2210 3582 2265 oratio.
3598 2210 3761 2270 Adesto,

2232 2296 2481 2358 Domine,
2526 2303 2727 2353 nostra:
2761 2303 3061 2357 servitutis.
3097 2300 3375 2355 Psalmus.
3407 2301 3638 2353 Miserere
3668 2298 3761 2356 mei,

2232 2384 2393 2445 Deus,
2420 2383 2643 2439 dicatur
2662 2385 2765 2440 sub
2786 2386 3029 2454 silentio,
3051 2387 3241 2459 sicque
3260 2387 3579 2443 sonantibus
3603 2385 3766 2440 tabulis

2234 2472 2435 2526 eantin
2448 2473 2680 2528 chorum
2692 2475 2762 2529 ad
2774 2493 3053 2547 vesperas;
3071 2493 3233 2546 cumq
3242 2494 3314 2532 ue
3328 2477 3529 2532 fuerint
3542 2473 3765 2546 singuliin

2234 2559 2369 2615 locis
2390 2561 2525 2628 suis,
2545 2579 2685 2633 puer
2704 2563 2940 2636 incipiat
2957 2566 3352 2637 antiphonam,
3373 2567 3593 2622 Calicem
3605 2567 3769 2617 saluta-

2236 2649 2656 2720 rem.Psalmus,
2673 2652 2911 2707 Credidi.
2940 2653 3282 2724 Antiphone,
3302 2671 3427 2707 eum
3442 2655 3523 2707 his
3539 2655 3640 2722 qui.
3654 2650 3768 2706 Psal-

2234 2740 2472 2803 mus,Ad
2480 2740 2779 2795 Dominum
2797 2742 2931 2795 dum
2956 2743 3615 2814 tributarer.Antiphona,
3629 2742 3770 2796 Custo-

2231 2826 2291 2879 di
2306 2843 2408 2880 me.
2426 2826 2837 2896 Psalmus,Dom
2846 2833 2952 2897 ine,
2968 2834 3207 2885 clamavi
3212 2832 3365 2886 .Anti
3372 2830 3771 2903 pbona,Considco

2234 2916 2451 2969 rabam.
2476 2916 2752 2983 Psalmus,
2799 2920 2918 2973 Voce
2950 2936 3088 2973 mea.
3121 2920 3404 2976 Euntibus
3432 2916 3771 2976 senioribusad

2169 3013 2214 3075 α
2235 3003 2614 3069 rcfectorium,
2648 3007 2937 3062 secretarii
2965 3008 3386 3080 discooperiant
3406 3010 3610 3064 altaria.
3633 3006 3688 3061 In
3705 3023 3770 3059 re-

2230 3093 2463 3147 fectorio
2487 3094 2601 3148 sint
2614 3095 2820 3151 tabulae
2848 3103 3142 3169 coopertae,
3161 3104 3219 3152 et
3236 3100 3567 3154 charitatem
3589 3097 3769 3152 faciant.

2226 3180 2357 3253 Ipsa
2386 3182 2475 3236 die
2503 3199 2617 3237 non
2643 3184 2810 3239 debet
2832 3186 3313 3259 eleemosynarius
3330 3205 3528 3259 panem
3555 3193 3605 3242 et
3625 3187 3769 3240 vinum

2228 3270 2501 3342 accipere,
2532 3288 2714 3344 neque
2745 3274 2988 3330 Sabbato
3017 3282 3209 3331 sancto
3234 3278 3389 3348 quod
3420 3275 3716 3333 remanserit
3730 3274 3773 3327 in

2227 3359 2543 3415 refectorio.
2579 3361 2719 3416 Cum
2751 3363 2987 3418 exierint
3004 3365 3207 3420 fratres
3229 3368 3532 3422 versiculos
3553 3374 3605 3421 et
3627 3363 3774 3419 omnia

2229 3448 2418 3503 dicant
2444 3450 2546 3503 sub
2576 3450 2800 3506 silentio
2835 3471 2848 3519 ;
2890 3453 3091 3509 deinde
3138 3457 3332 3511 lavent
3373 3457 3539 3529 pedes
3579 3470 3704 3520 suos,
3733 3456 3774 3506 et

2230 3546 2619 3609 praeparentur
2656 3540 2727 3594 ad
2755 3542 3087 3598 mandatum
3119 3544 3385 3601 fratrum.

2302 3629 2553 3684 Primum
2593 3637 2783 3687 autem
2815 3650 2942 3687 cum
2974 3634 3046 3688 ad
3085 3636 3421 3691 mandatum
3449 3632 3772 3693 convenerint.

2230 3718 2676 3784 hebdomadarii,
2700 3721 2795 3793 qui
2825 3723 3030 3777 exituri
3059 3732 3189 3779 sunt
3208 3725 3278 3779 de
3308 3726 3548 3798 coquina
3570 3721 3773 3795 sequenti

2230 3806 2540 3875 Dominica,
2569 3810 2739 3881 pedes
2768 3811 3028 3866 omnibus
3067 3813 3272 3867 lavent.
3340 3817 3539 3869 Postea
3584 3813 3773 3868 domnus

2232 3896 2425 3965 abbas,
2467 3898 2514 3952 si
2552 3916 2796 3970 praesens
2849 3902 3037 3967 fuerit,
3098 3919 3163 3957 ex
3211 3920 3332 3958 una
3370 3911 3548 3976 parte,
3575 3903 3708 3975 prior
3729 3914 3776 3952 ex

2231 3986 2413 4040 altera
2441 3987 2627 4041 lavent
2656 3989 2842 4059 pedes,
2886 3995 3112 4062 tergant
3168 4001 3220 4045 et
3260 3994 3604 4049 osculcntur.
3654 3985 3774 4054 Quod

2230 4089 2359 4129 cum
2389 4074 2557 4129 fuerit
2576 4077 2876 4148 expletum,
2899 4078 3088 4134 veniat
3105 4079 3354 4137 domnus
3375 4082 3546 4139 abbas
3570 4081 3778 4137 inlocnm

2234 4179 2420 4229 suum,
2453 4169 2511 4217 et
2534 4164 2646 4218 duo
2676 4165 2879 4220 fratres
2907 4166 3096 4222 lavent
3122 4167 3230 4240 ipsi
3276 4172 3475 4241 pedes.
3525 4170 3780 4227 Servitores

2235 4260 2426 4309 autem
2457 4255 2606 4312 foras
2629 4260 2939 4331 capitulum
2983 4262 3194 4320 lavent.
3243 4263 3395 4319 Cum
3451 4280 3578 4319 vero
3627 4272 3784 4315 manus

2170 4368 2220 4427 ι)
2237 4342 2443 4399 ablatae
2467 4344 2696 4410 fuerint,
2727 4334 3197 4406 veniat‘diaconus
3216 4356 3275 4407 et
3293 4358 3417 4408 tres
3455 4352 3723 4409 servitores
3746 4348 3789 4398 et

2236 4432 2549 4488 vestiantur
2597 4436 2656 4490 in
2691 4437 2925 4493 ecclesia
2955 4452 2967 4488 :
3000 4439 3270 4497 diaconus
3306 4443 3484 4498 stolas
3526 4440 3724 4502 habent,
3747 4440 3789 4489 εί

2239 4522 2576 4594 accipientes
2613 4524 2725 4579 duo
2761 4527 3097 4583 candelabra
3123 4546 3253 4585 cum
3280 4532 3549 4596 candelis,
3575 4536 3627 4585 et
3643 4524 3789 4582 thuri-

2239 4608 2435 4666 bulum
2468 4629 2597 4667 cum
2622 4614 2872 4679 incenso,
2920 4623 3189 4689 sonetque
3239 4622 3578 4675 secretarius
3602 4632 3715 4673 cum
3738 4614 3791 4669 li-

2240 4700 2426 4754 centia
2451 4702 2720 4758 tabulam.
2768 4705 2930 4759 Alter
2965 4707 3288 4778 analogium
3316 4716 3525 4781 portet.
3567 4714 3621 4764 et
3644 4707 3792 4760 diaco-

2241 4804 2349 4843 nus
2377 4795 2611 4847 textum.
2645 4792 2859 4857 Quibus
2880 4794 2963 4849 ita
2989 4796 3295 4867 capitulum
3332 4797 3664 4853 intrantibus
3689 4799 3795 4849 ante

2242 4880 2595 4950 evangelium
2624 4889 2861 4953 surgant
2887 4900 3103 4950 omnes,
3133 4890 3192 4940 et
3218 4888 3593 4943 annuntiante
3609 4886 3794 4945 abbate.

2241 4965 2477 5038 incipiat
2504 4969 2708 5041 legere.
2734 4971 2875 5026 Cum
2905 4973 3120 5028 venerit
3146 4974 3216 5028 ad
3248 4975 3409 5031 illum
3432 4977 3610 5031 locum
3630 4974 3714 5029 ubi
3737 4970 3801 5025 di-

2242 5054 2408 5123 citur,
2429 5057 2673 5126 Surgite,
2704 5076 2895 5115 eamus
2926 5062 3075 5130 hinc,
3108 5070 3342 5120 sonetur
3380 5066 3594 5128 tabula.
3622 5064 3803 5119 taliter-

2244 5160 2353 5215 que
2374 5147 2680 5215 procedant
2704 5148 2775 5203 ad
2800 5149 3158 5207 refectorium
3181 5173 3196 5208 :
3219 5153 3277 5208 in
3296 5155 3499 5225 primis
3517 5152 3799 5223 analogium

2243 5237 2302 5286 et
2329 5233 2678 5290 thuribulum
2708 5252 2835 5292 cum
2867 5239 3112 5307 incenso,
3140 5241 3268 5297 dein
3292 5243 3378 5298 illi
3408 5244 3522 5300 duo
3549 5260 3667 5299 cum
3692 5254 3801 5294 can-

2244 5322 2510 5390 delabris,
2564 5326 2830 5382 diaconus
2875 5329 2934 5383 in
2981 5331 3167 5386 medio
3216 5332 3465 5388 illorum.
3506 5332 3705 5388 Deinde
3725 5324 3801 5381 alii

2244 5413 2357 5469 duo
2387 5418 2446 5469 et
2470 5414 2583 5470 duo
2611 5431 2621 5474 :
2653 5415 2896 5475 infantes
2925 5420 3132 5493 quippe
3167 5422 3226 5477 in
3249 5422 3556 5479 novissimo
3586 5421 3698 5477 loco
3728 5430 3802 5469 τε·
