3950 6168
266 312 416 373 1201

1479 313 1894 371 DISCIPLINA
1931 312 2352 374 FARFENSIS.

3413 307 3555 373 1902

264 439 438 494 niant
463 442 596 494 ante
613 436 893 493 abbatem.
942 437 1406 494 Pervenientibus
1433 438 1626 511 itaque
1654 440 1712 495 in
1732 439 1937 500 refe-A
1947 441 2112 512 juxta
2131 440 2309 495 altare
2329 455 2477 495 unus
2494 439 2645 506 hinc,
2680 437 2825 495 alius
2855 437 3008 504 inde,
3031 436 3284 494 dividant
3305 436 3413 494 sibi
3437 440 3560 496 sin-

267 529 532 594 ctorium,
553 528 795 582 domnus
823 527 995 582 abbas
1025 532 1089 583 et
1111 529 1284 599 prior,
1316 529 1762 584 ministrantibus
1793 530 1873 585 eis

269 617 475 691 quibus
505 618 822 688 injunctum
850 616 1018 671 fuerit
1032 616 1530 682 fratribus,dantes
1550 618 1873 673 osculentur

266 700 475 762 manus
503 723 719 772 eorum,
751 712 810 761 et
835 705 1143 760 infantibus
1171 705 1462 774 similiter;
1495 708 1736 762 lectione
1767 725 1870 763 au-

265 795 723 861 temterminata,
749 794 1016 848 diaconus
1043 794 1229 848 ablata
1257 795 1401 849 stola
1436 812 1563 850 cum
1596 795 1741 861 aliis,
1774 795 1870 867 qui

267 891 404 941 sunt
430 885 491 939 in
516 883 679 947 albis,
710 883 783 937 ad
810 882 1062 937 tabulam
1092 883 1283 938 domni
1314 883 1533 939 abbatis
1590 885 1867 951 sedentes,

266 980 470 1046 potum
498 971 760 1027 similiter
789 972 1083 1044 accipiant,
1108 976 1166 1027 et
1190 971 1403 1027 bibant.
1435 973 1575 1028 Cum
1625 973 1756 1028 inde
1780 990 1872 1028 re-

264 1068 572 1118 vertuntur
623 1061 696 1115 ad
744 1061 1056 1123 ecclesiam,
1116 1062 1508 1133 unusquisque
1546 1067 1655 1116 stet
1684 1062 1741 1116 in
1772 1078 1874 1116 suo

272 1153 398 1208 loco
429 1167 620 1205 versus
676 1155 873 1205 contra
926 1150 1236 1218 orientem;
1266 1151 1500 1221 juvenes
1546 1151 1617 1205 ad
1665 1150 1874 1206 formas

268 1245 445 1308 stent,
469 1244 698 1295 cantent
724 1239 1151 1311 completorium
1188 1239 1292 1295 sub
1323 1239 1546 1294 silentio
1574 1240 1875 1311 unusquis-

264 1346 380 1401 que
410 1345 512 1401 per
529 1344 610 1383 se.

875 1417 1108 1472 CAPUT
1145 1415 1252 1471 III.

592 1509 660 1561 In
680 1509 1014 1561 Parasceven
1043 1508 1285 1576 qualiter
1312 1511 1536 1574 agatur.

336 1599 407 1655 In
437 1597 743 1651 Parasceve
791 1594 1025 1650 totidem
1084 1595 1197 1649 sint
1249 1611 1494 1649 accensae
1524 1595 1767 1650 candelae
1798 1595 1870 1650 ad

263 1693 597 1750 nocturnas,
615 1690 753 1757 quot
780 1684 982 1755 psalmi
1010 1689 1143 1737 sunt
1180 1683 1502 1754 imponendi
1528 1684 1706 1739 :facta
1717 1684 1869 1739 trina

1957 531 2130 585 dones
2163 549 2175 585 :
2211 548 2322 603 qua
2346 531 2593 603 perfecta
2619 529 2806 584 veniat
2852 528 3110 584 sacerdos
3139 528 3210 583 ad
3256 529 3454 596 altare,
3494 535 3554 586 et

1957 621 2239 674 solemnes
2269 621 2578 688 orationes,
2608 635 2730 690 quae
2768 624 2900 673 sunt
2942 619 3003 672 in
3059 618 3552 675 Sacramentorum

1953 708 2095 764 libro
2119 709 2271 764 dicat
2301 713 2396 764 :et
2440 725 2542 781 pro
2569 706 2775 763 Judais
2819 722 2931 762 non
2982 706 3203 762 dicatur
3247 709 3551 765 Flectamus

1951 813 2148 865 genua.

2025 885 2240 951 Quibus
2270 885 2479 941 exactis
2505 885 2840 941 ordinentur
2866 886 3082 958 tapetia
3109 890 3242 942 ante
3270 887 3474 957 altare,
3496 891 3555 943 et

1956 975 2213 1030 sacerdos
2242 980 2410 1030 exuat
2453 990 2515 1030 se
2561 975 2753 1029 casula
2804 979 2973 1046 atque
3002 975 3164 1039 stola,
3198 980 3255 1030 et
3283 976 3554 1033 diaconus

1957 1063 2132 1125 stola;
2167 1062 2300 1134 quia
2349 1062 2409 1117 in
2465 1062 2571 1117 hac
2620 1063 2762 1117 hora
2824 1063 2945 1118 sine
2990 1063 3182 1118 casula
3209 1080 3330 1119 esse
3365 1062 3553 1119 debet.

1954 1151 2167 1206 Deinde
2196 1155 2397 1205 exeant
2424 1151 2536 1205 duo
2564 1151 2882 1207 sacerdotes
2909 1153 2996 1207 vel
3023 1151 3264 1220 diaconi,
3292 1152 3437 1208 albis
3470 1152 3556 1207 in-

1955 1239 2076 1295 duti
2106 1243 2489 1294 sustentantes
2518 1256 2742 1295 crucem
2773 1258 2894 1312 quae
2919 1242 3103 1296 velata
3121 1257 3242 1296 esse
3261 1240 3446 1308 debet,
3469 1258 3555 1297 re-

1954 1333 2042 1383 tro
2072 1328 2249 1383 altare
2279 1334 2543 1383 canentes
2570 1345 2814 1395 versum,
2842 1333 3043 1398 Popule
3074 1347 3247 1387 meus.
3265 1331 3559 1386 Haeccom-

1954 1417 2149 1471 munia
2174 1417 2286 1471 sint
2313 1422 2443 1472 ante
2471 1418 2683 1482 altare;
2717 1418 2828 1473 duo
2856 1417 2998 1472 albis
3025 1418 3112 1472 vel
3146 1429 3262 1472 tres
3290 1417 3555 1472 similiter

1953 1506 2137 1560 induti
2199 1506 2389 1560 Graece
2445 1506 2869 1577 respondentes,
2903 1504 3039 1577 ἅγιος
3069 1505 3097 1559 6
3145 1503 3276 1568 Θεὸς
3304 1523 3316 1560 :
3351 1505 3554 1561 deinde

1952 1595 2135 1650 clerus
2162 1594 2362 1650 Latine
2412 1612 2755 1666 prosequens
2799 1595 3075 1660 decantet,
3105 1594 3344 1651 Sanctus
3394 1594 3550 1655 Deus,

1948 1684 2184 1741 Sanctus
2231 1686 2433 1751 fortis:
2464 1684 2596 1738 inde
2642 1684 2774 1752 duu,
2808 1684 2906 1755 qui
2952 1699 3172 1739 crucem
3233 1684 3556 1739 sustentant

266 1776 530 1832 oratione
594 1778 1021 1847 perstrepentur
1072 1772 1279 1827 tabulae
1335 1772 1456 1827 loco
1487 1774 1775 1843 signorum
1806 1774 1864 1828 in
1881 1799 1928 1857 Β
1949 1778 2235 1827 moventes
2257 1789 2318 1827 se
2336 1771 2592 1827 deferant
2620 1789 2841 1827 crucem
2868 1772 3284 1843 aliquantulum
3306 1771 3367 1826 in
3384 1777 3554 1827 antea

264 1867 541 1921 claustro.
564 1863 755 1918 Lectio
777 1862 1197 1933 adingressum,
1231 1863 1296 1916 Et
1317 1863 1604 1916 recordata
1634 1868 1708 1916 est
1736 1865 1867 1917 Hie-

264 1958 537 2011 rusalem.
562 1969 628 2006 ex
643 1950 1022 2006 Hieremia.In
1050 1951 1313 2016 secundo,
1339 1952 1753 2005 Considerantes
1772 1968 1871 2005 au-

265 2047 408 2109 tem,
440 2058 506 2096 ex
530 2045 775 2096 tractatu
808 2039 958 2094 beati
1001 2039 1323 2110 Augustini.
1365 2040 1620 2094 Tertium
1648 2045 1872 2095 noctur-

264 2147 412 2187 num
439 2131 663 2201 legatur
690 2129 759 2183 de
806 2129 1057 2200 Epistola
1098 2129 1168 2183 ad
1218 2128 1500 2194 Hebraeos,
1533 2130 1869 2184 Festinemus

263 2221 500 2287 ingredi
524 2237 541 2281 ;
573 2218 789 2289 reliqua
816 2218 927 2272 alia
954 2218 1100 2272 sicut
1127 2234 1317 2289 supra.
1340 2217 1443 2272 Die
1470 2218 1581 2272 ista
1602 2218 1701 2272 sed
1727 2217 1867 2273 Sab-

1952 1868 2219 1916 canentes
2247 1861 2452 1915 iterum
2483 1862 2838 1930 versiculum,
2867 1863 2974 1929 Qui
2993 1863 3184 1915 eduxit
3215 1866 3281 1916 te.
3306 1860 3555 1931 Respon-

1954 1949 2126 2003 deant
2144 1949 2276 2013 duo,
2301 1947 2438 2021 ἅγιος
2469 1949 2496 2003 6
2520 1947 2652 2012 Θεὸς
2689 1968 2701 2004 :
2730 1966 2795 2004 ac
2853 1950 3055 2003 deinde
3108 1949 3310 2017 clerus,
3355 1948 3555 2004 subse-

1955 2044 2195 2110 quatur:
2227 2038 2465 2094 Sanctus
2479 2040 2620 2093 Deus
2654 2057 2670 2092 :
2691 2039 2896 2093 iterum
2922 2054 3051 2093 vero
3072 2039 3167 2109 qui
3187 2055 3410 2093 crucem
3434 2054 3556 2093 sus-

1951 2132 2173 2182 tentant
2191 2127 2518 2182 accedentes
2546 2144 2720 2199 prope
2740 2128 2919 2182 altare
2939 2132 3165 2194 canant,
3199 2128 3344 2195 Quid
3372 2130 3551 2183 ultra.

1950 2216 2350 2288 Respondeant
2374 2217 2506 2281 duo,
2541 2215 2678 2288 ἅγιος
2707 2216 2735 2269 6
2781 2215 2914 2279 Θεὸς
2945 2230 3046 2270 :ac
3074 2215 3277 2270 deinde
3320 2216 3503 2271 clerus
3533 2232 3547 2269 :

262 2307 401 2362 bato
442 2307 611 2362 horas
656 2306 760 2361 sub
808 2306 1031 2361 silentio
1061 2307 1270 2372 dicant,
1325 2307 1663 2377 regulariter
1690 2307 1866 2362 versis
1947 2305 2183 2361 Sanctus
2208 2307 2369 2360 Deus.
2394 2305 2550 2360 Tunc
2572 2305 2682 2376 ipsi
2709 2305 2822 2359 duo
2858 2305 2952 2377 qui
2982 2319 3205 2359 crucem
3233 2309 3432 2359 tenent
3453 2320 3553 2359 ve-

263 2395 518 2452 vultibus
541 2396 610 2450 ad
632 2396 830 2449 altare.
856 2396 1096 2450 Iuvenes
1111 2395 1182 2448 ad
1212 2394 1421 2449 formas
1448 2400 1600 2450 stent
1632 2414 1645 2449 :
1670 2397 1865 2450 Domi-
1947 2394 2166 2449 nientes
2190 2399 2321 2448 ante
2352 2394 2551 2460 altare,
2591 2410 2929 2465 crucemque
2976 2394 3255 2449 nudantes
3282 2392 3555 2465 incipiant

262 2503 377 2542 nus
400 2486 675 2540 vobiscum
704 2500 983 2555 nusquam
1012 2484 1234 2538 dicatur
1262 2500 1362 2555 pro
1393 2484 1499 2537 hac
1527 2484 1641 2551 die;
1663 2485 1734 2539 ad
1758 2485 1869 2556 pri-
1952 2483 2340 2555 antiphonam,
2372 2485 2501 2539 Ecce
2522 2486 2743 2552 lignum
2775 2485 2977 2537 crucis.
3004 2482 3191 2537 Finita
3219 2482 3553 2555 antiphona,

262 2592 424 2633 mam
453 2575 680 2629 veniant
708 2573 1035 2639 discalciati,
1069 2589 1238 2644 quam
1268 2573 1458 2627 dicant
1493 2572 1597 2627 sub
1627 2573 1868 2628 silentio.
1954 2573 2158 2627 chorus
2188 2572 2358 2639 dicat,
2399 2574 2592 2633 Venite,
2627 2574 2962 2639 exultemus,
2987 2571 3075 2626 vel
3103 2574 3255 2626 Beati
3272 2574 3551 2626 immacu-

262 2664 594 2735 Antiphona
638 2680 704 2717 ex
749 2662 1049 2733 Evangelia
1074 2661 1252 2733 ipsius
1307 2661 1441 2723 diei,
1472 2662 1618 2716 sicut
1645 2662 1736 2717 die
1774 2662 1871 2717 illa
1955 2665 2078 2717 lati.
2110 2663 2267 2717 Tunc
2297 2662 2596 2733 projiciant
2624 2678 2684 2715 se
2737 2677 2931 2715 omnes
2954 2661 3014 2715 in
3055 2666 3211 2716 terra
3248 2662 3552 2716 adorantes

266 2754 343 2808 ad
361 2754 534 2808 horas
562 2752 959 2824 praemiserunt
987 2752 1056 2806 de
1100 2751 1247 2818 suis;
1270 2751 1352 2805 ita
1386 2756 1444 2805 et
1469 2750 1713 2805 Sabbato
1743 2768 1868 2805 san-
1948 2756 2201 2806 sanctam
2222 2767 2441 2806 crucem
2466 2768 2480 2817 ;
2512 2750 2760 2821 dumque
2786 2750 3072 2816 adoratur,
3100 2750 3211 2804 duo
3230 2749 3315 2804 illi
3333 2754 3553 2805 susten-

266 2848 361 2898 cto
391 2841 463 2895 de
490 2840 901 2912 proprietaneis
927 2839 1249 2910 antiphonis
1277 2844 1706 2911 prosequantur.
1733 2840 1869 2895 Post
1948 2844 2073 2895 tent
2090 2854 2331 2905 crucem,
2369 2854 2660 2910 quousque
2690 2836 2787 2892 alii
2811 2836 3039 2892 veniant
3064 2842 3122 2892 et
3151 2837 3260 2908 ipsi
3296 2837 3370 2891 ad
3416 2837 3551 2892 ado-

261 2931 513 3005 primam
545 2931 732 2984 dicant
754 2934 967 3000 septem
995 2930 1240 2999 psalmos
1284 2929 1674 2995 communiter,
1707 2934 1764 2983 et
1791 2928 1867 2983 li-
1948 2928 2433 2983 randum.Chorus
2447 2927 2814 2998 antiphonam
2832 2926 3346 2993 decantet,0rucem
3367 2932 3546 2981 tuam.

265 3020 510 3075 taniam.
570 3019 850 3074 Exeuntes
884 3017 1259 3072 communiter
1301 3017 1505 3071 fratres
1558 3018 1750 3072 dicant
1808 3017 1924 3088 in“
1947 3017 2084 3072 Post
2103 3017 2439 3088 antiphonas
2470 3022 2743 3071 canentur
2770 3015 2829 3070 hi
2855 3031 3069 3083 versus,
3103 3015 3254 3070 Orum
3280 3016 3477 3083 ﬁdelis,
3491 3019 3549 3070 et

265 3110 518 3165 claustro
548 3107 881 3163 Psalterium
914 3124 979 3161 ex
1024 3107 1266 3177 integro,
1296 3108 1537 3161 Laudate
1568 3069 1926 3161 DominumC
1948 3107 2044 3160 alii
2072 3069 2242 3160 sicuti
2264 3106 2460 3177 scripti
2488 3111 2639 3160 sunt.

264 3199 331 3253 de
350 3199 498 3252 catis
519 3213 715 3268 usque.
754 3196 863 3251 Sed
885 3202 943 3251 et
967 3196 1210 3250 infantes
1242 3212 1370 3249 cum
1392 3195 1676 3266 magistris
1706 3195 1866 3249 simi-
2021 3194 2162 3249 Cum
2192 3211 2323 3249 vero
2351 3211 2385 3248 a
2432 3195 2552 3249 loco
2604 3194 2703 3249 ubi
2757 3194 2992 3249 adorata
3018 3199 3104 3249 est
3140 3193 3377 3262 tollitur,
3405 3198 3464 3249 et
3486 3194 3547 3249 in

265 3285 402 3341 liter
431 3285 657 3339 faciant.
720 3285 952 3339 Coronae
1008 3289 1066 3337 et
1119 3299 1313 3337 omnes
1362 3298 1554 3337 cruces
1583 3283 1867 3355 discoope-
1946 3283 2068 3338 loco
2096 3282 2333 3354 erigitur
2358 3282 2647 3354 disposito,
2695 3283 2815 3337 haec
2855 3282 3163 3354 antiphona
3198 3282 3546 3355 imponatur,

264 3375 491 3430 riantur
549 3378 680 3428 ante
725 3372 990 3439 tertiam;
1032 3371 1154 3426 istis
1208 3387 1453 3443 namque
1506 3371 1723 3426 duobus
1753 3371 1868 3426 die-
1948 3371 2126 3441 Super
2155 3375 2345 3425 omnia
2377 3375 2530 3440 ligna
2561 3372 2870 3429 cedrorum.
2900 3371 3023 3437 Qua
3064 3377 3295 3443 peracta
3311 3370 3548 3427 abluant

261 3464 391 3531 bus,
428 3464 614 3534 majus
676 3463 778 3516 ﬂat
816 3461 1194 3528 intervallum,
1228 3477 1398 3532 quam
1450 3460 1601 3515 soliti
1641 3465 1775 3516 sunt
1803 3477 1866 3516 a-
1950 3476 2151 3515 manus
2179 3476 2309 3515 suas
2337 3460 2448 3515 duo
2483 3460 2815 3532 presbyteri,
2847 3466 2903 3514 et
2947 3460 3217 3515 diaconus
3248 3461 3344 3532 qui
3381 3457 3548 3516 debet

261 3568 430 3625 gere.
1951 3566 2153 3621 corpus
2176 3548 2404 3603 Domini
2435 3554 2700 3613 tractare,
2740 3548 2946 3603 casulis
2977 3547 3161 3604 induti
3191 3550 3279 3604 vel
3308 3551 3538 3622 cappis:

335 3643 479 3697 Post
507 3656 714 3695 nonam
756 3657 889 3695 vero
916 3641 1230 3696 vestiantur
1256 3638 1397 3695 albis
1436 3638 1538 3704 illi,
1566 3638 1665 3708 qui
1701 3638 1864 3693 obse-
1946 3639 2017 3693 ad
2040 3654 2198 3692 aram
2220 3638 2584 3693 constitutam
2612 3637 2841 3693 veniant
2858 3654 2984 3692 cum
3001 3637 3354 3693 candelabris
3374 3645 3545 3711 atque

263 3729 466 3803 quium
497 3745 664 3800 agere
689 3728 896 3783 debent
947 3729 1211 3793 ecclesiae,
1240 3734 1298 3783 et
1324 3728 1564 3782 infantes
1593 3727 1722 3785 toti.
1752 3728 1864 3781 Re-
1943 3727 2191 3789 incenso,
2225 3733 2283 3782 et
2310 3727 2571 3781 ordinent
2590 3726 2666 3780 ibi
2688 3727 2914 3782 calicem
2945 3743 3074 3782 cum
3093 3728 3291 3782 vinoet
3318 3744 3468 3800 aqua
3486 3729 3547 3785 in

261 3817 615 3873 vertentibus
640 3834 706 3871 ex
743 3817 872 3888 igne
926 3816 1238 3885 benedicta,
1259 3816 1412 3888 prior
1439 3815 1605 3870 debet
1635 3820 1860 3886 portare
1944 3816 2068 3887 ipso
2090 3816 2295 3881 infusa,
2325 3821 2381 3870 et
2411 3814 2740 3869 conﬁciatur
2787 3815 3013 3869 Domini
3061 3832 3283 3888 corpus.
3317 3817 3445 3872 Mox
3479 3823 3546 3873 ut

258 3908 478 3963 lumen.
523 3906 677 3960 Illico
698 3911 763 3960 ut
788 3907 1042 3977 perventi
1079 3908 1178 3976 (ita
1198 3908 1344 3975 mss.)
1366 3903 1650 3958 fuerintin
1671 3904 1859 3971 choro,
1945 3905 2257 3976 perfectum
2289 3903 2606 3969 habuerint,
2636 3909 2696 3958 et
2720 3904 2990 3974 cmperint
3009 3920 3243 3975 pergere
3272 3905 3345 3960 ad
3365 3906 3545 3962 altare

260 3995 642 4051 subdiaconus
690 3995 840 4050 dicat
884 3996 1180 4050 lectionem
1233 3994 1548 4059 Hieremiae,
1573 3995 1695 4047 Hac
1727 3994 1863 4046 dicit
1944 3994 2136 4063 majus
2164 3993 2224 4047 in
2254 4009 2364 4063 quo
2421 3993 2737 4046 ordinatam
2785 3991 3031 4047 habeant
3056 3994 3349 4049 sindonem
3372 4001 3544 4066 atque

261 4088 536 4141 Dominus
550 4087 691 4139 Deus
718 4088 820 4140 :[n
843 4087 1203 4140 tribulatione
1230 4100 1334 4137 sua
1356 4099 1520 4137 mane
1531 4086 1861 4149 consurgent
1944 4082 2251 4153 corporale,
2279 4080 2427 4134 illico
2455 4086 2817 4151 prosternant
2843 4098 2904 4135 se
2932 4096 3128 4136 omnes
3160 4098 3172 4134 :
3205 4081 3343 4136 item
3364 4088 3421 4137 et
3448 4099 3542 4138 sa-

261 4175 334 4227 ad
350 4173 903 4230 me.Revertentibus
925 4190 989 4226 ex
1004 4173 1135 4244 igne
1166 4171 1478 4238 benedicto,
1523 4170 1746 4224 veniant
1776 4186 1863 4224 sa—
1946 4170 2142 4225 cerdos
2171 4170 2410 4241 accipiat
2435 4168 2787 4224 thuribulum
2827 4174 2884 4223 et
2911 4169 3139 4224 calicem
3167 4170 3421 4226 incenset
3450 4176 3541 4226 at-

263 4262 524 4315 cerdotes
554 4262 623 4316 de
653 4262 897 4316 sacrario
940 4279 1065 4317 cum
1120 4261 1293 4316 sacris
1324 4259 1610 4314 ordinibus
1630 4275 1755 4313 cum
1790 4259 1866 4314 si-
1947 4277 2055 4332 que
2083 4261 2196 4314 alte
2220 4260 2371 4315 dicat
2398 4260 2625 4314 Oremus
2656 4279 2670 4314 :
2711 4262 2994 4328 Praeceptis
3035 4261 3399 4316 salutaribus.
3445 4262 3543 4316 Pa-

260 4350 440 4405 lentio
478 4350 621 4404 nihil
649 4356 913 4405 canentes
952 4351 1023 4405 ad
1074 4351 1271 4415 altare,
1305 4349 1652 4420 postulantes
1677 4364 1776 4419 pro
1805 4365 1864 4402 se
1948 4356 2031 4403 ter
2060 4348 2510 4414 noster.Deinde,
2544 4349 2735 4403 Libera
2764 4364 2882 4413 nos,
2922 4364 3253 4416 quaesumus,
3287 4350 3536 4413 Domine,

262 4440 437 4496 orari.
466 4440 615 4494 Dum
662 4440 811 4495 facta
834 4440 1006 4495 fuerit
1034 4440 1304 4494 confessio
1334 4455 1461 4492 cum
1495 4437 1663 4493 levita
1690 4437 1858 4502 dicat,
1877 4425 1926 4483 D
1944 4437 2047 4492 sub
2074 4437 2317 4492 silentio.
2377 4436 2766 4508 Subsequatur
2806 4437 2937 4500 alte,
2968 4437 3072 4490 Per
3098 4438 3291 4491 omnia
3341 4442 3542 4493 saecula

265 4530 520 4594 Oremus,
546 4529 813 4583 diaconus
840 4529 1185 4600 pronuntiet,
1221 4530 1521 4584 Flectamus
1564 4541 1763 4593 genua,
1807 4530 1864 4581 et
1944 4528 2277 4581 saeculorum
2303 4531 2361 4580 et
2388 4525 2580 4579 mittat
2626 4541 2828 4595 corpus
2872 4524 3097 4580 Domini
3143 4525 3203 4580 in
3244 4525 3394 4581 vino.
3425 4530 3543 4583 Paw

261 4626 392 4690 post
422 4616 716 4688 paululum
747 4617 916 4679 dicat,
957 4618 1142 4671 Lecale
1166 4619 1211 4683 (1
1231 4615 1272 4684 l)
1300 4635 1314 4683 ;
1368 4622 1425 4670 et
1451 4614 1710 4669 sacerdos
1738 4630 1863 4685 pro-
1943 4617 2173 4670 Domini
2200 4614 2615 4685 praetermittat.
2654 4613 2867 4668 Deinde
2898 4630 3001 4684 per
3022 4614 3278 4669 ordinem
3312 4616 3545 4673 veniant

264 4688 386 4761 mat
432 4706 579 4759 hanc
612 4705 944 4770 orationem,
962 4708 1103 4760 Deus
1123 4722 1158 4759 a
1190 4688 1295 4774 quo
1315 4709 1365 4758 et
1392 4706 1585 4759 ludas.
1616 4702 1862 4774 Prophe-
1944 4720 2139 4758 omnes
2160 4703 2231 4757 ad
2261 4702 2813 4767 communicandum,
2837 4702 3010 4757 etiam
3040 4702 3302 4771 infantes,
3335 4710 3394 4759 et
3412 4721 3543 4761 cum

266 4795 362 4861 tia,
388 4796 513 4849 Haec
541 4795 675 4848 dicit
702 4796 995 4852 Dominus.
1051 4794 1303 4859 Tractus,
1350 4796 1592 4857 Domine,
1644 4794 1859 4847 audivi.
1945 4791 2343 4846 communicati
2371 4790 2603 4854 fuerint,
2626 4802 2861 4845 sonetur
2886 4790 3098 4856 tabula,
3131 4791 3391 4865 factaque
3420 4810 3550 4850 ora-

265 4883 426 4937 Tunc
443 4883 722 4953 praecedat
739 4883 999 4937 sacerdos
1032 4893 1090 4937 et
1116 4882 1265 4937 dicat
1291 4883 1361 4937 ad
1389 4883 1586 4948 altare,
1614 4883 1860 4937 Oremus.
1944 4880 2097 4935 tione
2125 4881 2311 4934 lavent
2335 4880 2504 4951 pedes
2542 4896 2693 4947 suos,
2724 4885 2783 4934 et
2828 4880 3067 4934 calcient
3115 4886 3174 4936 et
3200 4888 3545 4938 revertentes

263 4971 466 5027 Levita
506 4972 853 5042 pronuntiet,
880 4973 1182 5025 Flectamus
1211 4988 1413 5040 genua.
1434 4971 1693 5037 Oremus,
1722 4973 1865 5025 Deus

263 5064 365 5129 qui
382 5062 591 5129 peccati
601 5063 815 5113 veteris.
848 5059 1038 5114 Lectio
1072 5059 1142 5113 de
1173 5059 1376 5125 Exodo,
1413 5061 1567 5114 Dixit
1595 5060 1865 5113 Dominus

262 5150 339 5202 ad
368 5150 608 5216 Moysen.
638 5148 894 5212 Tractus,
915 5150 1077 5217 Eripe
1097 5165 1200 5211 me,
1215 5151 1462 5203 Domine.
1490 5148 1760 5203 Similiter
1775 5164 1866 5201 re-

174 5228 175 5235 “
265 5235 578 5308 capitulent
602 5252 704 5306 per
747 5252 1207 5307 unumquemque
1251 5252 1494 5291 versum.
1527 5237 1719 5290 Passio
1745 5234 1866 5289 sine

266 5324 609 5381 salutatione
635 5324 876 5395 legatur.
902 5326 1042 5379 Cum
1055 5330 1246 5379 autem
1260 5325 1464 5380 dixerit
1491 5324 1707 5395 ille,qui
1728 5323 1866 5395 legit

266 5429 515 5479 versum,
545 5414 866 5467 Diviserunt
904 5416 1013 5468 sibi
1050 5417 1371 5468 vestimenta
1410 5430 1550 5480 mea,
1574 5412 1861 5467 venientes

1947 4970 2017 5024 ad
2047 4969 2338 5024 ecclesiam
2392 4968 2793 5039 pulsantesque
2844 4983 3038 5024 omnes
3086 4969 3306 5025 tabulas
3353 4971 3546 5026 dicant

1946 5074 2208 5129 vesperas
2235 5056 2339 5111 sub
2360 5057 2583 5111 silentio
2612 5056 3001 5128 unusquisque
3029 5057 3155 5112 sibi.
3196 5058 3540 5130 Antiphona,

1949 5147 2086 5204 Cum
2101 5148 2188 5200 his
2216 5149 2333 5214 qui.
2353 5145 2500 5200 Psal.
2523 5145 2611 5202 Ad
2628 5147 2951 5201 Dominum.
2970 5146 3312 5217 Antiphona.
3340 5149 3420 5202 Ab
3444 5147 3544 5201 ho-

1948 5237 2440 5304 minibusiniquis.
2461 5234 2743 5301 Psalmus,
2781 5237 2945 5303 Eripe
2974 5251 3076 5297 me,
3110 5237 3358 5289 Domine.
3389 5234 3547 5289 Anti-

1947 5322 2157 5393 phona,
2180 5322 2402 5377 Custodi
2420 5338 2505 5375 me
2543 5338 2580 5374 a
2619 5324 2824 5390 laqueo.
2852 5320 3127 5383 Psalmus,
3155 5321 3403 5385 Domine,
3436 5324 3547 5376 ela-

1948 5414 2119 5465 mavi.
2141 5410 2487 5481 Antiphona,
2510 5408 3219 5465 Considerabam.Psalmus
3252 5409 3371 5464 Voce
3398 5425 3541 5478 mea,

346 5571 459 5639 (ll)
489 5571 641 5627 Nota
661 5571 814 5628 idem
846 5571 1118 5629 diaconus
1142 5577 1447 5643 utrumque
1476 5570 1715 5638 dicebat,
1748 5571 2052 5628 Flectamus
2079 5585 2261 5640 genua
2289 5573 2348 5624 et
2376 5571 2561 5634 levate,
2589 5566 2929 5622 subdiacono
2954 5570 3195 5621 tacente.
