3886 6172
447 270 602 365 ίροτ’

1512 305 1865 364 GUIDONIS
1903 301 2209 361 ABBATIS
2247 300 2646 359 FARFENSIS

3520 304 3635 363 12m

432 435 506 489 et
536 428 810 503 incipiant
827 429 1214 502 antiphonam,
1236 432 1477 499 Angelus
1505 438 1691 487 autem
1724 434 1966 498 Domini,
1982 436 2039 487 et
2055 430 2233 493 Atria
2262 426 2599 483 candelabra
2626 427 2759 482 sint.
2790 425 2876 481 Ad
2904 441 3161 498 vesperas
3184 427 3400 481 Alleluia
3422 429 3634 498 quemad-

449 520 573 576 alia
602 538 724 592 qua
744 526 1078 591 sequuntur,
1098 526 1321 576 tantum
1342 538 1512 576 unam
1536 522 1790 577 canendo
1812 538 1913 593 per
1931 521 2043 575 sin-
2122 518 2353 572 modum
2398 517 2595 571 diatim
2638 516 2745 583 (19)
2791 516 3048 570 ordinate
3096 522 3225 570 sunt
3250 516 3383 569 soliti
3405 516 3642 587 imponere

447 610 610 681 gulos
638 609 757 663 dies
784 608 1221 664 hebdomadario
1239 610 1561 681 incipiente.
1598 611 1866 665 Sacerdos
1890 611 1965 664 sit
1984 610 2041 664 in
2124 608 2204 660 ita
2233 605 2573 677 persolvant,
2606 611 2662 660 et
2684 604 2928 678 psalmos
2947 604 3125 677 ipsius
3153 603 3259 659 diei
3282 604 3642 661 Dominicireci-

449 714 646 770 cappa,
696 714 729 751 a
786 714 895 769 quo
932 698 1139 752 altaria
1175 698 1553 753 incensentur.
1603 699 1689 753 Ad
1736 699 1902 752 horas
1929 704 2045 752 tres
2124 701 2267 751 tent.

448 788 695 843 candela
727 806 743 841 :
774 788 844 842 ad
895 787 1292 842 matutinalem
1340 788 1573 842 missam
1622 804 1737 842 una
1772 789 2040 856 collecta;

451 878 803 933 offertorium
834 882 891 931 et
918 876 1031 931 alia
1060 876 1250 930 omnia
1270 876 1432 931 sicuti
1458 878 1548 933 die
1577 878 1869 932 Dominico
1897 878 2049 933 dicta

449 966 680 1032 fuerint,
706 967 790 1021 ita
818 966 1009 1019 dicant
1028 970 1150 1019 tota
1177 967 1512 1037 septimana,
1546 972 1749 1038 prater
1765 967 2047 1038 praefatio-

451 1072 584 1110 nem
611 1073 733 1127 qua
755 1072 868 1109 non
887 1060 973 1110 est
997 1055 1247 1109 canenda
1265 1055 1374 1109 nisi
1395 1056 1518 1109 istis
1546 1056 1745 1111 tribus.
1770 1058 1853 1110 Ad
1877 1058 2053 1128 majo-

450 1160 573 1198 rem
598 1144 713 1198 sint
743 1160 938 1197 omnes
966 1144 1287 1197 sacerdotes
1312 1151 1481 1215 atque
1512 1145 1691 1200 levita
1722 1146 1779 1199 in
1809 1146 1999 1217 cappis
2035 1162 2047 1197 :

451 1232 636 1288 tribus
679 1232 1065 1303 corporalibus
1115 1232 1295 1286 altare
1345 1233 1764 1288 circumdatur:
1809 1235 2055 1289 candela

451 1328 586 1377 ante
616 1326 674 1377 et
700 1326 852 1376 retro
875 1320 1286 1376 illuminentur.
1324 1322 1687 1376 Offertorium
1710 1340 1804 1377 sex
1829 1328 2055 1378 susten-

450 1417 576 1467 tent
604 1435 617 1481 ;
663 1412 723 1466 in
752 1411 1067 1483 expletione
1096 1410 1279 1465 missa
1318 1414 1509 1465 omnia
1544 1412 1707 1482 signa
1735 1414 2050 1484 pulsentur.

454 1500 523 1555 In
552 1500 844 1555 refectorio
875 1498 1129 1570 quotidie
1170 1499 1379 1554 faciant
1406 1501 1760 1566 charitatem,
1791 1502 2052 1556 similiter

455 1590 835 1645 collationem.
871 1589 1014 1644 Tota
1058 1589 1376 1659 septimana
1402 1589 1663 1643 dicantur
1689 1590 1760 1644 ad
1792 1606 2051 1660 vesperas

451 1678 655 1751 psalmi
708 1679 856 1732 sicut
905 1677 997 1732 die
1038 1677 1353 1741 Dominico,
1386 1694 1513 1731 cum
1544 1680 1787 1733 Alleluia
1813 1680 2054 1749 qualiter

450 1766 709 1821 voluerit.
744 1766 1014 1820 Accensio
1054 1765 1285 1819 luminis
1316 1765 1461 1819 sicut
1490 1766 1561 1819 ad
1593 1766 1845 1821 missam.

521 1854 663 1908 Aliis
710 1852 894 1907 tribus
936 1851 1132 1907 diebus
1176 1852 1553 1907 mediocriter.
1605 1855 1691 1907 Ad
1722 1854 2051 1910 nocturnale

450 1942 702 1997 officium
755 1941 871 1996 sint
907 1941 1019 1997 tria
1068 1941 1408 1995 candelabra
1440 1946 1571 1995 ante
1601 1959 1758 1995 aram
1797 1948 1854 1997 et
1901 1950 2053 1998 retro

449 2047 648 2087 unum.
676 2030 743 2086 In
778 2030 1210 2087 matutinalibus
1240 2030 1616 2103 pulsabuntur
1644 2033 1834 2087 omnia
1870 2034 2051 2104 signa.

451 2120 701 2175 Candela
727 2136 842 2173 una
872 2125 1150 2189 augeatur
1188 2124 1246 2173 et
1289 2119 1484 2173 tabula
1518 2119 1994 2191 discooperiatur;
2018 2139 2053 2177 a

449 2208 640 2280 pueris
650 2212 838 2261 autem
856 2206 1278 2277 responsorium
1292 2207 1373 2259 vel
1394 2209 1717 2261 Benedicam
1728 2226 1791 2262 us
1818 2212 2052 2265 Domino

449 2296 512 2352 in
540 2302 673 2351 ante
714 2312 829 2350 non
877 2295 1188 2366 peragitur,
1220 2295 1317 2349 sed
1340 2295 1397 2348 in
1426 2295 1546 2349 loco
1576 2312 1678 2349 suo
1707 2298 1913 2367 agitur.
1947 2299 2051 2353 Sa-

450 2385 647 2441 cerdos
673 2384 799 2438 alba
841 2384 1074 2438 indutus
1125 2383 1200 2438 ad
1240 2384 1667 2441 incensandum.
1701 2386 2052 2443 Philacteria

451 2474 908 2546 superstolantur
931 2472 1060 2539 (18),
1085 2480 1140 2527 et
1152 2473 1366 2545 tapetia
1392 2490 1456 2527 ex
1483 2473 1678 2528 formis
1698 2476 2048 2535 auferantur.

451 2563 538 2619 Ad
569 2563 962 2617 matutinalem
986 2563 1217 2616 missam
1241 2578 1438 2616 omnes
1468 2563 1710 2618 collecta
1741 2570 1804 2618 ut
1823 2565 2051 2621 solitum

453 2656 559 2716 est,
604 2651 891 2708 dicantur.
934 2651 1021 2705 Ad
1067 2652 1339 2721 majorem
1370 2651 1578 2705 faciant
1606 2652 1777 2707 veluti
1805 2670 1940 2707 usus
1967 2660 2054 2709 est

455 2755 625 2810 agere
651 2738 710 2792 in
724 2737 830 2793 XII
859 2739 1216 2803 lectionibus,
1240 2744 1295 2793 et
1311 2739 1381 2794 de
1402 2740 1751 2796 candelabris
1765 2742 2049 2800 similiter.

453 2826 715 2882 Prafatio
736 2827 1205 2898 pratermittitur.

527 2917 782 2971 SABBATO
814 2931 869 2970 IN
899 2930 1072 2978 suus,
1089 2916 1504 2984 Invitatorium,
1519 2920 1555 2973 Α
1570 2918 1830 2982 lleluz’a,A
1842 2922 2050 2974 lleluia.

2728 785 2960 840 CAPUT
2996 785 3119 841 VII.

2594 875 2798 929 Pascha
2819 878 3096 928 annotina
3126 872 3256 941 (£0).

2204 964 2469 1019 Sanctum
2500 963 2715 1017 Pascha
2741 964 2888 1034 quod
2918 963 3200 1034 praeterito
3226 978 3363 1017 anno
3400 963 3648 1019 celebravi-

2132 1069 2277 1119 mus,
2308 1053 2431 1106 siin
2458 1053 2890 1123 quadragesima
2910 1052 3233 1119 occurrerit,
3256 1052 3540 1106 nullatenus
3562 1052 3648 1122 agi.

2132 1147 2227 1196 tur
2260 1161 2270 1195 :
2302 1142 2349 1195 si
2385 1158 2514 1195 vero
2543 1147 2670 1213 post
2723 1141 2939 1195 Pascha
2987 1141 3273 1195 inventum
3300 1141 3470 1203 fuerit,
3505 1158 3648 1208 omne,

2138 1231 2610 1302 quemadmodum
2648 1231 2705 1284 in
2736 1230 2959 1284 Domini
2988 1230 3383 1284 resurrectione
3406 1230 3651 1284 decantan-

2137 1321 2271 1374 dum
2301 1326 2404 1385 est,
2437 1321 2518 1375 ita
2542 1321 2947 1392 adimpleatur;
2980 1325 3182 1391 prater
3207 1319 3523 1389 evangelium
3542 1319 3654 1389 quod

2137 1409 2345 1479 legitur
2372 1428 2383 1462 :
2418 1411 2555 1464 Erat
2585 1411 2744 1463 homo
2774 1427 2838 1463 er
2883 1410 3195 1463 Pharisan’s.
3242 1408 3458 1472 Quando
3483 1408 3530 1461 in
3554 1409 3656 1461 duo-

2134 1498 2313 1552 decim
2344 1499 2609 1552 lectiones
2631 1498 2901 1561 evenerit,
2919 1497 3269 1552 matutinalis
3281 1513 3428 1551 sacra
3449 1496 3660 1566 indeaga-

2132 1592 2247 1652 tur,
2280 1593 2338 1641 et
2364 1587 2411 1640 si
2434 1588 2492 1640 in
2524 1586 2867 1657 quotidianis
2896 1586 3094 1641 diebus
3125 1586 3502 1651 adventaverit,
3530 1587 3660 1655 majo-

2136 1692 2253 1729 rem
2287 1676 2517 1729 missam
2550 1674 2833 1729 celebrent
2852 1692 2915 1729 ex
2942 1692 3027 1732 eo.

2070 1752 2117 1812 Β
2208 1765 2349 1819 Cum
2372 1769 2577 1818 octava
2608 1764 2830 1819 Pascha
2850 1764 3143 1818 celebrata
3174 1764 3395 1830 fuerint,
3425 1764 3517 1817 hoc
3539 1762 3665 1816 modo

2133 1858 2308 1923 agant
2356 1853 2586 1923 privatis
2614 1852 2814 1906 diebus
2847 1874 2858 1906 :
2888 1869 3015 1906 mox
3044 1858 3109 1907 ut
3138 1852 3465 1924 expleverint
3487 1856 3667 1904 noctur-

2134 1942 2262 1996 nale
2292 1940 2643 2012 obsequium,
2669 1946 2869 1995 sonent
2889 1941 3133 2011 signum,
3157 1947 3215 1995 et
3233 1940 3501 1995 matutina
3517 1939 3669 1994 laudes

2137 2030 2562 2085 inchoentur.In
2595 2031 2700 2085 hoc
2728 2048 2971 2102 namque
3000 2032 3121 2086 loco
3143 2032 3464 2102 priusquam
3490 2029 3584 2083 alia
3604 2028 3669 2081 in-

2135 2136 2409 2185 seramus,
2434 2120 2627 2191 aliqua
2642 2120 3022 2175 locutiuncula
3038 2121 3373 2192 perdignum
3395 2118 3613 2173 ducimus
3626 2121 3674 2170 ut

2135 2208 2408 2262 dicamus.
2434 2208 2611 2262 Erunt
2640 2208 2827 2262 forsan
2857 2209 3114 2263 nonnulli
3164 2208 3262 2280 qui
3284 2209 3397 2262 hac
3419 2207 3671 2277 inquirant,

2135 2314 2247 2368 qua
2277 2297 2494 2351 ratione
2517 2297 2873 2352 intervallum
2904 2314 3016 2351 non
3047 2298 3127 2352 fit.
3153 2299 3299 2352 sicut
3322 2296 3502 2367 regula
3522 2293 3676 2366 praci-

2135 2387 2219 2457 pit
2238 2385 2265 2437 ?
2287 2387 2638 2457 Respondeo,
2663 2392 2795 2440 sunt
2816 2386 3024 2457 quippe
3039 2386 3299 2440 nonnulli
3322 2386 3509 2439 fratres
3526 2383 3603 2454 qui
3617 2382 3677 2435 di-

2135 2492 2294 2529 verso
2324 2475 2519 2529 morbo
2539 2475 2817 2539 laborant,
2851 2476 2998 2545 quod
3021 2480 3402 2529 antecessores
3426 2472 3581 2528 nostri
3598 2470 3679 2525 uti-

2136 2564 2265 2617 liter
2296 2564 2687 2635 praviderunt,
2711 2564 2855 2617 hanc
2871 2564 3269 2618 discretionem
3288 2560 3680 2634 habere[haben-

2135 2652 2317 2725 dam],
2350 2662 2413 2706 ut
2444 2653 2514 2706 ad
2554 2653 2882 2707 nocturnale
2911 2653 3243 2724 obsequium
3275 2670 3397 2706 mox
3431 2657 3489 2706 ut
3512 2650 3680 2704 dictum

2136 2742 2325 2807 fuerit,
2363 2744 2557 2803 Venite,
2578 2744 2882 2796 exaltemus
2902 2744 3136 2796 Domino
3162 2762 3183 2797 :
3209 2743 3267 2796 in
3287 2740 3677 2804 laudibus,l)eus,

2140 2833 2476 2883 misereatur
2498 2833 2694 2895 nostri,
2728 2836 2929 2884 exeant
2956 2830 3040 2883 illi
3061 2831 3158 2902 qui
3181 2831 3447 2901 indigent,
3475 2836 3524 2882 et
3541 2843 3685 2882 rever-

2139 2924 2358 2986 tantur,
2384 2924 2552 2990 prout
2582 2919 2687 2990 ipsi
2718 2919 3008 2990 potuerint
3032 2938 3044 2985 ;
3073 2936 3176 2990 pro
3210 2920 3320 2973 alia
3344 2920 3520 2989 aliqua
3536 2916 3681 2990 [supp.

452 3004 521 3059 In
554 3004 837 3067 laudibus,
862 3004 976 3058 sive
1002 3006 1247 3076 vesperis
1279 3008 1635 3077 responsoria
1659 3006 1848 3061 brevia
1868 3009 2058 3078 qualia
2078 3069 2114 3079 _
2140 3024 2201 3061 re
2232 3013 2331 3060 aut
2360 3005 2549 3079 causa]
2574 3008 2725 3061 nullo
2756 3008 2922 3061 modo
2961 3024 3258 3062 assensum
3283 3009 3505 3061 damus:
3551 3005 3684 3058 etiam

453 3093 738 3147 voluerint
786 3069 1142 3148 Paschalium
1177 3113 1188 3147 ε
1230 3069 1474 3150 Alleluia
1505 3102 1621 3149 tam
1670 3095 1727 3149 in
1766 3069 2116 3152 nocturnisC
2140 3096 2284 3158 illos,
2310 3096 2405 3166 qui
2426 3069 2753 3167 frequenter
2779 3097 2883 3150 hoc
2901 3102 3096 3166 agunt,
3119 3096 3467 3168 corripimus.
3497 3096 3688 3164 Insuper

460 3197 631 3253 quam
662 3182 817 3235 horis
859 3199 961 3252 per
1006 3183 1257 3252 singulos
1298 3182 1418 3237 dies
1446 3183 1766 3249 decantent,
1797 3185 2059 3240 similiter

455 3286 652 3324 versus
682 3270 778 3341 qui
802 3275 936 3325 sunt
966 3272 1224 3325 annotati
1246 3272 1565 3342 ipsiusdiei.
1588 3273 1652 3326 In
1668 3273 1929 3344 Vesperis
1944 3274 2058 3329 sint

459 3360 709 3431 quinque
760 3358 1097 3414 candelabra
1142 3365 1274 3413 ante
1321 3376 1498 3427 aram,
1541 3362 1820 3432 posterius
1883 3363 2054 3419 trina.

461 3447 717 3502 Psalmos
746 3448 1043 3519 imponant
1088 3449 1487 3515 Conﬁteantur.
1536 3451 1879 3521 Antiphone.
1921 3451 2060 3505 Cum

459 3542 591 3590 esset
619 3551 737 3589 sero
758 3553 775 3598 ;
808 3552 1053 3602 oremus,
1084 3539 1306 3601 Prasla,
1341 3554 1668 3605 quasumus,
1694 3542 2056 3608 omnipotens.

1081 3622 1317 3679 CAPUT
1345 3624 1442 3678 VI.

787 3712 998 3765 Octavi:
1029 3716 1451 3767 resurrectionis
1480 3715 1728 3769 Domini.

535 3799 769 3853 Summo
798 3799 986 3853 studio
1018 3798 1332 3854 celebretur
1370 3819 1381 3854 :
1418 3802 1799 3857 accendantur
1835 3819 1967 3859 mox
1996 3810 2062 3859 ut

463 3887 745 3958 expletum
782 3887 954 3941 fuerit
1000 3888 1282 3942 canticum
1309 3890 1614 3959 graduum,
1666 3896 1783 3944 tres
1815 3891 2060 3945 candela

463 3980 596 4030 ante
625 3991 803 4042 aram,
854 3982 911 4029 et
947 3981 1101 4030 retro
1130 3992 1281 4044 una;
1332 3977 1404 4030 ad
1436 3979 1715 4033 canticum
1748 3984 2063 4049 augeantur

462 4063 589 4118 dua
613 4069 799 4129 antea,
831 4064 1112 4136 posterius
1142 4082 1273 4133 una,
1307 4067 1565 4137 superius
1584 4068 1923 4138 quindecim.
1964 4067 2062 4122 In-

461 4151 785 4207 vitatorium
798 4152 909 4208 duo
933 4155 992 4208 in
1014 4154 1223 4226 cappis.
1249 4157 1710 4213 Alleluia.Lectio
1732 4162 2058 4212 sanctorum

2142 3191 2199 3239 et
2219 3185 2464 3255 psalmos
2490 3200 2630 3255 quos
2666 3185 2915 3239 studiose
2942 3185 3246 3239 decantare
3275 3184 3501 3240 Domino
3525 3183 3686 3236 suffra-

2141 3280 2313 3344 gante
2342 3272 2630 3339 debemus,
2665 3279 2896 3344 propter
2909 3272 3244 3328 brevitatem
3267 3273 3501 3328 noctium
3519 3271 3688 3340 absque

2144 3379 2303 3416 mora
2341 3368 2566 3433 Oportet
2589 3362 2831 3416 initiare.
2866 3363 2931 3416 In
2956 3362 3249 3432 evangelio
3275 3363 3570 3433 antiphona
3593 3374 3687 3429 qua

2144 3451 2374 3505 fuerunt
2404 3468 2470 3505 ex
2495 3451 2585 3504 die
2613 3451 3040 3505 resurrectionis
3061 3457 3304 3521 possunt
3322 3450 3427 3504 dici
3437 3466 3549 3504 cum
3567 3454 3690 3501 cate-

2144 3539 2243 3603 ris,
2276 3555 2400 3609 qua
2429 3540 2488 3592 in
2518 3539 2609 3592 die
2650 3539 2941 3593 Dominico
2969 3537 3278 3602 habentur,
3310 3554 3480 3609 usque
3499 3538 3549 3591 in
3574 3535 3689 3588 diem

2144 3627 2484 3681 ascensionis
2532 3628 2777 3681 Domini.
2828 3627 3059 3697 Expleta
3106 3634 3432 3682 sanctorum
3475 3622 3692 3693 suffragia

2144 3722 2275 3769 eant
2302 3715 2552 3770 canendo
2574 3716 2939 3787 antiphonam
2959 3716 3029 3770 de
3049 3723 3249 3771 sancta
3280 3716 3459 3769 Maria
3484 3720 3535 3768 et
3558 3714 3692 3782 agant

2143 3805 2423 3859 matutina
2449 3804 2701 3858 omnium
2728 3810 3070 3871 sanctorum,
3106 3811 3165 3859 et
3196 3805 3473 3860 matutina
3496 3818 3583 3874 pro
3617 3800 3693 3853 de-

2143 3892 2349 3947 functis
2385 3892 2655 3947 fratribus
2702 3894 2930 3957 nostris,
2963 3900 3019 3947 et
3054 3893 3309 3964 quinque
3354 3893 3580 3964 psalmos
3617 3902 3693 3959 pro

2146 3980 2416 4036 fratribus
2444 3998 2626 4053 nuper
2653 3982 2950 4036 defunctis.
2981 3984 3127 4036 Ante
3158 3983 3403 4053 primam
3433 3978 3694 4035 subtollan-

2147 4075 2241 4124 tur
2267 4070 2437 4141 pallia
2467 4071 2732 4135 ecclesia,
2765 4077 2820 4124 et
2860 4070 2971 4124 alia
3017 4076 3376 4137 ornamenta,
3418 4086 3532 4141 qua
3567 4081 3696 4122 usum

2146 4157 2368 4231 [moris]
2436 4164 2522 4212 est
2574 4159 2803 4213 auferri.
2857 4159 2944 4213 Ad
2990 4159 3268 4230 primam,
3326 4162 3567 4215 Miserere
3599 4156 3697 4218 mei,

464 4240 720 4313 Patrum,
753 4259 855 4296 seu
881 4244 1055 4297 Actus
1084 4244 1465 4314 apostolorum
1493 4262 1506 4297 :
1537 4247 1793 4299 Primum
1814 4249 2056 4314 quidem.
2143 4248 2304 4311 Deus,
2352 4253 2565 4318 septem
2612 4248 2875 4318 psalmos,
2936 4253 2992 4301 et
3026 4248 3257 4303 litanias
3302 4256 3361 4303 et
3386 4249 3598 4302 missam
3623 4258 3701 4313 pro

463 4328 925 4400 Responsorium,
945 4334 1187 4399 Angelus
1206 4334 1447 4396 Domini,
1476 4339 1761 4403 quartum,
1780 4339 2057 4401 octavum,
2075 4383 2124 4406 ἢ
2142 4336 2438 4389 defunctis.
2465 4337 2529 4390 In
2563 4336 2871 4406 capitulum
2920 4338 3386 4392 convenientibus
3412 4335 3577 4390 tribus
3602 4330 3703 4384 vici-

466 4423 524 4472 et
551 4418 944 4474 duodecimum
974 4437 1010 4473 a
1045 4420 1263 4474 duobus
1292 4420 1699 4476 decantabitur.
1729 4423 2061 4478 Duodenum
2080 4418 2125 4441 υ
2144 4424 2414 4489 bus,Deus
2436 4429 2498 4477 in
2519 4427 2869 4492 adiutorium
2891 4443 3073 4479 meum
3095 4425 3549 4496 i'ntende,absque
3563 4436 3704 4493 genu-

464 4518 711 4576 namque
731 4523 766 4561 a
792 4508 975 4578 capite
1003 4509 1409 4579 recapituletur
1438 4515 1565 4580 post
1593 4512 1780 4565 Gloria
1808 4514 1985 4565 Patri.
2006 4512 2064 4565 ln

464 4595 752 4664 evangelio
774 4596 1100 4665 antiphona.
1121 4600 1244 4651 Post
1264 4599 1377 4651 dies
1398 4603 1529 4652 octo.
1561 4599 1646 4653 Ad
1673 4600 2067 4655 matutinalem

468 4681 699 4735 missam
730 4699 842 4737 una
862 4684 1112 4749 collecta,
1145 4690 1203 4738 et
1230 4686 1485 4755 prafatio
1514 4688 1809 4757 paschalis.
1830 4690 1911 4742 Ad
1934 4706 2065 4760 pro-

467 4769 795 4837 cessionem,
814 4772 1165 4827 venientibus
1185 4780 1317 4827 ante
1322 4775 1556 4843 januam
1574 4778 2065 4843 monasterii,dum

467 4858 712 4912 ordinati
743 4859 971 4925 fuerint,
1002 4866 1066 4914 ut
1105 4878 1226 4915 mos
1261 4869 1363 4929 est,
1402 4870 1539 4918 tunc
1568 4866 1888 4936 pracedant
1916 4883 2065 4936 qua-

463 4950 596 5002 tuor
626 4953 794 5002 antea
818 4948 878 5002 in
898 4948 1083 5002 medio
1112 4954 1169 5003 et
1187 4950 1393 5006 dicant.
1426 4952 1735 5019 Cruci/imus
1764 4956 1828 5007 in
1857 4970 2022 5008 carne
2046 4974 2061 5009 :

465 5040 603 5090 tunc
650 5052 846 5091 omnes
902 5053 1025 5091 esse
1077 5036 1284 5093 debent
1328 5041 1646 5095 sacerdotes
1689 5046 1747 5095 et
1789 5043 1974 5099 levita
2003 5044 2061 5098 in

463 5125 675 5197 cappis.
698 5125 784 5179 Ad
802 5125 1073 5195 majorem
1093 5126 1321 5182 missam
1343 5128 1458 5183 sint
1492 5136 1705 5201 septem
1727 5131 2063 5186 candelabra

465 5218 600 5268 ante
639 5229 819 5279 aram,
844 5214 1125 5285 posterius
1153 5214 1297 5282 tria;
1323 5216 1572 5286 prafatio
1596 5217 1839 5276 canitur.
1861 5218 1947 5271 Ad
1970 5236 2064 5273 ex-

465 5301 849 5375 planationem
872 5319 1044 5357 sacra
1073 5302 1265 5357 omnia
1278 5304 1439 5374 signa
1457 5306 1867 5376 pulsentur.Ad
1894 5307 2062 5363 horas

535 5444 651 5515 (18)
685 5444 748 5500 Id
774 5448 860 5519 est
888 5460 1087 5515 capsa,
1107 5444 1165 5519 in
1196 5444 1398 5517 quibus
1429 5447 1527 5502 SS.
1556 5448 1827 5519 Reliquia
1857 5463 2054 5505 recon-

465 5514 698 5587 duntur,
720 5515 885 5587 _stola
910 5514 1009 5569 seu
1038 5514 1528 5587 pallio'ornantur.

538 5582 645 5653 (19)
676 5585 741 5639 Id
768 5591 874 5653 est,
903 5602 1007 5657 per
1031 5582 1281 5656 singulos
1309 5587 1447 5641 dies.

2147 4511 2422 4565 flectendo
2462 4512 2685 4577 dicant;
2736 4512 3095 4581 surgentibus
3125 4529 3191 4566 ex
3221 4513 3360 4585 ipsis
3397 4513 3570 4567 infans
3603 4506 3701 4577 (qui

2148 4600 2364 4671 primus
2392 4601 2461 4653 de
2486 4600 2609 4654 aliis
2640 4599 2750 4670 est)
2790 4618 3105 4672 praparare
3130 4601 3386 4656 tabulam
3414 4614 3617 4670 semper
3630 4596 3705 4649 de-

2151 4689 2247 4743 bet
2276 4689 2345 4742 ad
2368 4689 2635 4759 priorem,
2667 4691 2753 4743 vel
2778 4690 2847 4743 ad
2878 4690 3036 4743 illum
3071 4691 3166 4761 qui
3207 4692 3461 4745 ordinem
3488 4691 3643 4749 tenet,
3664 4683 3703 4735 si

2147 4792 2391 4846 prasens
2421 4776 2574 4847 prior
2602 4793 2712 4830 non
2738 4776 2864 4841 erit,
2898 4793 3023 4846 qua
3052 4778 3231 4832 sexies
3261 4777 3477 4850 percuti
3503 4772 3664 4829 debet.

2220 4866 2473 4919 Psalmos
2499 4866 2567 4919 de
2596 4866 2751 4919 horis
2785 4865 3175 4937 familiaribus,
3201 4884 3346 4939 quos
3372 4864 3612 4920 solebant
3634 4859 3707 4913 di-

2146 4969 2293 5019 cere,
2318 4954 2625 5007 dimittant.
2657 4954 2800 5007 Nam
2834 4952 2881 5005 si
2910 4956 3178 5020 evenerit,
3211 4962 3277 5009 ut
3322 4955 3557 5024 aliquem
3580 4946 3708 5021 psal-

2146 5058 2299 5095 mum
2329 5042 2541 5113 imponi
2570 5058 2797 5096 necesse
2817 5041 3003 5108 fuerit,
3029 5048 3129 5097 aut
3141 5044 3261 5113 jam
3292 5043 3603 5097 inchoatum
3630 5038 3709 5090 ha-

2148 5128 2389 5195 buerint,
2406 5131 2491 5184 vel
2512 5130 2834 5185 defunctum
2864 5131 3167 5197 tenuerint,
3185 5148 3287 5202 pro
3304 5132 3411 5184 hoc
3440 5129 3708 5182 decantare

2146 5234 2456 5289 congruum
2488 5218 2726 5272 videtur.
2755 5218 3021 5273 Pulsante
3048 5219 3189 5273 hora
3214 5220 3388 5272 tertia
3411 5215 3709 5272 conveniant

2146 5324 2341 5362 omnes
2361 5308 2420 5361 in
2450 5306 2766 5371 ecclesiam,
2798 5312 2855 5361 et
2884 5307 3138 5362 oratione
3178 5308 3400 5378 expleta
3435 5313 3524 5360 eat
3548 5318 3708 5357 sacer-

2210 5446 2321 5515 (10)
2337 5450 2472 5503 Dies
2494 5465 2734 5515 annuus,
2758 5465 2866 5520 quo
2881 5448 3221 5505 celebratum
3241 5448 3353 5503 fuit
3369 5446 3593 5511 Pascha,
3611 5442 3708 5497 sive

2138 5521 2585 5575 anniversarium
2616 5521 2728 5575 diei
2748 5520 3060 5576 Paschatis.
