3950 6168
269 324 418 386 1209

1470 317 1889 380 DISCIPLINA
1923 316 2342 376 FARFENSIS.

3392 320 3539 381 1210

265 449 377 505 dos
400 448 528 506 cum
554 447 831 504 ministris
863 452 922 504 et
948 447 1199 504 inalbent
1229 446 1338 520 (‘21)
1365 465 1445 504 se.
1478 448 1781 503 Venientes
1810 445 1870 499 in
1888 448 1931 507 Α
1954 442 2223 515 Epistola,
2248 442 2484 499 Stabunt
2503 446 2669 513 justi.
2690 444 2950 507 Alleluia,
2977 446 3203 500 stabunt
3210 449 3374 516 justi.
3398 446 3543 504 Item

263 539 444 595 choro
465 539 670 605 denuo,
702 538 925 608 signum
955 539 1183 612 pulsent
1209 543 1265 593 et
1288 539 1486 593 horam
1515 537 1772 592 reddant.
1799 536 1869 590 Et

261 645 416 701 puer
431 628 655 683 inchoet
672 628 931 683 litaniam
952 646 965 695 ;
994 627 1065 682 ad
1087 627 1429 682 oﬂ'erendam
1449 626 1655 680 vadant
1674 640 1866 696 quem—

264 717 575 773 admodum
605 733 727 772 mos
755 722 859 772 est.
893 717 1065 771 Sexta
1108 716 1250 771 feria
1294 732 1540 787 namque
1568 730 1736 785 agere
1764 714 1866 768 de-

262 806 408 862 bent
435 806 666 861 missam
694 810 900 860 sanctae
942 805 1156 862 Crucis.
1189 806 1323 861 Post
1366 821 1574 860 nonam
1604 806 1871 859 exeuntes

266 912 338 951 ex
376 894 690 960 refectorio,
723 894 1114 949 coadunentur
1138 894 1199 949 in
1228 894 1492 967 capitulo,
1533 898 1590 949 et
1630 892 1870 947 domnus

263 984 446 1040 abbas
461 983 801 1039 dicattribus
816 983 1048 1049 vicibus,
1061 985 1222 1047 Deus,
1240 987 1305 1038 in
1322 985 1671 1053 adjutorium
1683 997 1868 1036 meum

261 1076 530 1136 intende;
561 1075 810 1133 Domine.
853 1073 925 1127 ad
953 1075 1341 1142 adiuvandum
1367 1089 1453 1127 me
1481 1074 1706 1140 festina.
1729 1071 1867 1126 Tres

258 1162 416 1219 vices
438 1178 626 1234 genua
670 1161 826 1216 nullo
852 1167 1107 1233 tempore
1138 1161 1197 1216 in
1225 1161 1331 1216 hac
1360 1176 1523 1233 prece
1553 1157 1868 1214 curvabun-

258 1258 381 1309 tnr.
402 1253 469 1307 In
490 1250 683 1322 primis
711 1260 915 1321 agatur
933 1250 1265 1314 reverentia,
1294 1255 1464 1322 atque
1485 1247 1676 1304 tabula
1708 1264 1868 1302 sone-

257 1344 381 1396 tur.
432 1340 690 1405 Oremus,
729 1341 887 1393 Pater
913 1343 1113 1393 noster.
1145 1339 1213 1393 Et
1250 1355 1319 1393 ne
1348 1343 1465 1393 nas.
1506 1338 1868 1406 Adiutorium

263 1436 501 1485 notrum
530 1432 593 1483 in
614 1430 840 1482 nomine
858 1429 1105 1482 Domini.
1130 1429 1447 1482 Benedicite.
1475 1425 1534 1482 Si
1561 1425 1686 1497 quis
1714 1425 1867 1480 horae

262 1532 431 1572 nonae
482 1532 596 1570 non
622 1531 870 1588 praesens
897 1513 1071 1569 fuerit
1097 1514 1278 1569 somni
1302 1514 1664 1585 negligentia,
1697 1513 1755 1567 in
1780 1529 1867 1566 ca-

262 1605 449 1678 pitulo
467 1603 903 1660 satisfactionem
933 1602 1104 1658 faciat
1130 1602 1390 1658 omnibus
1412 1602 1710 1657 stantibus.
1741 1600 1867 1655 Alia

263 1708 533 1765 namque,
564 1692 711 1747 facta
752 1708 932 1759 sacra,
964 1691 1252 1747 ﬁnientur.
1297 1692 1580 1746 Exeuntes
1610 1690 1742 1744 inde
1772 1689 1863 1743 in-

1946 535 2209 588 Alleluia.
2242 533 2675 600 Conﬁtebuntur.
2711 533 2803 588 Ad
2852 550 3131 606 vesperas,
3175 538 3437 605 Alleluia,
3475 553 3543 592 ex

1947 620 2272 693 antiphonis
2318 620 2496 694 ipsius
2532 621 2645 677 diei
2692 636 2865 678 unam
2909 627 3157 693 tantum,
3198 627 3255 679 et
3299 623 3542 698 psalmos

1947 710 2350 781 apostolorum.

2022 797 2284 854 Invsnrlo
2320 813 2537 856 suum:
2576 815 2784 857 CRUCIS.
2812 802 2898 857 Ad
2925 818 3217 874 vesperam
3245 820 3544 877 responso-

1950 888 2117 955 rium,
2143 889 2323 958 Super
2340 893 2548 945 omnia.
2576 890 2916 962 Antiphone,
2940 892 3251 961 Cruci/imus
3271 897 3333 947 in
3353 910 3538 961 carne,

1949 979 2200 1045 alleluia,
2232 981 2484 1033 alleluia.
2511 979 2722 1034 Psalmi
2751 996 2819 1034 ex
2846 980 2987 1034 feria
3011 980 3190 1052 ipsius
3218 981 3348 1037 diei.
3374 982 3544 1055 Capi-

1948 1066 2149 1129 tulum,
2178 1069 2316 1121 Mihi
2346 1073 2533 1122 autem
2553 1069 2711 1123 absit.
2741 1069 3199 1141 Responsorium,
3223 1071 3400 1139 Super
3422 1088 3546 1126 om-

1949 1157 2067 1208 nia.
2095 1156 2373 1226 Hymnus,
2408 1158 2627 1211 Vezilla.
2658 1157 3001 1221 Versiculus,
3037 1160 3145 1213 Hoc
3170 1162 3395 1227 signum
3424 1176 3550 1215 cru-

1949 1246 2042 1297 cis.
2092 1244 2438 1316 Antiphona,
2484 1245 2525 1301 0
2562 1261 2721 1300 crus.
2766 1246 3013 1309 Oremus,
3055 1248 3233 1317 ipsius
3280 1249 3391 1303 diei
3433 1266 3445 1303 :
3489 1252 3547 1303 et

1949 1338 2209 1405 repetant
2236 1334 2600 1406 antiphonam
2625 1335 2695 1390 de
2722 1335 2951 1391 sanctis.
2976 1335 3157 1392 Statio
3185 1339 3289 1392 ﬂat
3317 1338 3387 1392 ad
3412 1354 3545 1392 san-

1948 1427 2098 1477 ctam
2147 1439 2411 1492 crucem;
2459 1424 2877 1495 responsorium
2925 1429 2982 1480 et
3031 1442 3255 1481 oremus
3300 1427 3370 1481 de
3423 1427 3547 1498 ipsa

1946 1528 2129 1567 cruce.
2168 1514 2343 1567 Venite
2372 1529 2407 1567 a
2434 1512 2652 1568 duobus
2693 1513 2914 1568 dicatur
2935 1514 2993 1569 in
3023 1515 3235 1586 cappis.
3272 1517 3541 1579 Alleluia,

1948 1601 2116 1655 sicuti
2175 1600 2371 1656 diebus
2433 1602 2728 1656 dominicis
2791 1603 3020 1658 solitum
3085 1608 3208 1667 est;
3279 1605 3544 1676 hymnus,

1946 1691 2170 1744 JEterna
2202 1690 2429 1745 Christi.
2457 1690 2748 1745 Lectiones
2777 1698 2902 1747 octo
2938 1692 3007 1747 de
3036 1694 3263 1749 sanctis.
3302 1694 3549 1766 Respon-

261 1783 553 1837 clinentur
578 1786 710 1835 ante
729 1785 787 1835 et
813 1786 983 1845 retro,
1003 1784 1061 1835 et
1084 1786 1284 1851 pergat
1303 1780 1690 1851 unusquisque
1710 1778 1859 1849 quod
1882 1789 1929 1849 Β
1948 1778 2181 1845 sorium,
2198 1780 2443 1833 Pretiosa
2462 1798 2478 1833 :
2497 1785 2783 1850 quartum,
2804 1785 3059 1836 octavum
3079 1787 3137 1837 et
3153 1782 3546 1838 duodecimum

263 1871 319 1928 ei
347 1870 664 1941 injunctum
692 1868 881 1924 fuerit.
907 1869 993 1924 Ad
1021 1885 1282 1940 vesperas
1312 1885 1575 1939 namque,
1611 1867 1865 1922 exeunti-

262 1960 375 2016 bus
402 1958 766 2015 servitoribus
804 1958 875 2012 de
919 1958 1235 2025 refectorio,
1267 1963 1502 2013 sonetur
1527 1958 1774 2027 signum,
1806 1962 1864 2011 et

264 2048 608 2104 conveniant
633 2047 819 2103 cuncti
841 2048 901 2103 in
920 2063 1115 2115 unum,
1140 2053 1198 2103 et
1221 2054 1426 2119 agatur
1447 2047 1692 2103 ofﬁcium
1718 2061 1864 2100 mor-

263 2143 517 2195 tuorum.

857 2226 1092 2282 CAPUT
1118 2226 1275 2281 VIII.

473 2319 762 2373 Dominica
789 2319 981 2386 prima
1003 2321 1125 2385 post
1155 2320 1403 2370 octavam
1434 2314 1666 2368 Pasch—.2.

340 2405 589 2463 Sabbato
626 2405 698 2460 ad
744 2421 1034 2477 vesperam
1079 2403 1523 2475 responsorium,
1572 2403 1681 2470 Ego
1727 2404 1872 2456 sicut

264 2499 425 2554 vitis.
448 2493 857 2559 Invitatorium,
878 2496 1142 2549 Alleluia.
1168 2494 1233 2548 In
1259 2492 1442 2564 primo
1462 2496 1758 2557 nocturno,
1781 2491 1872 2545 Al-

268 2588 468 2651 leluia,
498 2600 589 2651 ego
617 2600 764 2639 sum.
794 2583 982 2638 Lectio
1011 2582 1081 2637 de
1116 2580 1447 2654 Apocalypsi
1471 2580 1704 2635 Joannis
1733 2596 1871 2651 apo-

267 2671 430 2727 stoli.
477 2670 936 2743 Responsorium,
987 2672 1201 2739 Dignus
1246 2686 1321 2739 es,
1360 2671 1611 2737 Domine,
1652 2668 1872 2723 duabus

266 2760 663 2816 hebdomadis.

339 2848 625 2903 Domuum
653 2848 725 2913 II,
750 2847 898 2903 sicut
920 2846 981 2902 in
1008 2846 1211 2919 prima.
1235 2845 1676 2918 Responsorium
1703 2845 1871 2901 breve

265 2935 428 2991 dicat
454 2937 645 2991 schola
670 2953 797 2991 cum
830 2936 1021 2993 Gloria
1062 2938 1242 2990 Patri.
1284 2937 1350 2992 In
1376 2936 1578 3007 primo,
1612 2935 1871 2992 Surrexit

264 3026 549 3080 Dominus
568 3026 632 3079 de
657 3028 921 3095 sepulcro.
945 3025 1011 3080 In
1030 3025 1299 3090 secundo,
1319 3026 1580 3083 Surrexit
1600 3027 1869 3080 Dominus

1946 1865 2058 1921 duo
2113 1866 2317 1922 fratres
2372 1867 2696 1926 decantent.
2747 1868 2834 1923 Ad
2889 1870 3166 1925 canticum
3215 1871 3543 1943 antiphona,

1946 1955 2207 2017 Alleluia,
2229 1958 2385 2010 dulce
2400 1957 2728 2025 lignum,vel
2740 1960 2965 2027 Propter
2981 1958 3540 2028 lignum.Canticum,

1944 2044 2198 2105 Domine,
2238 2046 2454 2112 audivi,
2497 2046 2645 2116 quod
2682 2045 2967 2101 dividatur
3001 2047 3061 2101 in
3108 2046 3302 2116 binas;
3354 2048 3545 2104 Gloria

1945 2135 2221 2204 videlicet,
2255 2139 2526 2207 Nunquid
2555 2143 2618 2193 in
2645 2141 2976 2210 ﬂuminibus
2999 2159 3015 2195 :
3037 2140 3248 2206 Gloria,
3278 2142 3455 2196 Emisti
3484 2145 3546 2197 in

1946 2228 2202 2280 salutem.
2254 2226 2501 2281 Homilia
2536 2226 2607 2282 de
2656 2228 2975 2298 Evangelio,
3023 2229 3162 2282 Erat
3198 2229 3374 2292 homo,
3416 2245 3547 2284 cum

1951 2313 2296 2384 expositione
2343 2314 2618 2385 ejusdem.
2665 2313 2732 2369 In
2770 2315 3030 2370 laudibus
3067 2316 3388 2388 antiphonae
3425 2333 3549 2388 quae

1950 2410 2301 2473 promantur,
2334 2402 2587 2458 breviata
2619 2403 2975 2476 responsoria
3002 2404 3123 2459 sine
3159 2406 3548 2460 Benedicamus

1950 2494 2203 2557 Domino,
2230 2496 2347 2546 tam
2368 2492 2472 2546 hac
2493 2493 2650 2557 hora,
2675 2509 2843 2564 quam
2870 2493 2940 2547 ad
2961 2509 3219 2564 vesperas
3234 2493 3395 2565 pueri
3415 2498 3548 2549 ante

1951 2580 2160 2651 gradus
2218 2581 2582 2651 proclament.
2624 2580 3016 2636 Matutinalem
3067 2582 3293 2636 missam
3334 2598 3403 2636 ex
3442 2581 3544 2638 SS.

1953 2668 2169 2723 Eventii
2190 2674 2247 2723 et
2260 2669 2527 2724 Theodoli
2550 2671 2822 2725 Natalitia
2845 2671 3052 2726 faciant
3075 2690 3088 2725 :
3112 2672 3387 2740 majorem
3415 2688 3546 2726 vero

1952 2761 2254 2828 antequam
2284 2758 2571 2829 incipiant,
2597 2759 2914 2815 sacerdotes
2943 2765 3113 2831 atque
3142 2760 3323 2815 levitas
3352 2776 3547 2815 omnes

1952 2850 2086 2900 sunt
2133 2846 2323 2901 amicti
2374 2848 2582 2919 cappis.
2633 2848 2860 2920 Septem
2905 2848 3243 2904 candelabra
3287 2849 3549 2904 ordinent

1951 2939 2083 2988 ante
2126 2934 2305 2989 altare
2332 2951 2460 2989 cum
2491 2934 2621 2999 illis,
2653 2952 2778 3006 qua:
2805 2936 3057 2990 conversi
3097 2935 3373 2991 deferunt.
3407 2936 3548 2991 Ofﬁ-

1950 3021 2099 3077 cium
2128 3026 2359 3077 teneant
2383 3029 2644 3094 quatuor,
2666 3024 2872 3095 ipsum,
2895 3026 3004 3079 Nos
3030 3030 3238 3079 autem.
3270 3024 3543 3096 Epistola,

266 3128 419 3168 vere.
452 3114 517 3168 In
544 3112 734 3178 tertio,
767 3112 953 3167 Cavisi
978 3118 1111 3167 sunt
1150 3113 1450 3181 discipuli:
1478 3113 1664 3168 adhuc
1692 3104 1929 3185 usqueC
1952 3110 2171 3178 Conﬁdo
2196 3113 2264 3165 de
2287 3112 2433 3165 vobis
2461 3115 2523 3165 in
2550 3113 2802 3167 Domino.
2824 3114 3084 3175 Alleluia,
3118 3113 3274 3167 dulce
3293 3116 3543 3181 lignum.

266 3202 563 3258 Kalendas
591 3200 936 3273 Septembris
953 3201 1216 3256 dicantur
1237 3202 1467 3274 propria
1486 3202 1558 3256 ad
1578 3202 1728 3257 diem
1748 3218 1871 3274 per-

262 3289 535 3354 tinentia,
577 3294 783 3362 preter
830 3289 1055 3360 quando
1096 3289 1333 3345 historia
1371 3291 1618 3362 ponitur,
1653 3307 1777 3362 quae
1805 3305 1872 3344 ex

263 3379 398 3451 ipsa
418 3378 663 3448 majores
690 3376 896 3432 fratres
924 3383 1205 3449 promant.
1236 3379 1303 3434 In
1328 3379 1740 3433 resurrectione
1765 3378 1877 3433 Do-

262 3468 417 3523 mini
458 3466 759 3522 servitores
813 3471 1081 3521 exeuntes
1128 3483 1196 3521 ex
1240 3466 1535 3522 refectorio
1587 3471 1721 3522 eant
1771 3483 1874 3538 per

261 3556 527 3611 scholam
564 3555 625 3610 in
652 3555 896 3610 oratorio
938 3562 1145 3609 sanctae
1175 3555 1364 3610 Maria
1393 3557 1641 3611 suaviter
1665 3556 1872 3610 decan-

261 3644 468 3709 tando,
502 3645 752 3698 Miserere
779 3647 906 3705 mei,
943 3644 1103 3698 Deus.
1130 3643 1334 3697 Totum
1365 3643 1620 3698 aestivum
1648 3647 1873 3713 tempus

261 3733 362 3788 hic
400 3731 633 3797 faciant,
680 3731 728 3785 si
774 3731 860 3786 bis
906 3731 1211 3786 comessuri
1251 3734 1382 3785 sunt
1427 3748 1439 3784 :
1472 3731 1531 3785 in
1570 3746 1699 3785 sera
1744 3746 1874 3785 vero

261 3822 403 3877 inde
426 3837 543 3876 non
561 3819 937 3890 retrocedant,
950 3819 1050 3874 sed
1073 3835 1175 3891 per
1192 3819 1371 3874 altum
1391 3818 1695 3874 claustrum
1711 3820 1875 3891 juxta

261 3909 747 3983 promptuarium.

338 4001 630 4057 DOXINIGA
659 3997 739 4054 IlI
786 4001 915 4066 post
959 4001 1183 4052 octavas
1228 3996 1474 4052 Paschal.
1528 3995 1772 4052 Sabbato
1801 3994 1874 4050 ad

261 4103 589 4162 vesperam.
626 4085 1084 4157 Responsorium,
1129 4087 1387 4140 Viderunt
1426 4090 1474 4139 te
1502 4102 1676 4154 aqua,
1710 4088 1867 4140 Deus.

262 4178 335 4235 In
364 4175 618 4232 crastino
646 4174 912 4244 legantur
938 4174 1008 4228 de
1040 4180 1256 4246 septem
1281 4174 1532 4246 epistolis
1557 4174 1865 4232 canonicis.

262 4263 738 4338 RespOnsorium,
781 4261 846 4318 Si
881 4263 1083 4317 oblitus
1114 4265 1274 4331 fuero
1324 4266 1426 4318 tui.
1471 4263 1662 4334 Usque
1705 4262 1764 4317 in
1792 4278 1878 4317 as-

262 4370 447 4410 censa
473 4351 719 4407 Domini.

1953 3199 2115 3264 Item,
2159 3198 2425 3263 Alleluia,
2457 3202 2708 3264 alleluia,
2740 3201 2989 3256 Christus
3026 3216 3335 3269 resurgens.
3368 3200 3550 3256 Evan-

1950 3287 2182 3359 gelium,
2222 3289 2360 3343 Erat
2389 3289 2586 3343 homo:
2617 3305 2718 3361 per
2745 3290 2913 3344 horas
2943 3289 3203 3346 dicantur
3229 3289 3548 3362 antiphona:

1952 3377 2023 3431 de
2060 3375 2429 3431 hebdomada.
2472 3377 2560 3431 Ad
2589 3393 2876 3450 vesperam
2913 3379 3241 3450 antiphona,
3280 3380 3543 3445 Alleluia,

1952 3468 2105 3520 cruci
2110 3467 2275 3530 ﬁmus.
2292 3465 2681 3532 Psalmi,Di.cit
2701 3468 2991 3532 Dominus,
3008 3468 3315 3533 conﬁtebor,
3337 3466 3542 3529 beatus,

1955 3554 2205 3617 laudate;
2245 3554 2509 3626 hymnus,
2555 3555 2775 3618 Vexilla,
2816 3570 3053 3609 oremus.
3088 3555 3359 3609 Cantores
3394 3569 3552 3626 repe-

1953 3646 2080 3697 tant
2116 3642 2482 3713 antiphonam
2512 3642 2582 3697 de
2605 3643 2814 3697 sanctis
2837 3659 2965 3697 cum
2995 3644 3203 3700 Gloria.

2025 3730 2301 3785 Domum
2349 3744 2523 3785 PRIMA
2574 3748 2712 3786 mra
2759 3732 3125 3799 ROGATIONES,
3174 3748 3288 3786 non
3329 3730 3553 3786 dicatur

1954 3821 2225 3892 psalmus,
2248 3823 2333 3876 Ad
2360 3824 2662 3876 Dominum
2691 3839 2820 3876 cum
2852 3823 3176 3885 tribularer,
3202 3837 3306 3876 nec
3328 3823 3402 3876 De
3426 3837 3554 3888 pro-

1954 3910 2170 3977 fundis,
2195 3926 2297 3980 pro
2316 3910 2619 3978 defunctis;
2647 3911 2780 3982 quia
2802 3910 2914 3965 illis
2939 3909 3119 3965 tribus
3142 3909 3339 3965 diebus
3356 3910 3552 3984 festive
3620 3979 3625 3985 t

1955 3996 2406 4052 celebrabuntur.

2027 4086 2091 4142 IN
2131 4085 2496 4142 ROGATIONUM
2538 4100 2733 4143 DIEBUS
2760 4087 2832 4142 ad
2859 4087 3192 4142 matutinale
3221 4087 3552 4159 obsequium

1955 4172 2149 4243 legant
2175 4174 2438 4245 epistolas
2458 4175 2755 4230 canonicas
2774 4181 2968 4231 exacte
2991 4195 3004 4242 ;
3037 4176 3264 4231 veniant
3289 4177 3346 4231 in
3376 4176 3551 4231 alium

1956 4259 2209 4325 chorum,
2242 4267 2554 4332 canentque
2583 4260 2662 4316 ibi
2693 4262 2998 4316 matutinas
3036 4262 3287 4316 omnium
3315 4263 3552 4318 Sancto-

1957 4364 2106 4414 rum,
2129 4354 2299 4420 atque
2322 4342 2674 4404 mortuorum
2700 4350 2821 4404 sine
2855 4350 3198 4422 antiphonis.
3230 4351 3552 4422 Eademque

342 4443 415 4498 In
443 4440 746 4496 festivitate
772 4439 1155 4511 apostolorum
1187 4440 1434 4512 Philippi
1464 4447 1523 4497 et
1549 4440 1759 4497 Jacobi.
1789 4441 1873 4496 Ad
1890 4437 2168 4511 Dfaciant
2196 4455 2442 4509 vespere.
2478 4438 2615 4494 Post
2643 4439 3014 4511 expletionem
3042 4440 3293 4511 ipsorum
3320 4440 3551 4495 matuti-

260 4546 574 4604 vesperam
618 4528 791 4600 quina
843 4527 1182 4582 candelabra
1233 4534 1364 4583 ante
1411 4529 1609 4584 altare.
1664 4529 1872 4595 Lectio,

263 4622 525 4679 Stabunt
558 4620 724 4686 justi.
782 4616 1407 4688 Responsorium........
1464 4634 1500 4672 a
1548 4617 1766 4673 duobus
1818 4619 1877 4672 in

262 4707 475 4782 cappis
504 4705 743 4769 dicatur,
765 4706 1027 4769 Alleluia,
1050 4721 1143 4773 ego
1162 4721 1288 4759 sum
1316 4708 1462 4759 vitis.
1486 4706 1780 4762 Lectiones
1807 4708 1883 4768 de

260 4791 544 4867 passione
587 4789 861 4860 ipsorum.
895 4788 1354 4859 Responsorium.
1395 4791 1601 4845 Virtute
1646 4807 1874 4860 magna.

259 4882 580 4946 Quartum,
612 4881 888 4941 octavum,
933 4877 1329 4933 duodecimum
1368 4878 1447 4933 ibi
1485 4879 1873 4935 decantentur.

256 4970 337 5026 In
366 4966 547 5023 tertio
570 4966 857 5020 Nocturno
888 4965 1055 5019 lectio
1087 4966 1450 5037 expositionis
1473 4968 1759 5039 Evangelii
1788 4971 1879 5040 ip—

254 5060 392 5114 sius
408 5054 545 5112 diei.
566 5053 632 5109 In
653 5052 1101 5119 matutinalibus,
1132 5054 1441 5125 antiphona
1472 5056 1581 5121 Ego
1609 5072 1735 5110 sum
1763 5060 1876 5123 via,

253 5162 404 5202 cum
433 5143 565 5199 aliis
602 5141 969 5214 responsoriis
1002 5148 1245 5213 quatuor
1270 5138 1442 5214 atque
1486 5146 1877 5200 Benedicamus

250 5236 511 5293 Domino
539 5235 771 5286 cantent
804 5236 935 5285 ante
961 5247 1118 5285 aram
1146 5231 1306 5302 pueri
1340 5249 1353 5285 :
1398 5238 1457 5287 et
1484 5233 1876 5290 matutinalem

249 5337 499 5382 sacram
537 5336 603 5374 ex
633 5335 699 5374 eo
729 5324 917 5390 agant.
951 5318 1168 5376 Debent
1185 5337 1307 5376 esse
1334 5339 1529 5377 omnes
1558 5324 1876 5379 sacerdotes

249 5419 444 5483 atque
461 5407 648 5463 levita:
666 5407 737 5462 ad
761 5409 1036 5478 majorem
1067 5410 1297 5464 missam
1327 5411 1387 5465 in
1406 5412 1629 5483 cappis;
1661 5418 1876 5485 septem

247 5498 418 5557 cerei
446 5501 583 5551 ante
610 5496 821 5552 altare:
849 5501 1093 5568 quatuor
1118 5497 1321 5554 fratres
1345 5505 1580 5557 teneant
1604 5500 1870 5571 ofﬁcium,

327 5603 460 5679 (21)
488 5602 647 5658 Albis
675 5619 736 5658 se
762 5602 1024 5659 induant.

1958 4542 2179 4593 norum,
2212 4527 2497 4582 venientes
2523 4527 2582 4582 in
2606 4528 2999 4583 dormitorium
3021 4528 3394 4600 requiescant.
3418 4529 3554 4584 Post

1959 4616 2201 4686 primam
2243 4622 2431 4670 autem
2469 4616 2737 4687 psalmus,
2781 4618 3036 4671 Miserere
3067 4620 3193 4684 mei,
3224 4619 3384 4680 Deus,
3421 4621 3476 4672 et
3505 4617 3554 4673 si

1960 4704 2163 4774 aliquis
2192 4705 2441 4775 psalmus
2469 4705 2768 4776 impositus
2793 4704 2982 4770 fuerit,
3015 4710 3147 4761 ante
3175 4707 3363 4778 ipsum
3395 4706 3553 4761 dica-

1958 4796 2072 4847 tur.
2105 4792 2317 4847 Deinde
2344 4799 2658 4865 sequuntur
2678 4794 2822 4848 hanc
2847 4794 3241 4865 psalmodiam,
3267 4797 3426 4858 Deus,
3454 4812 3556 4850 au—
3592 4850 3601 4869 κ

1959 4882 2117 4934 ribus
2145 4884 2368 4945 nostris,
2396 4897 2524 4935 cum
2562 4881 2881 4953 quindecim
2915 4881 3146 4952 psalmis
3180 4899 3281 4954 pro
3302 4883 3556 4938 omnium

1958 4968 2432 5035 tribulationibus,
2469 4986 2596 5024 cum
2634 4970 3048 5041 precationibus
3088 4971 3204 5026 sive
3228 4988 3553 5027 remunera-

1960 5058 2204 5113 tionibus
2222 5058 2665 5128 benefactorum,
2687 5075 2791 5113 nec
2810 5075 2924 5114 non
2954 5063 3011 5113 et
3037 5076 3140 5131 pro
3164 5060 3555 5115 defunctorum

1956 5147 2186 5217 requie;
2243 5146 2489 5219 quinque
2542 5163 2789 5219 namque
2843 5147 3045 5217 psalmi
3102 5164 3203 5218 pro
3257 5146 3555 5212 defunctis,

1957 5232 2159 5289 deinde
2178 5241 2392 5305 septem
2415 5235 2634 5307 psalmi,
2663 5242 2720 5289 et
2747 5235 2963 5290 litania.
2995 5235 3220 5289 Missam
3248 5234 3554 5289 matutina-

1955 5321 2066 5377 lem
2096 5322 2285 5378 dicant
2311 5324 2489 5395 ipsius
2518 5324 2650 5386 diei,
2697 5329 2755 5378 et
2781 5323 3095 5387 collectam,
3135 5339 3237 5393 per
3271 5322 3462 5376 omnia
3490 5327 3557 5377 ut

1956 5410 2081 5467 aliis
2109 5412 2324 5479 diebus,
2357 5418 2415 5467 et
2441 5411 2488 5466 si
2532 5412 2735 5482 aliquis
2783 5416 3010 5464 sanctus
3036 5408 3207 5464 fuerit
3252 5409 3555 5481 aliquando

1955 5500 2076 5572 ipso
2096 5500 2206 5570 die,
2223 5501 2445 5557 dicatur
2462 5500 2642 5556 oratio
2662 5500 2734 5555 ad
2753 5500 2900 5554 hanc
2920 5513 3158 5562 sacram,
3182 5500 3555 5573 adjungentes
