3950 6168
507 303 650 363 1215
1562 305 1913 362 GUIDONIS
1950 304 2044 360 AB
2052 303 2260 361 BATIS
2297 303 2694 361 FARFENSIS
3587 311 3696 372 1216

509 428 792 493 sacrario;
822 427 1090 482 diaconus
1116 427 1316 484 induat
1353 428 1524 484 stolas
1553 435 1897 501 argentatas,
1931 432 2167 502 atqueA
2187 428 2345 483 albis.
2381 429 2515 484 Post
2558 430 2929 502 expletionem
2961 430 3166 503 misse,
3201 431 3468 489 benedicat
3492 437 3702 492 sacerdos

510 518 872 573 dalmaticam
905 524 1228 572 aureatam:
1263 518 1634 573 subdiaconus
1655 521 1845 574 tunica
1874 521 2109 574 circum-
2191 535 2395 588 aquam
2429 537 2439 572 :
2470 536 2594 574 mox
2623 532 2687 573 ut
2710 518 2879 573 fuerit
2908 520 3210 586 benedicta,
3245 521 3473 593 imponat
3500 525 3619 579 hanc
3634 544 3707 580 an-

514 607 647 662 data
674 623 813 661 auro
846 625 856 658 :
891 613 1013 660 octo
1048 608 1129 660 vel
1160 608 1410 678 quinque
1437 615 1694 662 cantores
1722 609 2109 663 vestianturin
2191 609 2482 679 tiphonam
2510 627 2520 661 :
2569 609 2688 662 Vidi
2715 626 2942 676 aquam,
2977 626 3086 680 qua
3115 610 3280 675 dicta,
3309 617 3360 664 et
3388 613 3620 679 oratione,
3640 633 3710 669 ve-

512 697 723 768 cappis,
774 713 1012 767 quorum
1051 713 1148 750 sex
1193 698 1278 751 vel
1323 704 1436 751 tres
1483 714 1549 751 ex
1577 697 1664 752 his
1692 704 1938 752 cantent.
1969 700 2112 752 ΑΗΘ·
2194 697 2384 751 niente
2417 697 2496 751 sic
2529 714 2630 768 per
2668 698 2918 751 ordinem
2966 699 3257 752 cantando.
3294 700 3592 771 Antiphone,
3626 706 3710 758 Ηοα

517 789 657 852 luia,
683 786 1034 852 Conﬁtemini
1061 787 1312 851 Domino,
1336 792 1393 840 et
1414 787 1508 840 alii
1539 787 1668 853 duo,
1698 789 2112 852 tractum,Lau-
2193 786 2297 846 die,
2334 787 2538 853 fratres
2557 788 2922 840 dilectissimi.
2956 787 3096 840 Dein
3122 787 3365 857 magistri
3393 791 3704 845 cuminfanti-

514 876 638 928 date
666 877 987 935 Dominum,
1014 891 1198 928 omnes
1219 881 1418 942 gentes.
1446 875 1571 929 Bini
1591 877 1841 930 conversi
1857 877 2113 930 candela-
2193 873 2316 940 bus,
2349 874 2520 928 abbas
2543 880 2668 946 post
2693 891 2787 928 eos
2822 894 2834 929 :
2875 875 2968 928 alii
2997 875 3245 929 seniores
3280 876 3538 930 venientes
3561 878 3650 931 duo
3667 886 3709 934 et

515 963 617 1017 bra
637 964 813 1034 [supp.
847 965 1114 1034 portent],
1148 964 1349 1019 tertius
1369 964 1717 1018 thuribulum
1745 966 1980 1036 :quippe
2001 966 2111 1019 duo
2194 964 2304 1018 duo
2330 964 2472 1018 sicut
2494 964 2706 1034 priores
2735 964 3005 1019 fecerunt.
3038 965 3179 1019 Cum
3214 981 3339 1018 vero
3364 966 3600 1036 coeperint
3620 967 3709 1021 exi-

517 1051 612 1124 qui
662 1059 875 1106 canunt
911 1053 1156 1117 litanias,
1217 1053 1287 1106 ad
1337 1054 1504 1107 ﬁnem
1555 1054 1761 1119 dicant,
1806 1057 2108 1108 Accendite.
2196 1069 2273 1118 rc,
2307 1052 2492 1106 initiet
2527 1053 2767 1108 domnus
2797 1053 2968 1108 abbas
2998 1054 3708 1124 antiphonaszranseunti-

518 1143 564 1196 Κ
568 1144 687 1209 yrie
728 1144 948 1194 eleison.
995 1142 1226 1196 Pulsent
1270 1142 1513 1212 signum,
1563 1143 1868 1196 accendant
1896 1149 2110 1214 septem
2197 1144 2311 1198 bus.
2346 1142 2475 1195 Mox
2497 1147 2560 1196 ut
2584 1142 2794 1197 fuerint
2821 1143 2892 1196 ad
2920 1143 3106 1196 valvas
3125 1143 3712 1213 monasterii,procedant

514 1230 850 1283 candelabra
881 1236 1011 1283 ante
1044 1231 1241 1284 altare.
1273 1232 1430 1285 Tunc
1458 1232 1716 1284 sacerdos
1746 1232 1930 1286 veniat
1957 1239 2013 1286 et
2030 1232 2112 1286 fa-
2194 1247 2286 1285 sex
2317 1231 2398 1284 vel
2422 1237 2546 1285 octo
2574 1246 2640 1285 ex
2669 1231 3007 1294 cantoribus,
3037 1248 3176 1302 quos
3205 1232 3471 1286 armarius
3503 1233 3711 1286 annuerit

519 1319 633 1372 ciat
660 1319 1085 1372 confessionem.
1111 1320 1366 1374 Dimissis
1394 1320 1590 1389 signis,
1621 1326 1802 1385 canat,
1834 1323 2020 1376 Gloria
2051 1325 2113 1376 in
2195 1320 2254 1373 in
2298 1319 2499 1385 medio,
2541 1326 2599 1374 et
2645 1326 2873 1374 cantent
2919 1321 3304 1391 antiphonam,
3359 1321 3628 1386 Cruci/ltus
3670 1321 3712 1373 in

520 1410 739 1460 excelsis
772 1409 893 1460 Deo.
937 1408 1193 1469 Oremus,
1227 1411 1448 1475 Prasta,
1481 1425 1810 1476 quaesumus.
1844 1410 2114 1480 Epistola,
2197 1423 2382 1462 carne.
2417 1409 2800 1479 Ingredientes
2829 1426 2958 1463 vero
2976 1409 3197 1463 initient
3219 1408 3719 1479 responsorium,8pi-

521 1495 659 1550 Cum
707 1497 895 1563 Apollo
925 1502 1072 1550 esset.
1109 1498 1488 1567 Evangelium,
1521 1501 1584 1555 Si
1611 1503 1848 1569 diligitis
1879 1517 1984 1553 me.
2017 1499 2115 1553 Of-
2198 1500 2344 1550 ritus
2373 1504 2594 1551 sanctus
2629 1501 2870 1565 replevit,
2903 1498 3255 1569 pulsantibus
3281 1499 3462 1568 signis.
3501 1498 3613 1550 Post
3635 1505 3721 1550 ter-

519 1582 829 1648 fertorium,
866 1586 1068 1638 Emitte
1107 1591 1388 1653 spiritum.
1436 1589 1626 1656 Agnus
1667 1593 1762 1644 Dei
1793 1590 2031 1652 dicatur,
2061 1594 2118 1642 et
2198 1586 2336 1640 tiam
2359 1586 2641 1642 celebrent
2671 1587 2897 1641 missam
2934 1604 3060 1641 cum
3092 1586 3244 1640 omni
3275 1585 3565 1656 diligentia,
3594 1586 3722 1638 veluti

523 1673 880 1742 postmodum
911 1675 1230 1728 communio
1260 1693 1270 1728 :
1312 1678 1508 1730 Ultimo
1519 1681 1834 1745 festivitatis
1864 1681 1979 1741 die;
2005 1684 2117 1732 tex-
2201 1675 2378 1745 [supp.
2411 1677 2467 1729 in
2498 1676 2609 1746 die]
2634 1676 3058 1730 resurrectionis
3087 1675 3330 1729 Domini.
3364 1673 3624 1729 Ollertoria
3640 1675 3722 1726 duo

521 1767 613 1814 tus
641 1761 966 1815 deferantur
1002 1779 1100 1832 per
1143 1780 1356 1818 omnes.
1387 1767 1594 1821 Hostiae
1617 1768 1863 1837 quinque
1886 1767 2180 1846 mittan-B
2200 1770 2446 1830 teneant,
2463 1781 2700 1835 quorum
2735 1782 2879 1819 unus
2902 1781 3102 1836 panem
3119 1771 3176 1819 et
3203 1764 3547 1828 vinum,alius
3564 1775 3724 1830 aquam

521 1853 634 1904 tur.
670 1849 871 1904 Pacem
901 1867 1092 1905 omnes
1121 1854 1413 1924 accipiant.
1439 1856 1652 1919 Quibus
1667 1856 2116 1927 expletis,pulse-
2205 1852 2466 1926 [offerat].
2517 1856 2580 1909 In
2612 1854 2902 1909 refectorio
2933 1855 3230 1925 propinent
3257 1853 3585 1912 charitatem,
3619 1848 3727 1900 sicut

522 1941 617 1991 tur
646 1937 889 2008 signum,
914 1947 1086 2010 agant
1107 1943 1413 1997 orationem
1443 1962 1453 1996 :
1477 1950 1608 1998 eant
1628 1945 1944 2005 servitores,
1969 1943 2114 1998 acci-
2197 1943 2256 1996 in
2285 1943 2516 2014 pmfata
2535 1944 2852 1998 festivitate.
2878 1944 2962 1997 Ad
2986 1959 3276 2014 vesperam
3305 1940 3602 2010 antiphona,
3621 1936 3728 1991 Alle-

520 2027 679 2098 piant
708 2027 978 2096 mixtum;
1012 2033 1366 2100 postmodum
1396 2040 1621 2087 cantent
1638 2039 2117 2104 nonam.pergant
2199 2036 2338 2093 tuia,
2389 2035 2772 2101 loquebantur.
2827 2033 3102 2088 Psalmus.
3157 2033 3309 2086 Dixit
3335 2032 3596 2084 Dominus.
3624 2024 3727 2077 Res-

522 2116 593 2170 ad
623 2118 1006 2172 reﬁciendum.
1031 2120 1094 2173 In
1126 2120 1229 2174 hac
1257 2121 1347 2174 die
1377 2123 1626 2191 saginem
1655 2139 1766 2176 non
1795 2123 2113 2190 comedant,
2196 2122 2538 2194 ponsorium,
2563 2124 2765 2190 Repleti
2792 2127 2921 2175 sunt
2952 2137 3155 2175 omnes.

521 2205 852 2261 charitatem
877 2208 1102 2273 faciant,
1127 2215 1184 2262 et
1214 2210 1688 2282 eleemosynarius
1718 2227 1916 2282 panem
1947 2218 2002 2265 et
2031 2212 2115 2265 vi-
2267 2213 2376 2265 Per
2421 2216 2643 2265 octavas
2689 2211 2801 2264 duo
2850 2208 3233 2263 invitatorium
3294 2205 3474 2280 [supp.
3508 2199 3730 2272 cantant].

524 2311 660 2349 num
683 2296 936 2367 accipiat,
966 2297 1110 2352 sicut
1130 2298 1189 2351 in
1216 2298 1474 2352 omnibus
1499 2300 1698 2369 vigiliis
1728 2301 2111 2367 festivitatum,
2197 2301 2400 2368 Repleti
2440 2304 2571 2352 sunt
2601 2316 2786 2352 omnes
2815 2298 3038 2366 Spiritu
3084 2302 3292 2356 sancto,
3340 2297 3555 2349 alleluia
3582 2311 3594 2344 :
3619 2291 3665 2344 in
3685 2305 3732 2342 eo

524 2389 728 2454 praeter
757 2385 1001 2440 Paschze.
1035 2387 1120 2440 Ad
1151 2404 1436 2458 vesperam
1467 2389 1576 2442 duo
1592 2389 1751 2458 signa
1777 2389 1986 2459 pariter
1999 2389 2120 2459 pul-
2199 2394 2332 2442 tono
2364 2388 2509 2442 sicut
2543 2389 2800 2443 Surrexit
2827 2389 3090 2441 Dominus
3129 2402 3269 2438 vere.
3306 2383 3506 2438 Deinde
3530 2378 3732 2435 ascensio

523 2472 1151 2540 sabuntur;duodecim
1183 2477 1424 2530 candela:
1453 2483 1584 2530 ante
1613 2479 1810 2543 altare,
1828 2485 2117 2532 retrovero
2200 2477 2476 2531 luminum
2518 2482 2686 2546 atque
2730 2475 3115 2546 pronuntiatio
3159 2473 3734 2543 evangeliorum,atque

521 2561 735 2620 decem.
767 2566 1008 2617 Alleluia
1031 2567 1323 2635 imponant
1343 2583 1405 2619 ex
1427 2567 1969 2637 antiphonaJie-pleli
1987 2572 2118 2621 szmt
2200 2566 2415 2620 sonitus
2454 2565 2763 2635 signorum.
2802 2581 2902 2618 seu
2932 2563 3284 2617 matutinalis
3315 2578 3487 2624 sacra,
3521 2559 3594 2612 vel
3623 2572 3736 2610 reve-

522 2666 724 2704 omnes.
759 2652 967 2704 Psalmi
1007 2652 1179 2722 ipsius
1208 2653 1338 2707 diei.
1372 2654 1580 2716 Lectio,
1614 2657 1758 2708 Dum
1789 2659 2119 2724 compleren-
2199 2656 2353 2709 stitio
2385 2655 2442 2708 in
2480 2655 2687 2726 cappis,
2733 2671 2835 2708 nec
2877 2670 2990 2707 non
3021 2657 3078 2706 et
3105 2652 3327 2705 sonitus
3356 2645 3618 2720 signorum
3643 2649 3739 2716 post

524 2745 638 2792 tur.
689 2740 1145 2811 Responsorium,
1191 2746 1586 2811 Apparuerunt
1631 2747 1908 2811 apostolis.
1939 2746 2114 2816 Hym-
2198 2743 2630 2798 celebrationem
2661 2743 2866 2806 missae,
2912 2742 2996 2795 vel
3043 2740 3445 2811 vespertinales
3493 2734 3667 2808 psalmi
3690 2748 3737 2785 ex

519 2843 646 2893 nus,
681 2831 823 2891 Veni,
851 2831 1075 2884 Creator
1100 2835 1350 2899 spiritus.
1377 2833 1500 2886 Bini
1525 2849 1768 2904 namque
1797 2838 2114 2888 sacerdotes
2196 2837 2314 2887 toto
2345 2835 2504 2898 ﬁant,
2538 2831 3013 2902 quemadmodum
3059 2830 3118 2883 in
3158 2827 3506 2883 hebdomade
3540 2822 3738 2878 Pascha.

519 2915 828 2971 induantur
854 2919 1063 2990 cappis,
1096 2919 1464 2991 deferantque
1480 2922 1769 2980 incensum
1786 2939 1956 2992 super
1975 2923 2117 2975 alta-
2196 2923 2260 2976 In
2288 2920 2547 2976 laudibus
2579 2921 2664 2973 vel
2687 2919 2840 2973 horis
2870 2923 3106 2972 canatur
3123 2917 3461 2971 alleluiatice
3482 2912 3582 2984 (2i)
3606 2911 3664 2963 de
3684 2925 3745 2962 Γθ-

517 3005 621 3065 ria,
669 3011 838 3077 atque
885 3008 1246 3078 antiphonam
1296 3009 1696 3080 paraphonista
1734 3014 1867 3064 tunc
1895 3015 2171 3080 repetat"
2195 3010 2560 3074 surrectione,
2611 3013 2780 3079 atque
2832 3007 3173 3071 ascensione,
3218 3022 3326 3059 nec
3355 3021 3463 3058 non
3491 3008 3544 3056 et
3567 3001 3626 3054 de
3652 2999 3744 3067 ipsa

523 3111 648 3148 cum
677 3096 910 3149 caeteris.
945 3096 1204 3163 Oremus,
1238 3099 1458 3162 Praesta,
1488 3115 1816 3166 quaesumus,
1859 3061 2173 3166 omn-ipo-G
2195 3099 2567 3154 celebratione
2591 3101 2708 3169 jam
2740 3098 2907 3153 facta.
2931 3098 3186 3167 Namque
3215 3095 3273 3148 in
3301 3094 3468 3148 missa
3493 3093 3588 3145 hoc
3611 3086 3742 3142 modo

525 3189 640 3237 tens
667 3185 809 3237 Deus
830 3189 892 3237 ut
915 3188 1214 3239 claritatis.
1251 3187 1334 3239 Ad
1364 3187 1790 3258 completorium
1819 3187 2116 3258 imponant
2196 3189 2579 3258 distinguitur.
2615 3188 2870 3241 Secunda
2900 3186 3035 3240 feria
3066 3185 3338 3248 ofﬁcium,
3379 3183 3594 3239 Oibabit.
3637 3177 3743 3230 Ore-

520 3289 733 3338 versus,
768 3278 824 3326 et
844 3274 914 3327 ad
945 3290 1138 3328 omnes
1169 3275 1352 3329 horas.
1386 3277 1545 3337 Ilinc,
1571 3277 1800 3342 Christe,
1834 3292 1984 3330 nunc
2006 3292 2114 3344 pa-
2195 3292 2340 3341 mus,
2373 3278 2531 3335 Deus,
2561 3278 2660 3341 qui
2689 3276 2964 3341 apostolis.
3001 3271 3264 3342 Epistola,
3293 3271 3549 3338 Aperiens
3567 3268 3740 3320 Petrus.

520 3365 774 3416 ractitus.
809 3361 995 3416 Gloria
1028 3364 1146 3424 tibi,
1184 3364 1433 3416 Domine.
2194 3363 2452 3424 Alleluia,
2480 3355 3738 3430 Emitte.Alleluia,Loquebantur.Evangelium.

1122 3451 1354 3505 CAPUT
1383 3451 1510 3508 XII.
2192 3453 2283 3508 Sic
2312 3455 2461 3505 enim
2493 3454 2630 3505 Deus
2661 3453 2858 3504 dilexit
2887 3451 3182 3502 mundum.
3219 3445 3594 3506 Oll‘ertorium,
3625 3443 3742 3495 Inlo-

738 3540 856 3592 llzec
883 3544 1086 3606 oportet
1105 3542 1202 3606 agi
1218 3541 1453 3592 adventu
1475 3541 1718 3608 Spiritus
1737 3542 1896 3594 almi.
2195 3543 2341 3594 nuit.
2375 3539 2728 3599 Communio,
2761 3539 3007 3606 Spiritus
3035 3541 3274 3589 sanet-us.
3313 3535 3500 3590 Tertia
3523 3527 3745 3584 feriaofli-

596 3627 959 3680 Sanctissimo
979 3628 1070 3681 die
1097 3629 1450 3682 Pentecostes
1471 3645 1596 3682 cum
1627 3646 1848 3682 summa
1876 3646 2113 3684 venera-
2195 3629 2363 3692 cium,
2394 3631 2627 3697 Accipite
2648 3629 3072 3696 iucunditatem,
3104 3632 3161 3678 et
3187 3625 3305 3678 alia
3334 3623 3519 3678 omnia
3542 3621 3667 3673 sicut
3686 3617 3746 3668 in-

522 3714 675 3768 tione
720 3721 890 3784 atque
938 3716 1250 3782 devotione,
1297 3717 1536 3788 Spiritus
1577 3719 1753 3772 sancti
1803 3718 2116 3773 celebretur
2196 3717 2508 3771 venientur.
2567 3717 2820 3780 Quatuor
2866 3731 3110 3784 namque
3152 3713 3374 3778 diebus,
3418 3711 3511 3782 qui
3555 3709 3744 3765 resan

523 3803 814 3862 adventus.
841 3803 1053 3858 Debent
1074 3806 1278 3876 quippe
1307 3806 1365 3859 in
1385 3807 1803 3861 nocturnalibus
1832 3807 2113 3877 obsequiis
2195 3813 2367 3876 agant
2395 3805 2637 3859 ofﬁcium
2668 3804 2737 3858 ad
2769 3804 3000 3857 missam
3029 3803 3173 3856 sicut
3201 3802 3258 3855 in
3289 3802 3387 3855 die
3418 3792 3744 3854 Pentecostes.

520 3907 716 3946 omnes
756 3909 1088 3947 coronarum
1136 3895 1424 3965 lampades
1469 3896 1788 3962 accendere,
1827 3902 1883 3950 et
1913 3904 2112 3950 caetera
2196 3895 2622 3966 Epistolaatque
2648 3892 2996 3962 evangelium
3015 3891 3184 3944 veluti
3203 3907 3306 3960 per
3331 3881 3747 3956 annum,quand0

522 3996 745 4034 summo
792 3983 977 4036 studio
1025 3999 1357 4054 componere
1386 3986 1404 4005 '
1435 3985 1722 4054 signorum
1768 3986 2110 4056 pulsationes
2191 3983 2363 4047 feria;
2398 3983 2544 4036 sicut
2564 3986 2883 4035 consertum
2914 3979 3086 4032 fuerit
3105 3979 3164 4031 in
3180 3982 3648 4031 sacramentorum
3671 3985 3748 4021 co-

521 4069 806 4124 modulate
833 4071 1184 4141 subtrahere,
1215 4078 1385 4143 atque
1414 4073 1481 4126 ad
1508 4075 1765 4127 ultimum
1801 4080 2112 4144 perstrepe—
2193 4071 2336 4136 dice,
2367 4072 2447 4124 sic
2475 4076 2784 4141 promatur.
2821 4069 3066 4123 Sabbato
3097 4067 3166 4120 ad
3198 4083 3462 4138 vesperas
3491 4063 3752 4135 quinacan-

521 4175 604 4223 re,
632 4175 757 4213 cum
784 4166 1058 4214 sonantur
1086 4161 1142 4214 in
1161 4178 1357 4225 unum,
1379 4162 1596 4226 tandiu,
1617 4178 1908 4232 quousque
1934 4162 2113 4215 infan-
2195 4151 3750 4220 delabrailluminenturantearam.Alleluia,Replelisunt.

519 4253 606 4302 tes
634 4247 862 4302 veniant
891 4248 948 4302 in
977 4249 1286 4303 ecclesiam.
1323 4249 1413 4302 Ad
1446 4249 1826 4303 invitatorium
1875 4256 2116 4318 quatuor
2201 4249 2469 4303 Sacerdos
2485 4248 2558 4302 sit
2577 4247 2633 4300 in
2647 4247 2854 4317 cappis.
2873 4247 3194 4316 Antiphona
3210 4245 3281 4298 ad
3305 4235 3752 4311 .-’l!agni]‘icatuimt

519 4335 832 4390 vestiantur
878 4337 936 4390 in
981 4338 1187 4409 cappis.
1245 4337 1431 4392 Primo
1477 4345 1534 4392 et
1574 4339 1816 4392 secundo
1842 4343 2116 4391 nocturno
2199 4355 2286 4390 vos
2312 4339 2646 4404 relinquam.
2681 4335 2939 4399 Oremus,
2962 4336 3122 4397 Deus,
3154 4337 3255 4401 qui
3283 4335 3549 4386 hodierna
3575 4329 3669 4379 die.

519 4432 652 4478 ante
681 4426 858 4480 altare
887 4427 999 4480 tria
1023 4427 1356 4480 candelabra
1385 4433 1682 4497 ponantur.
1719 4427 1828 4480 Pro
1857 4409 2180 4496 unoquo-D
2270 4425 2326 4478 Si
2369 4423 2586 4494 jejunia
2632 4423 2841 4476 mensis
2879 4423 3064 4493 quarti
3121 4421 3379 4475 venerint
3420 4419 3562 4472 infra
3607 4415 3756 4484 ipsam

522 4531 629 4586 que
650 4522 944 4579 nocturno,
984 4515 1217 4585 singulae
1245 4515 1580 4585 antiphonaa.
1631 4515 1902 4569 Dicantur
1933 4515 2117 4569 lectio—
2198 4513 2627 4572 hebdomadam.
2673 4511 2921 4564 efﬁciant
2960 4511 3063 4567 ita.
3120 4513 3264 4563 Ante
3326 4509 3570 4569 tertiam,
3617 4503 3758 4570 agam

521 4619 621 4657 nes
640 4609 763 4657 octo
792 4604 860 4657 de
888 4605 1182 4674 Evangelio
1207 4605 1358 4674 quod
1392 4604 1601 4672 legitur
1618 4604 1674 4657 in
1691 4603 1898 4673 vigilia.
1921 4604 2116 4657 Sermo
2199 4603 2426 4656 missam
2440 4602 2508 4654 de
2525 4601 2685 4662 festo,
2705 4601 2894 4654 omnia
2924 4616 3024 4670 per
3047 4599 3320 4661 ordinem,
3348 4597 3494 4650 sicut
3513 4588 3758 4684 eﬂ'atijatn

522 4693 699 4746 sancti
740 4692 1055 4762 Augustini.
1105 4692 1241 4745 Aliae
1279 4699 1520 4763 quatuor
1565 4693 1632 4746 de
1668 4693 1895 4746 homilia
1935 4693 2114 4746 sancti
2198 4707 2411 4745 sumus.
2435 4689 2719 4759 Jejunium
2742 4689 3242 4758 proteleturusque
3262 4684 3758 4740 nonam.Proce.ssxo

522 4781 776 4850 Gregorii
804 4798 961 4852 papae
999 4797 1064 4834 ex
1093 4781 1376 4850 evangelio
1404 4781 1578 4852 ipsius
1607 4781 1737 4836 diei.
1770 4782 1854 4835 Ad
1885 4781 2114 4834 tertiam
2198 4797 2306 4833 non
2336 4781 2452 4841 ﬁat,
2490 4795 2592 4832 nec
2631 4778 2827 4831 litania
2850 4777 3187 4831 cantabitur.
3227 4776 3362 4828 Post
3409 4777 3633 4832 sextam,
3658 4777 3763 4817 cum

521 4885 745 4939 semper
770 4869 1064 4922 lectionem
1107 4869 1548 4940 uniuscujusque
1576 4869 1834 4923 nocturni
1865 4869 2116 4922 incenset
2198 4868 2481 4923 audierint
2493 4861 3583 4936 signumsurgantedormitorio,lavent
3596 4864 3764 4948 manus

523 4957 781 5011 sacerdos
812 4959 992 5028 majus
1020 4958 1214 5022 altare,
1249 4958 1531 5028 simulque
1551 4958 1772 5012 fratres.
1807 4959 2117 5028 Responso-
2198 4973 2262 5010 ac
2278 4956 2448 5009 facies
2469 4972 2618 5020 suas,
2658 4954 2994 5024 veniamque
3021 4953 3078 5006 in
3109 4951 3353 5004 oratorio
3379 4949 3588 5016 absque
3607 4943 3765 4995 sonitu

523 5048 608 5101 ria
637 5047 747 5100 duo
778 5049 988 5118 pariter
1019 5049 1335 5103 (lecantent.
1372 5049 1456 5102 Ad
1495 5049 1775 5102 canticum
1802 5052 2118 5117 augeantur
2198 5044 2366 5100 ullius
2387 5043 2552 5114 signi,
2579 5053 2634 5096 et
2649 5041 3201 5095 faciantorationem.
3223 5037 3497 5092 Sacerdos
3511 5031 3694 5086 vestiat
3718 5040 3766 5076 se

523 5136 841 5208 quindecim
873 5137 1118 5191 candelae
1145 5137 1201 5191 in
1233 5137 1462 5209 pertica.
1498 5139 1559 5191 In
1586 5137 1726 5190 albis
1747 5137 1992 5208 quinque
2021 5151 2119 5188 an-
2199 5149 2325 5186 cum
2367 5130 2661 5184 ministris.
2697 5130 2837 5184 Cum
2880 5128 3090 5182 fuerint
3129 5126 3311 5179 induti
3358 5122 3590 5192 incipiat
3625 5127 3766 5187 para-

529 5225 773 5296 tiphonze
829 5225 1215 5279 decantentur.
1265 5224 1914 5297 Responsoriumbreve
1960 5223 2120 5293 pueri
2203 5221 2461 5289 phonista
2490 5219 2734 5272 ofﬁcium
2771 5237 2783 5271 :
2819 5220 2959 5272 Deus
2989 5220 3123 5270 dum
3152 5216 3500 5283 egredereris.
3537 5211 3764 5301 oremus.

529 5314 847 5384 persolvant
880 5332 892 5365 :
924 5315 1166 5382 Spiritus
1202 5321 1422 5368 sanctus
1459 5317 1770 5381 procedens.
1811 5315 1956 5366 Ante
2003 5311 2120 5381 pri-
2202 5312 2425 5374 Prwsta,
2464 5311 2804 5375 omnipotens
2848 5309 3006 5370 Deus,
3055 5310 3254 5358 mentes
3302 5307 3546 5354 nostras.
3585 5297 3764 5351 Lectio.

528 5418 679 5456 mam
705 5403 1012 5457 adornetur
1041 5403 1234 5457 altare.
1257 5403 1342 5456 Ad
1359 5403 1743 5456 matutinalem
1763 5401 1989 5454 missam
2008 5415 2121 5452 una
2203 5399 2358 5451 Dixit
2401 5399 2681 5453 Salomon.
2711 5395 3166 5466 Responsorium,
3201 5394 3501 5460 Propitius.
3533 5386 3763 5477 Oremus.

527 5492 747 5547 dicatur
771 5493 1024 5557 collecta,
1047 5499 1110 5546 ut
1138 5509 1258 5546 mos
1285 5497 1390 5546 est.
1422 5492 1565 5546 Tum
1594 5505 1789 5543 omnes
1816 5488 2124 5542 induantur
2203 5487 2426 5548 Praesta,
2452 5501 2780 5554 quaesumus,
2799 5487 3139 5552 omnipotens
3158 5488 3206 5537 et
3222 5483 3550 5535 misericors.
3577 5475 3762 5528 Lectio.

601 5596 704 5667 (‘24)
742 5598 1090 5654 Atteluiatice
1133 5604 1359 5652 cantare
1392 5615 1404 5651 :
1443 5596 1485 5652 f.
1514 5610 1645 5652 cum
1676 5594 1822 5648 vocis
1864 5594 2265 5654 modulatione.
