3886 6172
220 247 349 308 1217
1397 251 1814 310 DISCIPLINA
1849 253 2277 311 FARFENSIS.
3337 252 3475 313 1218

221 378 374 441 Audi,
396 378 580 432 Iacob.
595 374 1050 447 Responsorium,
1077 378 1407 436 Terramata
1426 386 1521 436 est.
1552 383 2075 453 Evange—Aciﬁrus
2130 388 2194 438 in
2241 399 2426 439 carne.
2482 382 2624 438 Cum
2671 377 3101 452 repetitionibus
3144 379 3343 435 Nolite.
3380 378 3479 435 In-

222 468 372 532 lium,
410 465 728 523 Accedentes
774 467 1037 535 discipuli
1083 470 1157 522 ad
1200 472 1407 529 Iesum.
1439 471 1796 528 Oﬁ'erendam
1879 477 2170 527 troeuntes
2213 476 2418 526 canant
2446 470 2827 542 antiphonarn,
2854 470 3022 525 Hodie
3049 472 3301 537 completi
3327 475 3481 524 sunt.

223 562 380 628 atque
401 572 596 627 pacem
620 572 767 611 unus
796 556 1051 628 accipiat.
1075 558 1798 625 OtTertarium,Meditabor.
1887 560 1973 615 Ad
2037 560 2267 615 missam
2312 577 2509 615 omnes
2546 559 2967 615 circumdentur
3010 558 3220 630 cappis.
3257 559 3483 631 Septem

224 645 566 707 Communia,
622 648 814 700 Pacem
864 663 1062 700 meam.
1106 647 1273 702 Sexta
1299 648 1442 703 feria
1477 651 1804 722 antiphona.
1892 649 2229 703 candelabra
2254 654 2384 703 ante
2414 664 2596 713 aram,
2629 654 2687 702 et
2712 648 2824 702 tria
2852 656 3023 703 retro.
3051 647 3329 716 Ofﬁcium,
3354 649 3482 718 Spi-

223 736 469 803 Itepletur
494 751 551 788 os
580 750 784 792 meum.
840 734 1105 801 Callecta,
1137 738 1235 798 Da,
1278 754 1607 805 quaesumus,
1656 742 1811 796 eccle—
1890 741 2036 793 ritus
2058 740 2291 793 Domini
2302 737 2588 803 .Oremus,
2618 739 2759 791 Deus
2787 740 2886 806 qui
2904 738 3192 791 hodierna.
3214 736 3479 808 Epistola,

225 826 325 877 sia.
386 823 599 887 Lectio,
636 823 936 887 Ersultate,
989 827 1101 892 ﬁlii
1136 825 1291 881 Sion.
1344 826 1805 898 Responsorium,
1901 829 2022 882 Vide
2056 830 2261 881 ostium
2290 832 2568 895 apertum.
2599 826 2861 882 Alleluia.
2884 828 3005 881 Non
3019 843 3109 881 vos
3137 830 3479 896 relinquam,

223 912 337 967 Esto
364 913 528 965 mihi.
563 912 946 982 Evangelium,
1000 914 1149 968 Venit
1181 916 1254 970 ad
1280 917 1470 970 Jesum
1518 920 1631 972 vir.
1665 918 1810 973 Ofﬁ-
1891 917 2032 971 Item
2058 915 2317 970 Alleluia.
2363 917 2506 977 Veni,
2551 920 2734 970 sancte
2772 916 3040 984 Spiritus.
3092 916 3481 987 Evangelium,

224 999 386 1066 cium,
444 999 659 1068 laudes,
713 1016 780 1055 ac
832 1002 1173 1070 communia,
1233 1003 1482 1073 Spiritus
1537 1008 1637 1061 ubi
1690 1010 1810 1062 vult
1891 1007 2026 1059 Erat
2046 1005 2204 1059 homo
2226 1005 2622 1059 exPhariszis.
2657 1004 3037 1068 Olfertarium,
3061 1006 3342 1073 Conﬁrma
3369 1006 3487 1072 hoc,

226 1091 407 1160 spirat.
1890 1094 2051 1148 Deus.
2077 1092 2433 1159 Communia,
2459 1094 2654 1147 Factus
2675 1097 2778 1150 est.
2802 1093 2889 1147 Ad
2918 1093 3291 1164 expletianem
3316 1110 3488 1149 sacras

290 1178 536 1234 Sabbato
584 1186 946 1236 conservetur
991 1181 1128 1237 ordo
1153 1184 1275 1253 jam
1315 1183 1590 1240 decretus.
1643 1185 1814 1240 Facta
1893 1182 2084 1236 omnia
2128 1182 2291 1253 signa
2337 1182 2651 1253 pulsentur.
2701 1182 2784 1236 Ad
2836 1198 3127 1253 vesperam
3180 1183 3491 1255 antiphona

229 1267 476 1323 oratione
496 1269 688 1324 veniat
710 1271 970 1325 sacerdos
994 1287 1121 1325 cum
1153 1273 1427 1329 ministris
1462 1274 1522 1328 in
1544 1274 1808 1338 sacrario,
1893 1272 2157 1334 Alleluia,
2182 1274 2376 1339 repleti
2390 1270 2879 1340 sunt,Antiphona
2898 1271 2955 1325 in
2978 1272 3297 1343 Evangelia.
3318 1272 3488 1327 Hodie

229 1363 278 1411 et
300 1357 503 1413 induat
555 1375 617 1413 se
661 1360 1007 1414 vestimentis
1052 1362 1244 1416 sacris.
1304 1362 1475 1417 Pueri
1521 1379 1716 1418 omnes
1754 1379 1815 1417 se
1896 1362 2148 1428 completi
2200 1364 2349 1421 sunt,
2406 1360 2657 1425 alleluia,
2717 1362 2968 1422 alleluia,
3019 1362 3269 1414 alleluia.
3324 1359 3492 1414 Hodie

229 1445 492 1501 inalbent.
525 1448 738 1503 Cantor
762 1447 835 1503 sit
862 1447 920 1503 in
948 1449 1118 1504 chara
1155 1467 1282 1505 cum
1326 1467 1522 1523 cappa.
1557 1452 1816 1508 Charitas
1896 1464 2082 1503 omnes
2103 1450 2352 1517 apostoli.

228 1535 353 1629 Dei._
378 1536 539 1629 linus
585 1538 977 1629 tantummodo
1005 1554 1317 1629 conversus
1333 1540 1427 1607 sit,
1464 1540 1561 1612 qui
1600 1541 1819 1596 deferat
2089 1611 2095 1617 _
2491 1573 2725 1629 CAPUT
2761 1573 2907 1629 XIV.

227 1623 617 1679 candelabrum
651 1643 663 1678 :
697 1626 994 1680 lectionem
1022 1626 1267 1682 infantes
1305 1628 1498 1698 legant
1526 1629 1583 1683 in
1619 1629 1817 1701 primis

227 1713 493 1783 juniores,
526 1714 730 1768 deinde
758 1715 855 1769 alii
876 1715 1021 1770 sicut
1043 1722 1178 1771 sunt
1193 1698 1761 1789 priares.Respansor

1599 1698 1819 1773 οῇεοιιίε
1838 1708 1883 1768 Β
2235 1698 2524 1752 Dominica
2552 1699 2608 1751 ΙΙ
2621 1703 2740 1766 post
2775 1700 3133 1753 Pentecosten.

232 1802 329 1873 ipsi
371 1809 604 1858 cantent
650 1803 892 1858 vicissim
932 1804 1158 1876 singuli.
1194 1805 1466 1861 Sacerdos
1493 1806 1716 1862 veniens
1746 1808 1819 1861 ad
1972 1805 2035 1859 In
2065 1804 2188 1876 ipsa
2216 1804 2571 1859 hebdomada
2608 1804 2821 1859 feriatis
2856 1804 3054 1860 diebus
3099 1809 3329 1861 cantent
3375 1807 3497 1862 ofﬁ-

233 1892 401 1946 altare
422 1892 598 1947 faciat
620 1893 1024 1948 confessionem
1043 1910 1169 1948 cum
1190 1894 1377 1961 levita,
1403 1895 1571 1961 dicat,
1595 1912 1819 1951 oremus
1902 1893 2324 1957 cium,Domine,
2350 1897 2411 1947 in
2437 1899 2533 1947 tua
2553 1895 2952 1948 misericordia.
2982 1894 3241 1962 Oremus,
3263 1897 3404 1951 Deus
3435 1899 3497 1951 in

236 1982 501 2035 Mentibus
547 1985 775 2045 nostris;
828 1983 913 2037 vel
958 1984 1254 2050 Effundam
1293 1986 1358 2039 de
1412 1988 1619 2053 spiritu
1681 2002 1817 2040 meo.
1905 1988 1952 2037 te
1972 1982 2928 2052 sperantium.Evangelium,llomo
2948 1986 3494 2052 quidameratdives.

236 2069 689 2140 Responsorium,
722 2074 1013 2126 Protector.
1044 2072 1303 2135 Oremus,
1328 2076 1432 2128 Illo
1453 2090 1549 2127 nos
1565 2076 1711 2141 igne,
1736 2074 1822 2128 vel
1904 2072 2117 2126 Exhinc
2144 2087 2403 2142 namque.
2435 2087 2614 2142 usque
2642 2071 2713 2125 ad
2762 2071 2894 2126 Idus
2925 2072 3270 2144 Septembris
3295 2078 3500 2144 quarta

239 2160 462 2213 Locutus
490 2164 567 2213 est
594 2161 889 2218 Dominus.
920 2160 1673 2232 Responsorium,Propitius
1692 2168 1817 2218 esto.
1906 2161 2021 2216 sive
2041 2166 2196 2216 sexta
2220 2160 2363 2215 feria
2386 2160 2639 2229 jejunare
2685 2159 2917 2227 debent;
2950 2161 3095 2216 sicut
3123 2162 3291 2216 Pater
3309 2167 3501 2217 noster

235 2246 637 2313 Oremus,Deus
656 2252 757 2317 qui
772 2250 847 2303 ad
864 2253 1194 2304 animarum
1210 2251 1621 2318 .Lectio,Audi,
1632 2253 1818 2306 Israel.
1909 2250 2243 2307 Benedictus
2261 2249 2513 2303 instituit
2538 2266 2653 2304 suae
2686 2249 2914 2321 Regulae
2942 2266 3063 2321 cap.
3098 2251 3186 2305 47.
3210 2251 3279 2305 Et
3304 2250 3374 2304 ab
3400 2248 3501 2304 ab-

235 2335 1290 2406 Respansorium,00nvertere,Domine.
1316 2340 1577 2406 Oremus,
1594 2345 1819 2404 Praesta,
1906 2336 2036 2392 bate
2056 2338 2151 2391 illa
2172 2337 2433 2392 discretio
2457 2337 2580 2392 ﬁeri
2612 2337 2973 2409 debet,quam
2994 2338 3114 2410 ipse
3142 2338 3502 2393 beatissimus

236 2441 564 2492 quaesumus,
593 2429 941 2495 omnipotens
960 2429 1121 2482 Deus.
1148 2428 1357 2494 Lectio,
1379 2430 1537 2483 Dixit
1560 2431 1827 2484 Dominus
1912 2433 2221 2499 praeceptor
2245 2427 2418 2498 jussit
2443 2432 2674 2498 propter
2705 2427 3111 2498 pusillanimes,
3146 2428 3229 2482 vel
3249 2428 3395 2483 aeris
3424 2428 3507 2483 in-

237 2514 306 2566 ad
354 2515 600 2583 Moysen.
674 2514 1138 2587 Responsorium,
1186 2518 1501 2585 Dirigatur.
1563 2518 1822 2588 Oremus,
1912 2515 2263 2587 temperiem,
2312 2521 2421 2570 aut
2455 2516 2502 2570 si
2533 2515 2691 2570 labor
2742 2518 2925 2587 major
2979 2516 3158 2571 factus
3201 2517 3375 2572 fuerit
3399 2516 3507 2573 laci

235 2601 806 2671 Presta,qusesumus,
831 2608 1192 2673 om‘nipotens.
1217 2607 1424 2672 Lectio,
1446 2607 1687 2674 Angelus
1716 2609 1831 2662 Do-
1912 2605 2081 2659 illius.
2108 2604 2167 2658 Si
2201 2609 2389 2658 autem
2424 2603 2613 2659 abbati
2656 2606 2742 2659 vel
2787 2605 2962 2676 priori
2990 2605 3166 2660 visum
3196 2606 3386 2673 fuerit,
3417 2611 3503 2673 ut,

236 2694 386 2745 mini
407 2693 700 2747 descendit.
729 2693 1180 2747 Benedictionem
1204 2695 1478 2749 minorem
1499 2695 1611 2750 duo
1628 2696 1831 2751 fratres
1913 2694 1962 2747 si
1988 2692 2332 2755 reﬁciantur,
2367 2693 2471 2748 hac
2499 2693 2665 2747 modo
2694 2700 2883 2763 agant.
2915 2695 3039 2748 Max
3064 2700 3128 2748 ut
3165 2695 3512 2750 surrexerint

234 2780 291 2834 in
315 2780 466 2835 albis
485 2781 709 2835 dicant:
738 2783 1057 2836 Benedictus
1077 2800 1150 2850 es,
1180 2785 1405 2838 Domine
1434 2803 1450 2838 :
1479 2800 1658 2855 usque
1673 2784 1828 2853 dum;
1914 2783 1983 2837 de
2013 2782 2279 2853 capitula,
2322 2787 2379 2836 et
2398 2782 2455 2836 in
2486 2782 2731 2836 claustra
2760 2782 3031 2848 venerint,
3059 2782 3295 2853 jubente
3307 2782 3510 2839 abbate

231 2872 563 2925 Benedicant
597 2876 662 2933 te,
698 2875 910 2928 oletum.
944 2876 1115 2933 terra,
1139 2888 1295 2926 mare
1323 2878 1373 2926 et
1401 2877 1594 2927 omnia
1620 2891 1740 2943 qua
1768 2877 1831 2927 in
1913 2877 2146 2925 sanetur
2165 2871 2391 2941 signum
2413 2870 2621 2936 minus,
2648 2877 2713 2926 ut
2732 2871 3156 2926 hebdomadarii
3177 2872 3512 2943 coquinm,et

234 2961 306 3013 eis
364 2964 520 3013 sunt.
579 2958 792 3014 Deinde
842 2964 1121 3030 repetant.
1178 2961 1241 3014 Et
1283 2962 1603 3016 laudabilis.
1640 2963 1831 3018 Gloria
1860 2959 2238 3031 Aaliifratres
2261 2965 2577 3031 praeparent
2597 2959 2807 3026 omnia,
2838 2976 2962 3030 quae
2980 2960 3510 3031 praeparandasunt,

234 3049 411 3102 Patri.
437 3046 582 3103 Cum
606 3022 957 3120 repetitione.
977 3050 1041 3103 Et
1068 3051 1388 3117 laudabilis,
1412 3056 1470 3105 et
1485 3055 1620 3105 tunc
1637 3050 1833 3106 subse-
1853 3022 1897 3083 θ
1917 3052 1974 3101 et
2010 3052 2184 3118 agant
2212 3022 2441 3102 missam
2476 3046 2548 3101 ad
2576 3022 2824 3113 tertiam,
2853 3022 2912 3102 et
2937 3022 3266 3103 reﬁciantur
3292 3048 3363 3103 ad
3394 3022 3515 3104 sex;

237 3138 665 3207 quantur.Sicut
685 3143 822 3192 erat.
845 3140 911 3193 Et
936 3139 1256 3193 laudabit-as.
1280 3138 1400 3194 Illis
1420 3156 1591 3212 supra
1609 3157 1836 3212 respan-
1916 3142 2054 3191 tam.
2088 3137 2147 3191 Si
2176 3153 2306 3192 vero
2330 3137 2734 3208 jejunaverint,
2767 3142 2894 3207 post
2920 3142 3133 3191 sextam
3162 3138 3419 3209 protinus
3443 3145 3507 3195 ut

237 3226 522 3281 dentibus.
540 3228 858 3282 Benedictus
887 3244 961 3281 es.
985 3228 1112 3282 Max
1124 3237 1189 3282 ut
1216 3228 1429 3283 dictum
1449 3229 1623 3284 fuerit
1649 3231 1839 3285 veniat
1919 3226 2269 3281 surrexerint
2298 3225 2597 3280 meridiani
2632 3223 2798 3297 [forte
2828 3242 2860 3279 a
2889 3225 3223 3293 meridiana,
3266 3229 3324 3281 id
3346 3233 3441 3291 est,
3476 3245 3513 3283 a

237 3316 505 3371 sacerdos
520 3317 590 3371 ad
614 3316 792 3371 altare
821 3321 879 3370 et
898 3316 1067 3383 dicat,
1099 3318 1370 3372 Dominus
1400 3319 1834 3374 vobiscum.Cal-
1916 3332 2105 3369 somno
2132 3321 2251 3384 post
2270 3312 2843 3386 meridiem],veniant
2863 3313 3021 3386 pueri
3043 3321 3174 3370 ante
3194 3316 3372 3371 altare
3383 3332 3514 3372 ara-

236 3405 403 3467 lecta.
454 3407 598 3460 Deus
625 3408 726 3473 qui
755 3408 949 3459 tribus.
994 3406 1264 3477 Epistola,
1291 3409 1595 3474 Justiﬁcati
1632 3411 1827 3477 igitur.
1917 3406 2130 3461 tionem
2160 3404 2370 3473 facere;
2401 3420 2511 3475 qua
2538 3404 2702 3470 facta,
2747 3404 3041 3476 imponant
3081 3405 3225 3460 hanc
3255 3406 3515 3478 antipha-

235 3495 499 3560 Tractus,
552 3496 810 3562 laudate,
851 3494 1115 3549 similiter
1158 3495 1271 3550 duo
1299 3496 1359 3549 in
1389 3495 1550 3552 albis.
1584 3497 1837 3568 Evange—
1919 3512 2073 3562 nam,
2109 3496 2373 3562 Exsurge,
2408 3496 2657 3548 Domine.
2689 3493 2846 3547 Tunc
2864 3494 3072 3548 faciant
3100 3495 3514 3566 processianem

236 3583 397 3647 lium,
454 3584 780 3653 Egrediente
833 3586 979 3638 Jesu.
1040 3584 1421 3653 Otfertorium,
1473 3588 1631 3649 Deus,
1697 3589 1835 3641 Deus
1921 3602 2023 3657 per
2055 3584 2309 3643 ordinem
2337 3584 2483 3639 sicut
2496 3585 2616 3654 jam
2647 3582 2896 3639 crebrius
2924 3584 3521 3656 prompsimus.Evan-

236 3677 445 3728 salutis
493 3688 635 3727 mese.
670 3671 1027 3741 Communia,
1066 3675 1192 3729 Non
1242 3692 1332 3729 vos
1364 3679 1684 3744 relinquam
1744 3692 1839 3731 or-
1920 3675 2069 3745 gelia
2092 3675 2356 3745 legantur
2383 3673 2443 3727 in
2476 3672 2628 3727 feriis
2670 3672 2815 3727 sicut
2862 3673 2919 3727 in
2950 3673 3093 3727 libra
3132 3679 3519 3730 sacramenta-

232 3764 477 3831 phanas.
1923 3780 2051 3818 rum
2071 3764 2388 3834 conscripta
2417 3762 2751 3817 invenerint.
2781 3762 2998 3816 Debent
3030 3763 3238 3834 quippe
3264 3769 3421 3818 sexta
3444 3763 3522 3819 fe-

844 3852 1079 3907 CAPUT
1106 3853 1258 3908 XIII.
1925 3853 2009 3907 ria
2033 3857 2263 3907 cantare
2294 3852 2523 3906 missam
2551 3851 2609 3906 in
2632 3852 2904 3905 honorem
2926 3858 3131 3907 sancta:
3157 3853 3373 3918 Crucis,
3392 3858 3449 3908 et
3471 3852 3522 3908 si

771 3942 982 3997 Octavis
1011 3944 1351 3996 Pentecostes.
1926 3940 2127 4013 aliquis
2141 3946 2367 3995 sanctus
2388 3940 2655 4005 evenerit,
2677 3939 2825 3994 unde
2844 3945 2960 3994 tres
2978 3939 3243 3995 lectiones
3259 3946 3518 4011 agantur,

309 4029 734 4097 Invitatorium,
766 4031 1030 4093 Alleluia,
1046 4030 1293 4098 Spiritus
1320 4029 1721 4101 Domini,quad
1734 4028 1845 4084 duo
1927 4035 2157 4085 cantent
2188 4028 2419 4084 missam
2448 4028 2519 4083 de
2540 4028 2662 4099 ipsa
2688 4033 2901 4082 sancto.
2935 4028 3005 4082 Et
3033 4028 3257 4098 quando
3287 4034 3517 4084 sanctus

239 4125 483 4177 cantent
530 4120 591 4175 in
642 4119 850 4191 cappis.
898 4117 1031 4174 Tria
1070 4118 1407 4173 candelabra
1462 4125 1593 4173 ante
1647 4119 1844 4185 altare,
1931 4136 2047 4174 non
2077 4118 2483 4184 adventaverit,
2519 4117 2718 4187 quinta
2740 4116 2882 4171 feria
2909 4117 3131 4187 legatur
3158 4117 3524 4187 Evangelium

240 4216 402 4267 retro
455 4225 592 4264 una.
641 4209 708 4263 In
754 4207 1043 4263 nocturnis
1071 4208 1393 4279 antiphonas
1440 4208 1679 4278 singulae
1723 4224 1848 4262 cum
1932 4208 2110 4280 ipsius
2139 4208 2270 4271 diei,
2306 4209 2479 4262 Homo
2517 4208 2749 4275 quidam
2776 4211 2896 4260 erat
2926 4208 3093 4260 dives.
3114 4206 3255 4261 Tata
3282 4221 3527 4278 namque

242 4299 500 4355 Alleluia
536 4298 607 4352 de
648 4298 771 4369 ipso
818 4296 961 4351 festa
993 4296 1273 4362 dicantur,
1304 4295 1572 4351 lectiones
1620 4302 1745 4351 octo
1783 4296 1853 4351 de
1934 4298 2059 4369 ipsa
2108 4296 2462 4352 hebdomada
2518 4296 2591 4350 ad
2653 4297 2973 4363 Magni/lect
3028 4292 3236 4349 debent
3297 4301 3527 4351 cantare

243 4403 517 4445 sermone
542 4372 727 4441 sancti
753 4384 957 4440 Leonis
985 4401 1163 4456 papae.
1197 4384 1474 4449 Quartum
1505 4388 1764 4439 octavum
1798 4386 1855 4438 et
1875 4380 1919 4438 D
1937 4386 2276 4458 antiphonas
2305 4402 2372 4440 ex
2404 4384 2730 4456 Evangelia,
2757 4385 2928 4439 Homo
2957 4384 3176 4452 quidem
3208 4390 3328 4438 erat
3356 4386 3522 4441 dives.

242 4477 657 4535 duodecimum
688 4474 1105 4546 responsorium
1156 4489 1190 4528 a
1241 4472 1460 4528 duobus
1508 4472 1850 4529 cantabitur.
1938 4475 2182 4532 Sabbato
2256 4475 2327 4530 ad
2384 4490 2674 4546 vesperam
2722 4473 3165 4545 responsorium,
3216 4475 3529 4543 Praeparate

245 4567 507 4623 Homilia
532 4565 606 4619 de
644 4563 966 4634 Evangelia,
997 4563 1133 4617 Erat
1163 4562 1322 4617 homo
1350 4579 1416 4617 ea:
1442 4564 1738 4618 Pharisasis
1766 4579 1856 4618 ex-
1936 4567 2103 4621 corda
2159 4570 2358 4621 vestra.
2416 4564 2502 4619 Ad
2559 4565 2879 4632 Magni/teat
2947 4561 3276 4635 antipbana,
3326 4565 3531 4621 Montes

244 4655 561 4730 positionis
607 4652 865 4724 Gregorii
906 4652 1260 4707 Nazianzeni.
1306 4652 1373 4708 In
1401 4652 1663 4707 laudibus
1707 4652 1856 4707 anti-
1943 4656 2144 4711 Galbae.
2222 4676 2225 4680 λ

248 4748 453 4819 phona
482 4761 495 4801 :
529 4744 793 4833 Alleluia,
828 4743 964 4833 dum
992 4744 1417 4833 compleremur-
1456 4741 1523 4797 Ῑῐ1
1561 4741 1861 4833 Ενειξιεθξὶο
2542 4775 2777 4833 CAPUT
2807 4776 2926 4832 XV.

248 4835 614 4907 antiphana:
658 4832 809 4886 Venit
858 4831 1016 4885 homo
1044 4832 1117 4884 ad
1142 4832 1351 4894 Iesum,
1386 4835 1628 4886 nomine.
1677 4830 1745 4885 In
1773 4830 1864 4886 die

250 4905 513 4996 namque
547 4923 658 4977 hac
686 4920 734 4975 si
771 4920 962 4993 aliqua
997 4919 1141 4974 festa
1183 4919 1549 4986 occurrerint,
1604 4925 1784 4991 repete

1668 4925 1867 4991 petant
2267 4905 2559 4959 Dominica
2582 4905 2671 4959 ΙΙΙ
2688 4908 2810 4972 post
2836 4905 3201 4959 Pentecosten.

250 5014 643 5086 antiphonam
674 5015 733 5066 et
760 5015 932 5083 agant
958 5009 1350 5064 matutinalem
1380 5008 1632 5076 missam,
1657 5009 1864 5080 adjun-
2020 5010 2224 5066 Dicant
2240 5008 2649 5076 invitatarium,
2666 5011 3123 5078 Prseoccupemus.
3150 5010 3539 5083 Hymnus,1Vo-

251 5109 471 5177 gentes
496 5101 789 5157 collectam
820 5102 979 5161 Deus,
995 5102 1095 5169 qui
1123 5099 1391 5153 hodierna
1418 5099 1524 5151 die.
1555 5098 1613 5152 Si
1641 5104 1868 5153 sanctus
1951 5106 2028 5154 cte
2080 5104 2381 5169 surgentes.
2432 5098 2723 5154 Lectiones
2769 5104 2893 5154 octo
2939 5099 3132 5169 legant
3174 5099 3243 5153 de
3290 5098 3535 5169 regibus.

255 5192 500 5265 Spritus
558 5194 860 5263 perventus
915 5204 1029 5243 non
1084 5186 1275 5252 fuerit,
1306 5186 1378 5241 ad
1422 5202 1639 5241 sacram
1685 5187 1867 5259 ipsam
1953 5188 2408 5261 Responsorium,
2438 5190 2579 5243 Deus
2599 5191 2872 5243 omnium.
2909 5188 2974 5242 In
3002 5186 3170 5241 tertia
3219 5187 3409 5257 [Supp.
3442 5203 3534 5242 no-

253 5298 451 5340 unam
494 5280 785 5335 collectam
836 5276 1156 5349 persolvant
1205 5291 1333 5329 cum
1391 5274 1716 5345 praefatione
1759 5276 1872 5331 diei
1953 5278 2173 5348 cturno]
2202 5277 2437 5332 homilia
2465 5293 2531 5331 ex
2568 5276 2868 5347 Evangelia
2904 5293 2916 5328 :
2961 5276 3129 5329 Homo
3157 5275 3386 5342 quidam
3415 5281 3537 5330 erat

257 5368 589 5430 Paschalis.
624 5366 913 5423 Pracessio
941 5366 1007 5419 ﬁt
1031 5364 1176 5419 sicut
1213 5363 1513 5435 preteritis
1536 5363 1732 5419 diebus
1758 5365 1875 5421 Do-
1955 5368 2120 5424 dives.
2174 5366 2550 5438 Responsaria
2598 5365 2670 5419 de
2708 5364 2961 5436 ejusdem
3007 5362 3244 5416 historia
3287 5367 3537 5434 cantent)

258 5458 525 5521 minicis.
547 5463 800 5514 attamen
819 5472 946 5512 cum
966 5453 1221 5510 venerint
1234 5452 1293 5508 in
1320 5452 1607 5509 redeunda
1635 5454 1696 5509 in
1731 5453 1875 5511 atria
1956 5472 2135 5527 usque
2166 5455 2448 5511 Kalendas
2474 5454 2736 5526 Augusti.
2791 5455 2868 5508 At
2894 5450 3288 5506 matutinalem
3341 5452 3542 5508 horam

258 5555 421 5608 ante
448 5548 597 5605 fores
622 5545 888 5615 ecclesiae,
910 5544 1138 5601 initient
1154 5544 1302 5601 hanc
1327 5541 1714 5616 antiphonam,
1733 5544 1877 5601 σηι-
1957 5543 2225 5617 hymnus,
2246 5544 2371 5600 Ecce
2386 5546 2516 5614 jam
2544 5544 2744 5601 noctis.
2773 5541 2963 5614 Usque
2981 5538 3261 5596 Kalendas
3290 5540 3549 5600 Octobris
