3886 6172
457 257 596 318 1223

1508 254 1861 312 GUlDONIS
1897 255 2206 313 ABBATIS
2242 254 2641 313 FARFENSIS

3507 255 3623 315 1224

445 401 614 457 agere
640 384 701 439 in
740 380 984 438 natilitio
1014 380 1417 453 apostolorum.
1452 382 1913 456 Responsorium,
1943 383 2308 457 Pe-Aleluia,
2329 391 2439 459 Ego
2467 405 2559 444 vos
2585 388 2721 455 elegi
2751 404 2768 441 :
2799 382 3175 455 Evangelium,
3211 383 3314 439 Hoc
3358 389 3425 438 est
3464 400 3625 454 prm.

452 480 574 529 trus
601 474 874 542 apostolus
899 476 950 525 et
968 473 1178 525 Paulus
1202 489 1217 524 :
1249 471 1525 543 Hymnus,
1555 475 1706 526 Felix
1716 488 1819 539 per
1838 487 2042 525 omnes:
2122 486 2285 549 ριωη
2316 495 2499 533 meum
2523 496 2539 531 ε
2572 474 2855 537 ofﬁcium,
2876 476 2945 530 1n
2958 488 3170 528 omnem
3194 477 3380 526 terram
3399 473 3629 529 ςοοωωιι.

449 564 706 627 Oremus,
738 564 876 616 Deus
905 562 1004 630 qui
1033 564 1270 628 apostolo
1291 565 1383 615 tuo
1403 564 1561 616 Petra
1581 563 1814 615 collatis.
1831 559 2045 614 Deinde

445 655 707 724 repetant
734 649 802 705 de
830 654 1022 704 sancto
1073 649 1266 704 Paulo.
1307 649 1634 721 Antiphona
1675 665 1804 703 cum
1835 649 2043 704 Gloria.

449 740 643 798 Oratio
662 739 871 811 ipsius;
904 742 962 793 et
990 738 1347 810 postmodum
1376 739 1445 793 de
1481 745 1674 794 sancto
1713 739 1946 793 Joanne.
1986 736 2046 791 Si

449 831 560 886 ista
583 829 857 884 festivitas
885 828 1132 883 evenerit
1150 828 1241 883 die
1292 827 1604 896 Dominico,
1634 826 2046 900 processionem

448 919 657 976 faciant
676 918 825 974 sicut
839 917 899 972 in
928 917 1336 972 resurrectione
1355 918 1627 973 fecerunt.

1042 1006 1276 1062 CAPUT
1302 1005 1453 1061 XIX.

922 1098 988 1151 In
1022 1098 1202 1150 sancti
1227 1097 1395 1149 Pauli
1418 1097 1570 1164 festo.

524 1190 591 1246 In
620 1185 801 1243 sancti
829 1184 1011 1248 Pauli,
1042 1184 1114 1239 ad
1141 1184 1526 1239 invitatoriam
1546 1184 1658 1239 duo
1687 1183 1804 1238 sint
1830 1183 1888 1238 in
1916 1197 2049 1255 cap-

452 1278 559 1351 pis.
592 1277 869 1345 Hymnus,
907 1275 1152 1329 Exsultet
1205 1275 1414 1328 caelum.
1472 1272 1663 1328 Primo
1712 1278 1770 1327 et
1806 1271 2050 1328 secundo

453 1372 729 1422 nocturno
750 1363 1017 1419 lectiones
1051 1366 1372 1417 sanctorum
1414 1360 1674 1427 Patrum,
1706 1363 1892 1416 Filiali
1919 1362 2047 1427 mei,

456 1457 645 1511 audite
677 1471 793 1517 nos,
821 1459 870 1508 et
893 1454 1115 1507 liberate
1132 1469 1238 1506 vos.
1262 1450 1656 1523 Responsoria,
1674 1452 1781 1518 Qui
1799 1454 2052 1518 operatus

455 1550 532 1601 est
560 1543 1395 1608 Petro.Quartum,octavum,et
1409 1539 1801 1594 duodecimum
1824 1555 1860 1593 a
1876 1537 2058 1610 capite

2127 570 2242 635 nio,
2276 570 2385 635 Vos,
2403 570 2500 636 qui
2520 568 2693 620 secuti
2713 567 2840 619 estis
2861 579 2963 618 me.
2985 561 3067 616 Ad
3088 576 3371 632 vesperam,
3385 562 3631 633 antipbona

2129 675 2253 729 quae
2279 672 2447 728 super
2475 653 2840 725 Evangelium
2869 651 2961 717 sit,
3003 667 3124 721 quae
3149 649 3426 704 communis
3449 651 3512 704 sit
3545 667 3633 705 am-

2128 746 2347 812 borum,
2374 751 2431 801 et
2458 743 2662 817 psalmi
2690 743 2760 797 de
2782 740 2942 797 feria.
2974 740 3108 794 Post
3128 737 3335 794 tertiam
3374 743 3519 810 agant
3546 739 3637 794 ofﬁ-

2129 836 2277 891 cium
2306 840 2658 888 mortuorum
2693 831 2841 887 sicut
2865 846 2988 885 mos
3027 832 3133 884 est.
3162 826 3218 882 Si
3243 833 3441 882 sanctus
3480 826 3636 898 aliquis

2131 923 2380 980 evenerit
2430 922 2580 978 unde
2617 927 2733 976 tres
2769 919 3039 975 lectiones
3082 915 3333 985 etﬁciant,
3381 914 3556 971 faciunt
3588 923 3637 972 ut

2133 1012 2467 1086 protulimus
2497 1010 2644 1066 infra
2670 1014 2891 1065 octavas
2931 1009 2990 1062 S.
3016 1005 3258 1064 Joannis.

2655 1096 3070 1155 CAPITULUM
3092 1096 3210 1150 XX.

2597 1188 2809 1246 Oetaeis
2868 1188 3237 1256 apostatarum
3248 1227 3261 1240 .

2203 1279 2424 1336 Octavia
2479 1278 2860 1351 apostolorum
2915 1274 3219 1346 antiphona
3269 1271 3337 1326 ad
3394 1287 3637 1343 vesperam,

2132 1371 2285 1425 Beati
2295 1371 2453 1423 eritis
2478 1384 2605 1422 cum
2615 1382 2728 1422 vos.
2752 1364 2961 1420 Psalmi
2980 1380 3046 1418 ex
3059 1360 3197 1418 feria
3214 1379 3228 1416 :
3248 1362 3643 1434 Hymnus,Aurea

2137 1462 2280 1513 luce:
2322 1456 2663 1528 Antiphona,
2723 1458 2823 1512 Isti
2869 1457 3002 1508 sunt
3036 1455 3246 1507 sancti:
3283 1450 3511 1517 Oremus,
3538 1450 3642 1503 Deus

2139 1551 2297 1617 cujus
2333 1548 2555 1601 dextera
2577 1564 2594 1599 :
2642 1543 3050 1607 Invitatorium,
3094 1540 3319 1597 Gaudete
3353 1543 3397 1593 et
3428 1540 3647 1603 multati,

457 1639 587 1706 post
613 1633 799 1689 Gloria
817 1630 1139 1702 incipiatur.
1170 1628 1237 1683 In
1264 1628 1547 1695 laudibus,
1575 1629 1850 1700 Hymnus,
1864 1629 2107 1706 Doctar_
2140 1637 2251 1693 duo
2273 1635 2477 1690 fratres
2496 1635 2799 1690 demutant,
2815 1634 2876 1688 in
2906 1630 3118 1704 cappis.
3137 1627 3441 1685 Luminaria
3452 1626 3541 1681 tria
3555 1630 3651 1679 ante

458 1702 687 1791 egregie.
706 1719 1029 1790 Antiphone
1069 1722 1129 1772 et
1159 1716 1338 1773 oratio
1357 1716 1535 1789 ipsius
1564 1734 1576 1770 :
1602 1722 1660 1771 et
1700 1715 2056 1788 postmodum

2146 1726 2333 1790 altare,
2355 1725 2622 1797 hymnus,
2649 1702 3437 1791 ErsuttetcalumAntiphome
3451 1714 3653 1788 plurimo-

459 1810 531 1866 de
569 1814 762 1864 sancto
811 1808 1000 1873 Petro,
1058 1823 1184 1861 cum
1234 1807 1441 1863 Gloria.
1488 1805 1631 1861 Dein
1679 1805 1751 1860 de
1803 1803 2057 1876 Baptista

457 1899 694 1955 Joanne.
726 1897 813 1951 Ad
841 1896 1072 1950 missam
1120 1895 1512 1950 matutinalem
1549 1894 1618 1949 de
1656 1898 1850 1948 sancto
1890 1892 2057 1947 Petro

459 1991 624 2045 Nunc
652 1990 760 2041 scio
788 2002 928 2040 vere.
957 1984 1224 2052 Collecta,
1249 1986 1470 2048 Przsta,
1510 1999 1840 2052 quassamus,
1874 1984 2058 2036 omni-

454 2082 647 2147 potens
673 2077 833 2137 Deus,
861 2079 923 2129 ut
952 2076 1151 2139 nullis,
1187 2078 1356 2144 atque
1398 2072 1631 2127 Joannis
1681 2070 1968 2143 Baptistae,
2003 2073 2062 2124 et

466 2165 610 2221 aliae.
643 2164 729 2219 Ad
778 2164 1049 2233 majorem
1080 2178 1274 2217 omnes
1322 2161 1437 2215 sint
1472 2161 1802 2216 circumdati
1826 2158 2057 2232 'cappis,

460 2253 623 2328 pueri
643 2250 864 2307 tunicis.
899 2250 1159 2305 Ofﬁcium
1179 2254 1411 2305 teneant
1429 2266 1543 2305 sex.
1569 2250 1836 2321 Epistola,
1853 2250 2060 2303 Notum

460 2344 606 2413 facio
635 2342 782 2396 vobis
817 2341 1183 2408 Ecangelium
1226 2356 1429 2394 meum.
1486 2338 1767 2394 Graduale
1823 2341 2066 2410 quatuor

461 2435 711 2487 cantent.
738 2428 982 2484 Alleluia
1000 2444 1113 2492 sex,
1142 2427 1213 2482 ad
1235 2428 1404 2482 ﬁnem
1433 2427 1614 2483 missae
1666 2426 1857 2483 omnia
1905 2427 2067 2497 signa

463 2519 779 2575 sonitizent.
812 2518 878 2572 In
903 2516 1057 2571 horis
1085 2514 1407 2586 antiphonie
1428 2533 1551 2587 qua:
1572 2516 1688 2571 sint
1708 2516 1777 2571 de
1802 2514 2063 2570 laudibus

464 2609 586 2664 sine
613 2606 863 2663 versibus
888 2605 1220 2678 sequacibus
1271 2610 1624 2676 promantur.
1669 2605 1755 2659 Ad
1803 2620 2064 2676 vesperas

463 2697 784 2769 antiphonae
816 2695 886 2750 de
916 2700 1188 2750 nocturno
1236 2694 1497 2749 dicantur
1527 2694 1648 2749 sine
1694 2692 1965 2749 versibus.
1999 2695 2064 2749 In

463 2786 663 2858 primis
693 2787 800 2854 Qui
836 2789 1090 2854 operatus
1144 2789 1219 2838 est
1268 2786 1444 2845 Petro,
1482 2788 1539 2839 et
1579 2784 2064 2855 aliaz.Responso-

466 2876 614 2931 rium
651 2876 729 2930 Tu
757 2892 810 2929 es
835 2890 929 2928 vas
957 2876 1247 2928 electionis.
1286 2873 1561 2945 Hymnus.
1593 2874 1786 2928 Doctor
1819 2876 2053 2941 egregie.

467 2964 834 3021 Postmodum
852 2967 1111 3034 repetant
1130 2961 1497 3033 antiphonam
1530 2962 1600 3017 de
1619 2978 1680 3016 sa
1688 2966 1814 3016 ncto
1826 2962 2059 3028 Joanne,

468 3053 598 3110 dein
625 3053 695 3108 de
722 3052 973 3124 apostolo
993 3052 1185 3111 Petro.
1214 3051 1281 3105 In
1327 3049 1569 3106 crastino
1618 3067 1748 3105 vero
1784 3049 2068 3106 celebrent

468 3146 690 3196 octavas
718 3138 898 3195 sancti
924 3138 1155 3194 Joannis
1185 3138 1331 3193 sicut
1355 3139 1612 3210 superius
1659 3138 1932 3194 insertum
1973 3139 2073 3193 ha-

468 3230 685 3286 bemus.

539 3318 729 3374 Pridie
748 3318 931 3373 missze
980 3318 1046 3388 [Γ.
1075 3316 1305 3388 mensis]
1350 3318 1483 3373 Julii
1539 3317 1784 3373 ofﬁcium
1841 3318 2073 3390 plenum

472 3411 568 3464 ﬁat
600 3413 815 3480 septem
844 3405 1040 3462 diebus
1075 3423 1176 3477 pro
1204 3406 1420 3462 cunctis
1454 3407 1823 3462 familiaribus
1861 3407 2069 3463 nostris

472 3497 637 3554 sicuti
669 3495 793 3551 fieri
820 3512 942 3550 mos
966 3500 1052 3550 est
1079 3511 1181 3567 pro
1211 3494 1479 3551 fratribus
1504 3496 1711 3550 nostris
1753 3495 2072 3551 novembris

476 3587 680 3658 [suppt.
712 3585 952 3655 mense]

546 3674 699 3729 Infra
761 3678 988 3727 octavas
1043 3673 1244 3727 horum
1289 3672 1669 3744 apostolorum
1735 3674 1816 3729 ita
1876 3681 2066 3745 agant.

477 3762 675 3819 Genua
701 3778 813 3817 non
834 3763 1082 3816 ﬂectant.
1114 3760 1523 3827 Invitatorium,
1572 3764 1764 3831 Regem
1804 3766 2071 3832 apostolo-

477 3868 609 3907 rum
630 3852 938 3922 :Hymnus.
955 3851 1200 3905 Exsultat
1217 3852 1428 3906 calum.
1454 3850 1637 3922 Supra
1656 3851 1899 3923 psalmos
1919 3868 2075 3907 assu-

477 3944 635 3995 mant
663 3939 733 3995 de
760 3938 1027 4010 apostolis
1056 3954 1178 4009 quae
1208 3937 1573 3993 conveniant:
1602 3945 1704 3994 aut
1744 3957 1809 3994 ex
1839 3940 2075 3996 historia

474 4027 753 4101 Principis
779 4027 1180 4099 apostolorum,
1226 4044 1348 4099 quae
1401 4026 1551 4083 inter
1596 4044 1658 4083 se
1703 4030 2064 4088 concordent.

475 4118 767 4175 Lectiones
811 4116 882 4172 de
919 4121 1241 4172 sanctorum
1279 4116 1513 4172 Patrum
1568 4117 1942 4173 sermonibus.
1972 4119 2078 4174 Re-

477 4206 834 4281 sponsorium
865 4205 1104 4278 apostoli
1136 4204 1404 4277 principis
1449 4205 1714 4277 primum,
1766 4207 2075 4262 secundum

477 4296 658 4354 sancti
686 4294 866 4361 Pauli,
898 4294 1130 4350 tertium
1158 4294 1312 4349 Petri
1336 4294 1499 4349 beati.
1535 4295 1820 4350 Psalmum
1855 4296 2075 4351 nullum

2137 1831 2264 1869 rum
2294 1812 2677 1885 apostolorum
2704 1815 3086 1866 assumantur.
3117 1807 3392 1864 Lectiones
3417 1804 3477 1859 de
3493 1806 3655 1858 saneto-

2140 1920 2266 1959 rum
2294 1904 2528 1958 Patrum
2543 1900 2895 1957 sermonibus
2914 1901 3195 1970 legantur.
3214 1893 3550 1967 Responsoria
3570 1907 3658 1963 my-

2140 1993 2278 2048 stice
2305 1996 2554 2063 cantent,
2575 2006 2750 2046 unum
2782 1993 3078 2045 assumant
3100 2004 3167 2042 ex
3184 1984 3408 2041 historia
3438 1980 3562 2037 beati
3580 1980 3658 2034 Pe-

2140 2082 2238 2152 tri,
2287 2086 2344 2136 et
2398 2080 2551 2136 aliud
2573 2080 2644 2135 de
2672 2079 2926 2151 apostolo
2956 2077 3163 2132 Paulo:
3194 2091 3315 2147 qua:
3352 2071 3533 2136 omnia,
3555 2068 3661 2124 sicut

2140 2170 2235 2227 ubi
2266 2187 2406 2243 opus
2432 2169 2604 2224 fuerit
2625 2166 2975 2223 decantando
3022 2166 3379 2237 adimpleant.
3422 2162 3660 2226 Quartum.

2144 2242 2402 2315 octavum
2424 2263 2482 2313 et
2502 2256 2894 2312 duodecimum
2925 2272 2960 2309 a
2985 2254 3206 2310 duobus
3244 2253 3586 2308 decantentur.
3602 2242 3664 2299 Ad

2144 2347 2444 2414 canticum,
2467 2346 2809 2417 Antiphone.
2836 2346 3068 2402 Gtoriasi
3075 2346 3353 2414 principes
3373 2337 3666 2395 terramari-

2145 2438 2376 2509 gelium,
2401 2437 2749 2492 JussitJesus
2785 2435 3082 2501 discipulos
3131 2447 3275 2487 suas.
3309 2426 3527 2485 Homilia
3558 2425 3667 2495 ejus-

2145 2527 2272 2581 dem
2305 2523 2457 2580 beati
2476 2521 2823 2594 Hieronymi.
2841 2522 2907 2577 In
2921 2520 3184 2576 laudibus
3199 2518 3500 2590 antiphona,
3518 2514 3665 2569 Docest

2139 2619 2471 2685 praeceptum
2492 2629 2696 2677 meum,
2729 2615 2787 2665 et
2810 2610 2933 2666 alite
2954 2627 3079 2681 quae
3097 2611 3418 2680 sequuntur,
3447 2604 3664 2673 Hymnus,

2145 2719 2320 2758 aurea
2345 2704 2491 2756 luce:
2519 2700 2861 2771 Antiphona,
2891 2699 3166 2755 Sanctum
3206 2703 3254 2751 et
3291 2710 3467 2750 terum
3505 2694 3665 2744 lumen.

2146 2791 2537 2848 Matutinalem
2567 2788 2815 2855 missam,
2848 2787 2897 2842 si
2922 2785 3097 2841 fuerit
3123 2786 3244 2841 dies
3294 2781 3593 2842 Dominicus,
3615 2776 3667 2830 de

2144 2880 2267 2953 ipsa
2285 2881 2490 2946 dicant,
2525 2876 2897 2948 adjungentes
2920 2876 3213 2930 collectam
3246 2872 3585 2946 apostolorum
3604 2884 3615 2933 ;
3633 2862 3670 2918 si

2143 2985 2274 3024 vero
2292 2984 2425 3031 non,
2449 2984 2515 3021 ex
2543 2965 2811 3037 apostolis
2841 2970 3032 3036 agant.
3064 2964 3153 3019 Ad
3189 2964 3449 3034 majorem
3474 2957 3569 3013 sint
3586 2968 3672 3009 om-

2148 3074 2249 3113 nes
2278 3056 2457 3112 levitie
2503 3060 2675 3125 atque
2710 3053 3027 3109 sacerdotes
3066 3052 3129 3107 in
3161 3051 3367 3125 cappis.
3413 3039 3679 3105 Luminaria

2150 3164 2246 3205 sex
2265 3149 2394 3200 ante
2413 3144 2591 3198 altare
2615 3159 2745 3198 cum
2773 3142 2906 3208 illis,
2933 3159 3057 3214 quae
3078 3139 3331 3197 conversi
3353 3137 3592 3193 deferunt.
3609 3127 3679 3185 0f-

2152 3234 2363 3300 ﬁcium,
2405 3231 2692 3299 Sapientia
2726 3235 3048 3284 sanctorum
3082 3247 3100 3282 :
3135 3229 3390 3291 Oremus,
3417 3225 3537 3279 Deus
3560 3220 3678 3287 cujus

2152 3325 2436 3379 dexteram
2462 3339 2479 3375 :
2510 3318 2776 3391 Epistola,
2810 3320 2882 3373 Hi
2890 3322 3023 3373 sunt
3041 3321 3161 3372 viri
3187 3314 3546 3371 misericordia
3570 3325 3581 3360 :
3611 3322 3679 3360 re-

2150 3410 2528 3486 sponsorium,
2557 3411 2848 3463 Justurum
2877 3410 3085 3462 anim
3117 3425 3130 3461 :
3163 3404 3417 3469 Alleluia,
3439 3400 3565 3456 Iusti
3581 3409 3680 3486 epu-

2153 3483 2342 3559 lentur
2370 3519 2386 3555 :
2413 3497 2797 3569 Evangelium,
2817 3499 2989 3552 Jussit
3016 3499 3210 3552 Iesus:
3242 3493 3501 3555 Ofﬁcium,
3527 3483 3681 3569 Essqu

2154 3593 2373 3646 labant:
2394 3566 2734 3653 communio,
2755 3587 3046 3640 Justorum
3068 3588 3296 3640 animas.
3330 3577 3609 3650 Antiphone
3628 3566 3681 3623 ad

2151 3691 2459 3749 vesperam,
2504 3676 2723 3743 Virgam
2754 3676 2980 3728 virtutis
3010 3678 3154 3729 tua:
3183 3671 3408 3737 Psalmi,
3435 3666 3566 3723 Dicit
3605 3661 3683 3714 Do-

2153 3771 2342 3822 minus
2365 3767 2611 3819 :collacet
2630 3780 2758 3818 eum
2781 3781 2797 3816 :
2828 3765 3099 3818 venientes
3123 3765 3341 3818 venient
3363 3779 3379 3814 :
3405 3755 3680 3824 ean/artam

2153 3861 2259 3911 est:
2303 3856 2532 3910 Domine
2581 3853 2828 3919 probasti
2878 3868 2993 3906 me:
3042 3849 3495 3924 Responsorium,
3537 3844 3683 3898 Petrus

2154 3943 2430 4012 apostolus
2458 3944 2508 3994 et
2532 3940 2777 3994 Paulus:
2809 3939 3069 4012 Hymnus
3085 3942 3274 3996 Aurea
3304 3942 3442 3994 luce:
3466 3928 3685 4002 Antiphos

2154 4049 2247 4095 na,
2280 4032 2381 4086 Isti
2398 4034 2530 4085 sunt
2562 4030 2692 4084 duas
2719 4030 2873 4084 oliva
2889 4034 2941 4084 et
2966 4031 3078 4085 duo
3105 4031 3462 4086 candelabra:
3481 4024 3687 4085 Oremus:

2157 4123 2299 4176 Deus
2324 4121 2485 4189 cuius
2511 4119 2759 4172 dextera.

2736 4202 2976 4260 CAPUT
3004 4204 3133 4260 XXI
3149 4248 3162 4263 .

2368 4296 2438 4350 In
2466 4295 2761 4363 festivitate
2787 4296 2970 4348 sancti
2998 4295 3154 4349 Petri
3174 4295 3251 4349 ad
3290 4292 3518 4348 Vincula.

477 4389 608 4458 post
629 4389 931 4440 nocturnas
958 4388 1270 4449 assumant,
1288 4383 1387 4438 sed
1408 4382 1600 4439 statim
1631 4389 1833 4440 sonent
1851 4383 2072 4451 signum
2090 4372 2138 4431 Ῑ)
2225 4382 2551 4439 Festivitate
2570 4380 2750 4437 sancti
2785 4381 2941 4438 Petri
3003 4381 3077 4437 ad
3123 4382 3363 4438 Vincula
3407 4371 3693 4451 Capitnlllma

477 4479 538 4529 et
564 4478 737 4544 agant
759 4471 1069 4527 matutinas
1115 4488 1181 4527 ex
1237 4471 1380 4539 luce,
1412 4477 1471 4527 et
1515 4472 1659 4527 hanc
1709 4472 2075 4545 antiphonam

476 4562 789 4633 imponant,
842 4562 953 4616 Hoc
1011 4565 1089 4615 est
1148 4566 1475 4630 praceptum
1530 4578 1733 4616 meum.
1795 4562 2073 4634 Hymnus,

477 4652 663 4705 Aurea
684 4652 821 4705 luce.
853 4648 1216 4703 Postmodqu
1253 4649 1313 4703 in
1335 4650 1445 4704 alio
1474 4650 1645 4706 choro
1674 4654 1902 4707 cantent
1953 4669 2077 4708 ma-

480 4737 693 4793 tutinas
751 4735 1004 4791 omnium
1062 4735 1396 4793 Sanctorum
1442 4743 1613 4810 atque
1660 4738 2072 4809 defunctorum,

482 4829 620 4883 Deus
646 4826 881 4881 auribus
910 4827 1136 4886 nostris.
1159 4824 1213 4881 ei
1240 4826 1487 4899 quinque
1520 4828 1765 4899 psalmos
1788 4846 1890 4900 pro
1915 4830 2080 4886 anni-

476 4912 736 4969 versariis
755 4912 1106 4967 fratrum.Ad
1134 4912 1378 4985 primam
1404 4914 1576 4971 missa
1607 4923 1980 4974 mortuorum.
2012 4920 2078 4975 In

474 5003 722 5059 claustro
749 5002 1057 5074 loquantur
1069 5002 1216 5057 sicut
1232 5003 1358 5058 aliis
1378 5002 1600 5061 diebus:
1626 5004 1684 5060 in
1713 5005 1868 5061 horis
1886 5012 2077 5062 autem

474 5092 783 5164 antiphona
812 5091 1184 5164 plurimorum
1223 5093 1628 5163 apostolorum.
1651 5094 1725 5151 At
1751 5093 1845 5149 ubi
1890 5096 2076 5152 minus

472 5181 736 5239 eveniunt
776 5187 1048 5254 promant
1085 5181 1155 5237 de
1203 5182 1479 5255 propriis:
1528 5183 1790 5239 similiter
1829 5185 2077 5259 capitula

472 5276 642 5344 atque
669 5270 972 5327 orationes.
1001 5270 1210 5325 Psalmi
1229 5270 1536 5326 familiares
1557 5288 1669 5327 non
1688 5271 2071 5345 imponantur.

470 5359 608 5415 Post
632 5359 861 5415 tertiam
889 5364 1064 5432 agant
1092 5359 1341 5415 missam.
1370 5359 1652 5426 Ofﬁcium,
1684 5362 1824 5416 Mihi
1850 5366 2064 5422 autem.

471 5446 730 5515 Oremus,
756 5449 898 5503 Deus
936 5451 1094 5517 cuius
1127 5449 1349 5503 dextera
1389 5466 1405 5502 :
1457 5447 1746 5520 Epistola:
1789 5452 1919 5505 Jam
1958 5467 2073 5509 non

471 5539 596 5592 estis
625 5537 856 5606 hospites
887 5555 905 5592 :
935 5536 1395 5609 Responsorium,
1430 5538 1616 5595 Nimis
1649 5538 1941 5598 honorati:
1969 5540 2070 5599 Al-

2155 4476 2348 4529 Petrus
2367 4473 2589 4543 quidem
2607 4472 2933 4526 servabatur
2951 4474 3013 4526 in
3035 4486 3273 4527 carcere.
3297 4462 3693 4541 Responsorium.

2156 4563 2221 4620 Si
2246 4564 2436 4633 diligis
2459 4578 2564 4616 me.
2595 4560 2872 4633 Hymnus,
2892 4563 3083 4616 Petrus
3104 4562 3294 4617 beatus
3319 4566 3506 4615 catena
3526 4557 3695 4623 laqueo-

2159 4652 2527 4720 Quadcu-nque
2553 4652 2767 4704 vinclis.
2794 4650 2984 4706 Gloria
3009 4651 3114 4705 Dea
3135 4666 3241 4721 per
3254 4653 3526 4705 immensa.
3547 4644 3700 4698 Sacer-

2160 4740 2262 4796 dos
2281 4739 2357 4795 sit
2382 4737 2442 4794 in
2461 4737 2674 4811 cappis,
2706 4737 2960 4794 incenset
2984 4739 3186 4795 altare.
3218 4737 3540 4810 Antiphone,
3562 4731 3701 4795 Ange-

2162 4834 2249 4886 lus
2277 4829 2506 4885 Domini
2531 4828 2769 4883 adstitit.
2809 4828 2880 4883 Et
2914 4828 3084 4883 tertia
3104 4828 3223 4883 vice
3240 4827 3566 4883 decantetur.
3587 4818 3702 4873 Ore-

2159 4935 2307 4986 mus,
2327 4918 2466 4973 Deus
2486 4919 2587 4987 qui
2598 4918 2817 4972 beatum
2837 4918 3066 4971 Petrum
3082 4919 3464 4986 apostolorum.
3483 4907 3704 4967 Invitata-

2159 5007 2328 5075 rium,
2356 5008 2436 5062 Tu
2462 5023 2515 5061 es
2528 5011 2721 5075 pastor
2749 5008 2955 5073 avium,
2986 5004 3286 5078 ipsumque
3303 5005 3412 5060 duo
3437 4993 3706 5056 fratr-eade-

2156 5100 2385 5152 cantent
2400 5095 2460 5151 in
2474 5094 2685 5169 cappis.
2705 5095 2983 5166 Hymnus,
3005 5096 3251 5151 Essultet
3272 5090 3539 5149 calumln
3555 5083 3705 5159 primo

2154 5191 2449 5254 nocturno,
2479 5184 2809 5257 antiphona.
2839 5186 2910 5240 In
2955 5200 3172 5239 omnem
3203 5189 3430 5239 terram.
3458 5174 3705 5234 Lectiones

2157 5280 2399 5346 quatuor
2421 5274 2493 5329 de
2517 5272 2748 5329 Actibus
2771 5273 3155 5345 apostolorum
3188 5290 3202 5326 :
3234 5273 3385 5327 Misit
3401 5265 3612 5325 Herodes
3627 5273 3707 5314 re:

2153 5380 2376 5419 manus.
2405 5361 2474 5418 In
2503 5362 2749 5419 secundo
2775 5361 2899 5417 aliae
2926 5366 3169 5435 quatuor
3209 5377 3277 5416 ex
3297 5371 3542 5415 sermone
3558 5346 3707 5407 sancti

2151 5451 2453 5525 Augustini
2474 5453 2740 5515 Audistis,
2765 5453 2973 5521 fratres
3001 5452 3338 5514 charissimi,
3375 5445 3705 5503 beatissimum

2149 5540 2782 5613 Petrum.Responsoria
2795 5539 2985 5598 omnia
3002 5543 3233 5602 cantent
3248 5555 3316 5596 ex
3328 5533 3549 5596 historia
3558 5526 3706 5605 ipsius
