3950 6168
209 299 354 356 1225
1409 299 1829 359 DISCIPLINA
1865 302 2282 361 FARFENSIS.
3342 307 3480 367 1226

207 422 630 496 incipis.Simon
649 427 820 493 Petro,
843 430 1128 497 quartum,
1150 431 1428 492 octavum,
1461 433 1520 482 et
1545 427 1873 488 duodeci-A
1891 427 1968 482 lia
1999 429 2178 484 sancti
2205 429 2529 500 Augustini,
2577 431 2771 493 Amen,
2804 445 2970 485 amen
3001 431 3122 486 dico
3149 425 3332 496 'vobis,
3367 437 3484 489 nisi

208 528 366 568 mum
397 531 432 568 a
459 514 680 572 duobus
705 514 1094 580 decantentur,
1115 521 1173 570 et
1190 533 1224 570 a
1251 517 1432 588 capite
1459 517 1645 588 ipsum
1673 517 1808 572 duo-
1885 533 2131 584 granum
2153 521 2446 585 frumenti,
2483 523 2539 572 et
2567 519 2711 572 cerei
2743 519 2854 573 duo
2872 526 3205 589 augeantur.

209 601 420 656 denum
445 608 572 674 post
602 605 789 659 Gloria
811 605 1198 676 recapitulent.
1233 606 1317 660 Ad
1346 607 1627 660 canticum
1657 607 1805 662 anti-
1958 603 2093 657 Post
2120 604 2482 674 Evangelium
2516 605 2833 669 recitatum,
2867 622 3110 674 oremus,
3139 609 3350 670 Excita,
3375 611 3483 663 Do-

209 692 419 763 phona,
444 694 595 746 Misit
629 695 876 758 Herodes,
909 695 994 748 vel
1024 698 1177 748 misit
1225 697 1491 749 Dominus
1519 700 1798 764 angelum.
1888 695 2055 746 "line.
2089 694 2152 747 In
2183 693 2369 756 lande.
2393 694 2462 747 ad
2493 695 2790 748 Stationem
2821 697 3258 766 PGSPOHSOI‘ium.
3294 700 3485 752 Βϐαιῑιδ

211 781 527 847 Canticum,
563 785 652 836 Vos
672 786 852 837 sancti
872 785 1115 838 Domini.
1139 784 1384 838 Homilia
1403 802 1468 838 ex
1497 786 1804 856 evangelio,
1888 783 2240 836 Laurentius.
2269 783 2495 836 Missam
2524 783 2910 838 matutinalem
2937 791 3109 856 agant
3146 803 3211 840 ex
3249 786 3339 841 die
3368 788 3483 841 Do-

210 873 359 924 venit
378 873 532 925 Jesus
562 874 625 924 in
640 877 847 939 partes.
880 873 942 926 In
991 873 1176 926 albam
1209 872 1356 940 (28);
1393 877 1585 928 Pet-rus
1622 881 1808 929 autem
1893 870 2100 925 minica
2137 872 2183 926 si
2215 872 2476 936 adfuerit,
2525 872 2894 942 adjungentes
2940 874 3250 928 orationem
3304 875 3485 930 sancti

209 961 555 1012 servabatur.
581 959 924 1029 Antiphona,
957 966 1076 1014 erat
1105 964 1296 1015 Petrus
1324 964 1621 1016 dormiens.
1647 963 1810 1017 Anti-
1893 959 2673 1021 Laurentii.Ercita,Domine.
2693 967 2749 1015 et
2778 963 2915 1016 alias
2944 963 3485 1020 consuetudinarias.

211 1045 420 1116 phona,
435 1048 674 1114 Angelus
707 1050 949 1102 Domini.
973 1049 1053 1119 Η)
1065 1065 1250 1117 mnus,
1273 1053 1466 1104 Petrus
1491 1051 1812 1104 beatus.An-
1894 1047 1959 1102 In
1971 1049 2125 1103 horis
2141 1050 2434 1120 imponant
2451 1049 2816 1120 antiphonam
2827 1069 2891 1105 ex
2913 1053 3204 1106 matutinis
3227 1053 3488 1108 laudibus

210 1135 465 1206 tiphona.
501 1137 885 1205 Quodcunque.
1894 1137 2014 1192 sine
2034 1138 2303 1192 versibus.
2339 1139 2423 1192 Ad
2447 1138 2676 1192 missam
2707 1140 2979 1208 majorem
3007 1157 3200 1194 omnes
3227 1141 3489 1196 sacerdo-

284 1223 370 1277 Ad
396 1224 624 1278 missam
654 1226 1048 1280 matutinalem
1095 1227 1356 1282 dicantur
1391 1229 1634 1284 collecta;
1671 1229 1815 1283 sicut
1895 1234 1982 1281 tes
2011 1233 2180 1298 atque
2200 1227 2379 1282 levitaa
2399 1227 2514 1280 sint
2559 1227 2750 1280 amicti
2805 1228 3012 1299 cappis.
3045 1229 3270 1300 Septem
3299 1246 3489 1285 cereos

211 1312 270 1366 in
301 1313 598 1368 duodecim
649 1315 1021 1383 lectionibus;
1077 1317 1148 1370 ad
1197 1318 1466 1386 majorem
1507 1319 1816 1373 induantur
1895 1316 2206 1370 accendant
2233 1322 2363 1370 ante
2393 1332 2569 1370 aram.
2602 1314 2865 1383 Oremus,
2899 1319 3122 1383 Praesta,
3155 1335 3485 1386 quaesumus,

214 1417 414 1456 omnes
438 1402 647 1474 cappis,
685 1404 858 1458 etiam
901 1405 1172 1470 conversi,
1226 1406 1322 1476 qui
1351 1407 1536 1466 sciunt
1564 1413 1810 1462 cantare.
1897 1409 2240 1473 omnipotens
2267 1408 2425 1459 Deus.
2460 1405 2545 1458 Ad
2582 1422 2870 1476 vesperam
2916 1407 3226 1478 antiphona
3256 1425 3378 1478 quae
3402 1425 3493 1464 su-

211 1491 301 1544 Ad
317 1491 466 1546 hanc
485 1508 704 1546 sacram
721 1492 911 1547 adsint
925 1494 1170 1548 candelae
1186 1500 1316 1549 ante
1333 1496 1529 1549 altare.
1555 1496 1813 1551 Officium
1898 1511 1998 1564 per
2009 1500 2281 1548 nocturno
2292 1494 2480 1560 fuerit,
2497 1494 2807 1564 imponant,
2824 1495 2944 1549 sine
2962 1495 3247 1550 versiculis
3259 1513 3494 1567 sequen-

213 1586 450 1634 teneant
472 1597 567 1635 sex
590 1582 812 1636 fratres.
840 1583 1003 1636 Nunc
1039 1587 1149 1637 scio
1187 1600 1327 1638 vere.
1357 1585 1614 1650 Oremus,
1649 1587 1808 1652 Deus,
1895 1582 2064 1638 tibus.
2090 1583 2342 1638 Psalmos
2363 1600 2428 1637 ex
2449 1599 2560 1636 uno
2578 1588 2828 1654 martyre
2845 1586 3298 1640 assumant.Tam
3315 1585 3371 1639 in
3390 1585 3495 1640 hac

216 1673 319 1737 qui
334 1671 1238 1742 beatumPetrum.Epistola,Misit
1262 1675 1519 1730 Herodes.
1555 1673 1814 1745 Respon-
1895 1671 2034 1725 hora
2051 1689 2216 1743 quam
2241 1673 2301 1726 in
2321 1672 2600 1726 matutino
2632 1689 2776 1726 unus
2803 1673 3061 1728 sacerdos
3104 1674 3179 1728 sit
3215 1674 3274 1728 in
3317 1691 3496 1745 cappa

218 1758 454 1825 sorium,
487 1761 792 1815 Constitues
821 1777 927 1824 eos,
960 1777 994 1814 a
1020 1761 1240 1816 duobus
1290 1762 1620 1816 decantetur
1667 1765 1752 1816 vel
1781 1779 1815 1816 a
1837 1760 1969 1841 Bad
2017 1760 2419 1815 incensandum
2469 1761 2664 1814 altare.
2716 1761 2925 1814 Octava
2964 1762 3221 1832 ejusdem
3251 1763 3498 1818 efficiant

214 1845 418 1900 tribus.
449 1847 709 1913 Alleluia,
737 1849 1127 1916 Solvejubente
1149 1851 1272 1916 Deo,
1305 1857 1612 1921 aquatuor.
1636 1852 1815 1906 Evan-
1899 1848 2192 1902 duodecim
2225 1849 2511 1902 lectiones.
2543 1848 2628 1901 Ad
2658 1848 3039 1902 invitatorium
3071 1850 3181 1903 duo
3211 1850 3413 1904 fratres
3437 1850 3496 1904 in

217 1935 456 2005 gelium,
479 1937 623 1990 Venit
642 1936 1417 2004 Jesus.Officium,00nstitues
1439 1957 1543 1995 eos.
1577 1941 1818 1996 Offerto-
1899 1937 2061 2002 albis,
2091 1941 2282 1992 Justus
2302 1939 2534 2008 ﬂorebit.
2559 1937 2882 2008 Antiphona
2903 1943 2960 1991 et
2979 1939 3336 2008 responsoria
3353 1938 3500 1992 sicut

218 2025 308 2077 ria
335 2025 447 2078 duo
477 2025 772 2096 accipiant.
827 2026 1182 2092 Communia,
1213 2027 1409 2084 Simon
1452 2032 1705 2083 Joannis.
1733 2029 1818 2084 Ad
1899 2043 2070 2096 supra
2098 2026 2154 2080 in
2187 2026 2310 2096 ejus
2341 2042 2519 2079 sacro.
2551 2024 2694 2078 Nam
2734 2025 2940 2080 scimus
2971 2027 3104 2096 quia
3131 2027 3251 2080 haec
3298 2026 3500 2098 repeti-

213 2129 480 2184 vesperas
509 2114 836 2185 antiphona,
863 2117 1089 2170 Iuravit
1134 2118 1422 2184 Dominus,
1455 2119 1540 2172 vel
1578 2119 1817 2190 prapriae
1897 2114 1978 2168 tio
2001 2115 2172 2184 hujus
2187 2114 2502 2168 festivitatis
2523 2113 2668 2168 infra
2689 2119 2939 2168 octavam
2954 2113 3289 2168 beatissima:
3310 2116 3499 2171 Mariae

212 2202 398 2273 ipsius
429 2204 812 2258 nocturnaliae.
844 2205 1118 2276 Hymnus,
1164 2208 1354 2260 Petrus
1405 2208 1614 2263 beatus.
1655 2209 1818 2261 Anti-
1900 2204 2102 2261 evenit.
2126 2204 2414 2258 Lectiones
2447 2203 2640 2272 legant
2670 2203 2739 2257 de
2767 2209 3087 2257 sanctorum
3109 2204 3337 2258 Patrum
3360 2203 3501 2277 [ser-

215 2292 426 2362 phoua,
457 2293 608 2346 Dixit
637 2293 833 2348 Simon
856 2296 1047 2348 Petrus
1067 2296 1140 2348 ad
1167 2297 1372 2361 Jesum,
1415 2299 1469 2350 et
1490 2296 1724 2350 collecta
1759 2297 1819 2350 in
1904 2292 2206 2362 monibus],
2240 2291 2592 2362 responsoria
2621 2298 2744 2346 octo
2765 2297 2992 2346 cantent
3037 2293 3106 2346 de
3136 2293 3351 2363 praafati
3376 2311 3503 2350 san-

217 2381 346 2452 ipso
375 2380 467 2434 die
496 2382 696 2452 posita.
1903 2381 1978 2436 cti
2005 2381 2256 2436 historia.
2295 2383 2359 2436 In
2416 2381 2842 2436 matutinalibus
2870 2381 3119 2452 quinque
3166 2383 3502 2453 antiphonas

291 2469 819 2527 DOMINICAIMENSIS
851 2473 1112 2528 AUGUSTI.
1140 2471 1386 2528 Sabbato
1417 2473 1488 2527 ad
1513 2491 1816 2546 vesperam,
1903 2476 2187 2542 promant,
2222 2479 2280 2524 et
2308 2470 2538 2525 missam
2569 2471 2837 2540 majorem
2868 2470 2939 2523 ad
2996 2471 3220 2525 tertiam
3248 2488 3314 2525 ex
3351 2489 3418 2526 eo
3446 2488 3504 2526 a-

221 2559 670 2629 responsorium,
693 2561 894 2614 Emitte
945 2563 1194 2616 Domine.
1226 2563 1312 2616 Ad
1354 2565 1688 2630 Magniﬁcat.
1727 2566 1824 2618 Do-
1903 2567 2058 2630 gant.
2085 2561 2626 2625 Officium,Domine,
2655 2561 2902 2626 probasti
2920 2561 3498 2629 cormeum.Collecta,

218 2651 414 2702 minus
441 2650 674 2716 possedit
705 2665 815 2706 me.
847 2649 926 2704 De
948 2650 1246 2705 Salomone
1274 2652 1466 2722 legant
1493 2658 1609 2706 tam
1654 2652 1711 2706 in
1740 2669 1823 2706 ec-
1905 2651 2116 2714 Excita,
2149 2651 2396 2703 Domine.
2429 2647 2700 2718 Epistola,
2732 2650 2838 2715 Qui
2855 2663 3041 2715 pacem.
3073 2653 3328 2703 seminat.
3361 2651 3503 2704 Res-

217 2736 412 2802 clesia,
447 2752 614 2807 quam
643 2737 712 2791 ad
735 2737 1115 2807 refectionem,
1169 2757 1346 2812 usque
1396 2741 1588 2812 [Supp.
1621 2741 1692 2795 ad
1722 2741 1824 2795 ini-
1904 2737 2252 2808 ponsorium,
2283 2739 2602 2791 Praevenisti
2629 2752 2778 2790 eum.
2817 2736 3077 2802 Alleluia,
3133 2739 3229 2791 Hic
3257 2745 3330 2792 est
3383 2755 3503 2793 vere

216 2823 398 2897 tium]
426 2825 635 2880 mensis
658 2826 1020 2898 Septembris.
1905 2832 2146 2895 martyr.
2182 2823 2563 2895 Evangelium,
2594 2825 2656 2879 Si
2683 2827 2806 2892 quis
2836 2827 2953 2877 vult
2996 2830 3113 2892 post
3162 2842 3246 2879 me
3292 2829 3496 2880 venire.

797 2917 1030 2972 CAPUT
1059 2917 1236 2972 XXII.
1905 2914 2185 2979 Ofﬁcium,
2224 2916 2286 2968 In
2305 2917 2528 2970 virtute.
2563 2913 2919 2978 Communio,
2942 2915 3197 2976 Posuisti,
3231 2915 3459 2968 Domine
3483 2933 3500 2968 :

667 3006 861 3072 Vigilia
882 3010 1062 3060 sancti
1092 3009 1399 3061 Laurentii.
1843 3057 1882 3072 η
1908 3009 1965 3057 et
1997 3003 2045 3057 si
2076 3003 2193 3056 hinc
2223 3007 2418 3056 octava
2445 3001 2536 3054 die
2564 3000 2854 3054 Dominico
2894 3000 3202 3068 advenerit,
3233 3002 3502 3058 lectiones

294 3091 505 3163 Vigilia
531 3057 1425 3166 sancti
1485 3112 1608 3150 mox
1638 3101 1702 3151 ut
1727 3113 1820 3152 so-
1841 3057 1884 3117 Ο
1907 3098 2031 3148 octo
2057 3093 2247 3163 legant
2275 3091 2344 3146 de
2374 3091 2493 3161 ipso
2521 3089 2684 3144 beato
2710 3107 2722 3155 ;
2755 3088 2876 3143 aliae
2915 3095 3159 3160 quatuor
3192 3057 3270 3144 [de
3316 3090 3504 3145 Domi-

221 3181 416 3236 nuerit
435 3188 623 3236 custos
647 3183 890 3237 ecclesiae
911 3184 1157 3254 signum,
1189 3190 1426 3255 surgant
1470 3202 1663 3240 omnes
1691 3203 1720 3239 e
1748 3187 1824 3240 le-
1905 3182 2050 3236 nica.
2080 3180 2331 3236 Homilia
2361 3179 2613 3250 ejusdem
2642 3178 2772 3232 dici.
2800 3179 3123 3249 Sequuntur
3142 3179 3503 3236 matutinales

219 3271 402 3338 cticis,
435 3277 493 3325 et
519 3271 846 3342 provideant
887 3273 1182 3343 indigeriis
1228 3274 1364 3335 suis,
1387 3279 1445 3328 et
1468 3275 1818 3342 conveniant,
1905 3273 2101 3328 laudes
2128 3271 2304 3342 ipsius
2332 3269 2654 3324 Dominicae.
2689 3269 2772 3322 Ad
2799 3269 3387 3341 collectam,repetant
3405 3287 3504 3326 διι-

221 3359 415 3415 lavent
439 3377 642 3416 manus
675 3377 739 3414 ac
770 3361 968 3416 facies:
991 3361 1236 3417 infantes
1261 3363 1472 3434 absque
1494 3365 1608 3418 ullo
1639 3366 1825 3421 sonitu
1906 3363 2198 3434 tiphonam
2225 3377 2351 3414 cum
2379 3360 2568 3415 Gloria
2597 3358 2665 3411 de
2685 3357 2914 3428 praefato
2936 3364 3128 3412 sancto
3161 3377 3172 3411 ;
3207 3359 3336 3414 dein
3369 3377 3500 3431 pro-

222 3448 372 3520 signi
396 3450 621 3504 veniant
650 3449 709 3504 in
740 3451 1032 3504 ecclesiam
1065 3459 1195 3507 ante
1217 3454 1414 3520 altare,
1441 3454 1688 3509 efficiant
1706 3472 1828 3510 ora-
1908 3457 2070 3507 mant
2097 3450 2462 3520 antiphonam
2488 3447 2558 3501 de
2586 3453 2780 3500 sancta
2803 3446 2997 3512 Maria,
3031 3451 3089 3500 et
3115 3447 3162 3500 si
3188 3465 3501 3518 congruum

219 3540 460 3606 tionem,
479 3547 679 3595 exeant
706 3550 764 3595 et
790 3559 849 3595 se
876 3541 1473 3599 induantvestimentis
1499 3546 1670 3600 sacris
1685 3546 1822 3600 mis—
1905 3542 2145 3604 videtur,
2177 3538 2408 3592 tertium
2439 3541 2776 3590 nocturnum
2824 3536 2924 3588 fiat
2954 3535 3023 3589 de
3054 3542 3250 3591 sancta
3277 3538 3452 3594 Maria
3481 3555 3498 3595 :

221 3643 299 3681 sa:
328 3629 627 3699 coaptatis,
660 3630 921 3684 sacerdos
958 3648 1085 3685 cum
1114 3631 1402 3690 ministris.
1432 3639 1489 3687 et
1516 3633 1715 3688 deinde
1743 3633 1824 3688 di-
1906 3630 2082 3701 ipsius
2109 3645 2238 3683 vero
2259 3625 2535 3682 Dominici
2599 3625 2712 3680 diei
2781 3630 2986 3695 agatur
3034 3626 3207 3680 missa
3231 3627 3289 3681 in
3314 3628 3501 3698 quoti-

222 3723 356 3772 cant
389 3718 620 3773 missam
650 3735 714 3773 ex
753 3719 941 3790 vigilia
961 3719 1136 3791 ipsius
1164 3721 1296 3775 diei.
1330 3722 1570 3776 Alleluia
1596 3739 1707 3777 non
1729 3737 1822 3775 ca-
1905 3719 2089 3774 dianis
2118 3716 2333 3772 diebus.

221 3811 383 3860 nant.
423 3805 489 3860 In
519 3807 640 3877 ipso
671 3807 760 3861 die
793 3824 894 3861 nec
919 3809 1141 3880 adipem
1163 3810 1478 3876 comedant,
1512 3817 1569 3865 et
1595 3811 1653 3864 in
1683 3811 1822 3865 refe-
2471 3803 2702 3859 CAPUT
2728 3804 2931 3859 ΧΧΙῙῙ-

223 3895 428 3962 ctorio,
460 3895 731 3967 quidquid
761 3897 1098 3952 remanserit
1124 3898 1196 3952 de
1227 3916 1370 3970 pane
1397 3906 1454 3953 et
1506 3901 1634 3954 vino
1682 3901 1822 3955 elee-
2023 3898 2261 3964 Virginis
2279 3897 2636 3961 Assumptum
2662 3896 2848 3946 cuiicti
2873 3896 2952 3946 sic
2975 3895 3156 3948 ducite
3180 3911 3412 3952 mecum.
3521 3952 3524 3956 ,

223 3985 585 4056 mosynarius
607 3986 862 4057 accipiat.
891 3989 1038 4042 Ante
1065 4005 1353 4060 vesperam
1374 3996 1560 4045 custos
1579 3991 1821 4045 ecclesia:
1974 3985 2180 4056 Vigilia
2194 3981 2608 4053 Assumptionis
2627 3988 2832 4034 sanctae
2853 3982 3062 4036 Mariae.
3086 3985 3232 4037 Ante
3258 3985 3499 4054 primam

223 4081 390 4130 ornet
415 4075 617 4129 altaria
641 4076 852 4144 sericis,
885 4083 943 4131 et
991 4077 1049 4131 in
1104 4079 1360 4133 formulis
1405 4081 1615 4151 tapetia
1652 4097 1824 4151 supra
1903 4081 2107 4131 ornent
2134 4072 2444 4135 ecclesiam,
2468 4071 2598 4123 hinc
2618 4076 2675 4124 et
2693 4069 2823 4123 inde
2861 4070 3104 4139 parietes
3133 4073 3362 4127 cortinis
3397 4091 3500 4129 nec

224 4163 522 4222 extendat.
564 4165 650 4218 Ad
666 4167 1174 4238 vespermsynaxim
1197 4169 1444 4239 quinque
1473 4186 1663 4224 cereos
1691 4176 1822 4224 ante
1905 4182 2016 4220 non
2036 4164 2232 4235 palleis
2257 4160 2386 4231 (‘29),
2406 4161 2574 4214 choro
2596 4165 2723 4230 post
2742 4158 2908 4212 dorsa
2935 4160 3172 4214 fratrum
3198 4161 3257 4215 in
3286 4163 3496 4217 circum

225 4253 406 4306 altare
427 4259 657 4322 ponant.
688 4254 1030 4325 Capitulum,
1078 4257 1379 4323 Uonﬁtebor
1425 4259 1544 4319 tibi,
1598 4260 1823 4312 Domine
1905 4259 2102 4326 aptent
2148 4251 2401 4306 bancalia
2433 4247 2566 4317 (30),
2614 4248 2672 4302 in
2721 4248 2978 4302 formulis
3015 4250 3224 4318 tapetia
3257 4252 3498 4307 :altaria

223 4357 336 4395 rex.
364 4342 826 4412 Responsorium,
847 4345 959 4410 Quo
977 4346 1637 4417 progrederis.liymnus,
1668 4348 1821 4400 Mar-
1845 4416 1866 4417 τ
1905 4349 2105 4398 ornent
2123 4342 2240 4395 suis
2263 4338 2642 4394 ornamentis:
2677 4337 2735 4390 in
2764 4337 2961 4406 majori
2992 4354 3185 4392 omnes
3204 4339 3374 4394 libros
3406 4359 3500 4412 pa-

226 4437 369 4499 tyris
384 4435 615 4488 Christi.
635 4432 975 4499 Versiculus,
993 4434 1277 4500 Dispersit,
1307 4416 1452 4488 dedit
1460 4438 1814 4504 pauperibus.
1839 4416 1886 4474 D
1905 4441 2058 4488 ratos
2077 4435 2306 4503 ponant,
2340 4435 2397 4482 et
2415 4427 2706 4482 duodecim
2728 4426 2972 4480 candelae
2994 4432 3125 4480 ante
3163 4427 3368 4498 ipsum.
3399 4431 3498 4484 Ba-

221 4523 768 4594 Antiphona,Levita
790 4524 1138 4576 Ῑιαανεηιίῑιδ-
1159 4527 1642 4586 Oremus,Adesto,
1663 4527 1818 4587 Deus,
1905 4523 2063 4577 silica
2100 4526 2304 4575 sanctae
2335 4517 2528 4571 Marize
2574 4515 2785 4586 Optime
2820 4515 3115 4570 decoretur
3155 4521 3272 4570 tam
3313 4519 3496 4588 palliis

225 4614 744 4682 supplicationibus.
769 4616 852 4668 Ad
877 4618 1175 4673 stationem
1198 4615 1822 4689 responsorium,Levita
1905 4628 2074 4683 quam
2105 4606 2454 4681 phanonibus
2479 4605 2585 4678 (31)
2617 4621 2754 4658 auro
2779 4604 2964 4659 textis.
3001 4605 3230 4659 Missam
3261 4609 3497 4662 matuti-

226 4703 586 4756 Laurentius.
611 4701 866 4773 Oremus,
890 4707 1099 4769 Ercita,
1125 4711 1375 4769 Domine,
1413 4710 1472 4760 in
1493 4703 1820 4758 ecclesia.Ad
1905 4702 2090 4756 nalem
2120 4704 2292 4769 agant
2320 4697 2389 4751 de
2418 4699 2611 4749 sancto
2637 4693 2901 4756 Eusebio,
2943 4693 3034 4764 adj
3046 4701 3318 4765 ungentes
3356 4699 3498 4754 alias

222 4789 616 4846 invitatoriam
637 4799 878 4862 quatuor
904 4795 963 4849 in
991 4797 1200 4868 cappis,
1235 4800 1428 4852 Beatus
1469 4797 1818 4850 Laurentius.
1906 4807 2005 4861 pro
2023 4786 2320 4842 defunctis.
2357 4783 2713 4840 Offerendam
2730 4798 2924 4836 omnes
2939 4782 3164 4837 faciant.
3189 4785 3324 4840 Post
3351 4787 3498 4860 capi-

225 4880 510 4953 Hymnus,
533 4884 731 4938 Devota
753 4891 949 4940 mente.
974 4888 1262 4942 Lectiones
1311 4890 1435 4940 octo
1460 4884 1529 4938 de
1558 4883 1681 4953 ejus
1703 4898 1826 4953 pas-
1907 4878 2087 4932 tulum
2120 4875 2344 4929 veniant
2371 4887 2565 4926 omnes
2598 4870 2668 4924 ad
2725 4871 3059 4925 radendum.
3102 4872 3236 4926 Post
3281 4881 3494 4930 sextam

225 4971 406 5026 sione.
443 4973 883 5042 Responsorium
916 4983 1200 5047 quartum,
1223 4981 1498 5037 octavum,
1524 4979 1580 5028 et
1621 4971 1827 5026 duode-
1907 4983 2031 5022 cum
2056 4962 2338 5018 audierint
2350 4961 2574 5031 signum
2595 4965 2832 5030 surgant
2860 4975 2890 5013 e
2915 4959 3152 5026 lectulis,
3175 4961 3363 5017 lavent
3377 4981 3498 5017 ma-

225 5061 440 5115 cimum
471 5061 618 5118 sicut
644 5081 765 5119 mos
794 5070 878 5119 est
905 5065 963 5120 in
1002 5073 1238 5138 quatuor
1271 5065 1463 5136 cappis
1484 5068 1610 5134 post
1639 5064 1826 5117 Gloria
1907 5073 2014 5110 nus
2035 5060 2202 5124 atque
2223 5051 2408 5116 facies,
2444 5055 2500 5103 et
2522 5053 2655 5103 eant
2675 5048 2851 5138 pueri
2879 5049 2936 5102 in
2967 5049 3257 5103 ecclesiam
3286 5051 3497 5122 absque

221 5149 694 5220 recapitulentur.
753 5154 942 5210 Primo
993 5163 1050 5210 et
1103 5156 1344 5210 secundo
1399 5159 1674 5208 nocturno
1711 5156 1826 5204 tres
1907 5145 2094 5200 sonitu
2115 5139 2525 5212 signizfaciant
2543 5137 2846 5202 orationes,
2878 5143 2934 5191 et
2959 5138 3284 5204 induantur,
3318 5156 3499 5194 sacer-

222 5239 477 5295 candelae
503 5248 636 5296 ante
660 5242 839 5298 altare
862 5244 994 5312 sint,
1017 5251 1168 5300 retro
1199 5261 1331 5299 una.
1357 5244 1422 5299 In
1450 5243 1616 5296 tertio
1642 5239 1824 5294 homi-
1907 5235 2008 5289 dos
2034 5232 2224 5288 casula
2251 5230 2518 5284 diaconus
2537 5227 2858 5292 dalmatica,
2883 5225 3255 5280 subdiaconus
3285 5228 3493 5287 tunica.

225 5379 769 5508 ad(IQEgzdlzaesgemdum
796 5386 938 5444 forte
971 5390 1033 5442 in
1053 5388 1199 5456 alba,
1226 5387 1332 5445 hoc
1347 5392 1431 5443 est
1475 5401 1698 5453 aurora,
1727 5400 1828 5441 seu
1913 5375 2283 5507 :as3inncb‘p3ro
2314 5377 2619 5446 ponuntur.
2653 5371 2741 5478 lta
2773 5367 3017 5432 Durand,
3048 5367 3141 5422 ub.
3170 5383 3214 5438 ι,
3246 5368 3495 5440 Ration.,

304 5490 657 5597 (abigam,
684 5529 841 5595 velis,
873 5530 1083 5585 sericis.
1914 5490 1962 5507 ω
1983 5490 2441 5594 (Eli-Pbanones,
2479 5516 2731 5579 fanones,
2755 5511 2940 5576 fanen,
2963 5509 3105 5578 vela,
3139 5511 3357 5568 vexilla.

304 5596 423 5669 (30)
454 5597 736 5665 Bancalia,
762 5607 897 5656 sunt
923 5601 1095 5674 panni
1115 5603 1212 5675 qui
1241 5601 1582 5674 supersedes
1600 5599 1683 5654 vel
1701 5600 1832 5654 ben-

486 5695 748 5761 ΡΑτιιοι..
795 5701 910 5763 CL.

3195 5680 3273 5744 39
