3950 6168
494 273 635 335 1231
1554 265 1904 323 GUIDONIS
1941 260 2247 320 ABBATIS
2290 262 2709 319 FARFENSIS.
3560 269 3672 328 i232

503 404 770 458 ludibria.
806 396 1263 469 Responsorium,
1296 397 1610 449 Pracursor
1656 393 1884 445 Domini
1918 392 2084 445 venit.
2104 387 2164 447 A
2746 387 2976 444 CAPUT
3000 387 3197 444 XXIX.

500 493 777 564 Hymnus,
835 489 1085 543 Assertor
1134 487 1429 554 aequitatis.
1488 483 1719 548 Versus,
1768 482 1971 549 Magna
2019 485 2093 534 est
2288 477 2565 532 Theotocos
2589 480 3157 533 ortumcelebrentsic
3174 481 3323 534 verba
3347 482 3587 543 clientum.

501 584 682 650 gloria
710 582 850 646 ejus.
882 575 1222 647 Antiphone,
1258 577 1637 641 Interrogatus
1663 574 1919 625 Joannes.
1954 570 2095 625 Ore-
2248 568 2313 621 In
2359 567 2651 622 nativitate
2689 572 2896 622 sanctae
2926 568 3115 623 Mariae
3150 569 3450 641 priusquam
3467 583 3684 633 sonentur

500 686 647 735 mus,
686 667 881 724 Sancti
924 668 1157 720 Joannis
1200 666 1466 731 Baptista},
1502 666 1551 714 et
1580 662 1852 730 martyris
1890 662 1994 712 tui.
2028 658 2098 712 Et
2179 672 2421 725 vesperae
2450 662 2721 711 ornentur
2747 656 2946 711 altaria
2976 663 3033 712 et
3069 658 3248 712 omnis
3292 661 3512 718 ecclesia.
3547 666 3687 738 Super

500 763 637 813 tunc
674 759 935 827 repetant
975 752 1340 823 antiphonam
1371 751 1441 803 de
1471 754 1665 803 sancta
1691 748 1867 801 Maria
1894 747 2098 801 Savina
2179 745 2389 799 formas
2423 751 2676 800 sternant
2722 746 2961 817 tapetias
2995 753 3126 801 ante
3172 765 3436 819 vesperam
3466 774 3476 807 :
3505 764 3689 810 ornetur

504 845 635 916 (35).
666 842 1059 900 Invitatorium
1090 841 1201 895 duo
1239 840 1296 893 in
1326 838 1517 910 cappis
1544 838 1750 903 dicant,
1786 839 2092 899 {Eternu-m,
2179 833 2592 906 presbyterium
2615 840 2785 906 atque
2808 835 3029 890 chorus.
3070 835 3399 907 Capitulum,
3427 841 3689 907 Egredietur

502 937 825 1002 trinumque
868 933 1187 985 Dominum.
1221 929 1496 999 Hymnus,
1538 929 1682 981 Deus
1713 931 1958 979 tuorum.
1989 925 2100 977 An-
2194 926 2353 991 Virga
2405 943 2421 977 :
2462 924 2911 994 responsorium,
2965 926 3215 980 Gloriosa:
3264 929 3479 995 Virginis
3523 933 3687 987 lteris.

497 1025 756 1097 tiphona,
787 1024 870 1077 Ad
898 1024 1087 1076 omnia
1114 1037 1249 1089 quae.
1289 1020 1433 1074 Item
1460 1018 1705 1083 alleluia,
1738 1017 1963 1070 Audiuit
1994 1016 2100 1069 He-
2181 1013 2359 1066 Pallio
2384 1011 2522 1085 (36),
2548 1019 2606 1068 et
2623 1014 3095 1085 circumcoaptent
3117 1014 3365 1070 bancalia
3388 1034 3398 1069 :
3419 1023 3532 1072 ante
3544 1036 3691 1076 arcum

499 1115 674 1181 rodes,
691 1118 748 1167 et
775 1117 977 1166 caetera
1004 1110 1168 1163 sicuti
1185 1107 1490 1179 capitulata
1518 1112 1652 1160 sunt
1680 1106 1736 1159 in
1754 1104 2095 1159 authentico.
2183 1102 2487 1156 extendant
2505 1103 2758 1174 pallium,
2791 1108 2964 1156 testes
3003 1104 3231 1174 [textus]
3256 1105 3626 1176 Evangeliorum
3650 1110 3693 1163 in

502 1202 782 1258 Versiculi
824 1200 994 1255 unius
1036 1197 1301 1269 martyris
1330 1196 1606 1250 dicantur.
1640 1195 1931 1249 Lectiones
1968 1198 2092 1247 octo
2175 1190 2353 1245 altare
2384 1208 2579 1246 omnes
2607 1197 2818 1263 ponant
2851 1210 2863 1244 :
2907 1192 3156 1263 quinque
3202 1194 3346 1248 cerei
3389 1197 3696 1252 accendantur

499 1293 570 1348 de
631 1306 890 1346 sermone
927 1287 1105 1343 sancti
1141 1285 1372 1341 Joannis
1412 1284 1675 1356 episcopi,
1724 1285 1889 1338 Hodie
1941 1283 2093 1336 nobis
2175 1286 2307 1334 ante
2336 1280 3003 1352 ipsum,ininstrumento
3031 1282 3240 1343 tres,in
3260 1283 3368 1337 alia
3388 1284 3566 1339 altaria
3587 1304 3696 1342 unus

497 1385 731 1438 Joannis
758 1383 956 1442 υίνιυε,
986 1372 2093 1444 Herodis/emtas.Responsorium,Misit
2174 1370 2586 1426 tantummodo.
2626 1376 2684 1424 et
2727 1370 2840 1424 sint
2884 1370 3076 1425 sericis
3120 1370 3378 1426 decorata
3422 1390 3433 1425 :
3470 1378 3573 1428 tam
3598 1375 3697 1441 ista,

497 1472 749 1527 Herodes.
773 1468 1067 1532 Quartum,
1086 1469 1342 1518 octavum
1365 1468 1420 1517 et
1440 1462 1832 1517 duodecimum
1865 1460 1976 1514 duo
1997 1459 2095 1513 de-
2180 1475 2347 1529 quam
2376 1459 2474 1513 illa
2499 1476 2621 1530 quae
2650 1459 2923 1530 inscripta
2943 1466 3095 1514 sunt.
3127 1461 3306 1532 Super
3329 1462 3569 1516 formulas
3592 1468 3702 1517 ster-

498 1564 745 1615 cantent.
770 1559 834 1612 In
852 1555 1019 1610 tertio
1038 1560 1310 1608 nocturno
1333 1552 1729 1624 pronuntietur
1744 1550 2097 1620 evangelium
2177 1553 2317 1602 nant
2342 1549 2575 1619 tapetia.
2598 1549 2939 1620 Capitulum,
2973 1550 3295 1617 Egredietur
3322 1553 3473 1620 Virga
3496 1570 3509 1605 :
3529 1568 3706 1625 respon-

499 1648 806 1704 secundum
829 1644 1175 1708 Matthaeum,
1201 1644 1267 1696 In
1298 1645 1396 1695 illo
1423 1647 1673 1709 tempore,
1699 1642 1913 1694 audivit
1936 1642 2147 1709 Hero-_
2179 1637 2410 1703 sorium,
2444 1638 2698 1692 Gloriosa:
2750 1638 2990 1706 Virginis
3022 1640 3231 1702 Maria,
3253 1641 3337 1693 vel
3368 1641 3519 1695 Corde
3543 1648 3584 1695 et
3606 1645 3707 1695 ani-

497 1739 606 1791 des.
625 1735 872 1791 Homilia
903 1733 1068 1786 Bedae
1082 1704 1418 1802 presbyteri.
1444 1704 1716 1795 Natalem,
1742 1730 1945 1797 fratres
1971 1704 2157 1782 cha-B
2178 1743 2265 1779 mo
2297 1744 2312 1779 :
2344 1727 2620 1797 Hymnus,
2656 1727 2764 1783 Ave
2806 1704 2984 1781 maris
3010 1729 3191 1782 stella.
3226 1729 3484 1783 Sacerdos
3508 1731 3710 1786 incenset

497 1827 728 1887 rissimi,
765 1824 1153 1877 beatiJoannis
1175 1823 1318 1874 diem
1345 1821 1691 1872 celebrantes.
1720 1817 1978 1871 Candelaa
2000 1832 2096 1870 au-
2177 1814 2380 1868 altaria
2420 1815 2801 1870 circumdatus
2829 1832 3023 1888 cappa.
3057 1818 3394 1888 Antiphona,
3426 1821 3557 1873 Felix
3584 1837 3708 1873 nam-

496 1918 729 1986 gescant
756 1913 879 1967 duae
905 1916 1036 1965 ante
1055 1926 1234 1963 aram.
1267 1907 1333 1961 In
1363 1906 1622 1961 laudibus
1652 1905 2091 1977 responsorium,
2176 1920 2278 1972 que
2310 1923 2327 1958 :
2357 1922 2571 1973 versus,
2593 1906 2703 1959 Ave
2732 1906 2914 1959 Maria
2940 1926 2957 1959 :
2985 1906 3183 1971 oratio,
3204 1907 3608 1975 Supplicationes
3628 1924 3709 1961 ser-

496 2003 684 2059 Gloria
714 2005 763 2054 et
795 2001 1016 2053 honore.
1052 1998 1329 2067 Hymnus,
1354 1995 1477 2048 Non
1508 1996 1619 2062 fuit
1640 1997 1800 2047 vatis.
1829 1992 2098 2063 Antipho-
2177 2010 2373 2047 verum
2401 1999 2629 2048 tuorum
2658 2013 2675 2047 :
2708 2000 2765 2048 et
2789 2001 3048 2066 repetant
3075 1997 3437 2067 antiphonam
3474 1998 3536 2050 de
3561 2004 3710 2050 sancto

498 2106 592 2156 na,
643 2090 807 2142 Misso
856 2087 1107 2141 Herodes.
1163 2085 1333 2139 Missa
1381 2082 1731 2137 matutinalis
1776 2088 1980 2152 agatur
2026 2080 2097 2135 de
2178 2082 2424 2137 Adriano
2464 2084 2533 2137 ad
2567 2083 2889 2148 stationem,
2922 2086 3075 2139 Felix
3114 2102 3371 2154 namque,
3419 2103 3605 2143 versus.
3631 2088 3710 2139 Are

496 2184 692 2235 sancta
732 2176 936 2231 Savina
976 2173 1227 2247 [Sabina)
1279 2173 1549 2227 addentes
1593 2172 1884 2226 collectam
1916 2169 2095 2224 sancti
2176 2173 2381 2233 Maria,
2415 2177 2473 2226 et
2495 2173 2674 2226 oratio
2704 2173 2877 2243 ipsius
2894 2172 3087 2228 beatae.
3116 2175 3516 2240 Invitatorium,
3536 2178 3711 2229 Nativi-

495 2266 728 2324 Joannis
747 2270 916 2336 atque
932 2261 1474 2319 consuetudinarias.
1496 2260 1581 2315 Ad
1599 2261 2095 2331 majorem,omnes
2179 2265 2344 2313 tatem
2387 2261 2625 2328 Virginis
2665 2262 2875 2325 Mariae,
2919 2262 3063 2332 quod
3113 2262 3413 2318 decantent
3438 2264 3492 2317 in
3516 2263 3714 2334 capitulo

495 2357 705 2429 gradus
724 2354 1079 2410 sacerdotum
1110 2358 1278 2421 atque
1299 2350 1597 2405 levitarum
1627 2349 1821 2420 cappis
1850 2348 2094 2402 circum-
2178 2352 2437 2418 quatuor.
2471 2347 2752 2419 Hymnus,
2787 2351 2953 2416 Quem
2980 2355 3130 2404 terra
3145 2357 3368 2420 pontus,
3401 2352 3482 2405 vel
3500 2354 3572 2405 Fit
3587 2358 3715 2419 porta

497 2446 722 2501 dentur.
740 2444 966 2514 Septem
983 2440 1272 2511 lampades
1287 2438 1685 2493 accendantur.
1707 2437 2091 2501 Otfertorium,
2178 2438 2406 2493 Christi.
2438 2439 2571 2493 Tria
2596 2439 2898 2493 luminaria
2923 2440 3231 2494 accendant
3252 2447 3383 2495 ante
3402 2442 3579 2499 altare,
3598 2443 3716 2493 retro

494 2535 567 2589 De
595 2538 783 2588 ventre
821 2534 1023 2585 matris
1055 2546 1203 2595 mea,
1241 2528 1389 2600 quod
1418 2545 1512 2582 sex
1545 2533 1796 2582 teneant.
1831 2527 2092 2588 Oremus.
2177 2544 2376 2583 unum.
2407 2527 2701 2582 Lectiones
2731 2533 2855 2582 octo
2875 2528 2946 2583 de
2973 2529 3205 2583 canticis
3221 2530 3555 2585 canticorum
3569 2530 3719 2599 legan-

493 2622 690 2679 Sancti
726 2621 961 2676 Joannis
994 2619 1261 2687 Baptistae.
1294 2617 1564 2689 Epistola,
1599 2616 1792 2671 Sancti
1823 2616 2092 2670 ludibria.
2178 2622 2292 2681 tur,
2317 2618 2603 2672 Oscutetur
2618 2634 2720 2679 me,
2757 2617 2843 2670 vel
2866 2617 3189 2689 approbataa
3208 2618 3624 2674 consuetudinis.
3640 2618 3720 2671 Re-

495 2705 1806 2781 Responsorium,Priusquam,duodecantent.
1831 2703 2094 2770 Alleluia,
2179 2705 2531 2777 sponsorium
2582 2712 2847 2777 quartum
2889 2706 3001 2761 duo
3045 2714 3330 2778 promant,
3371 2715 3604 2763 octavum
3632 2712 3722 2760 tres

496 2803 650 2856 Inter
675 2804 831 2853 natos
860 2799 1184 2858 mulierum,
1211 2801 1327 2849 tres
1346 2795 1685 2866 persolvant.
1708 2792 2090 2863 Evangelium,
2178 2794 2571 2849 duodecimum
2595 2800 2839 2865 quatuor
2861 2813 2873 2847 :
2898 2801 3024 2867 post
3044 2797 3231 2852 Gloria
3246 2797 3474 2869 acapite
3489 2801 3720 2868 repetant.

497 2888 650 2942 Misit
676 2887 908 2943 Herodes
936 2901 1000 2939 ac
1040 2886 1217 2938 tenuit
1240 2885 1530 2938 Joannem.
1570 2878 1949 2945 Otl‘ertorium,
1982 2879 2095 2931 Μα-
2175 2883 2261 2937 Ad
2285 2883 2564 2937 canticum
2592 2889 2896 2953 augescant
2932 2884 3251 2954 quindecim
3285 2886 3536 2940 candelas
3557 2885 3606 2939 in
3628 2900 3725 2955 per-

498 2993 611 3047 gna
638 2982 734 3042 est,
755 2976 846 3030 vel
876 2976 1129 3029 Posuisti.
1158 2971 1512 3027 Communia.
1545 2972 1802 3030 Posuisti,
1837 2970 2088 3022 Domine.
2116 2971 2301 3047 βείω.
2345 2970 2711 3042 Evangelium
2743 2973 3155 3043 pronuntietur.
3196 2976 3360 3029 Liber
3385 2976 3725 3043 generationis,

499 3018 611 3047 νη..
638 3018 734 3042 νυ,
768 3018 846 3030 ....
876 3018 892 3029 .
917 3018 1129 3029 νυν-ηπ.
1164 3018 1512 3027 "meum---
1545 3018 1565 3024 -
1591 3018 1801 3030 --η-ν-.
1837 3018 1866 3022 -
2181 3018 2301 3025 ων...
2346 3018 2711 3042 -.-ηοω-ι.-
2743 3018 3155 3043 ,ην--..ηυν-..η
3196 3018 3340 3029 ..,.-ν.
3385 3018 3725 3043 υ-..ν.-..-..η.

499 3066 566 3121 In
594 3064 888 3121 relectorio
917 3063 1122 3118 tabulae
1165 3060 1579 3132 cooperiantur.
1613 3057 1681 3113 In
1703 3057 1854 3112 horis
1883 3058 2095 3127 capitu-
2116 3018 2161 3079 Ο
2184 3066 2242 3114 et
2269 3060 2632 3132 expositionis
2657 3061 2836 3115 sancti
2856 3061 3186 3133 Hieronymi
3210 3079 3312 3116 :ex
3333 3063 3519 3117 eadem
3536 3061 3728 3116 lectione

500 3156 621 3211 lum
642 3155 813 3210 unius
844 3152 1130 3225 martyris.
1152 3151 1449 3206 Orationes
1470 3150 1538 3203 de
1568 3148 1746 3219 ipsius
1773 3146 2095 3211 Nativitate,
2183 3149 2242 3203 in
2272 3149 2547 3203 laudibus.
2572 3150 2657 3203 Ad
2685 3149 2988 3204 stationem
3018 3152 3463 3221 responsorium,
3494 3152 3730 3205 Nativita-

502 3260 628 3315 quae
656 3241 1011 3307 conveniant,
1054 3240 1140 3293 vel
1185 3239 1254 3292 de
1292 3246 1541 3309 martyre
1591 3240 1970 3290 assumantur.
2018 3233 2102 3288 Ad
2186 3245 2308 3293 tem.
2342 3239 2511 3293 Missa
2538 3238 2889 3292 matutinalis
2919 3239 2988 3292 de
3026 3245 3219 3293 sancto
3248 3240 3517 3295 Adriano.
3538 3240 3594 3293 In
3618 3236 3731 3291 basi-

501 3347 794 3402 vesperam
822 3329 1141 3400 antiphona;
1172 3327 1242 3381 de
1271 3325 1561 3380 nocturnis
1582 3325 1861 3379 dicantur.
1893 3322 2103 3377 Psalmi
2183 3327 2293 3381 lica
2343 3334 2548 3383 sanctae
2589 3328 2778 3381 Mariae
2808 3328 3042 3381 audiant
3087 3334 3145 3382 et
3190 3329 3482 3383 collectam
3518 3330 3580 3382 de
3605 3328 3729 3398 ipsa;

502 3420 671 3475 unius
708 3418 994 3490 martyris.
1046 3415 1507 3487 Responsorium,
1558 3416 1813 3478 Posuisti,
1848 3414 2099 3468 Domine.
2183 3417 2394 3481 dicant,
2426 3422 2483 3471 et
2511 3416 2755 3470 alleluia.
2793 3417 2987 3473 Oratio
3013 3418 3526 3473 consuetudinaria.
3548 3416 3621 3471 Ad
3645 3431 3733 3468 ma-

504 3511 781 3581 Hymnus,
798 3510 1065 3563 Assertor.
1098 3505 1442 3575 Antiphone,
1465 3505 1639 3557 Medio
1664 3504 1900 3556 carceris
1925 3503 2102 3555 stabat
2178 3507 2360 3577 jorem
2384 3522 2577 3561 omnes
2602 3505 2921 3560 sacerdotes
2960 3512 3130 3577 atque
3158 3506 3348 3562 levitas
3368 3506 3736 3562 circumdentur

507 3599 691 3651 beatus
714 3598 974 3650 Joannes.
1005 3592 1217 3655 Oratio,
1245 3592 1440 3648 Sancti
1460 3592 1695 3645 Joannis
1722 3591 1991 3657 Baptistae.
2183 3595 2391 3667 cappis,
2416 3595 2729 3649 etinfautes
2747 3594 2970 3650 tunicis.
3003 3595 3733 3662 Oﬂ‘ertorium,aaudeanius:

1042 3714 1276 3770 CAPUT
1312 3712 1567 3768 XXVIII.
2185 3690 2284 3738 aut
2323 3684 2480 3740 Salve
2507 3689 2699 3738 sancta
2724 3700 2931 3752 parens
2962 3703 2979 3738 :
3006 3684 3208 3748 oratio,
3253 3686 3697 3754 Supplicationem
3723 3696 3732 3731 :

2185 3773 2369 3841 lectio,
2419 3775 2689 3828 Dominus
2722 3774 2955 3841 possedit
2988 3790 3071 3826 me
3104 3792 3120 3825 :
3148 3774 3584 3844 responsorium,
3614 3775 3738 3826 Bene-

744 3843 1035 3898 Dommica
1061 3842 1250 3908 prima
1280 3840 1482 3892 meum
1510 3836 1857 3906 Septembri"
2190 3836 2513 3933 dicta,quod
2534 3867 2648 3915 tres
2676 3836 2884 3925 dicant,
2909 3858 3141 3914 alleluia
3164 3836 3433 3931 quatuor,
3465 3859 3740 3914 Natiritatis

579 3949 682 4005 Hic
727 3947 1049 4003 dimittatur
1079 3950 1293 4000 tractus
1338 3942 1522 3998 brevis
1562 3958 1740 4013 usque
1790 3942 1850 3996 in
1878 3944 2106 3999 Pascha.
2188 3954 2436 4018 gloriosas
2468 3969 2484 4004 :
2515 3949 2897 4021 Evangelium,
2932 3950 3089 4004 Liber
3116 3951 3532 4016 generationis:
3558 3946 3741 4001 otierto-

511 4038 755 4095 Sabbato
779 4036 851 4090 ad
879 4051 1175 4107 vesperam
1216 4031 1655 4104 responsorium,
1686 4034 1997 4101 Antequam
2028 4053 2110 4090 co-
2191 4039 2360 4104 rium,
2392 4040 2543 4094 Felix
2574 4054 2810 4108 namque
2839 4055 2911 4105 es,
2941 4042 2999 4091 et
3026 4037 3138 4091 duo
3166 4036 3451 4109 accipiant
3463 4033 3739 4092 oﬂ‘ertoria:

509 4130 728 4182 medam
755 4128 972 4194 suspiro
1007 4140 1027 4179 .'
1055 4121 1364 4193 antiphona
1392 4120 1463 4174 ad
1494 4122 1829 4188 Magni/teat,
1865 4138 1990 4176 cum
2008 4140 2069 4177 at

2189 4128 2528 4194 communio,
2576 4130 2739 4182 Beata
2783 4130 3009 4181 viscera.
3060 4123 3192 4179 Mox
3231 4132 3303 4179 ut
3350 4126 3522 4180 missa
3564 4122 3743 4194 expleta

509 4220 672 4272 disset
698 4216 813 4270 Job.
860 4214 1145 4284 Legantur
1180 4216 1297 4265 tam
1332 4207 1637 4265 Dominicis
1666 4208 1862 4264 diebus
1893 4215 1950 4264 et
1967 4210 2107 4281 vigi-
2188 4218 2379 4282 fuerit,
2410 4216 2602 4272 omnia
2619 4216 2781 4286 signa
2808 4216 3119 4286 pulsentur.
3138 4214 3224 4268 Ad
3253 4230 3515 4287 vesperae
3541 4212 3747 4285 quinque

509 4306 621 4372 liis,
653 4323 822 4379 quam
865 4301 1205 4376 quotidianis
1251 4300 1569 4356 refectionis
1617 4299 1768 4353 horis
1808 4299 1939 4354 libri
1983 4299 2105 4367 Job,
2127 4296 2338 4361 Dcerei
2375 4311 2506 4360 ante
2553 4322 2709 4359 aram
2740 4305 2872 4371 sint,
2900 4309 3016 4358 tres
3043 4308 3212 4358 retro.
3244 4304 3583 4375 Antiphone,
3620 4302 3749 4355 Bene-

509 4397 731 4463 Tobias,
763 4394 959 4450 Judith
992 4399 1050 4447 et
1077 4394 1279 4447 Hester
1307 4395 1363 4445 et
1393 4389 1588 4452 Esdra,
1620 4392 1677 4441 et
1706 4404 1774 4441 ea
1798 4405 1925 4442 cum
1963 4406 2111 4444 com-
2189 4398 2338 4450 dicta
2371 4415 2386 4450 .-
2419 4395 2689 4466 psalmus,
2731 4395 2884 4448 Dixit
2921 4394 3190 4447 Dominus
3222 4410 3239 4445 :
3272 4392 3594 4463 antiphona,
3621 4387 3748 4443 Sicut

510 4482 967 4548 mentationibus,
1017 4498 1306 4552 quousque
1348 4478 1608 4535 Octobris
1654 4478 1863 4532 mensis
1906 4485 2108 4550 praesto
2190 4485 2465 4554 myrrha:
2491 4483 2760 4556 psalmus,
2785 4484 3055 4537 Lanatus:
3079 4479 3413 4551 antiphona,
3436 4483 3552 4535 llaec
3567 4483 3752 4544 estque

512 4573 587 4627 sit
612 4577 903 4636 tractatus,
937 4571 1006 4625 de
1034 4571 1242 4624 eisdem
1265 4567 1423 4622 libris
1453 4573 1772 4623 cantentur.

2194 4577 2419 4629 nescivit
2452 4593 2468 4627 :
2509 4573 2777 4644 psalmus,
2830 4572 2954 4626 Nisi
2994 4571 3304 4633 Dominus;
3352 4568 3663 4640 antiphona,
3690 4565 3748 4618 De

582 4662 643 4715 IN
681 4661 761 4716 ΙΙΙ
808 4660 1109 4725 Domuum,
1155 4658 1224 4711 de
1266 4655 1503 4710 historia
1537 4656 1742 4711 Tobiae.
1776 4655 2018 4712 Sabbato
2042 4657 2114 4711 ad
2193 4666 2425 4731 fructu:
2454 4660 2726 4732 psalmus,
2761 4661 3046 4725 Memento,
3076 4660 3331 4719 Domine,
3354 4659 3533 4713 David
3560 4652 3752 4717 :lectio,

511 4764 801 4820 vesperam
834 4744 1271 4817 responsorium,
1307 4744 1348 4800 0
1377 4747 1530 4797 mitis
1558 4746 1721 4798 Pater
1750 4746 1965 4799 benedic
1991 4746 2115 4800 :Ad
2198 4753 2315 4807 Una
2347 4756 2421 4805 est
2453 4751 2705 4804 columba
2729 4765 2850 4804 mea
2879 4767 2895 4802 :
2931 4746 3374 4819 responsorium,
3407 4748 3667 4801 Nativitas
3693 4745 3754 4795 est

512 4838 849 4904 Μαθητγῖοαι,
880 4833 1207 4903 antiphona,
1257 4833 1336 4886 Ne
1380 4834 1781 4887 reminiscaris.
1823 4832 2011 4887 Lectio
2043 4833 2113 4887 ad
2196 4839 2824 4912 hodie.Hymnus,Nunc
2854 4838 2954 4891 tibi
2976 4834 3755 4913 virgo.Antiphona,1l{ativitas

514 4922 763 4993 vigiliam
792 4921 861 4975 de
880 4920 1024 4974 libro
1042 4919 1218 4991 ipsius
1243 4917 1450 4985 Tobiae,
1481 4920 1669 4973 Tobias
1699 4936 1763 4973 ea:
1790 4921 1939 4975 tribu
1960 4926 2008 4975 et
2038 4924 2113 4975 ci-
2193 4933 2291 4983 tua
2322 4947 2337 4982 :
2371 4928 2570 4993 oratio,
2615 4929 2861 4981 Famulis
2899 4929 3027 4980 tuis.
3059 4924 3118 4979 Si
3146 4924 3364 4979 venerit
3384 4924 3478 4978 die
3500 4919 3758 4977 Dominica

511 5014 678 5066 vitate
708 5009 967 5078 Nephtali
997 5026 1013 5061 :
1044 5012 1279 5072 tractus,
1316 5009 1438 5062 Pcto
1475 5009 1723 5061 Domine.

2196 5018 2315 5089 ipsa
2359 5016 2650 5080 festivitas,
2695 5014 2766 5069 ad
2809 5012 3216 5085 processionem
3267 5017 3400 5083 post
3436 5008 3756 5065 benedictam

583 5098 873 5154 DOMINICA
908 5095 1003 5151 IV.
1051 5093 1263 5148 Mensis
1296 5093 1642 5166 Septembris
1672 5096 1741 5151 de
1769 5097 1983 5152 Judith.
2024 5098 2110 5153 Ad
2191 5110 2486 5177 aquam,et
2503 5107 2759 5173 Asperges
2782 5120 2884 5166 me,
2908 5109 3042 5158 tunc
3057 5102 3322 5156 inchoent
3345 5097 3755 5172 responsorium,

511 5186 865 5243 nocturnalia
892 5183 1161 5255 obsequia
1180 5183 1346 5237 lectio
1378 5183 1577 5253 prima,
1610 5186 1897 5254 Arphaarat
1928 5190 2071 5254 itas,u

2199 5197 2355 5249 Beata
2396 5196 2683 5263 progenies
2711 5193 2857 5247 unde
2895 5192 3145 5247 Christus
3177 5196 3343 5245 natus
3370 5196 3448 5244 est
3470 5207 3487 5252 ;
3518 5192 3614 5243 aut
3638 5181 3759 5240 anti-

511 5280 622 5333 Rea:
649 5278 952 5342 Medorum,
989 5279 1046 5328 et
1071 5274 1193 5327 aliae
1223 5288 1346 5343 quae
1376 5280 1690 5343 sequuntur
1718 5291 1784 5329 ex
1814 5275 2010 5330 eodem
2040 5276 2111 5332 li-
2195 5283 2459 5355 phonam,
2494 5283 2670 5349 Quam
2693 5282 2923 5349 pulchri
2947 5284 3118 5345 sunt;
3153 5284 3393 5350 pergant
3422 5277 3495 5331 ad
3531 5278 3759 5331 sanctam

510 5362 613 5421 bro
644 5383 657 5420 :
690 5369 922 5430 tractus,
962 5364 1365 5417 Tributationes
1399 5364 1658 5418 civitatis.

2199 5372 2459 5439 Mariam,
2493 5370 2643 5426 dicta
2665 5369 2919 5425 oratione
2947 5385 3118 5441 super
3138 5368 3393 5423 inﬁrmos
3417 5366 3641 5432 fratres;
3676 5374 3759 5433 per

588 5524 690 5596 (35)
721 5524 952 5596 Savina,
978 5522 1207 5595 Sabina,
1233 5525 1264 5579 b
1284 5522 1475 5581 littera
1501 5541 1630 5582 cum
1650 5542 1682 5582 υ
1702 5523 2036 5584 alternante.
2261 5533 2374 5610 (36)
2399 5535 2503 5591 Hic
2531 5532 2883 5592 desideratur
2911 5530 3143 5604 aliquid.
