3886 6172
198 317 329 378 i233

1387 334 1801 391 DISCIPLINA
1838 337 2255 395 FARFENSIS.

3320 342 3459 402 1234

198 450 306 500 acta
334 453 693 521 responsoria
723 455 950 511 Oremus
981 475 997 510 :
1028 456 1218 512 dicant
1241 474 1459 513 sacrum
1484 459 1633 515 hunc
1652 478 1777 515 ver-
1795 463 1844 522 A
1863 467 2019 517 tuam
2033 465 2352 532 adoramus,
2373 465 3238 533 Domine.Psalmus,Misereatur
3251 473 3449 524 nostri.

198 549 328 600 sum,
360 539 483 593 Post
495 547 733 608 partum
783 545 957 613 Virgo.
993 545 1205 611 Oratio,
1248 547 1775 615 Supplicationibus.

195 623 292 678 Per
318 625 630 686 claustrum
666 632 858 688 dicant
900 635 1255 706 antiphonas,
1295 642 1353 690 et
1392 638 1773 707 responsoria.

762 758 1000 814 CAPUT
1037 760 1207 815 XXX.

700 884 891 939 Idibus
919 883 1265 953 Septembris.

256 981 320 1037 In
350 984 611 1042 omnibus
638 1004 863 1061 semper
900 990 981 1045 sic
1005 991 1307 1063 incipiatur
1329 1009 1362 1047 a
1393 992 1564 1048 vobis.
1594 996 1783 1066 Agant

195 1071 424 1143 primam
444 1075 609 1131 sicuti
629 1078 806 1149 prius,
829 1080 1071 1152 denique
1094 1081 1213 1152 ipso
1227 1081 1316 1136 die
1339 1082 1610 1152 incipiant
1625 1085 1778 1155 jeju-

194 1159 337 1215 nium
369 1164 519 1234 quod
548 1166 745 1236 regula
791 1167 950 1240 [Cap.
982 1168 1073 1241 41]
1105 1170 1357 1241 praecipit
1405 1173 1537 1223 Post
1558 1174 1777 1242 capitu-

196 1249 296 1304 lum
325 1257 560 1306 sanetur
585 1254 779 1309 tabula
821 1257 966 1311 sicut
1011 1258 1149 1312 solet
1201 1259 1433 1329 privatis
1473 1258 1687 1324 diebus,
1723 1268 1780 1317 et

194 1338 488 1409 loquantur
514 1358 693 1415 usque
722 1345 854 1398 dum
883 1351 1115 1400 sanetur
1143 1348 1329 1403 tertia.
1378 1350 1512 1403 Post
1555 1351 1776 1406 tertiam

195 1427 453 1485 fratribus
480 1448 607 1486 cum
630 1434 849 1489 silentio
877 1436 1255 1492 residentibus
1283 1439 1339 1493 in
1372 1441 1639 1509 claustro,
1688 1443 1777 1497 in-

194 1516 360 1572 fantes
389 1524 448 1573 et
475 1520 683 1576 inﬁrmi
705 1524 930 1578 veniant
967 1525 1027 1579 in
1078 1527 1456 1584 refectorium.
1490 1532 1624 1587 Post
1652 1550 1777 1587 sex-

194 1611 296 1659 tam
341 1614 475 1663 eant
527 1610 585 1664 in
635 1611 1025 1668 dormitorium
1054 1615 1125 1669 ad
1156 1619 1526 1687 pausandum,
1559 1627 1617 1676 et
1642 1621 1777 1675 dum

193 1696 469 1766 pulsatum
504 1698 676 1754 fuerit
716 1702 936 1773 signum
968 1710 1205 1775 surgant
1233 1711 1291 1760 et
1319 1709 1648 1778 provideant
1674 1727 1774 1764 ne-

1862 550 2022 615 Quod
2054 570 2153 622 per
2182 570 2376 607 omnes
2423 571 2616 610 versus
2665 556 3031 627 antiphonam
3092 564 3369 630 repetant.
3403 566 3461 615 et

1862 639 2089 695 interim
2107 643 2229 696 aliae
2250 642 2509 697 dicantur
2525 645 2863 716 antiphonte,
2887 647 2927 701 0
2942 662 3082 700 crure
3115 650 3460 716 splendidior

1863 748 1893 786 ο
1922 748 2064 785 arua:
2089 733 2266 786 viride
2289 736 2525 800 lignum.
2561 734 2867 805 Postquam
2892 736 3127 790 adorata
3143 736 3459 792 fueritcrux

1863 820 2158 892 levataque
2188 826 2320 875 ante
2351 838 2528 888 aram,
2565 824 2968 894 paraphonista
3003 824 3308 897 statimque
3332 841 3460 880 cum

1863 909 2011 964 clero
2030 910 2250 965 intonat
2294 911 2439 965 hanc
2476 912 2862 983 antiphonam,
2892 912 3073 982 Super
3090 918 3281 969 omnia
3304 917 3461 984 ligna

1862 1000 2171 1064 cedrorum,
2201 1004 2258 1053 et
2276 1006 2491 1071 ponant
2520 1000 2785 1074 [ponunt]
2817 1018 3041 1056 crucem
3067 1002 3127 1057 in
3149 1008 3280 1075 apto
3299 1004 3455 1059 loco:

1861 1091 1981 1142 tum
2012 1088 2218 1143 dentur
2245 1088 2316 1142 ad
2344 1106 2806 1162 unumquemque
2849 1091 3093 1145 fratrum
3151 1109 3358 1164 cappm,
3387 1093 3461 1148 ad

1859 1175 2100 1231 infantes
2111 1178 2334 1232 tunicae.
2352 1179 2418 1233 In
2450 1179 2626 1233 altare
2655 1181 2840 1250 majus
2868 1180 3101 1251 pallium
3125 1186 3388 1253 coaptent
3404 1187 3463 1237 et

1860 1265 2069 1333 albam;
2102 1272 2315 1338 septem
2333 1268 2578 1321 candelae
2599 1284 2726 1322 cum
2748 1268 2848 1334 eis,
2872 1285 3011 1339 quas
3030 1269 3299 1324 deserunt
3325 1286 3461 1324 can-

1858 1354 2022 1418 versi,
2048 1355 2144 1425 qui
2173 1355 2381 1409 adsunt
2407 1356 2478 1409 ad
2508 1356 2759 1411 missam.
2802 1357 2942 1411 Dein
2959 1358 3186 1428 pulsent
3210 1358 3372 1428 signa
3405 1362 3461 1412 et

1858 1442 2132 1513 incipiant
2153 1443 2417 1507 officium,
2440 1446 2505 1499 In
2528 1448 2750 1499 nomine
2769 1447 2996 1500 Domini
3017 1463 3175 1501 omne
3189 1462 3333 1514 genu
3361 1448 3459 1515 ﬂe-
3513 1514 3521 1519 _

1859 1536 2062 1595 ctatur,
2096 1536 2154 1585 et
2181 1549 2276 1587 sex
2304 1533 2506 1588 fratres
2527 1538 2758 1588 teneant
2776 1534 3030 1589 chorum.
3067 1534 3282 1597 Oratio,
3317 1536 3459 1589 Deus

1859 1624 1960 1689 qui
1986 1624 2289 1688 unigeniti.
2310 1622 2574 1693 Epistola.
2607 1623 2858 1678 Christus
2894 1614 3076 1692 factus
3107 1629 3185 1678 est
3226 1639 3329 1693 pro
3368 1640 3464 1679 na-

1861 1710 1957 1762 bis.
1992 1710 2519 1781 Etresponsorium,
2544 1710 2817 1767 'Christus
2855 1715 3035 1779 factus
3070 1718 3164 1767 est.
3198 1713 3461 1779 Alleluia,

195 1786 537 1841 cessitatibus
564 1790 698 1851 suis,
726 1797 782 1844 et
810 1792 942 1846 dum
973 1810 1176 1848 manus
1198 1799 1255 1848 et
1273 1796 1445 1851 facies
1475 1798 1775 1853 habuerint
1798 1780 1842 1839 Β
1861 1799 2024 1852 Dulce
2054 1800 2393 1873 lz'gnunz.‘Et
2421 1800 2722 1854 decantent
2750 1800 3132 1871 Evangelium.
3164 1802 3329 1856 Nunc
3363 1806 3460 1872 ju-

195 1877 697 1945 ablutas,'infantes
720 1883 931 1954 absque
981 1886 1095 1940 ulla
1129 1887 1317 1942 sonitu
1369 1892 1675 1960 procedant
1718 1893 1775 1946 in

193 1967 473 2022 ecclesiam
506 1975 637 2024 ante
667 1972 862 2039 altare,
891 1978 948 2027 et
975 1980 1137 2028 orent
1156 1979 1549 2045 communiter,
1575 1980 1778 2034 deinde

194 2063 417 2126 surgant
438 2063 495 2111 et
537 2058 686 2113 dicat
713 2077 860 2114 unus
896 2078 960 2115 ex
1007 2062 1141 2133 ipsis
1180 2064 1435 2119 litaniam
1469 2080 1482 2114 :
1516 2070 1776 2123 sacerdos

191 2161 308 2198 cum
366 2147 645 2203 ministris
682 2155 881 2220 pergat
925 2150 984 2204 in
1020 2153 1695 2221 secretarium,etinduat
1717 2175 1777 2213 se

192 2234 529 2291 vestimentis
558 2239 729 2293 sacris
775 2246 831 2293 et
861 2242 1139 2312 persolvat
1169 2244 1385 2302 munia.

253 2324 384 2379 Post
408 2326 642 2381 missam
662 2329 885 2400 pulsato
913 2331 1073 2401 signa
1104 2333 1316 2403 pariter
1341 2338 1504 2388 orent
1541 2339 1598 2389 et
1625 2335 1773 2390 exin-

189 2411 252 2465 de
278 2413 371 2484 qui
402 2415 670 2470 servituri
691 2423 824 2472 sunt
843 2418 1112 2473 fratribus
1154 2421 1361 2475 victum
1394 2423 1689 2494 accipiant,
1723 2430 1781 2479 et

187 2507 304 2571 post
330 2503 694 2559 intervallum
720 2507 879 2575 illud,
915 2508 1065 2563 dicta
1093 2527 1262 2578 nona,
1295 2513 1523 2568 veniant
1545 2515 1615 2568 ad
1644 2516 1780 2569 reﬁ-

187 2589 460 2645 ciendum.
485 2593 620 2647 Post
641 2611 899 2667 vesperas
932 2597 1121 2653 dicant
1149 2599 1394 2654 officium
1423 2608 1775 2658 mortuorum

186 2684 235 2733 et
255 2680 460 2735 deinde
488 2683 708 2754 pulsato
732 2685 987 2757 cymbala
1003 2689 1337 2743 conveniant
1356 2691 1428 2744 ad
1447 2691 1770 2746 bibendum.

181 2768 335 2824 Feria
364 2776 573 2842 quarta
603 2780 661 2828 et
677 2780 834 2829 sexta
848 2775 1056 2830 faciant
1082 2778 1514 2848 processionem.
1547 2780 1613 2834 In
1632 2780 1773 2834 duo-

180 2856 355 2913 decim
382 2861 722 2917 lectionibus
750 2864 975 2931 faciant,
1021 2865 1167 2920 sicut
1216 2867 1367 2922 soliti
1405 2872 1556 2922 sunt.
1617 2868 1771 2923 Reli-

178 2963 344 3018 quum
365 2965 539 3004 usum
565 2958 737 3021 agant
773 2961 836 3007 ut
865 2970 1056 3024 supra.

733 3038 966 3097 CAPUT
1004 3043 1194 3097 XXXI.

532 3130 603 3182 In
633 3133 962 3185 eaaltatione
992 3138 1192 3186 sanctas
1211 3134 1411 3186 crucis.

242 3215 539 3271 Ornentur
560 3218 757 3273 altaria
789 3219 995 3273 sericis.
1014 3221 1079 3275 In
1101 3222 1328 3291 majoris
1347 3222 1648 3277 medietate
1669 3241 1769 3295 pa-

134 3300 147 3313 “
174 3310 379 3360 nantur
407 3306 543 3360 libri
571 3309 753 3378 parati
782 3314 839 3362 et
867 3309 1115 3381 quinque
1154 3311 1301 3365 cerei
1340 3312 1720 3366 accendantur
1753 3332 1765 3367 :

173 3392 225 3446 in
253 3394 519 3450 formulis
540 3397 753 3468 tapetia
770 3398 1121 3453 ordinentur.
1147 3400 1231 3453 Ad
1259 3417 1549 3472 vesperam
1578 3401 1764 3470 lectio,

169 3481 269 3535 Hoc
286 3488 445 3539 enim
468 3490 661 3539 sentite
682 3490 744 3541 in
764 3489 929 3541 vobis.
956 3489 1418 3559 Responsorium,
1442 3491 1622 3558 Super
1649 3507 1769 3545 om-

171 3574 263 3624 nia
292 3575 765 3646 ligna.Hymnus,
784 3577 987 3631 Venilia
1003 3578 1398 3645 regis.Versus,
1414 3581 1523 3641 Hoc
1541 3582 1767 3648 signum

166 3663 364 3715 crucis.
417 3664 762 3734 Antiphona,
815 3666 855 3719 0
913 3667 1064 3721 Crux
1109 3668 1483 3721 admirabilis.
1548 3668 1761 3733 Oratio,

165 3748 298 3802 Deus
319 3754 428 3820 qui
440 3753 954 3819 unigeniti.Postea
973 3770 1002 3807 e
1023 3754 1232 3808 sanctis
1250 3754 1592 3825 martyribus
1613 3756 1764 3810 dica-

163 3840 251 3890 tur
304 3839 647 3910 antiphona,
698 3858 825 3895 cum
873 3843 1079 3898 Gtoria.
1132 3843 1542 3912 Invitatorium,
1576 3847 1764 3913 Regem

160 3927 508 3995 Martyrum.
541 3930 664 3985 Duo
695 3932 810 3985 sint
842 3931 901 3985 in
932 3932 1140 4003 cappis.
1203 3933 1481 4004 Hymnus,
1538 3936 1762 3989 JEterna

163 4017 370 4071 Christi
411 4035 675 4074 munera.
731 4020 919 4074 Primo
975 4027 1030 4075 et
1086 4022 1329 4075 secundo
1380 4027 1656 4076 nocturno
1694 4023 1763 4076 de

156 4107 361 4160 sanctis
394 4106 610 4160 dicant.
630 4108 1067 4180 Responsorium
1085 4116 1371 4182 quartum,
1393 4116 1672 4178 octavum,
1704 4116 1760 4165 et

158 4191 563 4250 duodecimum
598 4197 709 4253 duo
735 4198 937 4253 fratres
966 4200 1283 4254 decantent.
1341 4199 1427 4253 Ad
1477 4200 1760 4254 canticum

153 4284 491 4354 antiphona,
514 4285 692 4354 Super
716 4291 908 4341 omnia
931 4291 1084 4355 ligna
1100 4288 1763 4357 cedri.Alleluia,Propter

154 4371 374 4437 lignum
406 4377 554 4443 facti
588 4392 781 4429 sumus
809 4380 969 4439 servi,
1004 4377 1090 4430 vel
1118 4380 1341 4432 Audivi.
1377 4378 1671 4432 Dividatur
1697 4378 1755 4431 in

146 4460 252 4513 tria
272 4463 501 4517 Gloria.
528 4464 890 4535 Evangelium
940 4467 1106 4521 Nunc
1140 4469 1426 4535 judicium
1451 4472 1527 4521 est
1557 4470 1758 4522 mundi

145 4552 579 4620 pronuntietur,
616 4560 672 4608 et
712 4571 835 4625 quae
864 4560 1183 4627 sequuntur
1210 4556 1400 4609 omnia
1440 4556 1508 4609 de
1563 4561 1758 4611 sancta

141 4654 304 4696 cruce
326 4643 538 4697 festive
558 4644 933 4698 celebrentur.
956 4643 1020 4698 In
1043 4644 1301 4699 laudibus
1316 4646 1753 4716 responsorium,

141 4729 246 4782 Hoc
273 4735 521 4799 signum
542 4734 1027 4805 crucis.Hymnus,
1055 4735 1206 4790 Crux
1223 4736 1515 4788 benedicta.
1539 4734 1623 4788 Ad
1646 4741 1756 4789 sta-

136 4817 353 4875 tionem
380 4821 723 4892 antiphona,
757 4822 933 4892 Super
963 4826 1172 4877 omnia.
1207 4822 1377 4878 Missa
1405 4824 1754 4878 matutinalis

132 4908 364 4964 dicatur
397 4911 475 4964 de
504 4911 731 4966 sanctis.
755 4912 841 4965 Ad
861 4912 1086 4965 tertiam
1109 4928 1305 4966 omnes
1360 4912 1561 4967 fratres
1612 4913 1752 4967 albis

130 4999 320 5055 vestiti
344 5000 714 5067 conveniant,
744 5005 802 5055 et
828 5000 979 5055 dicta
998 5002 1167 5055 tertia
1194 5001 1512 5072 expandant
1540 5002 1753 5073 tapetia

128 5097 259 5144 ante
290 5091 514 5153 altare,
548 5093 607 5143 et
633 5090 952 5160 praecedant
970 5090 1081 5145 duo
1109 5091 1288 5145 levitas
1316 5091 1412 5147 ubi
1435 5091 1618 5162 posita
1636 5091 1752 5145 fue-

125 5184 211 5233 rat
242 5183 470 5234 sancta
497 5194 653 5242 crux,
688 5184 745 5232 et
771 5179 981 5233 ducant
1003 5196 1127 5233 eam
1157 5186 1289 5235 ante
1325 5181 1503 5234 altare
1543 5181 1747 5250 majus,

124 5265 629 5339 discooperientes
657 5273 716 5321 et
738 5269 1153 5322 conclamantes
1182 5269 1326 5323 hanc
1359 5268 1747 5340 antiphonam,

125 5357 253 5411 Ecce
297 5360 544 5426 lignum
573 5359 773 5410 crucis.
803 5357 959 5411 Illico
986 5358 1217 5412 flectant
1237 5375 1423 5429 genua
1451 5374 1665 5422 omnes,
1695 5362 1752 5412 et

122 5449 319 5502 veniat
350 5460 489 5501 una
513 5460 643 5516 pars
666 5444 926 5511 fratrum,
958 5453 1278 5517 prosternat
1300 5464 1379 5513 se,
1415 5452 1537 5501 oret
1566 5446 1623 5500 in
1641 5446 1752 5517 pri-

122 5537 252 5604 mis,
285 5548 351 5591 et
375 5541 530 5589 tunc
553 5535 835 5590 osculetur
865 5552 1106 5603 crucem,
1143 5541 1200 5591 et
1234 5536 1557 5607 philacteria
1610 5536 1753 5590 Can-

120 5632 212 5683 tor
234 5628 499 5684 inchoet
509 5624 899 5697 antiphonam,
921 5630 979 5680 et
996 5630 1258 5698 repetant
1269 5626 1497 5681 interim
1523 5628 1753 5683 Crucem

1858 1888 2068 1941 dicium
2100 1893 2176 1942 est
2206 1890 2425 1951 mundi,
2458 1905 2657 1960 usque,
2694 1891 2756 1943 Ut
2790 1892 2900 1957 ﬁlii
2930 1894 3069 1945 lucis
3089 1892 3231 1945 sitis.
3278 1891 3459 1946 Offer-

1858 1975 2086 2043 torium,
2128 1978 2366 2045 Protege,
2402 1979 2650 2031 Domine.
2692 1978 3047 2045 Communia,
3099 1982 3203 2034 Per
3231 1982 3460 2048 signum

1858 2067 2056 2118 crucis.
2091 2064 2156 2119 In
2186 2064 2342 2119 horis
2369 2064 2618 2136 capitula
2646 2071 2815 2137 atque
2844 2066 3120 2130 versiculi,
3142 2083 3245 2121 nec
3264 2083 3379 2121 non
3403 2072 3462 2122 et

1858 2152 2141 2208 orationes
2168 2154 2309 2207 tales
2338 2154 2617 2217 dicantur,
2649 2171 2772 2224 quae
2810 2155 3145 2209 conveniant
3171 2156 3243 2210 ad
3272 2157 3459 2227 ipsum

1858 2241 2027 2296 diem.
2056 2243 2142 2297 Ad
2171 2260 2430 2314 vesperas
2455 2242 2703 2314 quinque
2733 2243 3034 2298 luminaria
3076 2245 3191 2299 sint
3220 2250 3276 2299 et
3307 2245 3454 2299 hanc

1858 2331 2228 2401 antiphonam
2283 2332 2603 2403 persolvant
2650 2347 2781 2385 cum
2815 2333 3075 2396 Psalmis,
3116 2335 3224 2388 Nos
3270 2338 3460 2389 autem

1860 2423 2126 2487 gloriari.
2158 2421 2608 2487 Psalmus,Dixit
2630 2423 2919 2475 Dominus.
2956 2421 3213 2478 Salvator
3232 2424 3457 2477 mundi.

1859 2508 2137 2574 Psalmus,
2165 2511 2303 2565 Cum
2325 2512 2523 2578 fueris.
2541 2509 3204 2580 Antiphona,Adoramus
3226 2511 3461 2573 te,Chri-

1858 2602 1953 2651 ste.
1971 2599 2249 2669 Psalmus,
2265 2600 2479 2653 Beatus.
2505 2598 2848 2669 Antiphona,
2871 2599 3039 2654 Salva
3073 2616 3189 2663 nos,
3223 2600 3453 2655 Christe.

1856 2686 2130 2751 Psalmus,
2158 2688 2395 2741 Laudate
2418 2689 2603 2755 pueri.
2637 2686 2847 2751 Lectio,
2876 2687 3127 2742 Christus
3146 2688 3327 2755 factus
3356 2693 3454 2744 est.

1854 2773 2293 2845 Responsorium
2315 2789 2329 2829 :
2362 2776 2470 2828 Hoc
2490 2778 2715 2843 signum
2732 2777 2932 2828 crucis.
2957 2775 3231 2845 Hymnus,
3251 2775 3455 2830 νεα-ἤια

1853 2867 2015 2930 regis.
2033 2863 2379 2934 Antiphona,
2414 2863 2454 2918 0
2474 2878 2613 2916 crus:
2644 2864 2938 2927 benedicta,
2976 2867 3077 2917 aut
3098 2863 3251 2918 Crua:
3273 2864 3453 2931 ﬁdelis

1854 2952 2003 3005 inter
2031 2969 2234 3006 omnes.
2294 2951 2663 3007 Postmodum
2711 2951 2903 3006 dicant
2958 2951 3331 3023 antiphonam
3379 2951 3452 3007 de

1853 3040 2061 3095 sanctis
2099 3040 2559 3112 praecedentibus,
2608 3046 2666 3095 et
2701 3039 3192 3111 subsequentibus,
3226 3044 3284 3094 et
3313 3039 3362 3094 si
3392 3040 3454 3094 in

1788 3098 1832 3161 Ο
1853 3130 1960 3183 hac
1986 3098 2287 3184 festivitate
2313 3098 2562 3184 evenerit
2585 3129 2706 3184 dies
2724 3098 3068 3196 Dominicus,
3101 3098 3289 3183 omnia
3326 3129 3450 3185 effi-

1853 3217 2005 3272 ciant
2030 3219 2196 3273 sicuti
2237 3220 2637 3290 przesignatum
2666 3218 2909 3273 habetur
2938 3236 2950 3272 :
2985 3218 3156 3273 etiam
3186 3218 3450 3273 similiter

1852 3308 2118 3379 prostrati
2146 3308 2384 3363 adorent
2418 3324 2639 3364 crucem
2654 3351 2667 3365 .

2403 3397 2640 3453 CAPUT
2666 3394 2895 3450 XXXII.

2167 3489 2235 3541 In
2252 3489 2474 3555 jejunio
2506 3488 2755 3553 Quatuor
2786 3486 3131 3555 Temparum.

1920 3575 2084 3629 Feria
2138 3579 2339 3646 quarta
2383 3574 2593 3629 faciant
2637 3573 3048 3646 processionem
3092 3573 3258 3628 sicuti
3297 3573 3450 3632 soliti

1848 3669 2000 3718 sunt.
2030 3664 2322 3718 Lectiones
2351 3663 2529 3717 ambae
2556 3664 2817 3734 legantur
2843 3662 2903 3717 in
2943 3668 3077 3716 tono
3107 3662 3272 3716 sicuti
3320 3662 3448 3734 epi-

1847 3753 2010 3808 stola.
2047 3752 2482 3823 Responsorium
2514 3753 2583 3806 ad
2610 3768 3068 3823 unamquamque
3092 3750 3298 3805 dicant.
3315 3751 3449 3806 Adi-

1846 3858 1972 3913 pem
2004 3840 2129 3895 istis
2160 3842 2341 3896 tribus
2369 3840 2566 3895 diebus
2594 3858 2696 3895 nec
2738 3841 3055 3898 comedunt.
3088 3840 3251 3895 Feria
3289 3844 3447 3895 sexta

1846 3928 2107 3982 similiter
2144 3934 2317 3998 agant
2342 3927 2776 4000 processionem.
2803 3926 3047 3981 Sabbato
3068 3930 3440 3998 postsextam,

1845 4034 1974 4071 mox
2000 4023 2063 4071 ut
2090 4016 2631 4086 audierintsignum,
2648 4021 2900 4085 surgant,
2915 4020 2972 4069 et
2989 4014 3319 4085 provideant
3345 4030 3442 4069 ne-

1845 4106 2197 4160 cessitatibus
2209 4106 2540 4171 suis,lavent
2552 4120 2753 4158 manus
2767 4120 2832 4157 ac
2849 4103 3176 4169 facies,eant
3187 4103 3244 4156 in
3260 4102 3437 4157 eccle-

1844 4195 1983 4249 siam
2015 4195 2175 4266 pueri
2204 4195 2414 4265 absque
2436 4194 2707 4259 sonitu,et
2722 4199 2885 4247 orent
2911 4191 3108 4259 simul;
3141 4196 3437 4262 surgentes

1843 4285 2122 4355 praecedat
2140 4282 2398 4337 sacerdos
2426 4283 2482 4336 in
2504 4283 2809 4337 sacrarium
2833 4288 2890 4335 et
2906 4281 3106 4335 induat
3132 4297 3191 4335 se
3220 4280 3431 4345 casula,

1845 4373 2110 4426 diaconus
2164 4372 2289 4426 alba
2329 4377 2385 4425 et
2412 4371 2574 4438 stola,
2610 4376 2853 4441 quatuor
2880 4370 3081 4422 fratres
3109 4367 3269 4434 albis,
3303 4383 3438 4439 quo-

1844 4478 1971 4515 rum
1994 4462 2105 4515 duo
2134 4466 2363 4515 cantent
2407 4458 2873 4524 benedictionem,
2912 4457 3157 4523 alleluia,
3188 4473 3432 4525 versum,

1837 4555 2098 4616 tractum,
2134 4557 2191 4605 et
2227 4549 2499 4611 conversi,
2534 4548 2629 4619 qui
2671 4547 2927 4601 deferant
2953 4547 3233 4613 candelas,
3267 4552 3325 4601 et
3351 4547 3434 4601 in-

1840 4640 2024 4694 fantes
2048 4656 2243 4694 omnes
2266 4638 2620 4694 circumdant
2646 4654 2706 4691 se
2733 4636 2894 4690 albis.
2927 4636 3118 4691 Lectio
3146 4652 3260 4690 non
3288 4635 3437 4690 dica-

1841 4735 1932 4785 tur
1956 4732 2014 4785 in
2037 4732 2141 4785 hac
2169 4729 2358 4792 missa,
2392 4733 2450 4782 et
2469 4728 2615 4781 illico
2636 4734 2699 4781 ut
2718 4731 3034 4798 praeparata
3058 4729 3192 4779 sunt
3220 4725 3434 4793 omnia,

1837 4820 2026 4875 veniat
2054 4824 2251 4874 cantor
2281 4819 2337 4871 in
2369 4817 2561 4883 choro,
2594 4821 2651 4870 et
2681 4815 2916 4886 incipiat
2941 4814 3206 4869 ofﬁcium.
3242 4815 3437 4869 Sacer-

1837 4909 1937 4964 dos
1958 4909 2225 4981 procedat
2253 4907 2323 4961 ad
2353 4906 2551 4972 altare,
2583 4911 2707 4959 oret
2748 4910 2805 4959 et
2843 4908 2977 4974 agat
3023 4903 3433 4958 confessionem

1833 5015 1961 5054 cum
1991 4997 2158 5056 levita
2188 5002 2243 5050 et
2270 5000 2406 5050 tunc
2435 4994 2584 5049 dicat
2620 4994 2848 5048 Oremus
2874 4997 2932 5046 et
2954 4992 3264 5058 collectam,
3288 4992 3436 5047 sicut

1833 5087 1892 5141 in
1919 5089 2401 5141 sacramentorum
2451 5082 2772 5137 continetur
2806 5080 2967 5135 libro.
3009 5080 3299 5134 Lectiones
3353 5079 3431 5132 le-

1831 5181 1971 5247 gant
1990 5175 2245 5246 juniores
2287 5178 2344 5228 et
2383 5171 2743 5244 postmodum
2774 5173 2989 5241 priores
3016 5183 3028 5217 :
3060 5167 3319 5221 similiter
3346 5182 3431 5220 re-

1833 5264 2124 5337 sponsoria
2169 5264 2542 5318 decantentur
2591 5260 2661 5314 ab
2713 5276 2827 5314 uno
2854 5257 3158 5327 incipiente
3184 5259 3242 5308 et
3268 5259 3427 5324 post-

1835 5353 2063 5407 modum
2094 5357 2352 5406 cantores
2380 5351 2438 5403 in
2463 5349 2724 5403 choro....
2764 5347 2834 5400 de
2871 5343 3051 5414 capite
3078 5361 3088 5396 :
3122 5347 3313 5396 tamen
3356 5340 3428 5396 ab

1833 5444 1953 5514 ipso
2000 5441 2118 5496 solo
2166 5440 2399 5494 ﬁniatur
2442 5454 2638 5492 versus
2666 5452 2699 5489 a
2729 5450 2838 5505 quo
2884 5435 3103 5502 cceptus
3151 5433 3254 5482 est.
3290 5429 3427 5483 Duae

1835 5530 2079 5587 candelae
2108 5536 2238 5584 ante
2266 5529 2462 5594 altare,
2496 5532 2562 5581 ut
2584 5524 2779 5579 diebus
2807 5519 3058 5594 privatis,
3120 5517 3429 5573 accendan-

1834 5627 1946 5678 tur.
1973 5619 2284 5685 Lectiones,
2317 5618 2549 5673 Locutus
2567 5619 2643 5669 est
2662 5614 2943 5668 Dominus,
2967 5607 3426 5680 Responsorium,
