3886 6172
455 286 601 347 1239
1517 286 1867 344 GUIDONIS
1902 287 2210 346 ABBATIS
2246 287 2662 345 FARFENSIS.
3536 288 3649 349 1240

457 412 818 469 refectorium
846 413 949 480 ire,
971 412 1069 468 sed
1110 416 1166 467 et
1189 409 1399 482 aliquid
1416 409 1707 464 charitatis
1726 410 1952 465 habere.
1987 413 2049 467 In
2068 416 2119 475 A
2648 410 2882 467 CAPUT
2910 409 3206 467 XXXVIII.

456 503 763 559 crastinum
793 502 852 557 in
878 500 1300 556 nocturnalibus
1321 499 1630 564 ambulent,
1651 505 1708 553 et
1727 499 1814 553 his
1835 500 2053 556 duobus
2500 504 2696 571 Vigilia
2729 502 2993 557 Omnium
3021 499 3354 556 Sanctorum.

458 591 656 646 diebus
684 591 794 645 tria
822 591 1133 662 pulmenta,
1164 590 1309 644 sicut
1335 605 1507 660 supra
1552 587 1764 642 dictum
1812 594 1918 655 est,
1949 590 2052 645 ha-
2203 592 2522 663 Antequam
2555 590 2800 645 secunda
2819 582 3047 661 agatur,
3072 589 3354 645 decoretur
3375 594 3535 648 totum
3555 612 3655 652 mo-

455 680 629 736 beant
662 698 674 734 :
707 685 909 752 quarta
932 680 1024 735 die
1053 684 1256 752 quarta
1299 695 1430 751 pars
1476 678 1624 733 casei
1669 685 1795 748 post
1822 679 2052 734 missam
2132 680 2442 735 nasterium
2473 679 2675 751 palliis.
2707 679 2817 733 Per
2842 680 3075 733 chorum
3103 678 3160 732 iu
3188 678 3383 734 circum
3408 684 3659 741 extendan-

456 769 624 824 detur
646 769 968 841 unicuique.
1010 770 1223 833 Quarta
1250 774 1308 823 et
1334 774 1490 824 sexta
1517 767 1657 824 feria
1684 775 1812 842 post
1837 775 2052 825 sextam
2133 773 2229 823 tur
2251 768 2526 830 bancalia,
2560 773 2618 823 et
2651 784 2823 839 super
2836 767 3108 822 formulas
3131 768 3350 839 tapetia,
3379 775 3526 842 atque
3547 774 3659 827 alta-

454 857 602 912 facto
630 875 801 929 parvo
826 858 1118 913 intervallo
1146 864 1309 912 sonet
1323 858 1545 929 signum
1578 860 1911 915 secretarius
1931 876 2054 914 mo-
2134 858 2221 912 ria
2248 858 2609 919 decorentur;
2642 862 2700 911 et
2726 857 2785 911 in
2821 857 3092 926 majorem
3127 860 3303 911 textos
3321 858 3506 928 [textus
3528 877 3659 916 evan-

456 946 600 1013 dice,
626 952 683 1002 et
696 947 1023 1002 discalcient
1054 964 1114 1002 se
1134 964 1346 1002 omnes.
1372 948 1585 1002 Deinde
1617 949 1804 1003 lavent
1830 965 2052 1014 manus,
2133 946 2433 1018 geliorum]
2454 951 2686 1018 ponant.
2710 947 2903 1000 Altare
2921 950 3128 1001 sancta:
3141 946 3324 1002 Mariis
3342 948 3504 1019 palliis
3524 956 3658 1022 atque

456 1040 517 1092 et
548 1041 789 1109 pergunt
829 1036 888 1091 in
936 1037 1226 1091 ecclesiam
1272 1037 1556 1091 orationes
1584 1038 1655 1108 [f.
1691 1042 1936 1103 orantes,
1974 1039 2054 1093 uel
2136 1035 2329 1090 sericis
2356 1035 2662 1090 adornetur
2692 1054 2703 1089 :
2735 1035 2790 1089 in
2822 1034 3069 1105 capitulo
3096 1034 3343 1090 bancalia
3385 1038 3654 1109 coaptitent.

457 1128 646 1194 supple
674 1123 885 1198 dicam]
914 1125 1255 1196 generaliter
1285 1144 1299 1181 :
1328 1132 1623 1197 surgentes
1651 1126 1922 1198 incipiant
1948 1143 2051 1180 an-
2135 1124 2406 1179 Similiter
2453 1123 2733 1178 refectorii
2791 1129 3200 1195 procuratores,
3242 1125 3482 1180 mantiles
3526 1132 3658 1199 atque

455 1211 738 1283 tiphonas,
769 1218 941 1282 atque
966 1213 1380 1284 processionem
1429 1219 1601 1283 agant
1622 1214 1766 1268 sicut
1794 1230 1915 1268 mos
1945 1220 2045 1268 est.
2132 1212 2388 1267 bancalia
2412 1213 2687 1284 accipiant
2714 1212 2782 1266 ad
2812 1213 3184 1266 decorandam
3206 1213 3393 1268 eadem.
3424 1215 3475 1269 Si
3500 1216 3660 1287 aliquis

528 1300 597 1356 In
624 1302 751 1356 aliis
776 1301 974 1357 diebus
1021 1309 1146 1374 post
1188 1312 1420 1364 sextam,
1470 1302 1619 1357 facta
1658 1303 1849 1374 aliqua
1894 1320 2054 1358 mora
2134 1307 2361 1357 sanctus
2382 1301 2631 1356 evenerit
2654 1302 2714 1355 in
2742 1301 2865 1372 ipso
2892 1301 3004 1364 die,
3024 1302 3172 1355 unde
3201 1308 3367 1372 agant
3390 1308 3493 1357 tres
3514 1304 3662 1360 lectio-

456 1390 730 1461 Inagister
750 1391 921 1446 faciat
947 1393 1175 1447 abluere
1221 1392 1446 1447 illorum
1484 1392 1784 1446 infantium
1827 1408 2049 1461 manus,
2132 1408 2253 1455 nes,
2285 1396 2421 1446 tunc
2444 1391 2636 1445 dicant
2663 1391 2894 1445 missam
2919 1391 3308 1446 matutinalem
3329 1409 3390 1446 ex
3410 1409 3485 1453 eo.
3502 1395 3664 1464 adjun-

457 1478 777 1549 quidebent
793 1479 1001 1535 servire
1038 1481 1110 1535 ad
1132 1480 1380 1534 missam.
1414 1480 1625 1535 Deinde
1660 1485 1849 1535 custos
1877 1481 2053 1536 eccle-
2130 1483 2328 1550 gentes
2354 1479 2644 1534 collectam
2662 1496 2764 1552 pro
2779 1479 3072 1544 defunctis,
3100 1484 3159 1534 et
3186 1479 3415 1534 oﬂ'erant
3431 1481 3602 1535 cuncti.
3619 1482 3666 1537 Si

456 1567 556 1622 sim
574 1584 701 1623 cum
720 1568 924 1623 viderit
957 1573 1181 1641 tempus
1207 1586 1349 1635 esse,
1370 1574 1533 1624 sonet
1556 1569 1782 1640 signum
1811 1570 1883 1624 ad
1913 1571 2050 1624 mis-
2131 1567 2320 1639 vigilia
2368 1568 2660 1623 advenerit
2703 1573 2907 1640 quarta
2946 1568 3033 1622 vel
3067 1572 3226 1622 sexta
3259 1568 3410 1634 feria,
3440 1575 3558 1623 tunc
3590 1570 3667 1624 ﬁat

456 1673 600 1724 sam,
622 1661 679 1712 et
689 1661 825 1711 tunc
846 1657 1152 1728 procedant
1184 1674 1379 1713 omnes
1398 1658 1457 1712 in
1476 1657 1785 1722 basilicam.
1808 1659 2099 1729 etﬁciant_
2132 1656 2411 1724 processio
2447 1675 2459 1709 :
2488 1662 2548 1711 et
2574 1656 2621 1711 si
2644 1656 2704 1711 in
2732 1656 2843 1711 alia
2870 1656 3011 1711 feria
3033 1655 3224 1723 fuerit,
3255 1663 3446 1712 sonent
3466 1658 3665 1729 signum.

453 1761 686 1817 preces;
723 1727 926 1817 quibus
972 1746 1349 1817 surgentibus,
1395 1746 1548 1802 dicat
1590 1764 1737 1802 unus
1765 1748 1835 1803 de
1863 1727 2115 1818 puerisB
2203 1745 2339 1800 Post
2361 1750 2595 1811 sextam,
2641 1750 2776 1801 eant
2820 1750 2878 1801 et
2918 1745 3130 1801 faciant
3156 1746 3470 1812 orationem,
3507 1727 3669 1801 deinde

452 1834 731 1900 litaniam,
764 1841 822 1890 et
846 1840 982 1890 tunc
1005 1836 1248 1890 vestiant
1274 1852 1353 1903 se,
1384 1836 1480 1908 qui
1509 1836 1883 1892 ministraturi
1918 1843 2054 1893 sunt
2134 1834 2325 1889 dicant
2348 1834 2605 1888 litaniam
2637 1853 2649 1887 :
2683 1834 2845 1906 signa
2864 1851 2979 1889 non
3007 1835 3317 1907 pulsentur,
3345 1851 3600 1907 neccappa
3613 1835 3671 1890 sit

454 1923 529 1978 ad
555 1924 803 1979 missam.
837 1924 1043 1991 Finita,
1088 1926 1347 1996 pulsetur
1381 1926 1605 1997 signum
1642 1926 1713 1981 ad
1743 1943 1972 1992 nonam,
1998 1931 2055 1981 et
2133 1923 2194 1977 in
2222 1922 2414 1990 choro,
2438 1924 2536 1978 sed
2554 1923 2945 1978 tantummodo
2965 1923 3238 1979 diaconus
3256 1924 3472 1979 indutus
3489 1924 3611 1989 alba,
3625 1929 3669 1978 et

453 2014 709 2069 oratione
737 2014 886 2069 facta
912 2014 1120 2070 vadant
1146 2013 1567 2069 hebdomadarii
1592 2015 1862 2086 coquinae,
1893 2016 2055 2071 celle-
2134 2012 2298 2075 stola,
2339 2017 2397 2066 et
2438 2011 2814 2067 subdiaconus
2856 2012 3117 2067 similiter
3157 2013 3301 2067 alba.
3344 2013 3667 2079 Olfertorium,

451 2102 639 2158 rarius
669 2108 727 2158 et
752 2103 930 2158 lector
956 2103 1015 2158 in
1043 2104 1398 2158 refectorium
1422 2109 1486 2158 ut
1500 2104 1778 2176 accipiant
1797 2105 2046 2159 mistum.
2140 2102 2339 2155 Timete
2391 2103 2715 2156 Dominum.
2763 2102 3027 2169 Collecta,
3076 2103 3306 2156 Domine
3344 2104 3473 2157 Deus
3508 2107 3666 2156 noster.

453 2191 682 2247 Fratres
724 2192 821 2246 alii
859 2193 1094 2247 sedeant
1131 2193 1186 2247 in
1236 2193 1423 2257 choro,
1472 2192 1650 2248 donec
1680 2194 1790 2248 alio
1833 2194 2050 2248 minore
2133 2190 2347 2245 Deinde
2376 2189 2517 2246 alim.
2549 2190 2820 2261 Epistola,
2852 2192 2979 2245 Ecce
3003 2207 3097 2258 ego
3121 2193 3358 2246 Joannes
3382 2192 3490 2245 vidi
3514 2194 3565 2243 in
3590 2206 3672 2243 me-

454 2281 615 2353 signo
629 2282 867 2353 pulsato,
892 2282 1107 2337 cunctis
1121 2282 1599 2345 convenientibus,
1619 2283 1808 2338 dicant
1822 2300 2049 2340 nonam.
2135 2280 2227 2333 dio
2248 2280 2457 2334 throni.
2487 2279 2947 2350 Responsorium,
2962 2280 3335 2334 Exsultabunt
3356 2278 3545 2335 Sancti.
3559 2278 3673 2333 Alle-

452 2371 590 2426 Post
636 2387 846 2426 nonam
884 2370 1114 2426 veniant
1145 2372 1216 2426 ad
1245 2388 1518 2426 mensam.
1553 2373 1873 2428 Refectione
1914 2374 2055 2428 cele-
2135 2367 2251 2422 luia
2280 2383 2393 2422 non
2406 2367 3673 2439 estcanendum.Evangelium,DescendemJesus

450 2456 635 2527 brata,
660 2459 896 2515 sedeant
921 2460 980 2514 in
1008 2461 1274 2515 claustro.
2136 2458 2199 2510 de
2229 2463 2431 2511 monte.
2456 2457 2814 2512 Oﬂ‘erendam
2841 2457 3013 2511 faciat
3039 2457 3275 2512 dimidia
3304 2472 3447 2527 pars,
3463 2456 3675 2512 similiter

989 2549 1224 2605 CAPUT
1250 2551 1525 2605 XXXVII.
2135 2562 2348 2616 pacem.
2382 2546 2763 2612 Oﬂ'ertorium,
2792 2549 3100 2603 Lalamini.
3134 2547 3476 2612 Communio,
3514 2548 3671 2606 Amen,

452 2639 524 2694 In
551 2644 875 2693 sanctorum
895 2643 1267 2708 apostolorum
1287 2640 1532 2695 Simonis
1563 2644 1613 2693 et
1634 2640 1789 2694 Judae
1818 2641 2041 2708 vigilia.
2132 2651 2296 2689 amen
2341 2636 2461 2689 dico
2508 2636 2676 2689 vobis.
2727 2636 2916 2707 Adeps
2959 2651 3075 2690 non
3120 2636 3439 2691 comedatur
3458 2635 3565 2707 ipso
3586 2635 3673 2689 die.

524 2727 592 2783 In
619 2732 942 2783 sanctorum
981 2729 1361 2799 apostolorum
1403 2729 1646 2784 Simonis
1687 2734 1744 2783 et
1779 2729 1935 2784 Judaa
1977 2729 2054 2783 vi-
2133 2724 2346 2778 Panem
2380 2729 2438 2778 et
2466 2724 2677 2790 vinum,
2701 2741 2824 2795 quae
2844 2730 3143 2779 remanent
3162 2726 3222 2779 in
3249 2724 3675 2789 refectorio,clee—

450 2815 608 2887 gilia,
631 2815 703 2870 ad
733 2817 964 2872 missam
995 2817 1260 2884 ofﬁcium,
1292 2820 1466 2873 Intret
1492 2821 1556 2872 in
1584 2823 1886 2886 conspectu.
1917 2818 2054 2873 Ora-
2133 2815 2490 2886 mosynarius
2526 2815 2782 2886 accipiat.
2814 2814 2901 2868 Ad
2941 2830 3235 2885 vesperam
3270 2815 3328 2869 in
3370 2813 3547 2885 primis
3583 2827 3672 2866 non

453 2905 555 2969 tio,
584 2907 835 2970 Concede,
864 2923 1197 2976 quaesumus,
1228 2910 1570 2977 omnipotens
1595 2909 1755 2974 Deus,
1805 2912 1868 2961 ut
1908 2911 2052 2962 sicut
2133 2904 2407 2975 pulsetur,
2439 2903 2548 2957 nisi
2578 2903 2785 2974 squilla
2803 2902 2924 2957 sola
2950 2921 2963 2955 :
2999 2908 3057 2957 et
3087 2903 3285 2975 viginti
3303 2900 3673 2975 quatucrlumi-

455 2997 828 3064 apostolorum
869 3013 884 3049 :
917 3000 974 3050 et
1014 2996 1126 3050 alia
1165 3001 1451 3061 consueta,
1500 3000 1789 3052 Justorum
1826 3001 2048 3052 animae.
2081 2992 2298 3064 "naria
2317 2992 2435 3047 sint
2462 3008 2697 3046 accensa
2721 2996 2853 3046 ante
2885 2992 3065 3047 altare
3084 2994 3295 3063 majus,
3308 2997 3365 3046 et
3380 2996 3677 3063 postunum-

453 3081 916 3154 Responsorium,
968 3085 1211 3155 Vindica,
1254 3087 1502 3140 Domine.
1536 3086 1919 3156 Evangelium,
1949 3088 2057 3154 Ego
2077 3080 2123 3108 υ
2139 3081 2400 3152 quodque
2419 3080 2489 3135 de
2513 3080 2637 3135 aliis
2663 3096 2863 3135 unum.
2880 3080 3232 3152 Antiphona,
3247 3082 3313 3136 In
3325 3082 3532 3135 consilio
3537 3082 3679 3148 justo-

455 3187 583 3226 sum
619 3175 765 3226 vitis.
808 3172 1190 3240 Oti'ertorium,
1240 3176 1615 3229 Exsultabunt
1655 3179 1852 3230 sancti.
1888 3176 2058 3229 Com-
2138 3185 2290 3224 rum.
2338 3170 2406 3224 Et
2445 3170 2568 3224 aliae
2593 3186 2716 3240 quas
2744 3175 3078 3240 sequuntur.
3119 3170 3456 3242 Capitulum,
3483 3169 3592 3223 Ecce
3614 3180 3684 3234 ego

455 3259 671 3327 munio,
708 3263 996 3317 Justcrum
1017 3265 1242 3317 animm.
1266 3264 1331 3317 In
1360 3262 1483 3333 ipso
1503 3262 1595 3317 die
1620 3279 1733 3317 non
1760 3264 2058 3318 comedant
2136 3261 2394 3314 Joannes.
2428 3258 2893 3330 Responsorium,
2946 3260 3192 3313 Laudem
3242 3260 3417 3314 dicite.
3454 3258 3683 3329 Hymnus.

457 3347 704 3419 adipem,
745 3353 804 3403 et
836 3350 985 3421 quod
1005 3351 1343 3405 remanserit
1363 3350 1421 3405 in
1443 3351 1758 3417 refectorio,
1779 3351 2058 3423 accipiant
2140 3349 2695 3412 6hriste,sanctorum
2716 3349 3027 3417 redemptor
3045 3347 3506 3403 omnium.Etduo
3523 3345 3685 3400 fratres

456 3452 750 3508 pauperes.
796 3439 1000 3493 Custos
1037 3439 1285 3494 ecclesiae
1313 3440 1642 3511 priusquam
1672 3446 1907 3495 sonetur
1932 3458 2057 3495 ves-
2138 3437 2325 3491 induti
2345 3437 2459 3491 sint
2474 3437 2667 3509 cappis
2687 3437 2757 3491 ad
2780 3436 3072 3492 incensum
3093 3437 3475 3493 deferendum.
3496 3435 3681 3497 Versus,

460 3541 618 3598 pera,
636 3532 867 3581 coornet
891 3527 1093 3582 altaria
1128 3528 1339 3594 sericis,
1361 3533 1420 3583 et
1437 3544 1605 3600 super
1628 3529 1839 3584 formas
1869 3531 2060 3585 mittat
2139 3528 2431 3580 Latamini
2442 3529 2505 3580 in
2518 3528 2768 3584 Domino.
2795 3525 3120 3597 Antiphona
3166 3527 3239 3582 ad
3254 3527 3578 3595 Magni/teat:
3593 3522 3687 3578 Sal-

462 3614 694 3684 tapetia.
721 3615 808 3669 Ad
838 3617 1094 3688 synaxim
1123 3606 1365 3688 vesperae
1389 3618 1771 3674 accendantur
1810 3620 2058 3692 quinque
2139 3620 2297 3669 valor
2316 3616 2535 3677 mundi,
2550 3620 2706 3670 salva
2726 3632 2840 3670 nos.
2860 3616 3124 3685 Alleluia,
3172 3617 3215 3672 0
3245 3632 3411 3687 quam
3435 3616 3687 3683 gloriosum

461 3703 706 3757 lucernae
729 3709 862 3759 ante
889 3705 1086 3761 altare.
1122 3707 1462 3779 Capitulum,
1491 3710 1618 3762 Jam
1650 3725 1763 3763 non
1791 3712 1918 3763 estis
1961 3711 2059 3765 ho-
2141 3709 2215 3759 est
2248 3720 2502 3772 regnum.
2536 3705 2607 3760 Et
2630 3705 2781 3759 trina
2804 3705 2920 3760 vice
2949 3711 3232 3777 repetant.
3265 3702 3689 3777 Capitulum,P03t

463 3795 645 3860 spites.
675 3792 890 3860 Oratio,
921 3796 1172 3850 Concede.
1206 3796 1597 3852 Invitatorium
1626 3797 1737 3852 duo
1760 3798 1820 3852 in
1848 3799 2057 3870 cappis.
2140 3798 2374 3862 partum
2396 3797 2569 3862 uirgo,
2604 3798 2663 3848 et
2688 3793 2813 3849 alia;
2829 3811 2952 3865 qum
2976 3795 3162 3849 solent
3180 3795 3365 3850 dicere
3390 3794 3457 3849 de
3480 3788 3691 3848 omnibus

463 3879 758 3936 Lectiones
804 3887 927 3937 octo
972 3884 1043 3939 de
1099 3885 1331 3940 homilia
1376 3886 1554 3940 sancti
1596 3886 1916 3957 Augustini.
1962 3889 2068 3942 Me-
2149 3883 2374 3938 sanctis.
2413 3884 2670 3948 Oremus,
2728 3885 3077 3952 Omnipotens
3116 3887 3442 3954 sempiterne
3484 3884 3615 3943 Deus,
3649 3880 3692 3929 et

475 3976 711 4025 mentote
750 3976 1020 4027 sermonis
1066 3977 1191 4028 mei.
1237 3975 1374 4029 Tres
1424 3974 1673 4029 candela:
1712 3981 1844 4030 ante
1887 3991 2064 4041 aram,
2152 3978 2287 4027 tunc
2313 3977 2571 4044 repetant
2599 3973 2966 4044 antiphonam
3011 3973 3081 4027 de
3118 3973 3330 4028 sanctis
3368 3988 3490 4027 cum
3522 3967 3690 4025 Gloria.

465 4063 620 4113 retro
649 4076 783 4118 una.
816 4058 1079 4117 Introitio
1117 4062 1351 4117 homilia
1395 4063 1574 4117 sancti
1601 4064 1858 4134 Gregorii
1883 4080 2060 4136 papas,
2147 4061 2342 4116 Oratio
2370 4061 2439 4115 de
2469 4061 2590 4132 ipso
2608 4060 2792 4126 beato,
2807 4070 2866 4115 et
2880 4061 3241 4132 postmodum
3260 4062 3328 4116 de
3350 4065 3533 4115 sancta
3561 4068 3690 4111 cruce

465 4148 783 4215 Designavit
804 4151 1091 4214 Dominus,
1126 4155 1183 4204 et
1209 4156 1524 4221 augeantur
1548 4152 1659 4207 duo
1688 4152 1906 4207 lumina
1932 4159 2064 4207 ante
2146 4149 2268 4203 sine
2299 4148 2508 4215 Gloria,
2548 4153 2608 4202 et
2634 4148 2813 4202 oratio
2842 4148 3115 4217 ejusdem.
3150 4150 3289 4204 Post
3317 4150 3427 4203 haec
3452 4147 3496 4201 si
3525 4140 3691 4214 aliquis

468 4236 667 4291 altare.
686 4238 1068 4311 Antiphonam
1098 4244 1277 4310 atque
1292 4246 1536 4295 tractum
1558 4241 1628 4295 de
1648 4241 1916 4313 apostolis
1936 4258 2064 4296 can-
2146 4237 2397 4310 psalmus
2418 4237 2717 4308 impositus
2746 4242 2832 4291 est
2874 4254 2975 4309 pro
3002 4237 3141 4292 vivis
3168 4237 3257 4292 vel
3286 4235 3565 4299 defunctis,
3590 4239 3695 4285 tunc

465 4330 612 4393 teut,
640 4331 698 4381 et
723 4333 1040 4398 augeantur
1082 4328 1194 4383 duo
1218 4328 1553 4384 candelabra
1604 4336 1735 4385 ante
1777 4347 1936 4385 aram
1962 4351 1975 4399 ;
2008 4336 2131 4427 etD
2148 4326 2336 4427 dicant
2354 4332 2411 4381 et
2438 4327 2658 4427 finiant.
2689 4326 2775 4380 Ad
2803 4333 3108 4427 nocturnos
3149 4327 3473 4427 priusquam
3503 4324 3696 4377 sanetur

471 4420 755 4487 quartum,
780 4423 838 4471 et
859 4423 1136 4483 octavum,
1159 4424 1327 4490 atque
1355 4419 1649 4474 duodecim
1669 4420 1781 4475 duo
1800 4421 1992 4476 dicant
2010 4427 2068 4476 et
2083 4415 2127 4427 ”
2150 4416 2354 4487 squilla
2381 4416 2760 4471 accendantur
2771 4431 2965 4470 omnes
2991 4415 3300 4487 lampades,
3323 4422 3380 4471 et
3399 4418 3517 4487 post
3534 4424 3698 4466 unum-

470 4504 661 4575 ipsum
680 4504 1004 4560 duodenum
1035 4513 1159 4577 post
1182 4507 1374 4563 Gloria
1403 4525 1438 4563 a
1464 4509 1646 4580 capite
1674 4510 2062 4580 recapitulent.
2151 4505 2412 4577 quodque
2440 4505 2620 4559 altare
2655 4506 2731 4559 sit
2765 4520 2881 4559 una
2913 4522 2925 4557 :
2955 4509 3013 4559 et
3039 4521 3168 4559 mox
3219 4511 3284 4560 ut
3316 4503 3575 4559 canticum
3597 4512 3699 4569 gra-

470 4592 559 4646 Ad
588 4593 820 4647 missam
859 4594 974 4649 sint
1014 4611 1208 4651 omnes
1236 4598 1554 4652 sacerdotes
1582 4604 1640 4652 et
1676 4598 1855 4654 levita
1884 4599 2069 4653 induti
2151 4593 2326 4649 duum
2355 4592 2525 4647 fuerit
2551 4599 2861 4664 peractum,
2885 4600 2999 4648 tres
3018 4595 3281 4649 candelas
3300 4599 3428 4649 ante
3445 4606 3587 4646 aram
3599 4602 3700 4642 ma-

473 4680 666 4752 cappis
697 4698 710 4734 :
741 4686 800 4736 et
826 4688 949 4737 octo
997 4684 1299 4740 luminaria
1342 4686 1740 4741 accendantur.
1784 4687 2066 4755 Ofﬁcium,
2145 4684 2327 4755 jorem
2359 4684 2669 4753 imponant.
2699 4683 2784 4737 Ad
2803 4682 3188 4738 invitatorium
3210 4689 3448 4755 quatuor
3468 4674 3700 4734 fratresin

472 4770 958 4826 Ezeclamaverunt.
1004 4773 1263 4841 Oremus,
1301 4776 1440 4830 Deus
1488 4779 1588 4845 qui
1632 4780 1887 4845 apostolis
1934 4780 2065 4832 tuis.
2151 4772 2360 4844 cappis.
2397 4772 2673 4843 Hymnus,
2715 4774 2870 4827 Iesus
2917 4778 3129 4827 auctor.
3171 4773 3459 4828 Lectiones
3500 4772 3608 4823 octo
3646 4763 3701 4817 de

473 4858 745 4930 Epistola,
773 4860 1014 4917 Stabunt
1029 4866 1194 4932 justi.
1229 4864 1685 4935 Responsorium,
1703 4867 1887 4921 Nimis
1906 4867 2071 4921 hono-
2151 4878 2410 4917 sermone
2435 4861 2615 4916 sancti
2648 4861 2919 4915 Bonifacii
2954 4878 3131 4933 papas,
3156 4864 3403 4930 Legimus
3422 4863 3480 4914 in
3498 4856 3704 4913 ecclesia-

473 4951 607 5003 rati.
636 4949 898 5018 Alleluia,
939 4952 1114 5006 Venite
1141 4954 1216 5006 ad
1243 4969 1327 5008 me
1355 4970 1559 5009 omnes.
1576 4954 2073 5026 Evangelium,De-
2150 4951 2302 5006 sticis
2333 4949 2991 5021 historiis.Responsoria
3015 4950 3126 5006 duo
3146 4957 3204 5007 et
3221 4951 3333 5007 duo
3359 4944 3699 5022 pronuntient.

472 5040 717 5107 signavit
745 5040 1033 5095 Dominus.
1062 5040 1445 5106 Otfertorium,
1476 5044 1542 5097 In
1571 5060 1789 5098 omnem
1836 5049 2068 5099 terram.
2152 5041 2712 5111 Perunumquodque
2732 5047 3068 5095 nocturnum
3085 5041 3160 5095 sit
3179 5040 3434 5096 sacerdos
3453 5038 3506 5093 in
3520 5032 3698 5104 cappisa

473 5127 740 5194 Collecta,
777 5130 866 5183 Vos
884 5131 985 5197 qui
1000 5133 1172 5183 secuti
1193 5134 1318 5184 estis
1334 5148 1438 5186 me.
1464 5132 1529 5188 In
1552 5133 1846 5188 refectorio
1867 5132 2071 5189 tabula;
2154 5129 2249 5202 qui
2268 5130 2522 5184 incenset
2543 5129 2722 5184 altare
2742 5131 2926 5200 majus
2955 5118 3366 5195 tantummodo,
3390 5132 3445 5183 et
3458 5126 3638 5181 fratres
3654 5119 3700 5173 in

471 5216 886 5289 cooperiantur,
918 5223 976 5272 et
1003 5219 1275 5289 optimam
1312 5220 1671 5277 refectionem
1717 5222 1984 5286 habeant,
2014 5227 2073 5279 et
2152 5219 2341 5275 choro.
2385 5219 2472 5273 Ad
2518 5219 2796 5273 canticum
2829 5219 3159 5290 antipbona,
3192 5220 3437 5275 Gaudent
3482 5219 3539 5268 in
3562 5212 3697 5267 catis.

472 5306 546 5361 ad
574 5322 862 5378 vesperam
892 5307 1140 5379 quinque
1167 5309 1456 5381 lampades
1483 5311 1880 5367 accendantur.
1905 5311 2069 5368 Anti-
2150 5309 2431 5376 Psalmus,
2481 5309 2571 5362 Vos
2613 5310 2793 5362 sancti
2824 5308 3071 5362 Domini.
3102 5307 3329 5372 Versus,
3374 5298 3699 5359 Exsultabunt

470 5394 677 5466 phonm
694 5396 984 5468 etpsalmi,
1008 5397 1174 5452 sicuti
1202 5399 1261 5454 in
1289 5400 1673 5470 apostolorum
1700 5400 1927 5456 solitum
1959 5406 2064 5468 est,
2148 5401 2346 5453 sancti.
2377 5399 2588 5452 Novem
2618 5397 2861 5452 candelae
2875 5402 3189 5468 augeantur
3214 5401 3345 5450 ante
3362 5408 3527 5448 aram.
3552 5389 3698 5443 Evan—

472 5481 756 5539 dicantur:
783 5484 1057 5551 videlicet,
1087 5487 1307 5556 Virgam
1326 5490 1570 5550 virtutis,
1598 5489 1840 5545 Collocet.
1864 5490 2070 5546 Euntes
2149 5489 2362 5560 gelium
2404 5486 2790 5559 pronuntient.
2845 5488 3033 5541 Videns
3074 5488 3260 5541 turbas
3295 5486 3462 5539 Jesus.
3491 5472 3698 5534 Homilia

472 5571 649 5629 ibant.
680 5573 1032 5643 Gcnfartatus
1054 5580 1130 5631 est
1160 5592 1178 5639 ;
1209 5581 1268 5632 et
1287 5576 1401 5634 alia
1417 5570 1515 5632 his
1542 5576 1771 5637 similia.
2154 5576 2336 5632 sancti
2352 5576 2555 5633 Leonis
2567 5592 2746 5649 papae,
2767 5576 3101 5632 Pradicante
3113 5572 3465 5631 dilectissimi.
3484 5568 3697 5636 Respon-
