3886 6172
201 308 334 365 1241

1399 309 1819 367 DISCIPLINA
1853 307 2272 367 FARFENSIS.

3346 304 3483 383 1242

202 432 412 491 serium
432 433 824 489 duodecimum
850 438 979 506 post
996 435 1188 491 Gloria
1214 450 1250 489 a
1278 434 1465 507 capite
1501 435 1792 507 incipiant.
1811 435 1986 498 Ahus
2015 435 2222 490 exactis
2251 437 2385 488 eant
2402 406 2459 488 in
2486 432 2660 488 alium
2688 432 2922 487 chorum
2945 436 3003 487 et
3029 432 3222 488 dicant
3248 432 3482 487 matuti—

204 525 266 581 In
295 523 748 591 matutinalibus,
770 524 1096 596 antiphona,
1117 524 1234 578 Vidi
1253 526 1475 579 turbam
1497 542 1762 594 magnam
1776 570 1788 582 .

201 614 282 669 Ad
310 614 558 670 Alleluia
579 619 840 686 quatuor.
869 614 1126 668 Lectio...
1159 613 1620 685 Responsorium,
1649 616 1799 668 Justi

201 708 385 756 autem
415 706 479 757 in
503 708 833 772 perpetuum
852 706 1052 758 vivent.
1085 703 1313 771 Versus,
1344 708 1393 757 et
1420 706 1575 772 apud
1602 705 1797 758 Domi-

202 808 365 848 num.
396 792 676 863 Hymnus,
707 792 916 847 Christe
936 793 1245 861 redemptor
1271 796 1547 848 omnium.
1567 792 1796 860 Versus,

203 882 508 936 Latamini.
538 881 863 952 Antiphona
910 882 971 935 in
1013 881 1388 953 evangelium,
1428 884 1495 936 Te
1527 885 1801 951 gloriosus

203 970 607 1038 Apostolorum,
639 977 698 1025 et
724 977 814 1027 ter
841 976 1122 1043 repetant.
1152 972 1410 1037 Oremus,
1440 972 1796 1041 Omnipotens

203 1062 530 1127 smnpiterne
547 1061 709 1115 Deus.
739 1059 1061 1131 Antiphona
1081 1060 1150 1114 de
1177 1077 1362 1126 cruce,
1386 1062 1699 1117 Adoramus
1722 1066 1790 1127 tr,

205 1147 445 1211 Christe;
462 1148 631 1205 Salva
658 1150 1012 1215 nos,0hriste,
1038 1150 1197 1206 Servi
1217 1152 1356 1220 facti
1381 1150 1796 1205 sumus.0ratio

204 1237 453 1308 ejusdem
478 1252 491 1287 :
520 1238 658 1293 Post
685 1239 801 1293 hac
829 1239 1020 1293 dicant
1044 1241 1294 1310 quinque
1316 1241 1562 1310 psalmos
1577 1256 1676 1311 pro
1698 1240 1796 1294 de-

202 1327 424 1383 functis.
459 1328 607 1383 Ante
633 1328 872 1400 primam
904 1335 1116 1400 ponant
1161 1330 1362 1384 calices
1391 1346 1593 1384 aureos
1624 1346 1795 1400 super

205 1416 664 1473 defunctis.Ante
683 1418 922 1489 primam
946 1423 1161 1489 ponant
1171 1419 1370 1473 calices
1393 1435 1593 1474 aureos
1625 1435 1795 1490 super

203 1505 376 1560 altare
405 1511 466 1559 et
487 1505 601 1560 alia
620 1510 953 1561 ornamenta
978 1523 1102 1578 qua
1129 1507 1199 1561 de
1218 1507 1624 1562 consuetudine
1637 1512 1795 1562 sunt.

264 1595 330 1650 In
376 1594 534 1649 horis
564 1594 809 1650 candela
842 1595 1250 1651 illuminentur.
1283 1596 1670 1668 Antiphonam
1699 1596 1791 1651 di-

202 1688 325 1738 cant
344 1699 475 1754 qua
486 1674 556 1738 de
574 1684 671 1738 illo
691 1700 865 1755 supra
885 1685 1064 1755 [supp.
1106 1683 1284 1758 dicto]
1299 1686 1613 1757 {Evangelio
1644 1692 1794 1743 sunt.

204 1772 426 1828 Missam
452 1773 847 1828 matutinalem
867 1778 1040 1845 agant
1059 1774 1332 1830 desancto
1358 1776 1631 1831 Casareo.
1649 1778 1796 1833 Ante

1880 539 1983 576 nas
2026 523 2278 578 omnium
2323 529 2668 591 sanctorum,
2720 527 2777 577 et
2826 539 2922 577 sex
2967 521 3214 594 psalmos
3252 537 3353 592 pro
3389 521 3482 576 de-

1878 610 2106 666 functis.

1947 701 2033 756 Ad
2054 700 2283 755 missam
2324 699 2718 754 matutinalem
2753 699 3133 755 accendantur
3180 700 3477 755 duodecim

1882 789 2128 844 candela
2157 794 2290 843 ante
2319 804 2477 842 aram
2511 806 2523 841 :
2557 804 2703 842 unus
2734 804 2876 859 puer
2920 788 2995 842 sit
3039 789 3098 843 in
3146 789 3314 844 choro
3351 806 3480 844 cum

1881 895 2077 951 cappa,
2105 882 2163 933 et
2191 877 2336 932 alius
2378 877 2437 931 in
2468 877 2658 931 casula
2687 877 2783 947 qui
2813 876 3105 948 epistolam
3134 878 3400 949 proferat,
3426 882 3485 933 et

1882 967 1994 1022 duo
2024 966 2117 1021 alii
2147 967 2206 1021 in
2237 966 2398 1032 albis,
2435 982 2470 1019 a
2500 965 2701 1037 quibus
2739 967 3158 1037 responsorium
3190 972 3480 1024 cantetur:

1880 1062 1937 1111 et
1965 1056 2075 1110 duo
2109 1058 2311 1110 fratres
2342 1060 2586 1109 tractum
2615 1056 2686 1108 Dc
2710 1055 3314 1123 profundis.Similiter
3340 1055 3481 1110 albis

1880 1146 2066 1200 induti
2091 1148 2204 1200 sint
2230 1152 2285 1200 et
2313 1152 2428 1200 tres
2469 1145 2741 1211 conversi,
2789 1161 3028 1216 quorum
3078 1145 3188 1200 duo
3227 1146 3484 1200 deferant

1881 1235 2235 1299 candelabra,
2260 1235 2461 1289 tertius
2480 1233 2850 1293 thuribulum,
2884 1239 2942 1288 et
2969 1241 3103 1288 tunc
3132 1236 3381 1289 omnium
3411 1235 3484 1288 si-

1878 1340 1991 1394 gna
2034 1325 2346 1395 pulsentur.
2401 1323 2727 1380 Otferendas
2768 1340 2962 1377 omnes
3006 1324 3234 1390 faciant,
3276 1330 3333 1378 et
3376 1325 3480 1378 has

1887 1412 2168 1467 orationes
2197 1413 2348 1467 dicat
2391 1412 2668 1478 sacerdos,
2702 1414 2974 1467 Fidelium
3013 1415 3155 1468 Deus
3201 1416 3493 1478 omnium,

1893 1501 2206 1573 adjungens
2223 1518 2326 1573 pro
2346 1501 2748 1568 anniversario,
2781 1502 2985 1555 Prasta
3015 1518 3345 1569 quaesumus,
3376 1503 3483 1555 Do-

1881 1595 2051 1646 mine.
2084 1591 2294 1646 Omnes
2322 1589 2566 1661 denique
2604 1589 2922 1644 sacerdotes
2950 1589 3072 1661 ipso
3103 1589 3195 1643 die
3219 1588 3484 1660 privatim

1884 1680 2083 1735 missas
2113 1679 2398 1735 celebrent
2427 1696 2527 1751 pro
2566 1678 2759 1750 requie
2788 1678 3042 1733 omnium
3070 1677 3388 1732 animarum
3412 1678 3481 1731 fi-

1884 1768 2095 1824 delium
2118 1768 2512 1824 tantummodo
2544 1784 2670 1821 cum
2702 1783 2875 1838 supra
2903 1767 3066 1821 dictis
3095 1766 3341 1821 collectis
3380 1781 3481 1837 pro

205 1861 429 1916 tertiam
450 1860 567 1916 sint
586 1877 780 1917 omnes
799 1861 859 1917 in
872 1861 1014 1917 albis
1047 1881 1059 1917 :
1101 1868 1159 1918 et
1183 1879 1311 1918 mox
1347 1869 1412 1918 ut
1438 1864 1588 1919 dicta
1622 1866 1796 1921 fuerit
1818 1877 1866 1937 B
1884 1857 2178 1913 defunctis.
2211 1858 2485 1914 Similiter
2511 1858 2772 1912 dicantur
2797 1856 2870 1910 ad
2899 1872 3188 1927 vesperum
3205 1855 3327 1909 sine
3355 1871 3482 1909 ma-

203 1951 334 2005 hora
364 1950 611 2005 induant
635 1967 697 2006 se
725 1951 914 2023 cappis
941 1968 1157 2019 omnes,
1188 1952 1359 2007 etiam
1390 1954 1660 2020 conversi,
1709 1955 1797 2010 in.

202 2039 382 2095 iantes
411 2039 636 2109 tunicis.
688 2040 870 2112 Super
910 2041 1090 2096 altare
1136 2042 1368 2097 mittant
1405 2042 1516 2098 duo
1545 2044 1715 2115 pallia
1743 2051 1798 2101 et

205 2131 393 2186 album
436 2131 701 2203 desuper.
750 2132 1056 2187 Duodecim
1084 2132 1232 2188 cerei
1263 2138 1393 2188 ante
1431 2149 1611 2202 aram,
1643 2140 1794 2190 retro

206 2224 421 2279 decem.
454 2223 738 2291 Ofﬁcium,
787 2224 1154 2292 Gaudeamus,
1186 2238 1311 2280 octo
1359 2226 1563 2282 fratres
1592 2245 1795 2299 procu-

200 2318 345 2368 rent.
380 2312 653 2383 Epistola,
687 2313 816 2367 Ecce
836 2329 929 2382 ego
957 2316 1195 2369 Joannes
1226 2317 1344 2369 vidi
1370 2318 1613 2370 alterum
1634 2333 1799 2385 ange-

206 2405 342 2458 lum.
400 2401 865 2473 Responsorium,
917 2404 1113 2457 Timete
1150 2405 1453 2459 Dominum
1493 2421 1528 2459 a
1556 2412 1798 2477 quatuor

201 2489 467 2545 fratribus
481 2490 812 2545 decantetur
834 2508 846 2543 :
878 2492 1120 2546 Alleluia
1136 2509 1251 2557 sex,
1265 2491 1375 2547 Vox
1392 2496 1792 2549 easultalionis.

201 2579 586 2651 Evangelium,
620 2580 810 2633 Videns
829 2582 1020 2635 turbas
1033 2583 1203 2636 Jesus.
1231 2581 1609 2648 Oﬂ'ertorium,
1626 2585 1798 2639 Mira-

148 2668 153 2671 ’
205 2670 327 2723 bilis
348 2671 494 2723 Deus
514 2673 577 2723 in
594 2674 802 2723 sanctis
842 2672 978 2723 suis.
1017 2670 1316 2726 Olfertoria
1341 2672 1452 2727 duo
1497 2673 1791 2745 accipiant.

203 2758 963 2828 Communio,Gaudete,justi
979 2762 1043 2813 in
1062 2760 1531 2825 Domino,aut1sti
1540 2768 1669 2817 sunt
1686 2767 1800 2819 viri

202 2849 403 2903 sancti.
431 2847 662 2918 Expleta
680 2846 851 2902 missa
867 2853 1072 2903 sonent
1090 2849 1281 2903 omnia
1293 2849 1546 2921 signa.In
1567 2851 1798 2907 refecto-

203 2935 287 2990 rio
319 2936 469 2990 sicut
488 2937 548 2990 in
570 2935 866 3008 pracipuis
892 2937 1050 2992 festis
1078 2939 1161 2993 ita
1186 2944 1377 3010 agant,
1418 2945 1794 3012 praterquam

203 3025 352 3096 quod
398 3026 573 3079 semel
602 3025 890 3081 miscetur.
946 3026 1033 3081 Ad
1081 3044 1370 3100 vesperam
1419 3030 1797 3085 accendantur

200 3113 497 3169 duodecim
537 3114 781 3169 candela
821 3121 953 3170 ante
998 3131 1178 3185 aram,
1208 3122 1361 3172 retro
1387 3117 1599 3173 decem.
1633 3118 1798 3173 Anti-

1881 1947 2066 2002 tutino
2088 1947 2223 2019 ipsa
2252 1947 2518 2011 collecta,
2555 1951 2613 2000 et
2638 1944 2930 2000 duodecim
2954 1943 3294 2016 pauperibus
3331 1942 3480 1998 refe-

1883 2036 2099 2091 ctiones
2142 2041 2534 2108 praparentur
2575 2034 2798 2089 abunde
2844 2034 2967 2105 ipsa
3005 2034 3115 2088 die.
3159 2033 3219 2088 Si
3265 2033 3325 2087 in
3387 2032 3478 2087 die

1881 2124 2081 2180 feriato
2111 2126 2362 2180 evenerit
2406 2125 2524 2179 hac
2570 2123 2916 2188 constitutio,
2950 2122 3196 2193 vigiliam
3226 2126 3483 2175 mortuo-

1877 2230 2003 2268 rum
2027 2213 2240 2269 faciant
2276 2218 2406 2286 post
2432 2212 2765 2268 nocturnale
2804 2211 3155 2281 obsequium.
3189 2210 3261 2264 Et
3286 2214 3352 2263 ut
3377 2208 3485 2262 hoc

1881 2303 2171 2358 decretum
2202 2307 2536 2374 perpetuum
2566 2300 2813 2371 vigorem
2843 2299 3115 2363 obtineat,
3146 2298 3408 2353 volumus
3427 2301 3486 2351 et

1879 2392 2145 2463 petimus,
2180 2396 2236 2446 et
2278 2391 2637 2463 praecipimus
2665 2395 2782 2444 tam
2821 2388 2879 2443 in
2914 2389 3019 2443 hoc
3054 2389 3176 2442 loco
3221 2402 3392 2458 quam
3423 2384 3484 2439 in

1878 2481 2094 2535 cunctis
2116 2480 2271 2546 locis,
2306 2480 2375 2535 ad
2405 2480 2576 2534 istum
2604 2479 2785 2533 locum
2808 2476 3243 2549 pertinentibus,
3274 2480 3338 2530 ut
3367 2490 3483 2529 ser-

1877 2575 2039 2625 vetur
2087 2587 2099 2623 :
2146 2575 2204 2624 et
2242 2569 2290 2623 si
2335 2568 2538 2640 aliquis
2574 2568 2680 2621 ista
2726 2573 2923 2621 nostra
2964 2566 3116 2620 ﬁdeli
3159 2563 3484 2619 inventione

1878 2659 2182 2729 sumpserit
2220 2658 2555 2729 exemplum,
2597 2656 2878 2728 particeps
2908 2655 3160 2710 omnium
3205 2654 3484 2709 bonorum

1882 2747 2156 2803 efﬁciatur
2177 2750 2437 2803 votorum
2473 2745 2604 2813 (39).

2410 2869 2656 2926 CAPUT
2692 2867 2943 2925 XXXIX.

2336 2995 2620 3038 KALENDE
2656 2995 2852 3038 NOVEM
2859 2995 3003 3037 BRIS.

2055 3090 2188 3143 Istos
2208 3088 2525 3143 Novembris
2555 3103 2730 3142 mores
2756 3092 2966 3141 servate
2993 3087 3274 3142 Kalendis.

203 3204 411 3274 phona,
446 3207 515 3259 In
555 3206 785 3258 consilio
824 3208 1135 3274 justorum.
1183 3206 1445 3262 Alleluia.
1489 3207 1799 3280 Responso-
1818 3236 1863 3297 α
1951 3204 2218 3259 Kalenda
2242 3203 2572 3259 Novembris
2594 3204 2641 3259 si
2673 3204 2762 3258 die
2786 3203 3077 3258 Dominica
3102 3201 3379 3266 venerint,
3402 3199 3482 3255 fe-

200 3292 369 3369 rium,
407 3294 695 3348 Letamini
740 3296 802 3347 in
844 3295 1100 3350 Domino.
1134 3295 1409 3367 Hymnus,
1463 3297 1670 3352 Christe
1711 3314 1801 3352 re-

201 3380 473 3452 demptor.
504 3382 886 3454 Antiphonam
907 3388 1071 3439 terna
1090 3385 1205 3439 vice
1234 3391 1511 3457 repetant.
1539 3386 1798 3456 Oremus,

204 3471 560 3541 Omnipotens
582 3475 909 3541 sempiterna
933 3475 1093 3529 Deus.
1121 3474 1504 3546 Antiphonam
1520 3476 1589 3530 de
1608 3482 1801 3532 sancto

202 3576 332 3615 cum
364 3561 573 3627 Gloria,
605 3566 707 3617 aut
741 3562 1051 3634 antipbona
1093 3563 1163 3618 de
1210 3580 1374 3619 cruce
1414 3565 1535 3619 sine
1572 3566 1796 3631 Gloria;

194 3655 427 3719 propter
453 3653 672 3720 lignum
699 3655 844 3706 servi
869 3653 1007 3719 facti
1043 3670 1254 3708 sumus.
1276 3654 1471 3709 Oratio
1500 3656 1746 3726 ejusdem
1781 3674 1794 3711 :

199 3745 401 3811 postea
426 3740 628 3812 psalmi
656 3757 757 3813 pro
784 3741 1092 3809 defunctis;
1118 3748 1175 3797 et
1201 3747 1338 3798 tunc
1356 3745 1581 3815 pulsent
1607 3746 1802 3801 omnia

200 3830 385 3902 signa.
420 3830 692 3884 Dicantur
706 3846 952 3902 vespera
999 3836 1350 3886 mortuorum
1388 3849 1514 3887 cum
1546 3834 1802 3906 antipho-

201 3919 289 3973 nis
325 3938 340 3974 :
391 3935 525 3973 nam
574 3923 633 3973 et
658 3917 716 3972 in
746 3919 851 3973 hoc
876 3919 966 3973 die
994 3919 1313 3976 festivitatis
1338 3927 1465 3993 post
1492 3923 1801 3994 capitulum

201 4007 454 4064 decanus
468 4013 527 4062 et
544 4008 868 4064 cellerarius
886 4008 1247 4065 refectionem
1266 4010 1521 4067 tribuant
1544 4012 1802 4067 omnibus

201 4096 733 4169 supervenientibus
782 4097 1143 4168 pauperibus,
1177 4098 1323 4153 sicut
1361 4116 1484 4154 mos
1520 4105 1608 4154 est
1634 4116 1802 4171 agere

202 4184 261 4240 in
276 4201 445 4239 caena
466 4184 690 4239 Domini
714 4203 726 4253 ;
761 4190 818 4239 et
843 4185 1116 4257 quidquid
1142 4186 1264 4258 ipsa
1293 4186 1383 4241 die
1404 4192 1531 4258 post
1547 4189 1801 4260 synaxim

199 4291 451 4347 vespera
480 4274 551 4328 de
570 4273 875 4329 refectione
906 4275 966 4329 in
989 4292 1149 4330 cana
1192 4276 1434 4331 fratrum
1462 4278 1806 4333 remanserit

201 4362 689 4434 eleemosynarius
716 4362 969 4434 accipiat.

274 4451 663 4507 Constitutum
720 4457 806 4506 est
852 4468 968 4506 una
1014 4469 1140 4507 cum
1180 4469 1456 4509 consensu
1492 4459 1552 4509 et
1600 4459 1802 4525 rogatu

1882 3293 2098 3348 stivitas
2138 3292 2405 3348 Omnium
2454 3294 2786 3348 Sanctorum
2842 3292 3177 3347 celebratur.
3227 3289 3480 3360 Reliquis

1885 3387 2079 3437 autem
2108 3382 2477 3437 hebdomadis
2507 3382 2740 3453 privatis
2778 3381 2978 3436 diebus
3014 3380 3248 3451 triginta
3278 3377 3483 3451 psalmi

1883 3478 2016 3526 ante
2045 3476 2350 3525 nocturnos
2379 3470 2639 3525 dicantur
2672 3484 2684 3519 :
2724 3470 2993 3524 lectiones
3034 3470 3214 3539 longa
3252 3484 3318 3523 ex
3345 3468 3483 3522 Eze-

1882 3559 2076 3615 chielis
2102 3559 2401 3632 prophetia
2429 3560 2689 3629 legantur
2721 3576 2732 3612 :
2784 3558 2842 3612 in
2872 3558 3070 3630 primis
3104 3555 3480 3628 responsoria,

1894 3650 2012 3703 Vidi
2033 3650 2335 3703 Dominum
2360 3650 2651 3712 sedentem,
2682 3647 2886 3702 deinde
2915 3646 3131 3702 Daniel.
3172 3643 3274 3714 (40;
3304 3644 3389 3699 Ad
3412 3643 3483 3698 ﬁ-

1883 3753 2011 3792 nem
2032 3737 2312 3801 lectionis,
2351 3738 2430 3791 Tu
2457 3742 2643 3790 autem
2669 3738 2899 3791 Domine
2928 3736 3144 3793 dicant.
3170 3733 3483 3789 Duodecim

1885 3826 2195 3897 prophetia
2235 3842 2362 3880 cum
2412 3825 2699 3896 leguntur,
2732 3827 2854 3880 Hac
2903 3828 3038 3879 dicit
3079 3826 3350 3879 Dominus
3394 3822 3484 3877 di-

1883 3920 2031 3979 cant,
2071 3919 2129 3968 et
2173 3915 2221 3968 si
2267 3914 2390 3985 ipsa
2426 3913 2726 3985 prophetia
2773 3913 2830 3967 in
2877 3913 3119 3967 lectione
3160 3911 3390 3978 finierit,
3424 3912 3484 3965 in

1884 4002 2258 4075 qualicunque
2306 4001 2559 4072 ipsorum
2601 4001 2766 4065 libro,
2810 4001 2985 4055 lector
3037 4001 3114 4065 in,
3168 4001 3249 4052 Tu
3295 4004 3484 4053 autem

1889 4092 2137 4155 Domine,
2177 4089 2417 4162 expleat.
2452 4089 2714 4145 Ofﬁcium
2760 4094 3110 4143 mortuorum
3157 4087 3325 4141 simul
3355 4102 3483 4140 cum

1885 4179 2181 4234 matutinis
2211 4185 2402 4250 agant.
2434 4178 2647 4233 Deinde
2687 4194 2811 4232 cum
2843 4177 3153 4248 antiphona
3175 4174 3403 4229 veniant
3424 4174 3483 4227 in

1884 4269 2060 4323 alium
2089 4268 2345 4333 chorum,
2392 4267 2471 4321 ibi
2517 4266 2828 4321 matutinas
2858 4266 2928 4320 de
2973 4263 3234 4319 omnibus
3273 4262 3484 4318 sanctis

1884 4358 2075 4412 dicant
2100 4363 2157 4411 et
2184 4356 2451 4429 psalmos,
2504 4358 2647 4411 Deus
2675 4357 2911 4410 auribus
2950 4357 3154 4408 nostris
3175 4370 3192 4417 ;
3226 4357 3282 4406 et
3311 4353 3357 4406 si
3384 4350 3483 4405 de-

1883 4447 2139 4502 functum
2164 4445 2482 4511 habuerint,
2519 4446 2681 4499 Verba
2712 4460 2852 4497 mea.
2894 4444 3097 4497 Postea
3120 4442 3180 4496 in
3210 4440 3484 4495 dormito—
3536 4498 3543 4499 ί

202 4541 462 4596 omnium
490 4540 894 4596 monachorum
917 4542 1303 4597 Cluniensium
1340 4546 1472 4613 (58),
1495 4550 1561 4598 ut
1581 4515 1725 4599 sicﬁt
1742 4545 1802 4599 in
1821 4515 1868 4578 D
1886 4536 2033 4590 rium
2057 4535 2299 4590 infantes
2328 4533 2620 4589 ambulent
2647 4548 2775 4587 cum
2815 4531 3087 4587 custodia.
3127 4531 3265 4586 Inde
3294 4543 3486 4584 rever-

203 4629 475 4686 Ecclesiis
507 4630 609 4684 Dei
640 4647 763 4701 qua
809 4646 911 4701 per
943 4631 1135 4685 orbem
1168 4637 1336 4686 terra
1374 4633 1539 4701 longe
1579 4633 1803 4704 lateque

202 4725 547 4775 constructa
575 4724 711 4773 sunt
745 4718 804 4773 in
850 4719 942 4773 die
978 4720 1361 4775 Kalendarum
1403 4720 1800 4776 Novembrium

200 4809 401 4880 agitur
426 4808 701 4863 festivitas
747 4809 999 4863 omnium
1039 4815 1382 4873 sanctorum,
1411 4810 1491 4864 ita
1513 4811 1663 4881 apud
1701 4827 1804 4865 nos

200 4905 415 4969 agatur
435 4897 634 4952 festivo
653 4914 811 4953 more
841 4899 1298 4954 commemoratio
1333 4899 1584 4953 fidelium
1613 4899 1809 4954 defun-

200 4993 431 5043 ctorum
454 4987 557 5042 tali
580 4987 749 5042 modo
773 5006 786 5040 :
812 4987 871 5042 in
900 4988 1146 5042 crastino
1183 4987 1407 5042 etiamsi
1450 4987 1573 5041 dies
1611 4987 1807 5042 Domi-

200 5080 341 5134 nica
366 5080 558 5146 fuerit,
604 5080 693 5135 vel
736 5080 807 5135 de
851 5080 1040 5152 aliquo
1072 5087 1266 5136 sancto
1307 5080 1457 5136 unde
1513 5081 1811 5155 duodecim

197 5168 482 5223 lectiones
514 5168 782 5235 fecerint;
804 5168 884 5223 sic
913 5174 1102 5224 tamen
1132 5185 1261 5223 mox
1287 5174 1353 5224 ut
1380 5167 1648 5238 suffragia
1676 5185 1808 5223 san-

196 5263 431 5313 ctorum
474 5258 695 5329 expleta
742 5258 973 5325 fuerint,
1025 5259 1250 5329 pulsent
1301 5258 1491 5312 omnia
1535 5258 1717 5329 signa,
1752 5263 1811 5312 et

199 5353 388 5419 agant
413 5346 660 5402 ofﬁcium
690 5353 1041 5402 mortuorum
1081 5354 1137 5402 et
1179 5347 1487 5402 matutinas
1514 5346 1805 5419 ipsorum;

195 5442 262 5491 et
292 5436 680 5492 accendantur
707 5436 1005 5492 duodecim
1033 5437 1278 5492 candela
1300 5441 1432 5491 ante
1473 5452 1659 5505 aram;
1691 5436 1811 5508 qui-

278 5576 392 5645 138)
419 5580 535 5636 Sub
559 5579 617 5636 S.
655 5579 881 5635 0dilone
910 5581 1364 5637 Cluniacensium
1389 5581 1599 5634 abbate.

277 5649 398 5721 (39)
429 5651 511 5723 Ex,
533 5650 638 5723 hoc
654 5650 901 5723 amplius
919 5655 1141 5723 constat
1158 5651 1488 5723 prapagatio
1504 5651 1651 5723 facta
1661 5665 1810 5723 com-

201 5721 644 5779 memorationis
662 5721 913 5779 ﬁdelium
927 5721 1437 5792 defunctorum,»
1455 5722 1692 5781 Odilone
1716 5721 1807 5780 in-

1883 4629 2087 4691 tentes,
2119 4624 2285 4678 sicuti
2313 4624 2511 4694 regula
2537 4621 2808 4694 pracipit,
2840 4626 3088 4686 cantum,
3119 4618 3487 4692 quemadmo-

1884 4713 2019 4768 dum
2049 4717 2135 4768 est
2163 4712 2566 4778 necessarium,
2591 4710 2651 4764 in
2674 4710 2920 4780 capitulo
2968 4709 3227 4763 sedentes
3246 4708 3481 4763 discant.

1887 4802 2113 4857 Fratres
2138 4801 2198 4856 in
2239 4802 2409 4855 cboro
2443 4800 2679 4854 sedeant
2702 4798 3032 4870 psalmodiis
3060 4804 3117 4853 et
3139 4796 3490 4853 orationibus

1890 4891 2113 4945 intenti.
2139 4890 2199 4944 Si
2218 4890 2306 4944 cui
2336 4888 2603 4944 secretius
2639 4904 2801 4942 orare
2818 4887 3066 4953 libuerit,
3095 4887 3232 4942 foris
3255 4887 3490 4941 chorum

1891 4979 2203 5034 orationem
2235 4977 2425 5039 faciat,
2459 4982 2517 5031 et
2547 4976 2741 5031 statim
2772 4975 3061 5030 reveniens
3105 4975 3164 5028 in
3205 4975 3375 5028 choro
3405 4988 3489 5027 se-

1890 5070 2041 5124 deat.
2077 5068 2136 5123 Si
2158 5083 2288 5122 vero
2310 5066 2432 5120 dies
2461 5064 2835 5120 Kalendarius
2866 5064 3110 5119 secunda
3139 5068 3197 5118 et
3210 5063 3379 5118 tertia
3402 5061 3486 5116 vel

1893 5163 2094 5229 quarta
2115 5156 2255 5210 feria
2274 5154 2513 5221 venerit,
2536 5153 2808 5225 incipiant
2831 5152 3245 5224 responsorium
3274 5150 3344 5203 de
3363 5165 3484 5220 pro-

1891 5246 2076 5317 phetis
2104 5243 2387 5299 anteriore
2406 5243 2499 5297 die
2520 5242 2829 5304 Dominica,
2853 5241 3116 5295 similiter
3135 5245 3192 5293 et
3220 5237 3488 5291 lectiones

1891 5335 1960 5390 de
1988 5334 2289 5407 propheta.
2332 5333 2437 5388 Sed
2462 5333 2659 5402 longas
2679 5336 2792 5385 tres
2810 5329 3078 5383 lectiones
3107 5332 3165 5381 et
3191 5326 3489 5380 intervalla

1890 5441 2004 5480 non
2026 5424 2135 5479 nisi
2163 5428 2292 5495 post
2321 5421 2602 5477 Kalendas
2630 5418 2917 5489 incipiant.
2937 5418 2993 5472 Si
3022 5432 3152 5471 vero
3178 5414 3377 5488 quinta
3401 5415 3490 5471 vel

1887 5576 2117 5640 stituta,
2151 5574 2222 5629 de
2248 5590 2358 5646 quo
2388 5572 2556 5644 paulo
2588 5570 2825 5646 inferius
2847 5569 3122 5646 dicemus.

1962 5647 2071 5718 (40)
2102 5648 2224 5704 Hac
2242 5643 2634 5703 callildemari
2665 5644 2966 5698 traditione
2989 5643 3277 5709 desumpla
3298 5644 3449 5695 sunt.
