3886 6172
489 282 630 345 i243

1541 294 1893 351 GUIDONIB
1929 290 2237 352 A'BBA'HS
2270 293 2685 350 FARFENSIS.

3538 294 3645 360 ιω

488 418 643 487 sexta
672 414 811 468 feria
836 415 1099 487 Kalendae
1123 417 1735 492 superveniunt,aliqua
1756 423 1971 495 privata
1991 421 2080 476 die
2096 425 2147 481 Α
2165 422 2456 476 duodecim
2485 421 2733 475 candelae
2774 424 2907 473 ante
2946 420 3140 475 altare.
3179 420 3405 475 Ofﬁcium
3445 428 3560 489 octo,
3584 443 3650 481 re-

489 508 616 573 post
641 502 924 557 Kalendas
955 504 1250 571 existente,
1287 509 1677 577 psalmodiam,
1708 510 1991 575 lectiones,
2024 516 2082 563 et

488 590 784 663 intervalla
827 594 913 646 vel
963 594 1154 648 omnia
1193 597 1528 667 compleant,
1561 599 1706 652 sicut
1733 605 1855 671 tota
1881 598 2080 671 hyeme

489 681 911 753 consuetudinis
927 689 1013 755 est
1030 685 1295 752 retinere;
1320 691 1373 739 et
1394 687 1686 742 Dominica
1705 684 2081 777 subsequente

485 765 756 846 lectiones
785 778 843 827 et
886 774 1258 845 responsoria,
1289 776 1594 847 secundum
1619 778 1871 853 ordinem
1890 765 2083 848 impo-

489 865 648 913 nant.
684 861 885 917 Custos
906 856 1099 933 autem
1151 864 1394 933 ecdesiae
1438 865 1671 940 sollicite
1708 866 2082 941 providendus

490 950 594 1022 est.
631 952 697 1001 ut
728 950 829 1022 tali
857 954 1113 1023 tempore
1159 953 1465 1009 matutinas
1510 952 1704 1009 laudes
1743 956 1910 1008 faciat
1940 955 2079 1009 inci-

484 1048 619 1117 pere
643 1055 656 1105 ;
690 1043 970 1117 quatenus
991 1042 1299 1114 matutinae,
1320 1042 1520 1114 prima,
1542 1042 1740 1098 litania
1765 1045 1930 1097 simul
1952 1061 2076 1117 cum

486 1110 612 1197 luce
642 1110 1029 1197 perﬁciantur;
1062 1131 1107 1185 si
1133 1110 1531 1207 autem-aliqua
1556 1130 1839 1204 dubietate
1868 1112 2077 1207 deludi;

487 1215 667 1276 tur.e.t
687 1214 900 1286 aliquid
921 1218 1278 1273 tenebrarum
1300 1229 1425 1293 post
1440 1216 1698 1294 litaniam
1722 1223 2075 1292 remanserit,

487 1299 634 1355 sicut
653 1303 711 1357 in
742 1303 1036 1361 intervallo
1066 1325 1238 1381 supra
1265 1301 1474 1363 dictum
1506 1318 1609 1374 est,
1642 1310 1720 1365 ita
1742 1311 1952 1365 faciant
1970 1311 2080 1366 fra-

486 1393 604 1444 tres
641 1410 652 1446 :
683 1392 960 1465 videlicet,
1005 1403 1069 1450 ut
1096 1397 1177 1469 ita
1205 1398 1383 1453 noctis
1424 1404 1678 1471 tempora
1722 1407 2074 1473 peragentes,

487 1480 677 1553 nullus
707 1490 910 1559 praeter
937 1484 1149 1555 debiles
1170 1491 1225 1540 et
1248 1493 1488 1557 aegrotos
1508 1485 1822 1543 revertatur
1847 1484 1914 1543 ad
1938 1496 2079 1544 stra-

484 1573 626 1643 tum.
662 1568 729 1624 In
760 1572 941 1643 prima
961 1575 1073 1628 diei
1099 1576 1221 1629 luce
1251 1578 1585 1632 conveniant
1612 1595 1806 1651 omnes
1834 1580 1892 1632 in
1922 1578 2076 1633 clau—

485 1662 664 1713 strum
696 1654 767 1729 ad
792 1661 1077 1737 lectiones,
1106 1680 1231 1718 cum
1256 1666 1355 1719 tali
1382 1666 1559 1735 (velut
1578 1673 1708 1721 ante
1738 1668 1945 1722 dictum
1969 1672 2072 1739 est)

2162 511 2455 581 sponsoria
2498 517 2757 580 quatuor,
2800 509 3022 563 alleluia
3072 525 3163 561 sex
3214 518 3474 579 procurent
3512 520 3651 583 :post

2163 600 2393 653 missam
2419 603 2619 653 sonent
2650 598 2838 653 omnia
2866 599 3026 668 signa
3058 615 3070 649 :
3104 597 3158 650 in
3180 598 3318 651 boris
3344 606 3443 652 tres
3461 602 3651 655 candela

2164 689 2556 753 accendantur,
2580 688 2585 692 ’
2610 693 2668 742 et
2701 693 2830 758 post
2868 702 3308 756 unamquamque
3340 687 3500 742 dicant
3540 690 3651 743 hunc

2164 792 2385 830 versum
2424 792 2436 826 :
2479 777 2739 837 Martine,
2769 791 2876 844 par
2905 777 3178 843 apostolis,
3208 774 3273 827 ad
3300 776 3445 828 tinem
3486 775 3650 846 hymni.

2164 866 2298 919 Post
2325 865 2622 937 prandium
2647 880 2775 919 cum
2805 865 3044 918 exierint
3074 863 3142 917 de
3184 863 3445 921 refectorio
3467 864 3655 918 infantes

2164 954 2393 1008 veniant
2419 954 2478 1007 in
2507 953 2693 1008 locum
2725 968 2891 1007 suum
2935 954 2993 1006 in
3030 953 3256 1007 chorum
3287 958 3338 1006 et
3373 952 3496 1006 illico
3518 960 3655 1012 utse-

2162 1043 2358 1097 cerdos
2386 1042 2609 1107 dixerit,
2641 1043 2709 1096 Et
2740 1058 2805 1095 ne
2846 1058 2961 1103 nos,
2994 1043 3236 1097 infantes
3264 1042 3351 1112 qui
3374 1042 3540 1095 lectuli
3561 1046 3656 1099 sunt

2158 1131 2219 1185 in
2244 1131 2537 1186 refectorio
2567 1137 2784 1189 exeant.
2821 1136 2879 1185 et
2901 1132 3090 1185 statim
3121 1137 3276 1185 sonet
3292 1135 3459 1184 custos
3472 1130 3657 1200 signum,

2160 1224 2218 1274 et
2246 1220 2516 1292 incipiant
2542 1236 2771 1279 nonam.
2814 1219 3178 1275 servitoribus
3219 1218 3595 1283 remanentibus,
3618 1224 3660 1275 et

2159 1309 2267 1379 ipsi
2309 1315 2435 1380 post
2470 1316 2757 1380 sumptum
2806 1308 2991 1363 cibum
3029 1325 3230 1366 nonam
3274 1308 3480 1367 dicant:
3514 1314 3662 1377 postea

2159 1414 2272 1452 non
2302 1404 2659 1453 revertantur
2684 1398 2754 1452 ad
2778 1397 3081 1455 bibendum
3102 1398 3159 1451 in
3181 1396 3663 1465 resectoriunmsquo

2159 1488 2228 1540 ad
2259 1487 2619 1542 festivitatem
2650 1493 2857 1542 sanctae
2887 1487 3092 1544 Marias.
3126 1487 3210 1540 Ad
3231 1501 3489 1556 vesperam
3507 1482 3665 1537 illumi-

2159 1582 2367 1630 nentur
2401 1577 2694 1631 duodecim
2739 1576 2986 1631 candelis
3013 1582 3143 1630 ante
3171 1591 3319 1629 aram
3350 1593 3360 1627 :
3392 1573 3661 1643 antipbonas

2159 1665 2348 1719 dicant
2395 1665 2467 1720 de
2506 1666 2638 1731 illis,
2689 1665 2784 1737 qui
2828 1664 2885 1718 in
2927 1665 3195 1736 obsequio
3243 1662 3527 1718 matutinali
3574 1661 3668 1715 iuo-

482 1742 778 1819 discipiina
805 1752 1018 1805 sedere.
1052 1752 1260 1823 Exhinc
1287 1771 1531 1826 namque
1560 1755 1918 1829 dimittantur
1942 1773 2073 1829 pro-
2094 1739 2140 1798 B
2159 1760 2311 1810 runt.

482 1837 781 1909 cessiones,
816 1856 939 1911 quas
960 1842 1142 1910 solent
1166 1844 1287 1911 fieri
1316 1845 1456 1900 feria
1496 1852 1697 1917 quarta
1734 1852 1789 1900 et
1817 1839 1991 1918 sexta,
2022 1848 2081 1900 et

481 1926 812 1999 mandatum
844 1931 991 2000 quod
1009 1932 1151 1986 solet
1179 1934 1300 2005 fieri
1320 1934 1388 2005 ad
1412 1953 1686 2007 pauperes
1705 1953 1883 2007 usque.
1906 1937 1965 1990 in
1983 1953 2079 2007 ca-

482 2013 600 2082 pite
623 2010 1176 2089 jejunii;'7dimittant
1206 2024 1373 2089 etiam
1414 2014 1467 2080 et
1504 2020 1645 2095 duos
1683 2019 1929 2096 psalmos
1975 2043 2075 2099 pro

484 2099 761 2181 defunctis
796 2122 972 2188 usque
1001 2110 1059 2163 in
1104 2112 1609 2184 Septuagesimam.
1645 2110 1733 2187 Ad
1767 2108 2076 2188 completo-

482 2187 652 2287 rium.
686 2186 948 2287 b‘ymnus,
973 2194 1302 2269 0hr1'ste'qui
1328 2198 1429 2256 Iud:
1449 2218 1520 2260 es.
1540 2205 1750 2287 absque
1777 2186 2072 2287 duodecim

483 2262 817 2349 lectionibus
846 2291 899 2359 et
930 2288 1158 2355 octavis,
1191 2307 1369 2363 usque
1402 2292 1459 2357 in
1488 2284 1702 2349 Pascha
1725 2276 1961 2352 dicatur.

558 2367 772 2432 Quarto
814 2389 991 2442 nonas
1040 2370 1390 2449 Novembris,
1438 2382 1680 2449 officium
1724 2384 1822 2438 fiat
1879 2386 2073 2443 diebus

483 2463 697 2539 septem
728 2476 830 2543 pro
861 2466 1077 2531 cunctis
1106 2466 1475 2524 familiaribus
1512 2473 1736 2543 nostris,
1779 2475 1923 2529 sicut
1953 2476 2074 2532 ﬁeri

483 2559 606 2599 mos
636 2542 867 2620 est'pro
912 2553 1180 2609 fratribus
1227 2558 1446 2613 noviter
1482 2542 1758 2616 defunctis
1805 2583 1816 2616 :
1858 2572 1914 2618 et
1961 2580 2075 2620 una

475 2632 697 2727 iustitia
739 2640 905 2695 detur
952 2643 1187 2714 triginta
1227 2645 1442 2719 diebus.
1492 2648 1668 2704 Debet
1705 2653 1827 2706 ﬁeri
1858 2661 2071 2727 septem

480 2722 676 2780 diebus
698 2728 926 2797 plenum
960 2733 1223 2800 officium,
1242 2742 1299 2789 et
1318 2736 1371 2790 in
1395 2737 1576 2808 prima
1597 2739 1687 2795 die
1715 2722 1938 2796 tantum
1955 2722 2075 2815 pul-

481 2818 681 2867 santur
709 2818 898 2872 omnia
926 2820 1105 2890 signa,
1138 2828 1253 2882 tam
1293 2826 1365 2883 ad
1402 2827 1618 2896 vigilias
1644 2847 1811 2900 quam
1840 2833 1909 2885 ad
1940 2833 2074 2887 mis-

480 2916 618 2956 sam.
657 2904 914 2961 Collectae
943 2909 1089 2987 sicut
1117 2913 1295 2991 solita;
1318 2920 1451 2989 sunt
1478 2916 1744 2989 dicendae,
1778 2919 1855 2973 ita
1879 2920 2072 2975 dican-

480 2993 594 3056 tur,
646 2997 702 3046 et
746 2994 869 3067 ipso
912 2999 1264 3073 solummodo
1308 3003 1399 3057 die
1444 3004 1737 3079 duodecim
1798 3025 2073 3083 pauperes

477 3080 821 3149 reficiantur,
857 3090 914 3139 et
960 3088 1017 3140 in
1070 3090 1361 3146 refectorio
1417 3094 1688 3165 quidquid
1736 3080 2070 3153 remanserit

478 3168 954 3243 eleemosynarius
976 3177 1230 3249 accipiat,
1255 3186 1312 3234 et
1330 3198 1507 3252 usque
1536 3183 1590 3237 in
1616 3185 1851 3254 triginta
1874 3187 1992 3242 dies
2014 3189 2071 3243 in

477 3256 632 3314 horis
660 3260 941 3328 dicantur,
980 3268 1101 3321 Voce
1129 3286 1268 3329 mea,
1299 3272 1355 3324 et
1385 3273 1525 3326 Deus
1553 3276 1788 3331 auribus
1819 3282 2022 3332 nostris
2053 3297 2069 3333 :

477 3346 726 3419 quinque
751 3353 999 3422 psalmos
1018 3356 1263 3426 psallant
1290 3376 1390 3429 pro
1416 3360 1572 3431 ipsis.

1079 3481 1315 3556 CAPUT
1349 3484 1464 3557 XL.

939 3604 1137 3670 Yigz’lt'a
1165 3610 1347 3661 sancti
1364 3610 1625 3662 Marti-ni.

540 3704 834 3761 Adornent
880 3712 1061 3763 totum
1115 3714 1518 3768 monasterium
1563 3715 1710 3771 sicut
1758 3717 1817 3770 in
1875 3718 2064 3788 vigilia

2232 1843 2388 1898 Infra
2408 1844 2676 1899 Octavam
2709 1844 2962 1914 ejusdem
2995 1843 3293 1915 magniﬁci,
3331 1838 3666 1902 invitatoriam,

2161 1935 2346 2001 Regem
2380 1936 2778 2000 confessorum.
2820 1934 3094 2004 Hymnus,
3128 1935 3234 1991 Rex
3254 1932 3447 1986 etme
3470 1929 3671 1983 Martini.

2156 2023 2539 2093 Antiphonam
2569 2022 2638 2075 de
2667 2014 2861 2076 eadem
2887 2012 3190 2078 festivitate
3217 2018 3429 2086 dicant;
3467 2018 3535 2078 ita
3559 2015 3673 2068 vids-

2156 2112 2305 2175 licet,
2337 2117 2403 2167 ut
2426 2112 2497 2166 ad
2525 2117 2832 2166 nocturnas
2855 2126 2971 2165 una
3007 2127 3099 2165 sex
3129 2110 3357 2181 psalmis
3384 2106 3678 2161 modulantur

2156 2202 2495 2272 antiphonaa.
2530 2200 2821 2258 Lectiones
2848 2206 3036 2255 autem
3057 2195 3364 2255 mediocres
3388 2196 3609 2265 legantur
3625 2191 3677 2244 de

2155 2290 2458 2361 prophetis.
2472 2289 2841 2360 Responsoria
2860 2294 3089 2347 cantent
3109 2288 3181 2341 de
3200 2288 3319 2358 ipso
3336 2286 3485 2339 beato
3504 2302 3516 2336 :
3534 2294 3680 2352 genus

2155 2390 2267 2433 non
2314 2380 2544 2435 ﬂectant
2584 2394 2755 2449 super
2788 2378 3019 2432 formas.
3061 2377 3273 2432 Bsalmi
3309 2373 3579 2437 familiares
3601 2382 3679 2422 nea

2155 2474 2450 2529 canantur,
2483 2469 2580 2522 sed
2609 2484 2735 2521 mox
2759 2472 2824 2521 ut
2850 2467 3182 2522 noctumale
3210 2463 3517 2536 obsequium
3542 2456 3683 2528 expla-

2156 2561 2275 2611 tum
2315 2556 2634 2621 habuerint,
2669 2556 2913 2610 officium
2942 2562 3293 2610 mortuorum
3323 2560 3403 2610 est
3435 2548 3681 2621 agentium.

2156 2646 2360 2699 deinde
2388 2646 2679 2699 matutinae
2702 2646 2952 2716 ipsorum
2977 2666 2990 2712 ;
3023 2651 3082 2698 et
3109 2652 3249 2699 tunc
3273 2646 3462 2697 sonent
3483 2638 3684 2707 signum,

2157 2738 2215 2787 et
2242 2734 2509 2788 inchoent
2542 2731 2878 2789 matutinum
2902 2734 3148 2795 laudem,
3170 2739 3229 2787 et
3258 2748 3354 2803 per
3377 2738 3689 2797 unamquam-

2156 2838 2266 2893 que
2304 2824 2452 2877 diem
2493 2823 2684 2881 dicant
2726 2838 2899 2877 unam
2945 2823 3311 2894 antiphonam
3340 2835 3436 2891 per
3460 2814 3687 2875 ordinem.

2156 2912 2302 2966 sicut
2313 2912 2537 2974 inserte
2560 2912 2769 2971 suntin
2786 2911 3138 2980 authentico;
3163 2917 3222 2976 et
3241 2910 3476 2981 quinque
3492 2903 3691 2977 psalmos

2155 3001 2224 3054 de
2270 3001 2574 3055 festivitate
2628 3006 2872 3065 cantent,
2925 3008 3050 3072 post
3086 3000 3357 3070 suffragia
3398 2999 3688 3056 unctomla.

2157 3088 2388 3160 Expleta
2414 3091 2642 3144 veniant
2668 3091 2727 3144 in
2756 3092 2998 3150 alterum
3041 3086 3300 3155 chorum,
3334 3095 3390 3143 et
3416 3087 3586 3140 dicant
3604 3094 3695 3133 ma-

2152 3181 2368 3237 tutinas
2409 3187 2752 3245 sanctorum,
2787 3186 2845 3235 et
2872 3182 3012 3234 Deus
3039 3182 3281 3236 auribus
3309 3177 3516 3231 nostn's.
3545 3172 3693 3239 Atun

2155 3270 2404 3341 quinque
2425 3270 2671 3340 psalmos
2699 3285 2800 3340 pro
2829 3269 3145 3330 defunctis;
3195 3285 3311 3338 qua
3345 3265 3498 3319 ﬁnita
3517 3259 3695 3315 licitam

2154 3365 2241 3414 est
2263 3358 2533 3413 fratribus
2563 3358 2634 3412 ad
2685 3359 2921 3413 lectulos
2961 3358 3237 3423 revenire,
3269 3357 3317 3421 si
3352 3354 3465 3408 dies
3490 3365 3588 3405 non
3611 3348 3696 3400 est.

2153 3450 2239 3504 Ad
2270 3448 2510 3520 primam
2540 3453 2755 3518 septem
2800 3448 3049 3518 psalmos
3083 3452 3144 3501 et
3191 3444 3491 3501 Litaniam.
3522 3434 3698 3503 Deinde

2151 3539 2381 3592 missam
2433 3553 2535 3608 pro
2576 3536 2870 3590 defunctis.
2916 3536 3051 3590 Post
3099 3535 3412 3607 capitulum
3457 3542 3610 3597 usque
3641 3521 3695 3575 ad

2149 3628 2377 3682 tertiam
2415 3627 2723 3697 loquantur
2749 3625 2808 3678 in
2854 3625 3121 3687 claustro.
3154 3626 3305 3678 Ante
3350 3622 3563 3683 missam
3593 3613 3697 3668 litt-

2150 3716 2306 3770 niam
2351 3714 2560 3771 dicant.
2596 3713 2662 3768 In
2691 3713 2845 3767 horis
2889 3712 3252 3783 autipbonas,
3286 3727 3408 3782 qua
3436 3705 3622 3763 fuerim
3644 3701 3697 3769 de;

475 3794 726 3849 omnium
758 3800 1403 3871 sanctorum.Jejunium
1439 3804 1591 3859 aliud
1613 3823 1725 3860 non
1751 3807 1940 3877 agitur
1960 3808 2068 3863 nisi
2148 3805 2316 3869 laude
2364 3809 2644 3876 promunt.
2688 3803 2935 3873 Vespera
2980 3801 3085 3855 sub
3129 3817 3249 3867 una
3287 3798 3581 3870 antiphoua
3601 3806 3700 3863 qua

473 3883 620 3955 quod
642 3884 867 3939 solitum
891 3888 1050 3942 estin
1074 3891 1417 3960 quotidianis
1436 3892 1653 3949 diebus.
1674 3894 1757 3949 Ad
1777 3912 2065 3968 vesperam

2148 3911 2324 3965 super
2350 3904 2656 3957 nocturnas
2685 3891 2928 3946 habetur
2968 3913 2980 3944 :
3021 3897 3079 3945 et
3120 3902 3373 3963 quatuor
3412 3884 3594 3960 psalmi
3625 3878 3699 3950 qui

476 3971 770 4028 duodecim
800 3978 945 4031 cerei
979 3985 1110 4034 ante
1139 3997 1296 4035 aram
1328 3983 1460 4050 sint,
1483 3984 1648 4038 "retro
1685 3984 1910 4054 decem;
1940 3988 2066 4042 lau-
2146 3980 2342 4039 diatim
2368 3984 2617 4046 veniunt,
2643 3998 2709 4036 ex
2743 3982 2886 4036 feria
2913 3981 3121 4036 dicant.
3156 3980 3159 3983 ’

472 4060 591 4128 des,
626 4063 753 4117 Ecce
782 4068 1030 4121 sacerdos
1050 4085 1307 4135 magnus.
1334 4071 1791 4142 Responsorium.
1814 4074 2063 4143 Domine,

2218 4074 2278 4131 Si
2307 4073 2589 4127 dominica
2633 4071 2754 4125 dies
2787 4071 2932 4126 infra
2973 4076 3202 4132 octavas
3238 4067 3505 4128 evenerit,
3531 4061 3698 4129 invita-

468 4154 520 4206 εἰ
545 4154 728 4208 adhuc
751 4157 953 4231 populo
983 4161 1093 4210 tuo.
1128 4157 1401 4228 Hymnus,
1430 4162 1536 4215 Rea:
1555 4162 1769 4218 Christe
1797 4164 2057 4218 Martini.
2145 4162 2374 4225 torium,
2418 4162 2754 4231 antiphonae,
2788 4162 2876 4215 vel
2905 4160 3285 4231 responsoria,
3328 4158 3442 4212 sive
3471 4152 3700 4209 lectiones

471 4238 591 4317 Duo
623 4228 940 4299 sacerdotes
969 4244 1150 4300 induti
1190 4248 1304 4301 sint
1330 4250 1521 4323 cappis
1551 4251 1621 4304 ad
1652 4251 2056 4306 incensandum
2081 4248 2216 4346 Dde
2245 4255 2438 4304 sancto
2466 4228 2712 4304 Martiae
2741 4249 2931 4303 dicant
2957 4228 3056 4302 tali
3083 4249 3309 4303 ratione
3429 4260 3594 4344 una...
3621 4253 3703 4346 ξη-

469 4331 691 4395 altaria,
733 4338 791 4387 et
819 4333 929 4387 duo
970 4335 1221 4390 conversi
1272 4337 1330 4391 in
1378 4338 1519 4393 albis
1553 4340 1650 4410 qui
1689 4340 1944 4394 deferant
1993 4331 2383 4409 adutipbona
2423 4338 2686 4392 similiter
2714 4343 2772 4392 et
2816 4338 3101 4392 cantica...
3134 4339 3184 4392 si
3212 4337 3485 4399 festivitas
3508 4333 3561 4385 in
3583 4333 3706 4384 ccta.

467 4419 685 4474 fratres.
703 4422 1024 4493 Antiphone
1055 4423 1125 4478 ad
1150 4423 1477 4495 Magniﬁcat
1500 4428 1781 4502 Martinus
1809 4430 2062 4505 Abrahaé,
2144 4428 2250 4483 bus
2281 4426 2361 4501 [id
2388 4433 2483 4494 est,
2516 4427 2663 4480 infra
2689 4425 2974 4512 octavam]
2995 4428 3251 4482 evenerit
3267 4427 3432 4490 infra,
3459 4421 3601 4512 audii

468 4508 638 4562 tertio
671 4509 739 4563 ab
762 4511 1022 4566 omnibus
1061 4518 1369 4584 repetatur,
1411 4530 1537 4570 cum
1571 4516 1778 4571 Gloria.
1813 4504 2063 4589 Vespera
2146 4517 2416 4571 lectiones
2445 4523 2648 4587 agant;
2680 4510 3104 4587 quantum'aliis
3118 4515 3472 4588 temporibus
3490 4511 3556 4565 de
3576 4504 3707 4567 furia.

470 4603 715 4669 peracta,
751 4598 1140 4670 unusquisque
1169 4602 1405 4679 fratrum
1439 4605 1581 4659 duos
1613 4605 1845 4676 pedules
1875 4606 1944 4661 ad
1983 4607 2064 4663 le-
2146 4611 2369 4667 tantum
2397 4606 2625 4660 additur
2648 4606 2718 4660 de
2743 4612 2954 4660 octava.

470 4680 622 4759 etum
648 4685 895 4741 invenire
927 4689 1091 4744 debet
1123 4700 1461 4781 praeparatos
1487 4711 1522 4748 a
1549 4695 1878 4749 camerario.
1919 4694 2065 4752 Ante
2219 4694 2421 4750 Octava
2453 4695 2632 4749 sancti
2657 4692 2989 4749 MartinLAd
3018 4694 3411 4749 invitatoriam
3439 4690 3715 4745 induantur

469 4780 772 4851 nocturnos
794 4776 1361 4855 priusquam'sonent,
1392 4782 1701 4838 accendant
1720 4786 2065 4840 coronas.Ad
2147 4783 2290 4838 albis
2329 4784 2440 4843 duo
2478 4783 2698 4848 fratres,
2749 4783 3073 4853 antipbona,
3106 4783 3434 4837 Ademtum
3462 4782 3715 4838 οιιπίιιιιπι

467 4858 852 4939 invitatorium
879 4862 1191 4922 vestiantur
1206 4877 1448 4940 quatuor
1466 4871 1522 4924 in
1549 4872 1759 4945 cappis.
1786 4858 2062 4944 Hymnus,
2146 4886 2347 4940 regem.
2382 4872 2673 4926 Lectiones
2697 4877 2819 4925 octo
2846 4872 2916 4925 de
2936 4872 3060 4941 ejus
3090 4872 3225 4935 vita,
3259 4868 3613 4942 consequenti
3639 4864 3715 4927 iﬁ'

466 4950 574 5007 Rex
609 4952 850 5007 Christe:
868 4953 1160 5030 Lectiones
1189 4957 1451 5045 legantur
1482 4957 1715 5013 totaa'de
1753 4961 1875 5029 ejus
1929 4961 2059 5015 vita.
2144 4961 2272 5016 dem
2302 4967 2555 5031 tempore
2581 4960 2937 5031 responsoria
2961 4967 3229 5031 premant
3249 4962 3322 5016 de
3342 4961 3460 5017 suis
3482 4954 3715 5032 propriis-

467 5038 847 5117 Responsoria
895 5038 1005 5097 duo
1050 5050 1107 5098 et
1150 5038 1613 5121 duo'decantent.
1658 5048 1743 5102 Ad
1783 5049 2061 5103 canticum
2145 5053 2245 5106 Hic
2272 5056 2349 5104 est
2403 5051 2701 5107 Martinus.
2757 5050 2823 5104 ln
2866 5051 3055 5115 tertio,
3100 5051 3303 5121 legant.
3338 5050 3620 5105 homiliam
3659 5057 3714 5097 at

464 5132 806 5185 accedantur
833 5131 1149 5207 quindecim
1181 5135 1426 5189 candelae
1470 5143 1601 5190 ante
1652 5153 1829 5203 aram,
1863 5154 2062 5193 novem
2146 5139 2450 5210 evangelio,
2483 5139 2612 5195 Sint
2633 5140 2809 5192 lumbi
2834 5143 3019 5193 ταῦτ-λ.
3044 5140 3275 5194 Missam
3306 5140 3499 5194 dicunt
3522 5132 3720 5192 honori-

462 5225 647 5298 retro:
675 5216 1024 5291 evangelium
1048 5240 1159 5277 non
1183 5225 1600 5294 pronuntietur.
1622 5224 2059 5296 Responsorium
2145 5229 2248 5284 tice
2279 5234 2424 5291 sicut
2453 5227 2709 5297 superius
2734 5227 3048 5293 intulimus,
3081 5234 3138 5283 et
3170 5229 3533 5299 sequentiam
3562 5224 3718 5278 melo-

463 5309 856 5364 duodecimum
903 5317 1029 5381 post
1075 5308 1265 5367 Gloria
1309 5329 1343 5367 a
1379 5315 1563 5384 capite
1611 5314 1963 5386 reincipiant.
1998 5317 2065 5372 In
2145 5317 2304 5371 dient
2329 5318 2385 5371 in
2417 5317 2610 5370 eadem
2637 5316 2750 5370 die.
2796 5317 2880 5370 Ad
2912 5333 3189 5388 vesperas,
3221 5316 3554 5390 antiphona,
3583 5314 3717 5377 Mli"

460 5399 756 5453 matutinis
794 5396 1073 5453 laudibus.
1118 5399 1396 5472 Hymnus,
1442 5399 1680 5457 Bellator
1720 5408 1919 5459 armis.
1970 5406 2055 5459 Ad
2140 5410 2292 5469 tinus
2321 5407 2502 5460 adhuc
2530 5426 2546 5460 :
2575 5411 2634 5459 et
2660 5404 2885 5460 alleluia
2913 5411 3049 5460 tces.
3082 5406 3410 5478 Gapitulum
3432 5413 3491 5461 et
3514 5414 3720 5474 respon-

460 5488 688 5542 missam
721 5490 1114 5567 matutinum
1140 5507 1255 5567 see
1282 5492 1514 5569 collecte
1535 5493 1932 5569 teetemmsde
1978 5494 2058 5569 sli:
2138 5495 2350 5549 sarium
2382 5496 2451 5571 de
2481 5494 2796 5573 ςρηῖθξδφςθ
2833 5514 2846 5568 ς
2877 5495 3140 5583 hymnus,
3183 5500 3246 5567 et.
3278 5496 3463 5571 oratio
3502 5494 3573 5565 de.
3609 5492 3721 5579 ἱρεο

458 5581 639 5647 catur:
661 5576 747 5647 es
776 5576 1049 5652 maiorem
1077 5595 1273 5653 enses
1302 5578 1505 5657 fratres
1533 5583 1652 5659 sint.
1674 5582 1734 5658 in
1765 5580 1977 5673 aspris
2001 5580 2058 5636 et
2136 5583 2321 5661 treats:
