3886 6172
442 295 581 354 1247
1499 314 1849 372 GUIDONIS
1883 314 2031 371 ΑΕΒ

2121 313 2194 371 ἹΞ
2230 315 2650 373 FARFENSIS.
3518 321 3630 382 1248

443 425 848 486 cumfratribus
859 432 1105 491 decrevit
1123 438 1315 493 taliter
1326 437 1755 505 observandum,
1775 440 2243 501 videlicetAmus
2299 447 2356 496 et
2400 442 2662 514 petimus,
2695 446 2754 497 et
2799 439 3150 513 praecipimus
3178 444 3288 495 tam
3316 441 3371 497 in
3406 442 3498 496 hoc
3533 443 3632 497 loco

443 516 508 566 ut
526 513 644 569 dies
658 517 877 575 Natalis
897 522 1122 579 Domini
1157 528 1354 591 nostri,
1379 546 1730 584 summorum
1759 530 2037 600 apostolo-
2118 548 2285 603 quam
2308 532 2367 585 in
2388 513 2604 586 cunctis
2634 530 2770 584 locis
2792 530 2863 583 ad
2894 528 3061 583 istum
3097 530 3274 584 locum
3293 531 3635 601 pertinentibus

442 618 569 656 rum
592 604 743 661 Petri
762 615 819 663 et
832 611 1013 677 Pauli,
1037 616 1451 688 Assumptionis
1470 624 1677 673 sancta
1689 619 1897 683 Mariae,
1922 636 2034 673 uno
2117 626 2388 675 servetur.
2410 619 2485 674 Et
2501 621 2547 674 si
2584 620 2789 691 aliquis
2806 636 2871 673 ex
2889 618 2997 672 ista
3009 623 3199 689 nostra
3226 619 3364 675 ﬁdeli
3383 620 3635 675 intentione

442 707 599 781 more
629 696 1020 756 celebrentur:
1054 709 1235 759 totum
1268 709 1673 762 monasterium
1703 708 2031 777 ornabitur;
2118 710 2242 781 [al.,
2272 707 2619 781 inventione]
2685 707 2991 779 sumpserit
3043 708 3364 779 exemplum,
3412 709 3637 781 particeps

440 778 645 837 fratres
667 785 777 840 duo
799 794 856 842 et
872 790 983 845 duo
999 794 1552 866 omniaresponsoria
1566 797 2029 868 pronuntiabunt;
2118 798 2370 853 omnium
2399 798 2674 853 bonorum
2710 797 2989 852 efﬁciatur
3014 802 3284 852 votorum.

443 868 554 924 duo
576 873 864 932 thuribula
883 880 955 933 ad
967 884 1336 952 vespertinale
1351 902 1417 939 ac
1440 887 1771 940 matutinale
1786 886 2034 942 ofﬁcium
2706 886 2939 941 CAPUT
2964 886 3127 940 XLV-

443 958 789 1031 deferantur,
805 974 862 1021 et
878 969 949 1022 ad
976 974 1305 1028 nocturnale
1324 990 1499 1029 unum
1521 994 1530 1029 :
1556 982 1688 1030 ante
1710 979 2037 1032 nocturnale
2194 976 2331 1031 Cum
2358 977 2512 1030 labor
2534 981 2609 1030 est
2626 991 2905 1029 manuum
2928 977 3003 1027 ad
3022 978 3185 1028 talem
3206 978 3400 1028 currite
3424 980 3584 1033 ritum.

443 1047 774 1122 obsequium
795 1058 985 1112 omnia
1002 1060 1163 1131 signa
1182 1061 1268 1117 bis
1297 1064 1624 1134 pulsentur:
1654 1065 2038 1120 invitatorium
2193 1066 2333 1119 Cum
2363 1065 2435 1119 ad
2464 1081 2604 1136 opus
2635 1080 2906 1118 manuum
2951 1063 3155 1117 exituri
3183 1068 3311 1117 sunt
3334 1063 3524 1130 fratres,
3556 1068 3640 1118 sta-

443 1147 744 1249 :lqtlatuor
762 1143 1028 1247 fratribus
1047 1149 1376 1249 decantetur
1392 1171 1404 1208 :
1420 1159 1583 1208 terna
1599 1171 1820 1227 quoque
1840 1157 2039 1227 pocula
2120 1154 2377 1249 tim-post
2405 1154 2646 1249 primam
2669 1241 2679 1249 -
2701 1153 2948 1249 dimissis
3002 1152 3363 1249 familiaribus
3388 1157 3439 1249 et
3473 1158 3639 1249 septem

444 1224 713 1284 fratribus
739 1235 1109 1305 propinentur
1136 1240 1391 1311 singulis,
1448 1224 1680 1315 excepta
1712 1224 2040 1316 quotidiana
2121 1241 2352 1311 psalmis
2382 1224 2644 1296 sacerdos
2666 1241 2898 1312 incipiat
2924 1239 3518 1310 lectionem,quadicta,
3532 1240 3641 1293 sicut

443 1317 701 1406 Ροςίίοηθ
722 1321 854 1377 Vini.
2122 1339 2180 1389 et
2199 1335 2828 1401 matutinalibus,missa
2841 1334 3021 1396 ﬁnita,
3045 1339 3268 1406 peracto
3288 1334 3506 1405 capitulo
3516 1333 3643 1388 simul

516 1403 661 1461 Item
696 1409 844 1465 diem
875 1415 1242 1485 apparitionis
1272 1419 1495 1475 Domini
1538 1422 1802 1478 ύπαπάντι,
1835 1426 2041 1481 Ascen-
2123 1428 2342 1489 exeant,
2364 1428 2422 1477 et
2449 1423 2584 1478 dum
2610 1423 2745 1477 illuc
2770 1422 2867 1477 ubi
2904 1422 3026 1477 ﬁeri
3046 1403 3224 1477 debet
3250 1403 3402 1493 opus,
3425 1422 3643 1487 venerint,

445 1492 637 1561 sionis,
663 1500 926 1557 nativitas
955 1506 1135 1559 sancti
1163 1508 1395 1563 Joannis
1420 1509 1706 1581 Baptistae,
1732 1529 1843 1568 uno
1872 1515 2039 1570 modo
2122 1512 2277 1583 prior
2295 1512 2531 1584 incipiat
2577 1529 2820 1577 versum,
2868 1513 3028 1573 Deus,
3064 1516 3125 1565 in
3150 1513 3475 1579 adjutorium
3506 1526 3647 1563 meum

446 1590 706 1652 agentur.
757 1589 959 1646 Omnia
1012 1598 1369 1667 responsoria
1399 1615 1434 1652 a
1462 1600 1681 1655 duobus
1713 1604 2038 1659 cantoribus
2122 1603 2343 1655 intende
2369 1620 2386 1655 :
2419 1618 2529 1672 quo
2561 1599 3190 1673 respondentibusaliis,
3212 1600 3356 1653 dicto
3371 1598 3650 1663 tertio,dica.

446 1676 773 1696 ,ψη-ΝΑ,
873 1685 883 1696 ,
1015 1683 1203 1696 ,
1276 1684 1294 1696 .
1905 1693 1918 1696 -
2131 1694 2136 1696 ,
2272 1690 2503 1696 _
2739 1695 2743 1696 ,
2912 1692 2920 1696 .
3126 1692 3137 1696 _
3233 1690 3259 1696 -

444 1676 979 1774 pronuntiabuntur,
1011 1683 1397 1741 invitatorium
1453 1705 1489 1742 a
1544 1696 1786 1761 quatuor
1811 1711 1822 1747 :
1852 1693 1923 1747 ad
1951 1711 2039 1748 ve-
2058 1720 2103 1779 Β
2120 1694 2217 1744 tur
2243 1690 2602 1758 Adjutorz‘um
2629 1695 2883 1743 nostrum
2900 1692 2961 1742 in
2980 1692 3204 1742 nomine
3221 1690 3453 1752 Domini,
3466 1692 3515 1741 et
3533 1686 3649 1741 dein-

444 1763 749 1831 spertinale
778 1774 836 1822 et
864 1773 1200 1828 matutinale
1229 1775 1496 1844 ofﬁcium,
1540 1780 1611 1833 ad
1663 1781 1943 1836 canticum
1970 1784 2039 1837 de
2060 1763 2103 1779 υ
2122 1795 2251 1849 ceps
2270 1777 2366 1849 qui
2385 1777 2712 1832 acturisunt
2727 1794 2867 1849 opus
2886 1776 3179 1848 incipiant.
3204 1777 3442 1846 Cumque
3460 1775 3651 1846 psalmos

445 1849 746 1923 Evangelia
779 1856 908 1912 bina
935 1862 1225 1918 thuribula
1253 1865 1720 1937 deportabantur,
1765 1872 2040 1927 medietas
2121 1867 2428 1921 familiares
2445 1883 2571 1921 cum
2613 1865 2830 1920 cantico
2861 1882 3030 1920 cursu
3059 1865 3300 1919 dixerint
3321 1864 3475 1931 (sicut
3497 1868 3652 1916 etcum

443 1940 617 2048 etiam
648 1946 897 2003 ecclesiae
922 1953 1269 2008 ornamentis
1293 1955 1609 2013 decoretur.
2123 1972 2182 2011 se
2204 1956 2406 2010 radent
2422 1972 2590 2027 agere
2613 1955 2763 2010 soliti
2780 1957 2932 2023 sunt)
2952 1956 3177 2024 legatur
3201 1953 3277 2007 ibi
3293 1953 3447 2007 lectio
3465 1953 3523 2005 de
3546 1950 3653 2005 libro

515 2030 690 2086 Porro
758 2036 1086 2094 festivitates
1135 2042 1401 2098 Omnium
1445 2046 1800 2117 Sanctorum,
1860 2052 2038 2107 sancti
2123 2045 2218 2116 qui
2255 2045 2464 2116 legitur
2491 2045 2550 2098 in
2598 2044 2912 2109 ι’θῗθϐῐοΐίο,
2948 2044 2996 2097 Si
3050 2043 3181 2097 talis
3225 2041 3417 2113 estqui
3440 2041 3501 2094 ad
3525 2040 3655 2094 πῖθ’

444 2117 692 2188 Martini,
720 2124 867 2179 sicut
896 2127 1166 2184 festivitas
1186 2134 1567 2202 apostolorum
1602 2137 1756 2192 Petri
1794 2144 1851 2194 et
1878 2140 2038 2197 Pauli
2121 2134 2365 2188 candum
2397 2135 2483 2188 vel
2508 2134 2579 2188 ad
2609 2134 3036 2188 aediﬁcationem
3094 2133 3405 2203 pertineat;
3443 2135 3492 2183 et
3521 2129 3654 2183 frater

444 2223 548 2318 per
599 2212 788 2310 οξῃηίθ
844 2222 1103 2318 agantur,
1134 2226 1338 2289 Ρνελθῐθΐ
1368 2223 1529 2294 signa
1584 2243 1708 2296 quae
1744 2229 1926 2284 solent
1954 2230 2038 2285 bis
2121 2224 2217 2294 qui
2246 2225 2317 2278 ad
2338 2224 2637 2293 servitores
2652 2225 2751 2278 illa
2768 2223 2907 2294 legit
2930 2222 3281 2277 hebdomada
3307 2226 3511 2292 portare
3528 2217 3656 2315 debet

444 2297 659 2368 pulsari
673 2308 805 2356 ante
825 2305 1073 2361 officium
1098 2312 1446 2377 nocturnale,
1463 2330 1584 2383 quae
1604 2316 1697 2369 hic
1724 2318 1896 2372 semel
1918 2336 2042 2390 per-
2120 2312 2255 2366 illuc
2292 2312 2499 2366 librum
2533 2312 2680 2365 Sicut
2707 2312 2767 2365 in
2805 2310 3166 2365 PBfeCtOl‘ium
3191 2329 3204 2375 ἓ
3237 2314 3292 2363 3t
3309 2307 3465 2380 Ρτίοτν
3489 2306 3561 2359 νει
3588 2304 3655 2359 συί

454 2385 626 2406 ---ΔΞΑῌ
649 2387 699 2406 ,1,
858 2397 867 2406 ι
965 2399 973 2406 .
1140 2397 1153 2406 ι
1342 2399 1356 2406 -
1461 2401 1472 2406 -
1707 2405 1716 2406 κ
1842 2405 1866 2406 η
2123 2399 2135 2406 .
2188 2402 2197 2406 -
2386 2400 2396 2406 .
2450 2400 2461 2406 -
2966 2399 2983 2406 ρ
3050 2399 3060 2406 .
3111 2403 3116 2406 .
3175 2398 3189 2406 α
3246 2398 3261 2406 α
3340 2396 3369 2406 Δο
3520 2395 3539 2406 ιι
3589 2398 3596 2406 ι
3628 2393 3638 2402 α

447 2385 713 2493 cutienda
743 2397 894 2460 sunt,
925 2399 982 2448 et
1010 2397 1158 2467 quod
1187 2399 1361 2453 semel
1398 2401 1669 2458 miscetur
1691 2385 1960 2461 fratribus
1980 2407 2040 2461 in
2120 2399 2427 2472 injunxerit
2447 2400 2567 2471 ipse
2598 2416 2916 2454 sermonem
2957 2399 3128 2453 faciat
3158 2398 3228 2452 de
3246 2396 3489 2459 lectione.
3515 2393 3659 2448 fratri-

444 2474 761 2534 refecmrioo
2120 2490 2226 2546 bus
2255 2490 2483 2544 interim
2506 2487 2943 2561 quiescentibus.
2974 2487 3191 2542 Iterum
3223 2503 3357 2558 opus
3376 2482 3660 2555 incipiantet

2121 2576 2492 2650 psalmodiam
2516 2593 2684 2648 quam
2715 2593 2842 2630 cum
2865 2575 3109 2629 armario
3131 2574 3287 2645 prior
3313 2571 3659 2639 innuerit(qui-

521 2654 675 2709 Odilo
703 2664 1022 2717 nostrorum
1059 2668 1460 2721 monachorum
1490 2671 1675 2726 doctor
1703 2679 1751 2726 et
1780 2676 1963 2729 abbas.
2120 2666 2228 2721 bus
2257 2666 2610 2720 SOlummOdO
2639 2665 2794 2736 lo‘ll1i
2816 2664 3032 2718 “eitum
3059 2669 3147 2718 ‘33"-
3200 2662 3296 2731 ibi)
3324 2662 3486 2716 donec
3507 2674 3659 2712 “vel”

515 2742 818 2845 Decretum
849 2756 936 2804 est
980 2752 1149 2807 etiam
1198 2771 1232 2807 a
1258 2757 1583 2827 supradicto
1622 2761 1790 2815 Patre
1831 2762 2049 2827 domno,
2118 2755 2276 2810 tendi
2295 2761 2519 2826 tempus
2551 2754 2880 2817 occurrerit.
2934 2756 3185 2807 cantent
3229 2751 3365 2805 Cum
3408 2757 3574 2802 “mem

446 2830 681 2888 Odilone
710 2851 824 2890 una
844 2853 971 2892 cum
995 2857 1269 2897 consensu
1284 2845 1535 2900 omnium
1558 2847 1797 2904 fratrum
1821 2851 2043 2906 Clunia-
2122 2843 2268 2898 versi
2293 2843 2504 2897 fuerint
2548 2841 2607 2896 in
2664 2843 2995 2907 Claustﬂlm,
3019 2840 3171 2894 ἀίοῖο
3202 2854 3380 2905 Versu,
3418 2835 3584 2890 Statim
3602 2833 3663 2886 Ῐο·

445 2921 716 2989 censium,
749 2930 814 2980 ut
836 2926 983 2982 sicut
1017 2929 1078 2984 in
1106 2931 1366 2988 Ecclesiis
1395 2936 1517 3001 Dei,
1571 2954 1694 3009 quae
1723 2956 1824 3009 per
1849 2940 2039 2996 orbem
2122 2937 2386 3004 quantur.
2416 2931 2538 2986 Tali
2568 2931 2734 2985 modo
2765 2947 2894 2987 cum
2923 2934 3050 3002 post
3068 2945 3278 2983 nonam
3299 2935 3662 2998 opusmanuum

443 3013 608 3119 tjerrae
639 3012 804 3119 longe
829 3016 1054 3088 lateque
1083 3027 1417 3079 constructae
1447 3030 1597 3093 sunt,
1630 3027 1688 3080 in
1712 3028 1802 3082 die
1832 3029 2040 3085 Kalen-
2060 3018 2616 3119 ρῆεὲτθεευΐίέυηιν
2634 3022 2862 3079 Γαείθηῐ·

444 3097 645 3154 darum
668 3075 1067 3162 Novembrium
1097 3111 1286 3180 agitur
1313 3075 1871 3172 festivitasbmnium
1895 3120 2031 3173 San-

2196 3112 2475 3166 Exeuntes
2503 3116 2694 3165 autem
2745 3115 2874 3182 post
2902 3126 3106 3163 nonam
3138 3108 3438 3188 familiares
3464 3103 3665 3176 psalmos

447 3191 665 3244 “0mm
689 3233 700 3245 ο
721 3192 803 3246 ita
829 3197 976 3266 apud
1004 3214 1106 3252 nos
1143 3206 1346 3270 agatur
1379 3204 1578 3259 festivo
1605 3222 1761 3261 more
1784 3209 2038 3264 Comma-
2119 3200 2189 3255 de
2207 3216 2439 3272 vespera
2458 3200 2723 3272 primitus
2752 3200 3086 3266 decantent;
3120 3198 3381 3252 similiter
3402 3199 3454 3248 et
3477 3192 3536 3245 de
3562 3189 3663 3244 Om-

446 3279 684 3364 moratio
711 3281 963 3339 ﬁdelium
993 3287 1388 3346 defunctorum
1414 3292 1529 3363 (41)
1574 3312 1586 3347 :
1619 3295 1719 3349 tali
1756 3298 1941 3362 modo,
1974 3304 2040 3353 ut
2120 3294 2287 3349 nibus
2329 3294 2568 3360 Sanctis,
2595 3299 2653 3348 et
2678 3294 3029 3348 Mortuorum
3056 3308 3321 3364 vesperas
3348 3305 3467 3343 cum
3502 3284 3663 3345 ofﬁcio.

442 3362 566 3434 ipsa
593 3367 684 3422 die
701 3375 830 3440 post
858 3375 1165 3445 capitulum
1195 3362 1443 3434 decanus
1472 3386 1529 3435 et
1549 3383 1873 3439 cellerarius
1892 3387 2036 3441 refe-
2123 3389 2181 3438 et
2199 3385 2340 3438 Deus
2369 3385 2628 3453 auribus,
2678 3388 2736 3437 et
2788 3384 3001 3437 faciant
3029 3362 3175 3436 ante
3211 3389 3266 3435 et
3295 3385 3439 3434 retro
3464 3396 3474 3430 :
3508 3380 3662 3446 postea

444 3453 684 3546 ctionem
707 3458 963 3515 tribuant
990 3464 1252 3519 omnibus
1282 3471 1803 3539 supervenientibus
1832 3491 2038 3546 paupe—
2121 3474 2477 3541 Adjutorium
2502 3479 2774 3527 nostrum.
2804 3474 2961 3527 Tunc
2978 3469 3331 3525 solummodo
3351 3467 3658 3522 inclinentur.

442 3541 623 3636 ribllsi
647 3546 943 3636 Sicutrmos
969 3557 1055 3605 est
1082 3554 1173 3624 agi
1203 3554 1262 3609 in
1305 3573 1465 3611 caena
1493 3560 1737 3615 Domini.
1794 3568 1851 3616 et
1880 3564 2038 3634 quid-
2119 3566 2458 3636 Reversique
2486 3566 2555 3620 de
2583 3566 2880 3620 collatione
2899 3565 3092 3635 legant
3112 3564 3429 3625 lectionem;
3452 3568 3661 3612 sermone

446 3631 581 3726 quid
609 3633 732 3726 ipsa
753 3635 850 3726 die
889 3638 958 3692 de
987 3642 1281 3697 refectorio
1305 3649 1639 3703 remanserit
1657 3631 2039 3723 cleemosyna-
2119 3655 2290 3709 etiam
2320 3631 2485 3720 fa-cto,
2519 3655 2668 3709 dicto
2699 3672 2860 3709 versu
2888 3631 3197 3726 loquantur

444 3718 563 3774 rius
589 3724 844 3795 accipiat.
902 3727 1032 3799 Ipsa
1078 3730 1250 3786 etiam
1305 3734 1395 3788 die
1443 3742 1569 3807 post
1609 3741 2037 3811 vespertinalem
2191 3744 2297 3798 Sed
2329 3760 2456 3797 cum
2476 3744 2535 3797 in
2565 3744 2654 3797 die
2682 3744 2856 3798 semel
2885 3742 3086 3797 exituri
3144 3744 3281 3795 sunt
3331 3739 3398 3793 ad
3425 3752 3550 3808 opus
3568 3748 3663 3787 ma-

445 3811 701 3900 Synarim
731 3814 967 3883 pulsatis
1000 3819 1258 3876 omnibus
1313 3823 1486 3894 signis
1513 3833 1719 3881 canant
1751 3846 2037 3900 vesperam
2120 3847 2317 3897 nuum,
2350 3848 2476 3886 cum
2505 3832 2712 3886 reversi
2732 3832 2943 3886 fuerint
2987 3831 3046 3885 in
3073 3830 3400 3894 claustrum,
3426 3826 3591 3896 legant
3611 3820 3664 3875 de

441 3913 545 3987 pro
566 3899 882 3959 defunctis:
913 3906 1173 3963 similiter
1190 3916 1245 3965 et
1276 3911 1334 3966 in
1348 3915 1593 3970 crastino
1610 3899 2037 3987 pulsatisidenuo
2119 3919 2532 3987 collationibus,
2559 3921 2643 3974 vel
2672 3920 2784 3974 vita
2828 3921 3061 3974 Patrum
3103 3918 3421 3982 lectionem,
3452 3922 3662 3967 sermone

443 3986 866 4099 signiaag‘atur
925 3996 1169 4052 ofﬁcium
1200 4017 1300 4071 pro
1331 3986 1626 4059 defunctis:
1671 4007 1837 4061 Missa
1866 4010 2036 4063 etiam
2119 4009 2290 4062 etiam
2318 4009 2485 4075 facto,
2517 3986 2668 4062 dicto
2701 4024 2862 4061 versu
2891 4007 3304 4077 colloquantur.

443 4079 795 4182 matutinalis
809 4087 2035 4182 agatursolemniterprodefunctis.Tractum
2191 4098 2250 4153 Si
2281 4098 2352 4151 ad
2408 4097 2707 4168 pistrinum
2758 4097 2990 4159 vadunt,
3025 4096 3395 4167 psalmodiam
3423 4093 3488 4146 de
3520 4088 3664 4182 prima

443 4172 672 4275 cantent
699 4170 810 4271 duo
865 4173 1099 4242 fratres;
1133 4178 1320 4232 cuncti
1365 4181 1602 4236 oll'erant
1655 4184 1936 4254 privatim,
1982 4192 2039 4241 et
2120 4192 2419 4259 propterea
2437 4184 2875 4238 nondimittunt.
2907 4184 3103 4254 Neque
3121 4180 3515 4236 revertentibus
3535 4173 3665 4230 lectio

443 4256 665 4327 publice
688 4260 888 4316 missas
910 4264 1190 4321 celebrent
1210 4284 1311 4338 pro
1334 4271 1525 4340 requie
1540 4273 1790 4328 omnium
1815 4275 2033 4330 anima-
2051 4318 2099 4376 D
2120 4256 2347 4344 legitur,
2374 4273 2472 4327 sed
2502 4273 2853 4327 solummodo
2898 4272 3046 4327 dicto
3074 4288 3241 4326 versu
3288 4271 3416 4327 lotis
3448 4264 3665 4322 manibus

444 4361 567 4376 unum
601 4349 845 4376 ﬂAAIL-..
875 4369 885 4376 .
920 4359 970 4376 ,ι
1008 4354 1234 4376 .1-__.l._!
1261 4375 1287 4376 η
1329 4375 1349 4376 η
1372 4374 1383 4376 _
1680 4363 1705 4376 η
1751 4363 1761 4373 ι
1851 4370 1857 4376 .
1966 4367 2023 4376 .-..
2171 4363 2184 4376 ι
2316 4363 2331 4376 ι
2401 4362 2412 4373 ο
2491 4363 2523 4376 ,υ
2696 4362 2790 4376 nm
3073 4366 3083 4376 .
3171 4366 3181 4376 Δ

444 4361 569 4400 rum
599 4349 847 4405 ﬁdelium
874 4369 885 4405 :
917 4359 974 4407 et
1003 4354 1295 4411 duodecim
1323 4374 1600 4430 pauperes
1614 4363 2034 4421 reﬁciantur.Et
2054 4349 2099 4376 υ
2118 4363 2190 4418 ad
2218 4362 2657 4417 ecclesiasticum
2691 4362 2798 4433 (4‘2)
2827 4378 2967 4433 opus
2994 4366 3281 4432 aptentur.

443 4440 509 4489 ut
534 4436 639 4491 hoc
659 4438 949 4496 decretum
961 4449 1295 4515 perpetuum
1310 4447 1556 4519 vigorem
1576 4450 1843 4519 obtineat,
1876 4456 2034 4510 volu-

1019 2574 1252 2631 CAPUT
1279 2579 1469 2637 XLIV.

482 4595 963 4723 9SIDSigebertus
982 4609 1279 4659 auctorest
1317 4606 1610 4663 Odilonem
1648 4627 1796 4666 anno
1826 4613 2032 4669 Christi
2114 4612 2480 4669 Benedictini.

575 4670 1176 4723 Commemorationem
1223 4679 1471 4723 omnium
1520 4682 1908 4723 (infnnnfnrnm
1941 4702 2031 4723 cm-
2188 4685 2291 4723 lAQl
2319 4685 2429 4723 Hnn
2456 4684 2525 4723 rln
2555 4683 2751 4723 hncfiic
2808 4699 2904 4723 non
2929 4679 3166 4723 nnnihng
3194 4679 3262 4723 ad
3306 4677 3521 4723 missam
3549 4668 3616 4723 olli

445 4667 550 4723 998
575 4667 1176 4753 Com'memorationem
1223 4679 1473 4733 omnium
1520 4682 1910 4738 defunctorum
1941 4667 2031 4740 se:
2116 4667 2149 4669 Ῠ
2170 4667 2291 4753 (42)
2316 4685 2430 4739 Hoc
2456 4667 2526 4739 de
2554 4683 2771 4748 hostiis,
2808 4699 2908 4737 seu
2929 4679 3166 4753 panibus
3194 4679 3265 4733 ad
3306 4677 3531 4754 missam.
3549 4668 3662 4750 οξῖθ·

447 4740 631 4793 cuuda
658 4743 748 4793 (lle
769 4743 1098 4793 Novembris
1127 4747 1255 4793 insti
1267 4751 1436 4793 missa
1466 4751 1519 4793 in
1539 4770 1639 4793 gnn
1670 4757 2007 4793 mnnncfnrin
2113 4757 2302 4793 vnndie
2318 4756 2651 4793 intollinitnr
2669 4774 2678 4785 -
2700 4754 2973 4793 cinnialnrn
2989 4752 3243 4793 mnnnrhi
3260 4750 3360 4793 insi
3391 4748 3442 4793 in
3460 4746 3661 4793 DI'ISUBO

447 4740 631 4823 cunda
658 4742 748 4796 die
769 4743 1098 4837 vaemjbris
1126 4747 1436 4837 instituisse
1464 4751 1522 4834 in
1538 4770 1639 4837 suo
1670 4757 2027 4837 monasterio.
2113 4740 2679 4826 reddisintelligitur:
2700 4740 2974 4825 siquidem
2989 4750 3363 4837 monacliiipsi
3391 4748 3446 4801 in
3460 4740 3661 4818 pristino

446 4812 607 4899 cujus
628 4815 894 4899 exemplq
922 4818 995 4899 ad
1046 4825 1279 4899 crateras
1302 4822 1583 4899 ecclesias
1608 4825 1725 4899 haec
1750 4826 2031 4899 institutio
2112 4827 2386 4899 singulari
2421 4812 2606 4881 studio
2632 4812 2889 4899 farinam,
2925 4831 3012 4899 etc
3042 4824 3157 4899 ,__ad
3190 4812 3295 4876 hoc
3312 4812 3658 4899 opus'pml’a‘

445 4886 817 4965 promanavit.
852 4888 1222 4965 0dil_onisbac
1249 4891 1317 4944 de
1335 4909 1394 4945 re
1409 4895 1733 4951 constitutio
1752 4898 1811 4951 in
1831 4898 2031 4953 Biblio—
2111 4886 2331 4965 labant,
2364 4906 2429 4952 ut
2452 4898 2691 4952 vidimus
2706 4899 2765 4952 in
2779 4886 3016 4952 Constit.
3048 4894 3311 4963 Hirsaug.
3337 4886 3430 4945 lib.
3462 4886 3515 4942 Il.

442 4951 610 5010 theca
637 4957 993 5015 Cluniacensi
1040 4961 1192 5016 edita
1236 4968 1322 5016 est
1349 4970 1406 5018 et
1427 4965 1487 5020 in
1529 4973 1682 5023 tomo
1708 4968 1736 5022 Ι
1763 4951 2029 5024 saeculirvl

1775 5150 1946 5211 Finis
1991 5149 2141 5211 libri
2174 5149 2409 5231 primis.
