3886 6172
193 194 317 255 1249
1367 180 1782 240 DISCIPLINA
1818 178 2239 235 FARFENSIS.
3303 177 3442 236 1250

186 337 2806 372 ___________________________

1234 475 1614 574 LIBER
1697 471 2366 571 SECUNDUS.

192 820 243 865 IN
275 818 668 873 QUOTIDIANIS
712 817 924 863 DIEBUS
957 816 1404 863 PROCURANDUM
1450 809 1726 861 SECUNDU

1917 788 2071 843 ibent
2098 787 2157 843 in
2186 788 2483 843 altitudine
2512 793 2788 845 staturam
2818 791 3060 848 hominis
3089 799 3360 866 quantum
3391 813 3451 853 se

605 897 887 943 REGULAM
916 900 967 943 s.
1004 896 1350 942 BENEDICTI.
1856 883 2042 950 potest
2064 878 2362 932 extendere
2392 895 2568 950 usque
2589 881 2659 933 ad
2677 881 3061 938 summitatem
3090 884 3285 958 digiti;
3314 888 3448 941 lati-

590 983 659 1035 1n
682 983 886 1048 primis
912 982 1133 1033 τηεινίσε
1161 980 1362 1032 dictus,
1858 967 2072 1022 tudinis
2100 985 2230 1022 vero
2262 968 2430 1038 pedes
2460 969 2600 1023 duos
2618 975 2675 1024 et
2702 971 2991 1027 semissem
3014 990 3215 1032 unum.
3247 976 3451 1032 Altitu-

198 1068 452 1139 Quisquis
479 1068 551 1123 ad
582 1073 854 1122 mtemum
884 1067 1098 1122 mavult
1141 1065 1514 1121 conscendere
1540 1076 1778 1133 regnum
1861 1057 2009 1111 diuis
2029 1074 2319 1112 murorum
2348 1057 2543 1128 viginti
2573 1064 2629 1113 et
2659 1066 2773 1114 tres
2792 1062 3216 1132 pedes.Latrina
3235 1072 3458 1137 septua-

256 1156 432 1212 Debet
448 1157 520 1211 ad
548 1157 884 1227 astrigerum
916 1163 1107 1211 mente
1136 1155 1325 1210 subire
1349 1154 1600 1227 paulum,
1862 1147 2023 1218 ginta
2052 1146 2221 1218 pedes
2246 1147 2636 1217 longitudinis,
2666 1149 2981 1205 latitudinis
3012 1153 3207 1223 viginti
3238 1161 3295 1210 et
3316 1161 3451 1225 tres;
3514 1175 3525 1187 '

210 1246 511 1317 Reliigione
528 1246 621 1318 pia
646 1246 769 1301 vitae
801 1245 1124 1317 perquirere
1152 1245 1372 1310 callem,
1866 1238 2017 1291 sellae
2034 1251 2103 1292 xl.
2133 1243 2190 1291 et
2217 1237 2465 1308 quinque
2494 1238 2552 1291 in
2581 1239 2704 1310 ipsa
2731 1240 2897 1295 domo
2926 1242 3195 1298 ordinatae
3218 1250 3369 1311 sunt,
3402 1250 3460 1300 et

258 1335 538 1390 Scandere
568 1352 677 1407 quo
705 1337 890 1390 valeat
919 1351 1092 1389 aurea
1112 1351 1288 1405 regna
1314 1333 1481 1388 celer.
1870 1343 1972 1398 per
2000 1343 2458 1398 unamquamque
2486 1329 2680 1383 sellam
2720 1335 2913 1401 aptata
2943 1338 3029 1385 est
3056 1332 3365 1388 fenestrula
3400 1336 3461 1389 in

202 1426 287 1479 Est
319 1426 611 1479 monachis
634 1442 770 1480 usus
804 1424 1091 1479 Benedicti
1113 1423 1228 1477 vita
1255 1422 1551 1494 Patrisque
1869 1433 2033 1471 muro
2059 1415 2374 1471 altitudinis
2409 1418 2579 1488 pedes
2623 1419 2780 1484 duos,
2817 1420 3132 1476 latitudinis
3169 1423 3463 1479 semissem

197 1514 454 1569 Perfectis
481 1515 649 1586 plano
680 1520 738 1569 et
765 1514 923 1568 suavi
950 1512 1179 1567 tramite
1207 1512 1357 1575 vita;
1872 1522 2083 1572 unum;
2117 1511 2175 1560 et
2202 1522 2373 1577 super
2408 1506 2559 1577 ipsas
2601 1509 2829 1563 sellulas
2878 1511 3220 1582 compositas
3249 1522 3465 1568 struem

199 1605 400 1674 Aspera
431 1603 526 1657 sed
558 1603 745 1674 pueris
775 1618 994 1656 necnon
1020 1600 1301 1655 tironibus
1330 1604 1457 1654 arta
1874 1595 2176 1665 lignorum,
2211 1601 2268 1649 et
2301 1612 2471 1666 super
2514 1597 2694 1667 ipsam
2750 1602 3228 1657 constructionem
3279 1604 3465 1676 ligno-

261 1692 411 1756 Quos
439 1691 583 1746 aluit
608 1691 827 1762 gremio
857 1692 1040 1745 lactea
1068 1690 1183 1744 vita
1209 1689 1325 1744 diu.
1873 1700 1998 1738 rum
2028 1684 2190 1739 factae
2232 1692 2366 1740 sunt
2392 1686 2650 1741 fenestrae
2681 1688 2874 1744 decem
2909 1696 2966 1744 et
2992 1696 3228 1762 septem,
3267 1694 3463 1749 altitu-

202 1781 452 1835 Patribus
488 1799 524 1835 a
551 1781 759 1836 nostris
796 1780 856 1835 in
886 1796 1043 1834 sacro
1073 1778 1322 1833 carmine
1342 1776 1483 1848 legis
1873 1773 2023 1828 diuis
2050 1781 2167 1829 tres
2196 1775 2387 1846 pedes.
2439 1776 2754 1831 latitudinis
2794 1779 2994 1849 pedem
3040 1785 3097 1835 et
3148 1782 3458 1838 semissem.

201 1870 320 1923 Haec
349 1876 440 1924 est
467 1869 577 1924 vita
605 1869 787 1933 bonis,
812 1886 1029 1924 necnon
1053 1874 1111 1922 et
1138 1884 1337 1922 norma
1356 1865 1589 1920 salutis:
1876 1862 2306 1918 Calefactorium
2332 1881 2436 1918 xxv
2452 1866 2620 1936 pedes
2640 1867 2971 1934 latitudinis,
2989 1870 3297 1942 eademque
3318 1888 3470 1927 men-

204 1959 323 2013 Hazc
348 1958 496 2012 bene
526 1965 781 2013 materno
806 1964 968 2012 natos
998 1957 1239 2027 castigat
1266 1971 1477 2021 amore,
1805 2021 1850 2030 _
1875 1967 2010 2006 sura
2031 1953 2415 2024 longitudinis.
2457 1959 2495 2008 Λ
2522 1955 2700 2024 jauua
2717 1957 2965 2012 ecclesiae
2980 1975 3158 2030 usque
3178 1961 3468 2016 adostium

265 2048 472 2118 Arguit
499 2048 781 2113 erudiens,
813 2052 871 2102 et
894 2047 1017 2101 sine
1040 2021 1173 2101 felle
1191 2061 1425 2099 manens
1455 2060 1469 2096 :
1805 2021 1853 2081 B
1880 2021 2220 2096 calefactorii
2248 2044 2419 2114 pedes
2474 2021 2639 2100 Lxxv.
2687 2021 3082 2102 Refectorium.
3104 2049 3473 2119 longitudinis

267 2135 463 2191 Librat
487 2143 546 2191 et
574 2137 885 2208 aequiparat
912 2140 970 2190 et
998 2135 1338 2190 moderando
1368 2133 1548 2187 minat
1578 2150 1589 2185 :
1880 2131 2051 2202 pedes
2087 2146 2176 2198 xc,
2230 2132 2548 2187 latitudinis
2610 2149 2737 2196 xxv,
2778 2135 3136 2191 altitudinem
3180 2155 3474 2194 murorum

206 2225 423 2295 Arguit,
458 2225 731 2292 obsecrat,
755 2225 1011 2296 increpat
1048 2231 1218 2295 atque
1247 2223 1489 2277 libenter
1515 2220 1794 2276 emendat.
1880 2234 2039 2274 xxm.
2076 2221 2357 2277 Fenestrae
2385 2222 2593 2288 vitreae,
2627 2241 2749 2295 qua:
2779 2224 2839 2279 in
2868 2242 2933 2280 eo
2980 2232 3112 2282 sunt
3140 2244 3207 2282 ex
3235 2234 3477 2302 utraque

270 2314 454 2369 Debet
473 2320 532 2369 et
558 2314 796 2369 ulterius
825 2314 983 2369 nulla
1008 2314 1247 2368 lavanda
1275 2312 1412 2383 pati,
1883 2314 2044 2381 parte
2074 2315 2220 2373 octo,
2243 2317 2300 2366 et
2329 2328 2523 2367 omnes
2552 2313 2764 2368 habent
2792 2314 3109 2371 altitudinis
3136 2317 3308 2388 pedes
3327 2336 3379 2386 v,
3398 2320 3476 2373 la-

274 2404 344 2457 Et
372 2404 467 2457 via
494 2420 595 2472 per
612 2403 861 2458 medium
892 2402 1051 2473 regia
1077 2403 1249 2457 ducat
1277 2418 1427 2456 eum.
1884 2398 2145 2454 titudinis
2173 2404 2308 2454 tres.
2346 2401 2601 2472 Coquina
2647 2404 2924 2473 regularis
2960 2422 3063 2459 xxx
3091 2407 3263 2477 pedes
3292 2409 3478 2480 longi-

269 2493 593 2547 Hortantur
610 2509 780 2547 sacra:
808 2492 1002 2547 munia
1027 2491 1168 2562 legis
1202 2508 1331 2545 eum
1362 2509 1375 2544 :
1885 2489 2100 2554 tudine,
2133 2494 2191 2543 et
2218 2490 2516 2545 latitudine
2536 2506 2660 2546 xxv.
2677 2492 2930 2564 Coquina
2956 2494 3230 2551 laicorum
3259 2498 3481 2552 eadem-

277 2582 561 2637 Scandere
580 2589 715 2636 tunc
735 2582 941 2653 poterit
956 2598 1131 2652 regna
1150 2580 1318 2634 beata
1339 2579 1454 2651 poli
1889 2594 1998 2648 que
2024 2593 2308 2633 mensura.
2336 2580 2562 2647 Cellarii
2596 2597 2727 2635 vero
2752 2582 3042 2653 longitudo
3071 2598 3203 2651 Lxx,
3240 2586 3481 2641 latitudo

211 2670 484 2742 Quisquis
512 2675 667 2725 amat
694 2670 894 2725 rutilos
915 2675 1238 2725 sanctorum
1267 2684 1499 2740 carpere
1533 2667 1768 2734 fructus,
1889 2680 1965 2721 ιχ
1990 2667 2180 2737 pedes.

275 2760 555 2815 Noctibus
578 2760 637 2814 in
665 2760 880 2814 cunctis
904 2759 1256 2813 consocietur
1280 2759 1361 2813 eis
1383 2801 1395 2822 ,
1459 2754 1462 2757 ’
1963 2756 2461 2827 Eleemosynarum
2483 2758 2688 2830 quippe
2714 2760 2855 2814 cella
2883 2762 3052 2832 pedes
3080 2763 3398 2819 latitudinis
3425 2783 3478 2832 x,

206 2850 466 2905 Moribus
486 2865 518 2903 ο
548 2859 715 2904 natus
740 2854 795 2903 et
816 2853 969 2903 casto
997 2864 1229 2919 corpore
1252 2852 1508 2919 comptus
1890 2844 2262 2914 longitudinis
2278 2847 2447 2906 Lx.ad
2462 2847 2890 2903 similitudinem
2913 2851 3227 2908 latitudinis
3248 2854 3483 2909 cellarii.

280 2938 483 3004 Vivat,
506 2944 565 2992 et
590 2955 625 2992 a
652 2937 890 2992 Domino
919 2953 1143 3007 semper
1170 2941 1390 2991 amatus
1421 2936 1529 2990 erit
1893 2934 2111 2988 Galilea
2138 2933 2259 3005 (44)
2282 2936 2651 3006 longitudinis
2694 2951 2797 2991 va
2827 2940 2996 3009 pedes
3043 2947 3099 2996 et
3145 2942 3269 2998 dure
3301 2948 3485 2998 turres

204 3029 289 3085 Sit
319 3029 555 3094 tacitus,
580 3027 831 3087 humilis,
859 3026 1189 3081 mitissimus
1219 3032 1389 3096 atque
1417 3025 1692 3096 benignus
1725 3041 1737 3077 :
1894 3023 2071 3094 ipsius
2111 3024 2338 3079 Galileae
2363 3026 2422 3079 in
2447 3025 2630 3080 fronte
2657 3028 2975 3083 constitutas
3000 3047 3013 3097 ;
3047 3036 3102 3084 et
3127 3031 3487 3103 subteripsas

274 3119 366 3173 Sit
388 3118 633 3189 patiens,
668 3115 906 3182 sobrius,
939 3115 1205 3187 providus
1230 3120 1399 3185 atque
1423 3114 1571 3185 pius.
1897 3112 2106 3167 atrium
2127 3118 2213 3167 est
2242 3113 2336 3167 ubi
2365 3114 2495 3168 laici
2524 3120 2695 3182 stant,
2711 3122 2776 3170 ut
2794 3133 2906 3171 non
2931 3118 3239 3190 impediant
3262 3137 3488 3192 proces-

205 3208 425 3263 Indolis
452 3213 512 3260 et
537 3206 753 3271 docilis,
784 3205 1009 3276 sapiens
1030 3209 1087 3259 et
1119 3209 1306 3258 mente
1334 3203 1593 3274 pusillus,
1898 3201 2136 3257 sionem.
2167 3203 2215 3256 A
2249 3207 2412 3272 porta
2442 3203 2752 3258 meridiana
2775 3221 2955 3277 usque
2984 3208 3056 3261 ad
3085 3214 3306 3279 portam
3334 3209 3492 3280 aqui-

275 3298 694 3367 Compunctus,
718 3294 970 3366 placidus
1002 3298 1060 3348 et
1077 3292 1420 3348 benecautus
1449 3296 1560 3347 eat.
1899 3288 2175 3344 lonariam
2200 3291 2369 3361 pedes
2387 3304 2622 3348 CCLxxx.
2641 3293 2912 3348 Sacristia
2928 3295 3096 3364 pedes
3120 3296 3492 3367 longitudinis

204 3386 435 3441 Excitat
463 3385 683 3438 interea
710 3382 892 3438 cordis
916 3382 1270 3453 compunctio
1298 3384 1531 3448 fontem,
1832 3407 1882 3471 Ο
1901 3390 2013 3433 Lvn
2043 3396 2171 3433 cum
2223 3385 2380 3434 turre
2427 3397 2550 3453 quae
2578 3381 2636 3437 in
2668 3383 2851 3454 capite
2882 3384 3005 3455 ejus
3051 3386 3357 3440 constituta
3385 3395 3490 3440 est.

273 3476 393 3540 Qui
425 3474 625 3528 sordes
647 3472 847 3527 animae
874 3472 1205 3543 illuviesque
1227 3470 1374 3525 lavet
1848 3468 1870 3471 ⁷
1904 3468 2228 3523 Oratorium
2267 3474 2474 3524 sancta:
2510 3471 2695 3528 Marias.
2732 3473 3100 3543 longitudinis
3146 3489 3255 3528 XLV
3302 3476 3490 3546 pedes,

206 3564 542 3619 Chrismate
572 3562 796 3632 perfuso
828 3561 1243 3631 :lacrymarum
1273 3558 1418 3614 fusio
1446 3557 1659 3621 fontis.,
1904 3556 2227 3612 latitudinis
2284 3573 2376 3626 xx,
2437 3576 2732 3615 murorum
2769 3562 3086 3617 altitudinis
3122 3577 3262 3620 χχιιι
3303 3565 3496 3635 pedes.

274 3652 631 3723 Equiparat
658 3650 927 3716 maculas,
955 3648 1128 3719 tergit
1156 3653 1220 3702 ut
1242 3648 1337 3702 ille
1364 3647 1554 3719 nigras
1905 3646 2098 3700 Prima
2127 3648 2331 3703 cellula
2357 3648 2711 3704 inﬁrmorum
2737 3651 3096 3706 latitudinem
3127 3668 3270 3708 xxvu
3303 3654 3495 3725 pedes,

204 3742 437 3812 Tergit,
475 3747 533 3793 et
563 3738 783 3793 ablutos
812 3737 1061 3809 paradisi
1091 3736 1196 3791 rite
1220 3738 1445 3792 colonos
1904 3735 2316 3806 longitudinem
2337 3752 2444 3791 xxv
2457 3755 2586 3792 cum
2606 3739 2766 3793 lectis
2796 3745 2920 3795 octo
2947 3747 3004 3796 et
3028 3742 3245 3797 cellulis
3266 3744 3501 3798 totidem

275 3829 501 3892 Efﬁcit,
534 3832 599 3882 ut
620 3826 828 3880 habeat
845 3827 966 3896 jam
993 3825 1113 3880 sine
1136 3826 1248 3880 ﬁne
1267 3825 1414 3880 cives
1906 3823 1967 3879 in
1988 3825 2264 3895 porticum
2282 3827 2446 3896 juxta
2474 3844 2701 3882 murum
2721 3828 2898 3899 ipsius
2927 3831 3144 3885 cellulae
3173 3832 3243 3886 de
3266 3832 3422 3899 foris,
3446 3837 3505 3886 et

206 3919 321 3984 Qui
347 3917 584 3990 jugiter
611 3915 799 3970 laudis
826 3914 1044 3986 possint
1073 3914 1392 3986 persolvere
1415 3918 1626 3984 grates,
1911 3914 2161 3968 claustra
2190 3915 2469 3985 praedicta:
2498 3918 2711 3971 cellulae
2738 3918 2909 3972 habet
2965 3920 3280 3974 latitudinis
3333 3921 3504 3991 pedes

276 4008 505 4063 Vivere
533 4021 663 4060 cum
684 4004 921 4059 Domino
952 4020 1192 4075 semper,
1224 4008 1283 4057 et
1305 4020 1429 4058 esse
1457 4019 1585 4060 suo.
1912 4002 2228 4058 duodecim.
2260 4004 2515 4059 Secunda
2541 4006 2744 4060 cellula
2768 4006 3029 4061 similiter
3056 4025 3158 4078 per
3187 4008 3378 4062 omnia
3418 4014 3506 4064 est

754 4092 989 4149 CAPUT
1013 4093 1319 4148 PRIMUM.
1914 4093 2390 4162 coaptata,Tertia
2412 4093 2721 4165 eodemque
2749 4095 2935 4149 modo.
2971 4095 3245 4150 Similiter
3265 4096 3436 4151 etiam
3449 4103 3507 4153 et

199 4189 281 4244 De
331 4188 628 4257 positione
681 4199 775 4237 seu
831 4184 1249 4237 mensuratione
1294 4183 1654 4249 ofﬁcinarum
1706 4177 1830 4246 (43).
1917 4186 2135 4250 quarta.
2171 4181 2379 4245 Quinta
2407 4182 2481 4236 sit
2504 4182 2689 4237 minor
2719 4182 2814 4237 ubi
2834 4184 3167 4239 conveniant
3194 4185 3406 4240 inﬁrmi
3435 4186 3508 4241 ad

277 4274 559 4332 Ecclesia
576 4271 945 4343 longitudinis
967 4284 1069 4325 cxr.
1098 4271 1287 4342 pedes.
1317 4269 1650 4325 Altitudinis
1678 4284 1752 4325 χι,
1779 4275 1837 4324 et
1918 4269 2221 4324 lavandum
2257 4270 2429 4341 pedes
2457 4270 2547 4325 die
2593 4270 2955 4327 sabbatorum
2986 4289 3001 4325 :
3037 4274 3124 4328 vel
3153 4273 3235 4328 illi
3280 4274 3505 4342 fratres,

202 4374 351 4435 tres,
389 4367 666 4421 fenestrae
688 4363 880 4418 vitreae
905 4378 1028 4417 CLX.
1051 4362 1374 4433 Capitulum
1395 4374 1468 4416 χιι
1502 4368 1559 4416 et
1589 4362 1836 4433 quinque
1921 4356 2016 4428 qui
2064 4359 2216 4412 exuti
2278 4358 2383 4429 (45)
2427 4364 2561 4414 sunt
2614 4360 2685 4414 ad
2714 4360 3070 4415 mutandum.
3106 4362 3275 4417 Sexta
3308 4363 3511 4417 cellula

200 4459 398 4531 pedes
430 4453 826 4525 longitudinis,
869 4451 1186 4506 latitudinis
1217 4466 1330 4505 xxx
1360 4456 1419 4506 et
1449 4457 1692 4523 quatuor
1723 4469 1734 4504 :
1769 4451 1842 4506 ad
1922 4453 2240 4518 praeparata
2268 4448 2341 4502 sit
2362 4448 2459 4503 ubi
2481 4449 2674 4503 famuli
2706 4449 3010 4505 servientes
3039 4450 3150 4506 illis
3179 4451 3369 4506 lavent
3389 4469 3513 4508 scu-

202 4546 519 4603 orientem
548 4543 808 4596 fenestra;
840 4545 1119 4611 quatuor;
1153 4545 1353 4594 contra
1379 4540 1842 4611 septemtrionem
1923 4536 2109 4601 tellas,
2140 4541 2198 4590 et
2222 4536 2413 4591 omnia
2437 4538 2720 4592 utensilia.
2756 4539 2924 4593 Juxta
2963 4539 3237 4595 Galileam
3258 4546 3514 4597 constru-

198 4644 332 4691 tres
361 4654 378 4703 ;
424 4637 634 4688 contra
662 4630 1010 4685 occidentem
1037 4628 1332 4683 duodecim
1361 4628 1641 4691 balcones,
1671 4635 1728 4683 et
1744 4646 1845 4700 per
1928 4630 2080 4679 ctum
2112 4625 2278 4680 debet
2308 4643 2431 4681 esse
2459 4627 2735 4698 palatium
2768 4628 3138 4698 longitudinis
3178 4644 3277 4685 ch
3321 4631 3513 4702 pedes,

204 4736 715 4793 unumquemque
737 4719 862 4774 duae
886 4718 1158 4773 columnae
1187 4717 1363 4773 afﬁxas
1400 4718 1461 4772 in
1491 4718 1590 4772 eis.
1609 4718 1846 4773 Audito-
1866 4712 2247 4793 “latitudinis
2267 4729 2376 4769 xxx
2395 4715 2464 4770 ad
2492 4716 2873 4787 recipiendum
2901 4734 3096 4772 omnes
3112 4720 3518 4790 supervenien-

196 4817 373 4871 rium
398 4827 522 4866 xxx
542 4808 712 4880 pedes
725 4807 1095 4878 longitudinis
1113 4826 1125 4874 ;
1143 4824 1368 4861 camera
1382 4823 1512 4861 vero
1537 4807 1847 4878 nonaginta
1868 4802 1917 4823 “'
1929 4807 2014 4856 tes
2030 4802 2286 4857 homines
2309 4804 2405 4874 qui
2424 4820 2551 4858 cum
2568 4804 2849 4875 equitibus
2866 4805 3291 4862 adventaverint
3319 4825 3520 4863 mona-

198 4903 402 4977 pedes
440 4896 839 4968 longitudinis.
874 4895 1280 4950 Dormitorium
1329 4895 1699 4965 longitudinis
1738 4910 1842 4953 CLX
1928 4891 2210 4946 sterio.Ex
2229 4909 2344 4947 una
2373 4898 2535 4964 parte
2561 4892 2741 4963 ipsius
2759 4894 2960 4948 domus
2980 4901 3435 4968 suntpraeparata
3449 4911 3520 4950 Lx

193 4994 431 5067 pedes,
476 4985 798 5041 latitudinis
827 5001 940 5039 xxx
969 4990 1027 5039 et
1054 4989 1331 5067 quatuor:
1367 4999 1562 5039 omnes
1602 5002 1732 5039 vero
1761 4985 1844 5041 fe-
1927 4981 2072 5035 lecta
2100 4986 2159 5035 et
2180 4981 2415 5036 totidem
2448 4982 2664 5054 pulvilli
2693 4999 2759 5038 ex
2806 4984 2996 5055 pallio,
3040 4984 3137 5039 ubi
3165 4985 3522 5055 requiescant

195 5088 449 5139 ηεειι-εε
471 5074 667 5129 vitreae
685 5090 807 5145 qua:
827 5073 886 5127 in
915 5090 980 5128 eo
996 5079 1132 5128 sunt
1148 5070 1218 5127 xc
1242 5078 1300 5128 et
1319 5078 1554 5144 septem,
1574 5078 1633 5128 et
1653 5090 1848 5129 omnes
1930 5070 2035 5124 viri
2063 5076 2306 5138 tantum,
2330 5087 2457 5125 cum
2488 5071 2709 5126 latrinis
2737 5088 2824 5128 XL.
2852 5072 2930 5127 Ex
2956 5073 3069 5126 alia
3088 5088 3331 5144 namque
3358 5077 3520 5143 parte

277 5222 421 5294 (43)
459 5217 793 5294 Capitulum
822 5215 930 5294 hgc
966 5214 1025 5294 in
1064 5213 1449 5294 duobusmss.
1474 5215 1847 5294 desideratur.
1937 5285 1949 5294 _
2256 5215 2937 5294 legen_dum,_non_e_a:ust_i,
2970 5215 3206 5294 ut_alius
3225 5213 3394 5294 codex
3416 5214 3521 5294 ha:-

192 5285 303 5354 De.
321 5285 709 5349 monasterio
744 5285 1019 5353 Farfensi,
1060 5287 1299 5413 intelligi
1328 5287 1495 5341 debet
1523 5293 1587 5342 ut
1614 5288 1854 5343 habetur
1937 5285 2048 5341 bet.
2070 5285 2211 5340 Vide
2238 5288 2530 5341 annalium
2561 5287 2848 5341 Benedict.
2876 5292 3009 5340 tom.
3036 5286 3107 5350 II,
3144 5302 3271 5356 pag.
3290 5286 3521 5349 570,ubi

193 5363 550 5413 annalium
578 5359 860 5413 Benedict.
896 5364 1032 5413 tom.
1066 5358 1162 5413 1V.
1302 5375 1395 5412 an.
1433 5356 1588 5413 1009.
1936 5357 2108 5411 habes
2149 5358 2585 5413 delineationem
2636 5357 2880 5413 antiquae
2928 5356 3153 5412 fabricae
3195 5357 3521 5412 monasterii

192 5363 550 5426 annalium
578 5359 860 5414 Benedict.
896 5364 1032 5413 tom.
1066 5358 1162 5426 1V,
1202 5356 1273 5413 ad
1302 5375 1395 5412 an.
1433 5356 1588 5415 1009.
1936 5357 2108 5411 habes
2149 5358 2585 5414 delineationem
2636 5357 2880 5427 antiquae
2928 5356 3153 5412 fabrica
3195 5357 3521 5412 monasterii

280 5439 420 5510 (44)
463 5432 546 5510 Id_
569 5437 672 5510 est,
697 5434 960 5510 porticus.
995 5430 1123 5486 Ital.
1150 5431 1374 5488 Galeria
1394 5431 1607 5486 Μαῡίιι.
1638 5432 1704 5487 de
1724 5433 1859 5488 navi
1938 5429 2129 5485 Sancti
2158 5429 2324 5484 Galli.

195 5505 489 5571 ecclesia
523 5505 942 5572 interpretatur.
