3950 6168
278 284 433 342 1258
1488 273 1891 335 BISOIPLINA

1977 273 2368 337 'ARFENSIS.
3426 274 3565 333 1964

250 398 651 482 'prosternant
693 422 755 463 se
782 405 951 461 simul
978 404 1227 480 pontifex
1255 408 1312 458 et
1341 402 1437 475 qui
1460 401 1535 456 ab
1564 417 1629 455 eo
1658 398 1887 455 benedi-
1909 400 1951 457 A
1968 398 2209 480 tingere.
2242 398 2523 455 Staminia
2549 397 2655 475 (i8)
2687 399 2857 454 talem
2893 398 3062 469 debet
3100 414 3423 479 mensuram
3463 400 3567 457 ha-

285 499 499 553 cendus
528 501 615 551 est
640 494 832 558 abbas,
882 494 1271 567 incipiuntque
1303 492 1398 564 qui
1439 491 1496 544 in
1537 488 1709 575 choro
1736 493 1892 542 stant
1971 483 2103 567 bere
2134 493 2215 567 .ut
2281 488 2458 559 possit
2507 486 2709 541 callum
2774 487 2929 557 pedis
2986 487 3170 541 cincta
3224 487 3564 558 pertingere.

283 593 502 658 septem
543 583 957 656 poenitentiales
992 584 1258 656 psalmos,
1308 580 1711 651 subjungentes
1758 578 1888 632 lita-
1970 575 2245 655 Similiter
2273 582 2463 629 autem
2502 576 2647 630 sicut
2681 577 2914 631 cucullis
2953 575 3149 631 subtus
3177 582 3442 647 apertura
3472 593 3567 633 cu-

284 676 442 732 niam
496 691 609 728 non
663 674 958 745 prolixam,
1021 672 1118 725 sed
1172 670 1275 724 sub
1328 670 1619 723 brevitate.
1658 666 1888 743 Quibus

283 764 540 819 decursis
582 764 716 817 dum
762 761 1124 815 novissimum
1172 762 1336 829 Kyrie
1383 762 1581 812 cleison
1624 756 1885 820 dixerint,

283 861 348 908 et
367 853 679 908 orationem
697 849 1044 905 Dominicam
1064 848 1439 920 impleverim.
1465 846 1642 916 erigat
1662 862 1721 898 se
1736 844 1887 898 solus

283 942 553 1014 pontifex,
600 946 881 1011 prostrato
931 956 997 992 co
1051 938 1147 1009 qui
1196 936 1608 991 benedicendus
1655 940 1757 997 est,
1808 934 1888 987 ita

283 1029 459 1096 dicat,
475 1030 543 1083 Et
560 1046 624 1082 ne
643 1045 737 1082 nos
761 1029 991 1081 inducas
1013 1029 1077 1079 in
1104 1026 1480 1102 tentationcm.
1498 1025 1633 1094 Cap.
1657 1023 1887 1077 Salvum

281 1122 379 1189 fac
404 1135 625 1172 servum
667 1123 845 1171 tuum.
880 1117 1031 1170 Mitte
1063 1118 1131 1168 ei.
1177 1115 1280 1169 Hic
1306 1116 1532 1181 accipiet
1565 1113 1889 1189 benedictio-

286 1225 438 1263 nem.
469 1208 719 1273 Domine,
743 1207 963 1259 exaudi.
993 1206 1263 1259 Dominus
1288 1204 1584 1256 vobiscum.
1609 1200 1744 1255 Inde
1765 1198 1892 1253 sub-

1970 648 2089 741 bito
2115 665 2469 722 terminatur.

2043 753 2323 825 Capitium
2372 754 2578 808 habeat
2626 754 2823 825 pedem
2865 753 3172 823 integrum.
3214 755 3476 811 Similiter
3512 762 3571 811 et

1968 852 2194 905 manica
2243 857 2403 921 parte
2456 849 2685 915 latiori;
2737 857 2932 904 contra
2977 868 3206 906 manum
3255 869 3404 919 vero,
3455 869 3567 924 quo

1970 956 2203 993 manare
2251 940 2412 1002 solet,
2467 939 2779 1009 angustior,
2813 957 2843 993 e
2888 940 3075 994 radice
3118 941 3339 1011 pollicis
3387 957 3566 1013 usque

1971 1029 2276 1083 terminum
2308 1028 2507 1083 indicis
2535 1028 2885 1083 extendatur.
2919 1028 3172 1099 Corrigia
3191 1046 3302 1101 qua
3325 1030 3570 1100 cingitur

1972 1118 2239 1172 staminis
2258 1123 2557 1189 postquam
2580 1117 2751 1171 fuerit
2772 1115 2913 1171 bene
2946 1122 3187 1182 extenta,
3212 1118 3568 1173 latitudinem

1972 1206 2030 1264 in
2080 1224 2139 1261 se
2184 1207 2403 1277 pollicis
2444 1206 2668 1260 habeat.
2710 1206 3015 1260 Cultellum
3062 1206 3212 1261 inter
3253 1204 3462 1262 ferrum
3513 1214 3572 1265 et

281 1303 561 1368 sequatur
591 1294 922 1349 benedictio.
947 1294 1181 1348 Concede
1210 1308 1521 1367 quaesumus
1550 1293 1891 1357 omnipotens

282 1387 450 1445 Deus,
480 1390 544 1438 ut
572 1386 875 1452 famulum.
897 1385 1232 1440 Cunctorum
1259 1384 1547 1434 institutor
1572 1381 1730 1433 Deus.
1760 1378 1888 1432 0m-
1971 1383 2101 1438 beat
2128 1385 2327 1456 pedem
2354 1384 2676 1440 dimidium.
2716 1385 3029 1439 Femoralia
3056 1401 3178 1457 quae
3207 1392 3433 1441 sanctus
3462 1388 3569 1443 Be-

283 1458 541 1542 nipotens
558 1474 1037 1542 sempiterneDcus
1056 1467 1886 1540 afﬂuentemspiritum.Susci-
1968 1474 2227 1529 nedictus
2274 1472 2548 1527 concessit
2592 1474 2700 1528 iter
2730 1473 3025 1543 agentibus
3065 1474 3214 1546 (quia
3240 1491 3388 1529 nunc
3421 1481 3569 1530 tem-

276 1566 402 1631 piat
436 1568 481 1616 te
512 1565 778 1630 largiente
806 1563 978 1622 hodie,
1010 1562 1261 1615 Domine.
1300 1561 1435 1612 Deus
1471 1561 1563 1612 cui
1590 1560 1768 1611 omnis
1795 1572 1888 1623 po-
1968 1563 2121 1636 poris
2168 1563 2447 1618 inceptum
2502 1570 2588 1616 est
2633 1562 2748 1633 qui,
2799 1564 2883 1616 vel
2932 1563 3084 1634 quali
3138 1569 3390 1635 tempore
3435 1565 3570 1622 foris

283 1656 449 1706 testas
471 1657 519 1705 et
544 1638 804 1718 dignitas.
836 1651 1102 1705 Omnium
1119 1651 1258 1703 Deus
1280 1650 1405 1716 fons
1427 1644 1693 1701 bonorum
1715 1650 1941 1721 jus!0—_
1968 1652 2287 1716 mittantur,
2340 1651 2601 1705 omnibus
2648 1652 3049 1721 conceduntur)
3108 1653 3297 1707 taliter
3346 1671 3571 1711 mensu.

282 1756 543 1809 rumque.
567 1740 689 1804 Qua
706 1738 1061 1793 solemnitate
1090 1739 1309 1809 expleta
1331 1737 1565 1808 incipiat
1591 1714 1947 1809 episcopusB
1966 1746 2180 1802 rentur,
2225 1746 2288 1793 ut
2331 1739 2390 1792 in
2438 1739 2788 1809 longitudine
2835 1739 3085 1813 corporis
3127 1740 3344 1812 possint
3374 1758 3568 1797 conve~

279 1834 387 1884 aut
412 1845 559 1883 unus
590 1846 656 1883 ex
703 1827 999 1882 abbatibus
1031 1827 1126 1899 qui
1169 1827 1455 1881 adfuerint
1483 1825 1701 1880 excelsa
1731 1841 1881 1903 voce,
1966 1827 2188 1882 nienter
2230 1826 2435 1897 aptari,
2488 1826 2786 1881 latitudine
2825 1844 2952 1881 vero
2983 1843 3112 1898 pars
3140 1832 3380 1897 utraque
3426 1820 3573 1885 sicut

285 1920 359 1972 Te
398 1920 572 1973 Deum
622 1920 951 1991 Laudamus.
1005 1918 1329 1971 Statuentes
1361 1932 1489 1970 eum
1540 1915 1597 1969 in
1642 1914 1885 1968 statione
1967 1934 2089 1970 esse
2113 1917 2255 1970 solet
2278 1917 2471 1988 dupla,
2500 1916 2769 1978 cubitum,
2792 1912 2971 1987 nsque
2994 1917 3060 1971 ad
3084 1918 3340 1987 pollicem
3366 1917 3571 1974 habeat

279 2008 372 2061 vel
412 2008 554 2069 loco.
585 2008 681 2079 qui
724 2006 913 2060 abbati
960 2006 1017 2061 in
1064 2007 1233 2060 choro
1264 2006 1566 2076 deputatus
1594 2010 1699 2079 est.
1743 2004 1882 2059 Cum
1961 2008 2082 2078 jam
2134 2012 2386 2070 consuta,
2430 2012 2494 2060 at
2538 2022 2667 2060 vero
2710 2005 2903 2077 caligae
2934 2006 3133 2077 pedem
3164 2006 3445 2076 integrum
3474 2014 3565 2062 Su-

278 2112 415 2149 vero
436 2096 507 2151 ad
519 2096 829 2151 secundum
844 2112 1063 2149 versum
1077 2100 1304 2148 ventum
1326 2094 1515 2154 fuerit,
1539 2093 1633 2148 ubi
1647 2093 1880 2147 dicitur:
1960 2095 2159 2168 perius
2177 2094 2433 2148 habeant
2437 2095 2557 2164 jam
2577 2102 2840 2160 consutis,
2865 2111 2987 2167 quae
3016 2094 3153 2149 (iant
3172 2095 3344 2173 etiam
3364 2096 3563 2180 longe,

285 2185 357 2239 Te
375 2190 644 2239 sternam
663 2187 881 2238 Patrem
903 2200 1085 2238 omms
1108 2190 1257 2237 terra
1280 2190 1596 2257 veneratur,
1615 2182 1887 2257 incipiant
1969 2191 2034 2239 ut
2071 2184 2381 2238 secundum
2413 2188 2696 2238 staturam
2748 2183 2990 2238 hominis
3024 2184 3190 2259 (quod
3219 2186 3278 2238 in
3308 2174 3568 2240 omnibus

278 2290 416 2328 eum
437 2274 681 2329 osculari
707 2272 891 2328 cuncti
916 2272 1120 2327 fratres
1145 2272 1595 2342 congregationis
1616 2288 1716 2343 per
1739 2272 1887 2326 ordi-
1965 2272 2387 2344 procurandum
2409 2278 2496 2327 est
2512 2272 2877 2342 vestimentis)
2899 2258 3155 2345 cruribus
3175 2258 3570 2330 conveniente?

279 2379 437 2428 nem,
461 2369 781 2417 reverenter
804 2360 1059 2437 petentes
1091 2361 1141 2414 ei
1164 2361 1405 2415 veniam.
1430 2354 1546 2414 Isto
1568 2361 1773 2435 quippe
1802 2377 1887 2415 or-
1968 2368 2253 2435 aptentur,
2300 2378 2424 2432 quae
2469 2362 2537 2415 de
2569 2377 2791 2415 summo
2820 2378 2997 2433 usque
3035 2361 3105 2435 ad
3148 2348 3348 2439 pedem
3380 2346 3571 2419 taliter

280 2451 416 2505 dine
438 2452 703 2506 revestire
720 2469 780 2506 se
796 2450 1003 2524 debent
1024 2447 1317 2521 episcopus
1338 2455 1394 2503 et
1412 2448 1584 2503 abbas
1605 2449 1662 2502 in
1682 2450 1787 2502 hac
1802 2466 1887 2502 or-
1968 2450 2445 2520 constringantur.
2479 2444 2544 2505 ut
2572 2466 2698 2504 cum
2733 2449 2992 2520 superius
3020 2450 3092 2504 ad
3130 2448 3327 2525 pedem
3361 2442 3571 2509 habent

278 2540 574 2595 dinatione
592 2540 752 2605 albis,
769 2540 927 2595 stolis
942 2546 999 2594 et
1016 2539 1227 2613 cappis,
1245 2536 1546 2611 teneatque
1568 2537 1885 2609 episcopus,
1967 2539 2271 2609 integrum,
2296 2538 2530 2594 inferius
2551 2539 2865 2593 dimidium.
2891 2539 3055 2593 Cesta
3082 2538 3192 2612 (49)
3224 2542 3416 2613 caligae
3436 2559 3566 2597 cum

278 2629 547 2682 baculum
561 2646 725 2682 suum
746 2627 803 2682 in
825 2646 1016 2691 manu,
1035 2636 1090 2682 et
1104 2629 1251 2682 idem
1269 2628 1498 2682 baculus
1510 2645 1675 2698 quem
1696 2628 1883 2682 abbati
1967 2628 2141 2683 fuerit
2175 2633 2369 2682 assuta
2396 2628 2562 2682 debet
2587 2644 2707 2682 esse
2737 2635 2852 2685 tam
2880 2628 3049 2700 longa
3073 2645 3186 2699 quo
3216 2618 3392 2701 possit
3418 2626 3569 2687 in‘tra

278 2716 1557 2787 debetdaresitjuxtaabbatem-intapete.dum
1572 2722 1885 2787 prostratus
1960 2732 2220 2788 pugnum
2261 2716 2385 2770 ﬁeri
2427 2716 2749 2772 constricta.
2780 2716 3323 2790 Calcesaltitudine,
3365 2716 3570 2791 preter

273 2806 434 2876 jacet
452 2806 521 2859 ad
546 2806 1005 2879 consecrandum.
1035 2807 1408 2861 Consecratus
1432 2812 1620 2859 autem
1638 2805 1889 2875 accipiat
1962 2806 2203 2860 limbum
2231 2805 2327 2876 qui
2357 2806 2619 2869 assultur,
2651 2805 2859 2859 habeat
2883 2806 3084 2876 pedem
3112 2807 3409 2862 dimidium
3433 2827 3444 2862 :
3471 2826 3570 2864 an-

277 2910 415 2949 eum
443 2894 514 2948 de
542 2911 714 2949 manu
743 2894 988 2967 episcopi
1026 2895 1145 2948 haec
1174 2894 1342 2948 verba
1369 2893 1606 2949 dicentis
1642 2911 1654 2947 :
1698 2896 1888 2960 Accipe
1967 2894 2164 2951 teriori
2194 2911 2323 2949 vero
2352 2900 2513 2965 parte
2557 2894 2855 2949 latitudine
2894 2893 3201 2964 digitorum
3231 2890 3426 2954 nodos.
3458 2899 3567 2952 Pe-

279 2984 547 3038 bacutum
564 2986 862 3054 pastoralis
886 2986 1073 3051 ofﬁcii,
1098 2988 1159 3037 ut
1181 2986 1254 3037 sis
1284 2986 1345 3036 in
1372 2983 1710 3067 corrigendis
1735 2970 1887 3036 vitiis
1901 3023 1949 3086 ϐ
1970 2984 2130 3039 dates
2166 2984 2427 3038 similiter
2462 2983 2772 3039 mensurati
2816 2983 2948 3050 sint,
2986 2990 3051 3040 ut
3090 2985 3307 3056 possint
3334 2968 3569 3059 pedibus

276 3075 526 3137 sapiens;
540 3078 727 3127 etcum
737 3076 922 3127 iratus
932 3073 1522 3140 fuerismtisericordiw
1534 3074 1885 3126 memorcris.
1906 3071 1949 3086 ν
1968 3072 2318 3128 sufﬁcienter
2345 3071 2549 3143 aptari.

904 3161 1137 3215 CAPUT
1179 3161 1272 3215 IV.

644 3251 713 3305 De
741 3252 1193 3304 vestinwntormn
1234 3265 1523 3306 mensura.
2432 3250 2505 3303 De
2536 3251 2727 3318 priore
2757 3248 3103 3306 monasterii.
3180 3322 3183 3325 Ἴ

352 3336 703 3391 Vestimenta
733 3339 972 3392 fratrum
1002 3338 1171 3391 mittit
1206 3345 1433 3391 sanctus
1457 3337 1798 3392 Benedictus
1826 3338 1885 3393 in
2042 3338 2179 3393 Cum
2203 3337 2359 3409 prior
2376 3338 2548 3393 fuerit
2564 3339 2777 3393 electus
2790 3338 2862 3392 ab
2879 3340 3139 3395 omnibus
3157 3336 3572 3417 fratribuspost

279 3426 585 3497 prudentia
606 3426 846 3493 abbatis,
872 3427 1079 3481 ut'sint
1109 3432 1445 3481 mensurata.
1471 3427 1663 3490 Qualis
1692 3433 1884 3480 autem
1969 3426 2275 3497 capitulum
2290 3432 2525 3496 surgant
2545 3438 3000 3498 omneseantque
3022 3429 3078 3481 in
3102 3430 3567 3487 ecclesiam.Dein

280 3513 358 3567 sit
402 3515 502 3568 illa
546 3532 811 3570 mensura
851 3516 1161 3569 secundum
1211 3516 1441 3568 Patrum
1491 3514 1884 3569 difﬁnitionem
1969 3515 2170 3585 illequi
2194 3514 2443 3569 exiturus
2461 3514 2629 3569 estab
2646 3515 3164 3586 ipsoopere[ofﬁcio
3181 3518 3573 3589 prioris]dicat

1972 1295 2330 1350 manubrium
2360 1297 2533 1350 trium
2566 1296 2786 1365 adjecta
2815 1296 3110 1351 latitudine
3139 1296 3442 1366 digitorum
3473 1300 3570 1353 ha-

2597 3160 2833 3217 GAPUT
2862 3159 2936 3215 V.

281 3609 562 3677 quantum
587 3621 883 3673 possumus
911 3604 1264 3674 indagamus.
1282 3604 1516 3658 Cuculla
1542 3620 1665 3673 qua;
1695 3610 1885 3657 nostro
1968 3605 2135 3660 tertio
2156 3604 2415 3658 omnibus
2434 3603 2818 3674 repetentibus
2835 3605 2984 3661 hunc
3002 3623 3224 3661 versum
3246 3609 3570 3681 antealtare

279 3690 651 3762 singulariter
675 3693 929 3747 convenit
960 3692 1161 3753 ordini.
1195 3692 1340 3766 quod
1366 3692 1759 3747 vestimentum
1789 3709 1886 3747 an-
1967 3694 2285 3747 Benedictus
2304 3698 2378 3745 est
2398 3693 2667 3746 Donn‘nus
2688 3695 2849 3758 Deus,
2868 3701 2926 3748 et
2938 3701 3163 3766 accepta
3174 3695 3571 3754 benedictione

280 3779 525 3850 tiquitus
554 3781 858 3835 vocabatur
881 3780 1180 3845 colobium,
1204 3762 1267 3833 id!
1287 3787 1373 3834 est
1403 3779 1597 3835 tunica
1619 3781 1740 3834 sine
1771 3797 1885 3836 ma-
1966 3780 2235 3850 illa,-'qua2
2262 3780 2501 3846 dicitur,
2521 3782 2748 3851 quando
2775 3782 2844 3835 ab
2872 3762 3249 3854 aliquo—opere
3277 3785 3573 3860 absolvun-

282 3868 427 3923 nicis
453 3888 465 3922 :
493 3875 710 3924 tantum
731 3870 897 3924 debet
924 3869 1129 3925 habere
1159 3864 1494 3932 latitudinis,
1518 3876 1582 3923 ut
1611 3870 1885 3925 ambobus
1966 3874 2060 3923 tur
2105 3868 2331 3936 fratres,
2360 3874 2416 3923 et
2462 3869 2542 3922 sic
2587 3870 2830 3925 recedat.
2865 3872 3110 3926 Accedat
3145 3879 3278 3931 tunc
3325 3856 3439 3940 ille,
3474 3876 3571 3949 qui

283 3958 686 4012 convenienter
742 3965 968 4029 aptetur
1022 3957 1223 4033 cubitis
1256 3976 1269 4025 ;
1329 3957 1699 4029 longitudinis
1754 3974 1885 4012 vero
1968 3957 2286 4013 intraturus
2312 3963 2401 4011 est
2437 3958 2496 4011 in
2535 3962 2720 4022 antea,
2747 3964 2804 4012 et
2824 3959 2977 4013 dicat
3003 3961 3171 4016 tertio
3195 3963 3454 4019 omnibus
3472 3981 3572 4020 au-

281 4052 509 4101 tantum
538 4052 725 4111 antea,
758 4047 907 4118 quod
937 4047 1009 4100 ad
1045 4036 1247 4099 callum
1277 4045 1433 4116 pedis
1462 4062 1641 4118 usque
1670 4047 1884 4117 pertin-
1967 4044 2250 4098 dientibus
2281 4044 2429 4097 hunc
2460 4058 2701 4107 versum,
2730 4047 2883 4108 Deus,
2918 4050 2981 4101 in
3008 4048 3361 4117 adjutorium
3384 4054 3567 4109 meum

278 4142 417 4207 gat;
463 4139 523 4189 et
548 4135 624 4190 sit
668 4140 809 4206 apta
831 4135 1071 4208 corpori,
1106 4140 1170 4189 ut
1197 4134 1273 4188 sit
1315 4151 1380 4188 ex
1410 4136 1566 4189 omni
1595 4141 1756 4207 parte
1790 4153 1884 4192 ro-
1968 4133 2204 4193 intende,
2240 4139 2295 4186 et
2328 4137 2567 4201 accepta
2608 4132 2708 4187 illa
2749 4133 3134 4190 benedictione
3179 4154 3303 4209 qum
3338 4138 3567 4209 dicitur,

280 4223 483 4277 tunda.
518 4224 808 4293 Capellum
851 4224 1030 4296 ipsius
1075 4230 1279 4295 praeter
1319 4222 1554 4277 limbum
1602 4224 1887 4295 integrum
1968 4234 2097 4275 eum
2126 4220 2186 4275 in
2214 4220 2405 4290 aliquo
2427 4233 2595 4290 opere
2615 4222 2951 4277 ordinantur
2968 4224 3189 4290 fratres,
3206 4230 3263 4278 et
3281 4225 3361 4297 sic
3379 4226 3567 4299 ipsum

278 4311 461 4365 virilis
490 4312 648 4383 pedis
679 4330 744 4366 ex
768 4314 918 4366 omni
950 4319 1108 4383 parte
1147 4310 1480 4384 quadratam
1507 4312 1674 4393 debet
1703 4315 1885 4368 conti-
1902 4305 2214 4413 Bpiliciu‘m
2238 4305 2889 4413 administretlDenique
2910 4325 3010 4379 per
3029 4326 3193 4365 usum
3210 4310 3383 4399 debet
3412 4318 3567 4369 stare

278 4415 420 4454 nere
446 4417 799 4454 mensuram:
834 4400 1099 4472 apertura
1125 4398 1384 4470 superior
1408 4398 1614 4454 habeat
1634 4393 1949 4457 cubitum"
1967 4394 2027 4448 in
2055 4396 2291 4450 ecclesia
2317 4411 2384 4448 ex
2409 4393 2543 4448 Ῑεθνο
2574 4395 2743 4450 ChorO
2766 4414 2777 4448 ε
2813 4396 2874 4449 in
2892 4398 3149 4468 capitulo
3174 4396 3355 4455 austri
3374 4408 3566 4474 parte,

278 4488 467 4559 usque
497 4489 567 4542 a'd
606 4484 822 4559 pollicis
852 4497 1159 4557 summum,
1190 4486 1419 4542 inferior
1461 4487 1710 4544 cubitum
1740 4488 1885 4544 inte-
1968 4483 2029 4541 in
2056 4483 2349 4539 refbotorio
2375 4483 2801 4552 septentrionali
2822 4491 3004 4555 parte.

276 4594 474 4649 grum,
491 4578 549 4631 et
572 4578 744 4631 trium
762 4562 1098 4647 digitorum;
1126 4577 1185 4632 in
1207 4584 1339 4632 ante
1359 4584 1629 4650 appareat
1646 4578 1884 4635 latitudo
2560 4574 2806 4629 CAPUT
2844 4575 2945 4636 Ἧι.

277 4666 524 4722 ωουιιε
546 4683 678 4721 cum
715 4666 942 4737 capitio.
975 4666 1247 4722 Similiter
1280 4670 1471 4721 autem
1494 4665 1698 4721 subtus
1741 4668 1893 4723 circa
2062 4738 2069 4743 ί
2099 4664 2167 4716 De
2196 4663 2472 4730 fratribus
2500 4665 2563 4717 in
2588 4664 2680 4718 eia
2704 4665 2928 4718 directis
2957 4668 3200 4735 qualiter
3225 4674 3452 4736 agatur.

276 4755 683 4827 pedestunica
722 4754 889 4809 debet
916 4772 1038 4810 esse
1070 4756 1314 4809 rotunda
1350 4755 1621 4826 qualitate
1661 4765 1891 4813 mensu-
2045 4754 2104 4810 Sl
2126 4770 2365 4825 peregre
2394 4755 2770 4826 [profecturus
2789 4755 3434 4834 est]cfrater-in'itinere,
3456 4780 3571 4821 non

275 4850 417 4899 rata
444 4843 573 4910 (46),
604 4843 839 4913 sagittas
867 4860 1000 4899 vero
1025 4844 1112 4899 vel
1144 4857 1383 4914 gerones
1403 4842 1506 4911 (47)
1541 4850 1773 4901 tantum
1794 4846 1891 4902 has

277 4933 441 4996 beat,
476 4938 544 4984 ut
568 4931 677 4986 iter
700 4932 1023 5002 gradientes
1054 4934 1140 4986 vel
1170 4932 1579 5003 superﬂuitate,
1625 4934 1711 4988 vel
1746 4948 1893 5005 pars

276 5022 462 5076 citate
491 5036 604 5074 non
624 5020 925 5092 impediat;
960 5022 1122 5091 cujus
1149 5021 1383 5076 manicae
1413 5021 1621 5077 debent
1645 5036 1710 5077 ex
1739 5030 1893 5079 utras

277 5126 399 5183 que
422 5115 591 5180 parte
618 5110 689 5164 ad
715 5110 991 5165 secundos
1017 5110 1333 5181 digitorum
1348 5110 1525 5166 nodos
1560 5127 1736 5183 usque
1756 5129 1892 5183 per»

358 5252 475 5351 1.4.5.)
509 5268 726 5351 Sagitta
750 5270 808 5351 is
838 5269 1091 5351 νθεὲῆδεξε,
1110 5252 1317 5351 dieitur
1334 5287 1476 5351 ears
1504 5287 1588 5349 ea.»
1614 5287 1738 5351 (ne
1768 5289 1895 5351 αρη-

590 5340 1047 5424 ῑρΙέίῃύδᾷἹύρίϊ
1067 5340 1890 5424 Sagittzespeciem'mefﬁngant.

278 5408 708 5484 unanimam).
734 5408 1110 5484 =n.--csnsuer.
1134 5408 1389 5484 Munia},
1422 5414 1544 5484 cap.
1580 5412 1666 5470 Η.

359 5479 485 5556 (ﬁt
521 5482 746 5556 sirenas
771 5483 947 5556 idem
990 5484 1153 5554 quod
1189 5482 1395 5556 sagitta
1443 5479 1593 5556 apud
1636 5486 1897 5539 eumdem

286 5552 645 5621 Udalricum,
698 5553 921 5608 videtur
969 5552 1160 5609 autem
1211 5552 1330 5610 haec
1374 5552 1498 5611 voi
1521 5571 1557 5611 a
1596 5556 1900 5612 Theodisco

1972 4851 2300 4898 reversurus
2330 4844 2767 4901 diebus'duobus
2787 4853 2886 4902 aut
2908 4846 3379 4922 tribus,-accipiat
3406 4852 3573 4909 bene-

1973 4930 2296 4987 dictionem.
2357 4932 2420 4986 Si
2474 4932 2780 4988 necessitas
2834 4934 3023 5002 fuerit,
3070 4943 3141 4993 "ut
3202 4938 3261 4994 in
3325 4942 3574 4995 crastino

1974 5026 2319 5083 revertatur,
2337 5020 2630 5075 et'iterum
2660 5038 2888 5078 necesse
2916 5024 2993 5079 sit
3019 5041 3272 5096 pergere,
3297 5045 3409 5099 non
3433 5028 3574 5084 acci-

1973 5110 2095 5180 piat
2144 5108 2589 5166 benedictionem
2637 5111 2807 5167 eundi
2852 5118 2923 5168 et-
2954 5115 3287 5169 revertendi.
3336 5116 3481 5172 Item
3521 5116 3571 5173 si

1976 5274 2173 5338 Geron,
2214 5289 2315 5327 seu
2363 5273 2551 5335 (Siron,
2587 5273 2920 5327 Germanice
2978 5275 3168 5335 Germ,
3216 5271 3391 5339 sinus,
3428 5273 3574 5330 deri-

1977 5352 2159 5482 “iis
2192 5414 2496 5483 Staminia,
2547 5410 2907 5480 eammeam,
2954 5404 3423 5483 ltinéa‘ititerula‘,

1978 5481 2239 5555 esensis:
2252 5481 2419 5555 vulgo
2449 5481 2703 5539 titantem.

2051 5554 2173 5629 (49)
2199 5554 2371 5625 Gesta,
2404 5562 2609 5625 cestus,
2630 5556 2938 5628 cingulum.
