3950 6168
492 267 630 325 1255

463 392 643 446 frater
671 392 986 445 revertatur
1013 387 1082 443 de
1109 387 1313 442 itinere
1341 390 1575 462 accipiat
1601 392 2071 450 benedictionem.

468 481 527 536 Si
578 479 769 535 statim
826 477 993 533 debet
1048 493 1280 548 pergere
1335 481 1578 551 accipiat
1625 481 2072 538 benedictionem

467 568 793 624 ambulandi
822 586 835 621 :
869 566 914 622 si
946 574 1141 639 postea
1168 569 1389 623 steterit
1430 571 1507 624 ad
1539 587 1710 626 unam
1758 572 1957 627 horam
1987 573 2073 627 vel

466 660 625 723 duas,
675 656 911 728 accipiat
951 656 1396 713 benedictionem
1429 660 1771 714 revertendi.
1818 662 2074 732 Itemque

465 747 513 802 si
568 747 743 801 frater
778 745 933 799 venit
983 746 1053 800 de
1108 746 1308 802 itinere
1358 748 1595 820 accipiat
1625 749 2074 804 benedictionem

463 835 737 891 redeundi
760 852 772 888 :
808 834 855 889 si
883 835 1074 888 statim
1107 837 1416 906 perrexerit
1442 838 1668 904 alicubi,
1693 844 1750 892 et
1772 855 1886 893 una
1909 844 2073 894 nocte

463 924 774 993 dormierit,
803 923 861 978 in
901 924 1149 979 crastina
1196 942 1308 979 non
1340 926 1579 998 accipiat
1625 926 2072 982 benedictionem

462 1015 754 1070 redeundi.
776 1015 840 1069 In
860 1014 1062 1068 itinere
1083 1015 1130 1068 si
1149 1021 1394 1086 pergunt
1417 1016 1528 1070 duo
1549 1017 1821 1083 conversi,
1848 1022 1905 1070 et
1924 1032 2072 1071 unus

464 1105 725 1160 sacerdos
742 1105 837 1175 qui
858 1103 1052 1175 junior
1076 1103 1302 1158 illorum
1324 1105 1415 1167 sit,
1439 1104 1777 1176 ubicumque
1802 1104 2068 1172 sederint,

465 1194 633 1249 debet
680 1193 942 1248 sacerdos
986 1193 1182 1247 sedere
1230 1193 1287 1248 in
1327 1195 1511 1249 medio
1556 1194 1801 1250 illorum.
1836 1195 2070 1259 Quando

466 1301 596 1339 vero
638 1284 947 1356 perrexerit
972 1300 1119 1338 unus
1149 1299 1213 1337 ex
1243 1283 1324 1337 eis
1355 1300 1481 1338 cum
1509 1284 1819 1346 sacerdote,
1842 1300 2075 1354 semper

467 1377 634 1433 debet
656 1376 914 1430 sacerdos
940 1374 1136 1428 sedere
1165 1389 1334 1443 super
1360 1372 1544 1439 illum,
1576 1372 1744 1426 etiam
1776 1372 1931 1443 loqui
1960 1388 2074 1425 non

467 1467 735 1522 condecet
771 1465 953 1527 illum,
988 1462 1096 1517 nisi
1127 1478 1227 1532 per
1267 1462 1387 1531 ejus
1430 1460 1734 1514 licentiam.
1783 1462 1847 1515 In
1890 1477 2073 1515 rever-

464 1558 636 1613 tendo
656 1557 704 1612 si
732 1556 942 1613 fuerint
975 1553 1044 1608 ad
1074 1556 1189 1606 tres
1219 1551 1405 1615 horas,
1435 1549 1505 1603 ad
1535 1549 1962 1620 completorium
1993 1549 2073 1603 di-

465 1654 627 1703 catur
651 1664 819 1718 super
846 1663 961 1710 eos,
994 1644 1323 1698 Misereatur
1353 1641 1548 1701 vestri;
1579 1638 1649 1693 ad
1678 1638 1947 1693 domnum
1977 1637 2073 1693 ab-

464 1732 652 1789 batem
680 1744 960 1801 nusquam
988 1726 1228 1781 dicatur.

1066 1833 1203 1888 CAP
1212 1833 1299 1888 UT
1327 1832 1455 1887 VII.

533 1933 669 1985 Item
697 1928 760 1982 de
791 1928 924 1996 ipsis
956 1924 1232 1996 fratribus
1259 1926 1573 1996 constitutis
1607 1925 1667 1977 in
1696 1924 1996 1978 itineribus

889 1998 1131 2064 qualiter
1173 1994 1339 2047 horas
1368 1995 1631 2051 reddant.

533 2090 760 2145 Fratres
788 2086 848 2140 in
876 2085 1080 2139 itinere
1109 2082 1307 2136 directi
1337 2099 1463 2136 cum
1494 2082 1736 2138 viderint
1756 2083 1908 2138 horae
1930 2087 2070 2137 tem-

462 2195 588 2251 pus,
619 2177 667 2231 si
689 2181 855 2248 aptus
881 2174 1036 2228 locus
1066 2175 1153 2226 est
1180 2170 1276 2237 ibi,
1300 2170 1397 2224 ubi
1427 2170 1625 2224 directi
1653 2175 1807 2225 stant
1833 2171 1919 2225 vel
1947 2186 2071 2242 per-

463 2267 774 2332 ambulant,
808 2265 1038 2317 ﬂectant
1063 2274 1250 2331 genua
1284 2257 1685 2312 descendentes
1715 2258 1784 2312 de
1805 2258 1981 2329 equis.
2007 2257 2066 2313 Si

460 2355 672 2410 faciant
697 2353 766 2408 de
797 2351 902 2423 [in]
926 2346 1195 2404 coenobiis
1221 2361 1409 2416 genua
1430 2361 1601 2416 super
1626 2344 1855 2411 formas,
1879 2351 1937 2400 et
1956 2346 2066 2417 ipsi

460 2444 671 2500 faciant
711 2440 809 2497 ubi
838 2440 1067 2510 degunt.
1105 2434 1362 2498 Peracta,
1401 2433 1623 2505 signum
1652 2438 1858 2490 sancta
1886 2434 2066 2489 crucis

461 2534 794 2607 imprimant
810 2530 871 2585 in
893 2525 1172 2583 frontibus
1196 2522 1333 2590 suis,
1359 2527 1418 2577 et
1442 2538 1555 2576 non
1573 2526 1797 2593 gyrent,
1822 2521 1920 2576 sed
1946 2527 2070 2575 tan-

462 2630 585 2680 tum
612 2626 809 2695 petant
836 2617 1079 2682 veniam,
1103 2620 1163 2670 et
1183 2611 1458 2684 incipiant
1484 2611 1683 2665 horam
1704 2611 2070 2665 ascendentes

462 2713 521 2767 in
569 2727 766 2783 equos,
809 2710 1105 2779 pergentes
1144 2706 1201 2756 et
1245 2701 1443 2755 horam
1473 2699 1859 2754 decantantes.
1909 2699 2066 2752 Van-

462 2806 550 2856 tos
583 2799 694 2870 (50)
729 2798 928 2853 tollant
957 2794 1027 2849 de
1054 2790 1317 2846 manibus
1345 2787 1463 2842 suis
1488 2803 1667 2858 usque
1704 2787 1840 2842 dum
1868 2786 2069 2840 ﬁniant

464 2890 716 2944 divinum
747 2884 1014 2941 ofﬁcium.
1048 2879 1107 2936 Si
1143 2878 1336 2949 aliqua
1362 2875 1668 2930 necessitas
1697 2874 1964 2939 evenerit,
2004 2880 2069 2928 ut

1545 265 1828 324 GUIDON
1831 267 1897 325 IS
1930 267 2239 325 ABBATIS
2274 265 2694 327 FARFENSIS.

3566 276 3678 337 1256

2090 395 2141 455 A
2160 396 2438 450 cantando
2461 397 2706 467 psalmos
2728 412 2909 470 usque
2927 398 2987 452 in
3006 398 3303 455 claustrum
3322 400 3495 456 Beatus
3509 406 3599 469 vir,
3610 406 3681 460 vel

2159 484 2402 555 qualiter
2427 484 2599 540 abbas
2627 487 2915 559 inceperit.
2951 488 3093 543 Cum
3128 488 3331 542 fuerint
3355 494 3473 544 ante
3502 492 3682 563 capitu-

2156 573 2273 628 lum
2301 574 2451 627 dicat
2480 575 2651 645 prior,
2682 578 3041 647 Adjutorium
3090 583 3351 642 nostrum,
3398 580 3679 645 Benedicite;

2159 667 2216 716 et
2243 669 2335 717 eat
2355 664 2742 736 unusquisque
2766 665 2838 719 ad
2858 665 3041 721 ofﬁcia
3060 682 3178 722 sua.
3200 665 3283 721 Ex
3301 666 3401 723 hac
3417 668 3541 722 hora
3555 676 3685 724 sonet

2156 752 2421 821 squillam
2453 754 2807 811 secretarius.

2770 845 3004 901 CAPUT
3033 844 3132 901 IX.

2497 934 2635 987 Item
2658 937 2709 987 si
2723 940 2845 1003 post
2875 951 3081 989 nonam
3109 936 3399 989 reversuri.

2225 1019 2360 1073 Post
2382 1036 2588 1076 nonam
2605 1028 2794 1077 autem
2823 1024 2870 1078 si
2901 1024 3106 1079 iterum
3135 1030 3267 1078 sunt
3295 1025 3562 1091 reversuri,
3587 1041 3684 1080 mox

2155 1110 2221 1160 ut
2266 1108 2504 1164 exierint
2532 1127 2562 1165 e
2601 1111 2896 1166 refectorio
2937 1112 3286 1167 venientibus
3334 1112 3388 1167 in
3431 1114 3684 1184 capitulum

2155 1195 2398 1253 efﬁciant
2443 1198 2852 1256 absolutionem
2900 1201 3047 1256 sicut
3069 1201 3283 1257 caeteris
3318 1201 3515 1257 diebus.
3545 1203 3683 1267 Dicto,

2155 1285 2479 1347 Benedicite.
2530 1288 2739 1344 faciant
2770 1296 2901 1344 ante
2931 1297 2987 1345 et
3029 1298 3211 1360 retro,-
3247 1296 3305 1345 et
3338 1291 3477 1345 illico
3503 1291 3687 1361 incipiat

2153 1374 2309 1445 prior
2333 1378 2582 1446 psalmos
2608 1379 2917 1437 familiares
2942 1380 3361 1452 vespertinales,
3389 1381 3605 1447 Domine,
3622 1397 3687 1434 es-

2152 1464 2292 1516 audi
2309 1468 2614 1520 orationem
2630 1483 2833 1530 meam,
2844 1469 3079 1522 auribus
3087 1471 3322 1537 percipe,
3334 1468 3389 1522 in
3405 1467 3686 1539 primis,‘etc.

2152 1551 2294 1607 Dein
2324 1570 2565 1625 vesperae
2591 1556 2843 1610 omnium
2873 1564 3214 1621 sanctorum,
3251 1561 3308 1611 et
3334 1571 3556 1627 vesperae
3577 1573 3688 1611 mor-

2151 1644 2402 1702 tuorum.
2423 1649 2480 1697 et
2508 1644 2754 1699 ofﬁcium
2779 1662 2993 1705 eorum.
3024 1651 3082 1700 et
3107 1647 3250 1701 Deus
3280 1646 3520 1699 auribus.
3546 1647 3690 1716 Atque

2086 1709 2133 1769 B
2154 1729 2400 1801 quinque
2426 1734 2673 1803 psalmos
2703 1751 2804 1806 pro
2832 1734 3130 1802 defunctis,
3169 1738 3227 1789 et
3254 1734 3333 1789 sic
3360 1734 3570 1789 redeant
3589 1709 3692 1788 can-

2147 1820 2321 1874 tando
2364 1822 2627 1892 psalmos,
2661 1825 2745 1878 Ad
2783 1825 3085 1878 Dominum
3125 1841 3254 1877 cum
3308 1825 3603 1877 tribularer.
3642 1823 3692 1876 In

2148 1906 2392 1964 claustro
2434 1911 2633 1966 tandiu
2677 1910 2906 1968 cantent
2942 1912 3126 1983 pueri,
3159 1912 3257 1984 qui
3283 1918 3411 1966 ante
3437 1910 3695 1984 procedunt

2149 1995 2222 2049 ad
2250 1995 2546 2053 introitum
2576 2001 2806 2072 capituli
2849 2018 3143 2073 quousque
3182 2001 3495 2055 adunentur
3526 1998 3692 2054 cuncti.

2153 2083 2239 2138 Ex
2268 2090 2402 2141 tunc
2426 2088 2802 2145 residentibus
2824 2090 2901 2145 ibi
2930 2107 3069 2161 puer
3096 2095 3254 2162 petat
3279 2089 3692 2153 benedictionem,

2150 2178 2209 2228 et
2253 2173 2405 2246 legat
2463 2177 2754 2232 lectionem
2805 2179 2874 2233 de
2928 2178 3071 2233 libro
3120 2178 3219 2250 qui
3268 2178 3341 2232 ad
3394 2178 3696 2233 collationem

2153 2262 2400 2332 legitur:
2435 2271 2493 2319 et
2512 2264 2746 2336 jubente
2777 2266 2964 2338 priore
2991 2267 3247 2338 expleat;
3280 2272 3401 2321 tum
3432 2264 3582 2319 faciat
3612 2279 3699 2318 ser-

2152 2366 2397 2407 monem.
2433 2353 2647 2410 Deinde
2676 2361 2913 2427 surgant
2942 2373 3139 2411 omnes
3168 2362 3228 2411 et
3255 2355 3462 2411 faciant
3484 2370 3699 2409 reveren-

2151 2437 2309 2492 tiam.
2342 2439 2470 2512 Ipse
2498 2441 2653 2514 prior
2678 2443 2830 2499 dicat
2856 2445 3006 2499 hunc
3042 2462 3291 2513 versum,
3331 2445 3619 2500 Benedictus
3640 2459 3694 2501 es.

2151 2526 2382 2583 Domine
2422 2532 2567 2586 Deus
2612 2549 2782 2588 meus.
2830 2534 2962 2589 Haec
3001 2534 3214 2589 faciant
3241 2533 3461 2606 quando
3490 2531 3568 2587 bis
3596 2547 3698 2603 per-

2150 2622 2320 2686 gunt.

2772 2711 3007 2767 CAPUT
3032 2711 3102 2765 X.

2362 2796 2499 2851 IIem
2527 2800 2747 2866 quando
2773 2803 2936 2854 semel
2958 2803 3222 2869 pergitur
3249 2802 3324 2855 ad
3350 2815 3522 2868 opera.

2219 2882 2455 2947 Quando
2481 2886 2656 2940 semel
2675 2892 2812 2941 eunt
2825 2887 2895 2942 ad
2915 2904 3087 2959 opera
3105 2905 3211 2960 per
3229 2888 3351 2943 dies
3369 2885 3546 2941 omnia
3562 2888 3702 2957 agant

462 2976 673 3049 aliquid
698 2976 965 3045 loquatur
992 2968 1052 3023 in
1075 2966 1423 3038 psalmorum
1446 2961 1643 3017 ordine
1664 2961 1733 3016 de
1758 2962 1880 3033 ipsa
1903 2961 2061 3028 hora,
2082 2987 2125 3048 ο
2147 2969 2293 3025 sicut
2313 2971 2372 3027 in
2405 2990 2588 3042 mane,
2610 2975 2720 3030 nisi
2744 2981 2964 3031 tantum
2997 2977 3145 3048 quod
3174 2978 3247 3033 de
3275 2977 3505 3032 lectione
3530 2974 3702 3045 legitur

456 3068 662 3123 iterum
710 3081 745 3118 a
790 3061 974 3134 capite
1011 3056 1360 3112 reinchoent.
1395 3051 1717 3106 Redeuntes
1743 3056 1960 3106 wantos
1990 3050 2062 3105 ad

455 3174 585 3213 suos
610 3153 846 3210 lectulos
872 3146 1078 3219 singuli
1107 3147 1342 3217 possunt
1368 3142 1596 3196 habere.
1628 3141 1693 3195 In
1732 3139 1965 3195 basilica
2000 3139 2061 3194 in

455 3244 666 3319 cryptis
699 3239 924 3313 quando
964 3234 1176 3291 reversi
1220 3236 1357 3287 sunt
1405 3230 1661 3285 ordinem
1702 3230 1911 3285 faciant
1935 3246 2061 3302 pro-

456 3318 640 3400 strati,
672 3329 843 3386 etiam
865 3327 913 3381 si
944 3321 1236 3379 duodecim
1266 3318 1534 3374 lectiones
1559 3318 1699 3375 sint.

1047 3408 1282 3464 CAPUT
1316 3405 1468 3461 VIII.

942 3503 1016 3556 De
1065 3512 1227 3566 opera
1277 3510 1577 3549 manuum.

525 3594 760 3661 Quando
780 3592 985 3645 fratres
1011 3585 1142 3640 ituri
1166 3588 1299 3638 sunt
1323 3581 1395 3635 ad
1423 3596 1595 3651 Opera
1615 3596 1909 3651 manuum,
1933 3598 2060 3638 mox

453 3691 519 3741 ut
546 3685 728 3757 prima
754 3679 914 3735 ﬁnita
941 3675 1114 3731 fuerit
1142 3673 1407 3727 inchoent
1433 3669 1708 3724 litaniam.
1744 3670 1878 3725 Post
1905 3671 2060 3742 capi-

452 3776 638 3830 tulum
668 3775 858 3826 autem
906 3766 1054 3820 illico
1083 3768 1149 3816 ut
1189 3758 1553 3825 surrexerint,
1587 3763 1645 3812 et
1671 3759 1866 3813 tabula
1901 3759 2056 3814 inso-

454 3861 661 3925 nuerit,
687 3856 880 3914 statim
909 3851 1205 3923 incipiant;
1233 3848 1292 3902 in
1322 3846 1518 3918 primis
1543 3847 1743 3917 psalmi
1766 3847 2056 3902 familiaris

454 3966 486 4005 e
505 3949 709 4021 prima,
734 3950 791 3999 et
817 3946 950 3997 eant
972 3940 1264 3993 cantantes
1293 3933 1508 4004 pariter
1536 3948 1750 4001 omnes,
1774 3939 1837 3988 ut
1866 3935 2056 3990 nullus

454 4039 529 4095 sit
555 4038 868 4097 excusatus,
924 4028 1095 4083 etiam
1130 4022 1474 4088 cellerarius,
1524 4038 1703 4092 usque
1750 4022 1822 4077 ad
1869 4023 2055 4079 locum

452 4128 654 4201 operis.
680 4125 823 4180 Cum
849 4118 929 4174 ibi
962 4115 1191 4180 fuerint,
1230 4116 1381 4166 stent
1408 4109 1567 4201 pueri
1600 4109 1845 4201 ordinati
1871 4109 1930 4165 in
1948 4127 2054 4201 an-

450 4197 563 4285 tea,
595 4220 654 4270 et
676 4210 951 4268 inclinent
979 4209 1109 4260 ante
1142 4206 1199 4255 et
1224 4204 1398 4254 retro.
1431 4198 1588 4252 Tunc
1614 4197 1849 4269 incipiat
1875 4199 2047 4270 prior,

450 4309 611 4368 Deus,
645 4307 708 4357 in
733 4298 1081 4369 adjutorium
1110 4306 1296 4344 meum
1324 4288 1561 4342 intende.
1596 4287 1784 4341 Tertio
1814 4287 2048 4343 dicendo

452 4401 509 4451 et
536 4394 724 4451 Gloria
752 4387 930 4443 Patri.
954 4379 1169 4437 Deinde
1197 4379 1365 4446 Kyrie
1394 4376 1612 4429 eleison.
1646 4376 1811 4428 Pater
1842 4381 2044 4433 noster.

449 4486 517 4539 Et
548 4498 614 4536 ne
643 4494 761 4533 nos.
804 4472 1163 4541 Adjutorium
1210 4470 1484 4519 nostrum.
1521 4463 1591 4517 Et
1616 4467 1751 4517 tunc
1779 4463 2049 4536 incipiant

450 4585 642 4643 opera,
676 4571 733 4621 et
773 4562 1020 4635 psalmos
1047 4555 1144 4611 ubi
1188 4570 1282 4608 eos
1330 4550 1681 4615 dimiserant,
1714 4552 2050 4623 reincipiant

449 4639 578 4717 cum
626 4659 842 4726 septem
887 4646 1120 4721 psalmis
1154 4640 1506 4715 specialibus,
1553 4645 1610 4694 et
1655 4639 1903 4711 quinque
1945 4659 2047 4713 pro

448 4742 745 4805 defunctis.
782 4741 985 4795 Postea
1027 4747 1252 4788 cursum
1299 4729 1631 4783 canonicum
1659 4744 1787 4783 cum
1818 4730 2047 4799 psalmis

448 4830 820 4893 familiaribus
867 4825 937 4879 de
992 4821 1164 4876 horis.
1221 4819 1419 4873 Frater
1467 4816 1938 4873 hebdomadarius
1976 4820 2046 4875 de

448 4923 622 4978 missa
665 4917 815 4972 dicat
851 4911 1127 4967 collectas.
1163 4905 1221 4961 Si
1269 4903 1490 4958 duabus
1534 4902 1744 4958 vicibus
1783 4910 2044 4976 pergunt,

444 5012 525 5068 ibi
552 5011 771 5080 legatur
793 4999 960 5056 lectio
989 4997 1058 5051 de
1083 4994 1224 5049 libro
1254 4991 1352 5062 qui
1380 4991 1450 5045 ad
1486 4990 1788 5062 prandium
1818 4993 2042 5064 legitur,

445 5102 495 5159 si
522 5099 650 5156 talis
670 5100 774 5157 est,
795 5096 863 5147 ut
879 5087 1115 5143 aediﬁcet
1133 5080 1445 5137 audientes.
1469 5080 1668 5134 Frater
1687 5082 1785 5153 qui
1811 5082 1950 5153 legit
1974 5083 2046 5138 ad

445 5189 777 5248 servitorem
803 5177 970 5234 debet
994 5173 1203 5228 librum
1238 5174 1484 5241 portare,
1517 5173 1575 5222 et
1598 5174 1840 5240 exponat
1868 5170 2040 5243 prior,

443 5281 530 5336 vel
552 5278 641 5334 cui
660 5276 781 5346 ipse
800 5263 1035 5340 jusserit
1055 5258 1315 5315 omnibus
1334 5255 1438 5311 sub
1458 5255 1681 5312 silentio
1698 5258 2039 5317 sedentibus.

439 5373 638 5427 Denuo
684 5363 733 5417 si
779 5359 962 5412 visum
1006 5349 1177 5406 fuerit
1217 5346 1391 5418 priori
1435 5352 1501 5400 ut
1544 5347 1787 5418 amplius
1830 5350 2043 5422 aliquid

442 5458 764 5531 operentur,
787 5442 1014 5499 faciant.
1043 5436 1287 5494 Dimisso
1313 5449 1482 5505 opere
1510 5433 1570 5488 in
1598 5434 1884 5492 redeundo
1909 5445 2043 5496 eant

507 5562 622 5638 (50)
662 5556 901 5619 Wantos,
931 5549 1187 5620 quantos,
1211 5541 1339 5599 Ital.
1362 5543 1582 5612 quanti,
1612 5543 1964 5607 οιιίι-οιιιοοω,

2148 3057 2209 3111 in
2236 3059 2499 3128 claustro,
2525 3068 2582 3117 et
2606 3080 2797 3118 versus
2816 3064 3054 3131 dicatur,
3087 3066 3410 3119 Benedictus
3439 3080 3504 3121 es.
3524 3058 3699 3117 Psalmi

2143 3146 2446 3204 familiares
2466 3151 2727 3207 dicantur
2746 3152 2808 3207 in
2825 3152 3119 3208 matutinis
3142 3152 3429 3208 laudibus.
3450 3150 3698 3205 Matutine

2142 3234 2410 3291 Omnium
2436 3238 2789 3309 Sanctorum,
2818 3241 2904 3296 vel
2933 3247 3313 3315 mortuorum,
3343 3257 3456 3295 non
3480 3238 3700 3293 dicantur

2143 3322 2252 3379 nisi
2283 3326 2345 3381 in
2370 3327 2619 3383 ecclesia.

2754 3419 2988 3475 CAPUT
3015 3420 3117 3477 XI.

2442 3508 2578 3562 Item
2607 3509 2828 3575 quando
2858 3510 2980 3562 itur
3006 3509 3079 3561 ad
3098 3508 3437 3577 pristinum.

2210 3590 2447 3656 Quando
2473 3595 2685 3649 vadunt
2731 3595 2801 3650 ad
2838 3595 3139 3667 pristinum
3182 3596 3434 3667 psalmos
3459 3596 3525 3650 de
3550 3591 3697 3665 prima

2138 3695 2253 3734 non
2280 3681 2585 3749 dimittant,
2617 3684 2716 3738 sed
2746 3690 2874 3756 post
2907 3684 3217 3756 capitulum
3262 3684 3494 3739 abluant
3534 3696 3698 3737 manus

2138 3783 2269 3823 suas
2299 3776 2357 3824 et
2381 3770 2646 3827 inchoent
2672 3774 2920 3845 quinque
2946 3774 3195 3845 psalmos
3223 3790 3329 3845 pro
3357 3772 3629 3835 defunctis,
3654 3770 3699 3821 et

2135 3855 2261 3911 illos
2288 3859 2358 3913 de
2389 3859 2541 3915 horis
2569 3862 2870 3929 canonicis,
2908 3861 3183 3929 videlicet,
3221 3864 3363 3917 Deus
3406 3865 3469 3916 in
3514 3860 3697 3916 nomine

2138 3948 2251 4001 tuo.
2280 3947 2643 4005 Revertentes
2667 3967 2783 4006 non
2810 3951 3003 4022 legant
3023 3951 3349 4017 lectionem,
3378 3951 3486 4006 nisi
3512 3953 3696 4003 tantum

2134 4047 2327 4090 versus
2357 4036 2594 4103 dicatur,
2624 4040 2939 4094 Benedictus
2959 4057 3029 4101 es,
3064 4041 3303 4095 Domine
3331 4042 3492 4106 Deus,
3521 4044 3575 4094 et
3589 4039 3698 4090 ante

2135 4122 2441 4192 capitulum
2469 4130 2620 4180 stent
2647 4126 2890 4181 infantes
2917 4143 3044 4181 cum
3071 4127 3386 4198 magistris,
3410 4128 3632 4197 majores
3650 4122 3696 4176 in

2131 4211 2394 4282 claustro,
2436 4215 2585 4286 quod
2615 4221 2700 4271 est
2718 4218 2883 4287 juxta
2911 4217 3224 4272 ecclesiam.

2731 4323 2965 4380 CAPUT
2995 4322 3122 4378 XII.

2129 4413 2204 4467 De
2214 4417 2405 4491 priore
2425 4421 2751 4473 monasterii
2770 4422 2851 4473 vel
2870 4422 3229 4491 decanis,iseu
3250 4420 3341 4475 his
3359 4423 3459 4491 qui
3479 4419 3697 4475 ordinem

2204 4490 2481 4561 te_nuerint
2512 4491 2630 4543 illis
2667 4491 2996 4557 absentibus,
3042 4490 3128 4545 vel
3168 4490 3446 4546 conversis
3488 4491 3700 4561 qualiter

2201 4558 2520 4613 absconsam
2547 4562 2799 4628 deferant
2830 4563 3164 4630 temporibus
3192 4566 3336 4617 suis.

2201 4642 2365 4700 Prior
2384 4646 2467 4701 vel
2494 4646 2740 4703 decanus
2770 4649 3132 4704 claustrensis
3151 4656 3282 4721 post
3300 4647 3698 4722 completorium

2129 4732 2406 4803 accipiens
2434 4734 2765 4792 absconsam
2803 4737 3112 4793 circumeat
3155 4738 3469 4793 claustrum
3508 4738 3581 4791 sic
3617 4748 3701 4805 per

2130 4820 2405 4877 ordinem.
2455 4822 2713 4880 Primum
2739 4826 3191 4894 calefactorium;
3241 4825 3595 4897 postmodum
3630 4837 3701 4876 re-

2129 4909 2421 4966 fectorium
2442 4931 2456 4982 ;
2488 4913 2618 4969 dein
2638 4915 2937 4986 coquinam
2958 4930 2971 4966 :
2995 4916 3180 4970 videat
3198 4916 3247 4970 si
3277 4915 3422 4970 bene
3439 4916 3580 4970 circa
3596 4913 3700 4983 ipsa

2131 4999 2320 5054 omnia
2338 5004 2487 5056 tacta
2500 5009 2651 5058 sunt.
2666 5004 2803 5059 Inde
2822 5020 2953 5059 vero
2973 5004 3032 5059 in
3051 5004 3300 5071 cellario,
3319 5004 3367 5059 si
3387 5002 3576 5059 omnia
3590 5014 3701 5055 con-

2126 5104 2271 5158 grua
2304 5095 2440 5145 sunt
2469 5109 2480 5145 :
2515 5108 2580 5146 ac
2606 5092 2866 5165 deinceps
2908 5110 2943 5148 a
2969 5100 3129 5165 parte
3158 5092 3606 5164 eleemosynarie
3628 5088 3700 5142 vi-

2126 5176 2257 5231 deat
2281 5195 2475 5234 omnes
2493 5181 2698 5251 januas
2721 5185 2769 5236 si
2792 5183 3028 5238 ﬁrmatae
3054 5183 3264 5237 fuerint
3287 5181 3451 5236 bene.
3476 5181 3701 5236 Postmo-

2125 5265 2261 5321 dum
2279 5267 2507 5323 veniens
2534 5270 2595 5325 in
2622 5270 2853 5326 domum
2880 5271 3232 5326 inﬁrmorum
3254 5270 3444 5324 videat
3463 5270 3510 5323 si
3528 5264 3700 5323 omnia

2124 5361 2275 5411 recte
2314 5363 2579 5429 aguntur.
2623 5359 2683 5414 Si
2728 5358 2941 5431 aliquid
2983 5359 3043 5414 in
3086 5359 3332 5415 claustro
3370 5357 3696 5430 negligenter

2122 5444 2417 5516 invenerit,
2438 5448 2498 5503 in
2518 5449 2826 5505 crastinum
2856 5454 3039 5505 servet
3063 5458 3122 5504 et
3151 5449 3223 5504 ad
3241 5447 3547 5519 capitulum
3569 5442 3699 5500 defe-
