3886 6172
183 279 294 338 1257

1349 282 1765 339 DISCIPLINA
1802 281 2222 338 FARFENSIS.
2283 268 2288 272 i

3297 283 3434 341 1258

174 412 260 461 rat.
286 404 365 460 De
410 408 573 460 nocte
615 411 743 477 post
785 404 960 460 trinas
988 406 1270 461 orationes
1310 412 1402 461 eat
1444 407 1619 461 frater
1648 407 2012 478 quiAgenua
2038 407 2289 472 flectunt,
2321 407 2452 458 ante
2480 404 2660 458 altare
2686 403 2972 460 venientes
3008 404 3080 459 ad
3120 405 3331 476 gradus
3364 424 3429 463 se

173 493 396 567 provisor
411 499 498 548 est
517 493 588 548 de
619 494 878 560 infirmis,
903 500 958 549 et
983 495 1165 550 videat
1187 512 1259 550 ne
1287 495 1489 566 aliquis
1514 513 1578 549 ex
1606 495 1742 567 ipsis
1824 500 2204 567 prosternant,
2237 495 2413 548 donec
2442 510 2633 564 preces
2664 499 2720 548 et
2749 494 2930 549 oratio
2959 495 3248 550 finiantur.
3269 497 3428 552 Tunc

171 589 406 654 gravatus
452 600 649 638 somno
689 591 980 640 remaneat
1026 585 1083 639 in
1131 586 1272 640 lecto
1315 603 1437 640 suo.
1488 587 1744 640 Decanus

176 671 412 744 praefatus
433 673 516 727 vel
537 673 680 727 alius
700 673 876 727 frater
894 673 983 728 cui
1011 675 1264 744 injuncta
1290 680 1375 728 est
1395 691 1549 739 cura,
1574 691 1745 745 quam

175 778 320 833 supra
349 762 780 826 nominavimus,
803 771 897 817 eat
920 763 978 817 in
1003 763 1418 827 dormitorium,
1443 781 1513 818 ne
1542 765 1746 835 aliquis

175 867 228 904 ex
248 850 507 904 fratribus
528 852 865 906 remanserit
887 853 943 905 in
965 853 1182 907 lectulis
1203 870 1302 924 per
1321 853 1742 923 negligentiam,

176 940 244 992 vel
275 956 473 1010 sopore
515 940 795 1006 detentus,
831 947 890 995 et
916 943 1234 1012 exstinguet
1269 942 1408 996 duas
1453 942 1744 1008 lucernas;

177 1029 377 1082 tertiam
410 1046 531 1101 quae
576 1037 663 1085 est
712 1032 770 1085 in
820 1031 1212 1085 dormitorium
1243 1037 1300 1086 et
1344 1031 1744 1096 necessarium,

176 1117 402 1172 dimittat
454 1125 512 1173 et
532 1121 746 1190 jugiter
772 1137 950 1192 usque
981 1137 1145 1175 mane
1174 1121 1385 1175 ardeat.
1416 1121 1750 1175 Revertatur

177 1209 223 1260 in
246 1207 525 1262 ecclesiam
557 1217 616 1264 et
650 1209 956 1264 circumeat
995 1216 1219 1282 cryptas
1262 1217 1320 1264 et
1349 1209 1598 1264 membra
1639 1210 1750 1264 sin-

177 1296 307 1366 gula,
340 1304 401 1351 et
430 1297 618 1352 videat
645 1299 693 1352 si
722 1299 926 1370 aliquis
958 1300 1108 1369 jacet
1136 1299 1221 1354 vel
1253 1300 1411 1354 sedet
1438 1305 1642 1370 praeter
1670 1299 1752 1353 in-

179 1387 346 1440 firmos
371 1393 473 1441 aut
491 1388 928 1443 flerthomaticos
948 1387 1403 1461 [phlebotomos].
1425 1390 1483 1444 Si
1505 1389 1750 1459 aliquem

179 1476 322 1530 talem
363 1477 642 1532 invenerit
669 1477 1061 1544 dormientem,
1110 1478 1312 1532 excitet
1338 1495 1467 1532 eum
1498 1494 1511 1531 :
1546 1478 1593 1532 si
1621 1495 1750 1532 cum

175 1565 462 1634 gratiarum
490 1566 707 1621 actione
735 1583 848 1621 non
886 1567 1101 1638 recipit,
1131 1567 1188 1621 in
1221 1567 1466 1638 capitulo
1493 1567 1752 1638 querela-

177 1653 320 1711 bitur.
357 1655 678 1727 Eademque
706 1657 872 1710 faciat
901 1656 958 1710 in
984 1657 1228 1711 secundo
1258 1663 1530 1710 nocturno
1551 1663 1609 1710 et
1636 1656 1754 1710 lau-

1827 590 2142 654 surgentes,
2184 583 2518 638 inclinantes
2568 589 2700 637 ante
2743 589 2799 636 et
2837 589 3007 647 retro,
3048 584 3128 638 sic
3165 587 3426 642 omnibus

1827 673 1980 728 horis
2009 673 2232 727 faciant.
2263 672 2321 727 Si
2350 689 2480 726 vero
2510 671 2779 726 festivitas
2807 678 3111 744 antequam
3141 673 3428 730 absolvan-

1827 769 1922 817 tur
1950 762 2216 827 evenerit,
2246 779 2280 815 a
2328 778 2560 832 vespera
2606 778 2784 832 usque
2831 762 2902 816 ad
2930 763 3098 816 aliam
3138 780 3426 834 vesperam

1828 852 1980 906 omni
2001 851 2394 905 communione
2417 850 2681 904 fratribus
2700 851 2985 905 socientur
3002 867 3013 900 :
3033 853 3234 906 missas
3256 853 3428 908 etiam

1831 940 1926 1012 qui
1955 941 2272 995 sacerdotes
2314 940 2543 1002 fuerint,
2577 946 2631 994 et
2661 957 2825 993 omne
2855 941 2999 1010 quod
3029 942 3098 995 ad
3136 943 3430 998 servitium

1812 1030 2078 1084 divinum
2129 1029 2390 1100 pertinet.
2427 1028 2709 1082 celebrare
2742 1036 2994 1100 possunt.
3028 1031 3229 1085 Nullus
3275 1033 3430 1102 prior

1829 1118 1989 1173 fratri
2011 1120 2124 1172 tale
2144 1118 2310 1173 debet
2327 1119 2601 1189 judicium
2621 1118 2908 1189 imponere
2925 1120 3174 1190 quandiu
3190 1121 3429 1177 domnus

1831 1208 2002 1262 abbas
2047 1208 2218 1262 fuerit
2254 1207 2311 1261 in
2344 1207 2703 1272 monasterio,
2738 1208 2833 1262 sed
2864 1213 2920 1262 et
2949 1209 2991 1262 si
3024 1212 3428 1281 supervenerit,

1831 1297 2057 1351 interim
2086 1297 2292 1368 poterit
2329 1313 2424 1351 eos
2455 1313 2555 1367 per
2599 1314 2659 1350 se
2689 1298 3016 1368 priusquam
3060 1299 3132 1352 ad
3160 1299 3431 1355 domuum

1833 1386 2096 1440 abbatem
2138 1385 2381 1457 cognitio
2426 1402 2606 1439 causae
2652 1387 3028 1456 superveniat,
3061 1388 3219 1459 prior
3245 1388 3433 1445 absol-

1833 1493 1979 1530 vere.
1997 1475 2156 1540 Quod
2181 1475 2360 1530 sinon
2381 1474 2575 1529 fecerit
2599 1481 2656 1529 et
2675 1492 2845 1529 unam
2865 1493 3050 1530 coram
3071 1477 3191 1549 ipso
3213 1479 3434 1533 veniam

1834 1565 2076 1635 petierit,
2112 1570 2306 1635 postea
2325 1581 2436 1618 non
2459 1564 2666 1636 poterit
2694 1582 2788 1619 eos
2819 1565 2972 1636 prior
2997 1566 3298 1623 absolvere.
3337 1569 3433 1624 In-

1833 1653 2043 1708 fantem
2065 1654 2234 1707 etiam
2258 1653 2354 1725 qui
2375 1654 2595 1708 steterit
2613 1659 2743 1708 ante
2764 1655 2945 1725 ipsum
2969 1655 3294 1728 [abbatem],
3319 1675 3434 1713 non

175 1743 333 1798 dibus.
367 1745 486 1798 Illis
514 1745 859 1816 temporibus
889 1745 1093 1816 quibus
1111 1746 1476 1808 intervallum
1508 1748 1589 1812 fit,
1622 1746 1751 1799 dor-
1774 1727 1819 1786 Β
1835 1742 2002 1796 debet
2022 1743 2292 1814 magister
2307 1744 2391 1796 vel
2412 1743 2632 1814 aliquis,
2656 1744 2904 1814 quandiu
2925 1744 3077 1800 intus
3097 1746 3217 1817 ipse
3237 1727 3428 1816 fuerit,

175 1832 442 1888 mitorium
469 1839 526 1887 et
553 1833 881 1896 claustrum,
911 1841 967 1888 et
996 1834 1184 1888 omnia
1202 1834 1374 1900 (sicut
1397 1851 1568 1904 supra
1594 1840 1753 1888 taxa-

173 1920 352 1990 vimus)
381 1923 711 1978 circumeat.
741 1922 806 1977 In
835 1923 1133 1978 duodecim
1165 1922 1494 1978 lectionibus
1524 1940 1754 1978 conver-

173 2027 254 2065 sus
279 2012 494 2066 deferat
521 2013 798 2067 laternam
830 2030 928 2085 per
973 2012 1200 2068 tertiam
1231 2014 1528 2068 lectionem
1577 2014 1755 2084 inspi-

171 2100 346 2156 ciendo
367 2119 582 2156 omnes.
603 2101 669 2156 In
687 2103 1030 2173 quotidianis
1050 2103 1244 2158 diebus
1264 2120 1365 2174 per
1386 2120 1753 2174 unamquam-

172 2206 265 2259 que
293 2191 589 2245 lectionem
638 2191 806 2245 debet
849 2192 1275 2262 circumspicere
1313 2191 1621 2245 universos.
1654 2191 1755 2245 Ille

173 2279 254 2349 qui
301 2296 413 2334 non
471 2297 534 2334 se
587 2281 828 2334 voluerit
881 2281 1151 2336 inclinare
1184 2286 1380 2335 contra
1428 2297 1576 2340 eum,
1623 2288 1753 2334 ante

155 2366 333 2437 ipsum
356 2368 515 2422 illam
539 2375 730 2440 ponat,
755 2370 1064 2441 eademque
1084 2369 1252 2424 faciat
1275 2369 1320 2424 si
1341 2369 1546 2440 aliquis
1565 2369 1755 2424 inven-

171 2461 250 2509 tus
291 2457 464 2512 fuerit
491 2458 836 2525 dormitans;
873 2475 999 2512 mox
1028 2459 1122 2512 ille
1166 2464 1232 2512 ut
1258 2458 1560 2512 suscitatus
1588 2457 1758 2512 fuerit

169 2544 392 2615 accipiat
421 2550 480 2598 et
508 2550 618 2611 eat,
643 2552 702 2600 et
726 2546 958 2600 inclinet
995 2564 1056 2601 se
1085 2547 1142 2601 in
1175 2545 1421 2600 medium
1443 2545 1596 2599 chori
1629 2562 1758 2600 con-

168 2639 247 2686 tra
265 2634 441 2688 altare
460 2635 799 2707 veniensque
820 2636 890 2690 ad
909 2637 1142 2690 chorum
1165 2636 1230 2690 D.
1257 2635 1475 2689 abbatis
1495 2640 1552 2688 et
1572 2633 1756 2688 denuo

167 2739 218 2775 se
244 2723 503 2778 humiliet
530 2724 600 2778 ad
620 2725 827 2795 ipsum,
853 2731 911 2778 et
932 2725 1239 2780 circumeat
1262 2741 1474 2780 omnes.
1502 2728 1560 2778 et
1578 2739 1760 2777 rever-

167 2815 306 2866 tatur
325 2830 392 2867 ex
417 2814 532 2867 alia
551 2821 712 2885 parte
738 2815 933 2868 eadem
960 2814 1250 2868 intuendo.
1267 2813 1631 2868 Postmodum
1657 2812 1759 2866 cir-

163 2908 376 2956 cumeat
413 2902 542 2956 illos
575 2903 672 2974 qui
707 2903 912 2957 deforis
946 2909 1110 2969 sunt;
1137 2899 1758 2975 exquaesitus[perscru-

162 2995 301 3045 tatus
330 2991 582 3062 singula]
613 2998 784 3063 ponet
826 3009 950 3046 eam
992 2992 1050 3046 in
1091 2993 1212 3047 loco
1240 2993 1563 3047 constituto.
1598 2990 1656 3045 Si
1685 2990 1756 3044 ad

157 3078 408 3147 juvenem
465 3079 698 3135 fratrem
747 3081 932 3152 posita
977 3081 1164 3147 fuerit,
1215 3081 1310 3135 ille
1364 3079 1757 3135 tantummodo

161 3168 379 3223 chorum
414 3169 741 3236 circumeat,
768 3177 824 3225 et
851 3171 923 3226 ad
952 3171 1162 3242 gradus
1191 3170 1344 3225 illam
1367 3169 1646 3225 restituat.
1673 3168 1758 3222 Ad

156 3253 387 3314 infantes
419 3276 802 3331 nequaquam.

738 3348 970 3403 CAPUT
1009 3347 1140 3403 XIII
1157 3393 1168 3404 .

304 3438 379 3492 De
417 3439 488 3491 iis
519 3440 619 3507 qui
649 3438 803 3490 tarde
831 3442 1132 3491 occurrunt
1165 3440 1227 3491 in
1255 3439 1585 3490 oratorium.

220 3526 274 3581 Si
301 3527 488 3581 frater
530 3530 659 3598 post
687 3527 934 3581 Gloriam
962 3526 1130 3597 primi
1167 3525 1370 3598 psalmi
1399 3525 1633 3590 venerit,
1666 3528 1759 3578 eat

157 3620 276 3669 ante
305 3617 494 3670 altare
525 3616 595 3669 ad
638 3615 848 3686 gradus
891 3621 947 3669 et
984 3615 1061 3670 ibi
1102 3631 1289 3685 genua
1316 3631 1417 3669 sua
1457 3617 1666 3684 flectat,
1702 3619 1759 3668 et

153 3705 335 3759 statim
366 3711 592 3775 surgat,
619 3709 675 3758 et
704 3709 915 3776 perstet
943 3721 1121 3776 usque
1142 3704 1276 3758 dum
1304 3703 1607 3757 absolverit
1629 3720 1756 3758 eum

154 3794 313 3862 piior.
345 3794 661 3848 Absolutus
698 3799 865 3864 gyret
900 3800 1032 3848 ante
1070 3799 1127 3848 et
1162 3801 1333 3858 retro,
1373 3794 1671 3864 veniatque
1700 3793 1759 3846 in

151 3882 379 3936 chorum
413 3883 476 3936 in
507 3883 691 3936 locum
721 3899 903 3949 suum,
925 3883 1242 3953 iterumque
1263 3883 1479 3936 veniam
1511 3889 1681 3953 petat,
1703 3889 1760 3936 et

153 3984 209 4021 eo
243 3975 524 4041 surgente
571 3985 765 4024 omnes
812 3969 1013 4024 fratres
1059 3970 1350 4024 inclinent.
1397 3969 1454 4024 Si
1495 3969 1630 4024 foris
1659 3986 1758 4038 pro

148 4057 329 4129 aliqua
375 4059 781 4112 infirmitatula
830 4058 1068 4126 steterit,
1103 4064 1161 4114 et
1201 4076 1314 4113 non
1356 4059 1661 4113 occurrerit
1687 4059 1758 4113 ad

150 4145 331 4201 Gloria
380 4148 558 4220 primi
606 4147 828 4219 psalmi,
868 4149 1043 4203 intret
1087 4149 1144 4203 in
1187 4150 1438 4213 chorum,
1484 4154 1542 4203 ut
1588 4165 1759 4219 supra

146 4233 353 4293 dictum
382 4244 480 4293 est
514 4256 527 4291 :
560 4237 850 4293 absolutus
879 4244 1068 4292 autem
1118 4244 1278 4292 exeat
1317 4238 1466 4292 foras
1511 4244 1567 4292 et
1608 4244 1762 4308 petat

146 4327 364 4382 veniam
386 4344 568 4399 super
590 4344 798 4398 genua,
827 4333 885 4382 et
911 4328 1083 4382 faciat
1106 4327 1412 4382 secundum
1436 4327 1584 4398 quod
1610 4327 1762 4380 infir-

1836 1832 2062 1887 mittere
2090 1833 2148 1886 in
2174 1833 2450 1902 judicium
2477 1833 2696 1904 jejunii.

1907 1922 2360 1992 Quotiescunque
2379 1938 2583 1992 pueros
2606 1922 2874 1993 magister
2895 1923 2949 1978 in
2974 1924 3249 1994 judicium
3271 1927 3436 1981 mise-

1835 2011 1928 2074 rit,
1953 2011 2104 2082 prior
2128 2017 2312 2082 potest
2336 2027 2431 2065 eos
2451 2010 2736 2066 absolvere
2760 2011 2880 2066 sine
2898 2011 3124 2067 licentia
3144 2015 3431 2085 magistri:

1835 2101 2023 2154 nullus
2051 2099 2218 2154 debet
2245 2100 2388 2154 alius
2416 2100 2723 2170 quidquam
2748 2117 2850 2154 nec
2870 2101 3114 2171 signum,
3137 2119 3240 2157 nec
3259 2104 3434 2157 ullam

1836 2206 1953 2243 rem
1988 2188 2316 2260 praecipere;
2363 2189 2461 2242 sed
2491 2195 2682 2243 tamen
2710 2189 2802 2244 ille
2850 2190 2945 2260 qui
2973 2196 3131 2245 tenet
3157 2192 3432 2259 ordinem,

1836 2278 1882 2332 si
1915 2279 1965 2332 ei
1995 2279 2172 2332 visum
2203 2278 2376 2332 fuerit
2404 2283 2468 2332 ut
2494 2277 2874 2344 absolvantur,
2907 2280 3132 2351 signum
3165 2282 3437 2353 magistro

1834 2367 2023 2433 faciat,
2057 2373 2120 2421 ut
2153 2367 2531 2421 absolvantur.
2564 2367 2623 2422 Si
2653 2367 2892 2422 domnus
2920 2368 3092 2424 abbas
3121 2370 3296 2425 mittit
3324 2371 3445 2431 fra-.

1837 2461 1982 2509 trem
2013 2455 2070 2508 in
2105 2455 2402 2525 judicium,
2435 2455 2481 2509 si
2510 2455 2694 2526 pergit
2719 2456 2922 2511 alicubi
2952 2457 3279 2514 obliviscens
3308 2477 3440 2516 eum

1839 2544 2145 2610 absolvere,
2179 2543 2332 2614 prior
2373 2560 2485 2598 non
2532 2545 2680 2598 valet
2730 2545 3014 2600 absolvere
3043 2564 3192 2602 eum.
3229 2547 3342 2618 (51)
3373 2550 3442 2604 Et

1841 2650 2005 2704 quem
2038 2633 2192 2704 prior
2218 2633 2431 2687 miserit
2451 2633 2518 2699 in
2540 2633 2813 2703 judicium
2845 2635 3090 2690 decanus
3114 2653 3226 2690 non
3255 2641 3442 2707 potest

1840 2723 2126 2776 absolvere
2173 2739 2322 2787 eum,
2372 2721 2480 2776 nisi
2527 2739 2626 2793 per
2677 2740 2838 2777 suam
2894 2724 3198 2779 licentiam.
3243 2725 3442 2781 Frater

1834 2811 2056 2882 juvenis
2086 2812 2133 2865 si
2163 2811 2368 2866 missus
2388 2811 2558 2865 fuerit
2578 2812 2634 2864 in
2664 2812 2768 2865 levi
2797 2813 2963 2884 culpa
2991 2814 3088 2884 qui
3113 2831 3240 2868 cum
3260 2819 3444 2873 custo-

1840 2900 1933 2954 dia
1963 2900 2148 2971 pergit
2166 2900 2391 2971 ubique,
2417 2901 2638 2971 quando
2659 2901 2862 2955 fratres
2883 2903 3203 2970 comedunt,
3228 2904 3346 2974 ipse
3367 2903 3444 2958 sit

1839 2989 1898 3044 in
1928 2989 2182 3060 coquina.
2209 2991 2450 3060 Majores
2479 2996 2668 3044 autem
2705 2992 2909 3044 fratres
2929 2997 3082 3046 stent
3101 2992 3158 3046 in
3186 2992 3439 3059 ecclesia,

1839 3078 1924 3132 vel
1954 3079 2013 3132 in
2044 3079 2288 3132 oratorio
2322 3079 2538 3134 Sanctae
2568 3079 2777 3134 Mariae.
2812 3081 3010 3135 Frater
3035 3081 3241 3136 missus
3270 3082 3330 3136 in
3359 3083 3443 3137 le-

1841 3166 1979 3221 viori
2000 3167 2165 3238 culpa
2193 3167 2408 3238 aliquot
2427 3167 2643 3232 diebus,
2671 3168 2716 3222 si
2744 3170 2802 3224 in
2831 3169 2967 3240 ipsis
2993 3169 3139 3224 infra
3157 3171 3445 3227 evenerint

1841 3256 2131 3310 duodecim
2167 3257 2452 3323 lectiones,
2485 3257 2544 3311 in
2574 3257 2779 3328 vigilia,
2816 3264 2881 3313 ut
2907 3259 3160 3314 senuerit
3187 3260 3344 3314 scilla
3370 3259 3444 3315 ad

1842 3362 2118 3416 vesperas,
2152 3346 2260 3400 erit
2287 3346 2598 3401 absolutus.
2631 3348 2766 3401 Post
2794 3365 3077 3419 vesperas,
3129 3348 3178 3403 si
3221 3354 3444 3421 tempus

1836 3434 2009 3490 fuerit
2037 3451 2207 3490 coenae
2236 3442 2293 3490 et
2338 3436 2540 3491 fratres
2585 3436 2771 3504 ierint,
2806 3444 2900 3492 eat
2934 3443 2992 3492 et
3031 3438 3152 3509 ipse
3181 3455 3308 3493 cum
3339 3439 3441 3505 eis,

1840 3524 1970 3578 edat
2013 3532 2070 3580 et
2121 3525 2275 3580 bibat
2325 3526 2598 3597 quidquid
2641 3526 2722 3581 eis
2771 3527 3092 3598 apponitur,
3137 3528 3359 3582 etiamsi
3390 3527 3444 3583 ei

1840 3614 2044 3669 vetitus
2069 3620 2155 3668 est
2180 3620 2344 3686 potus
2375 3615 2459 3669 vel
2491 3615 2694 3686 aliquis
2722 3615 2897 3670 cibus.
2922 3617 2987 3671 In
3013 3617 3104 3670 die
3127 3617 3444 3672 festivitatis

1839 3703 2085 3758 celebret
2130 3705 2360 3758 missam
2399 3710 2456 3758 et
2502 3709 2635 3775 agat
2679 3706 2872 3759 omnia
2911 3705 3058 3760 sicut
3103 3707 3219 3760 alii.
3263 3707 3321 3761 Si
3359 3711 3447 3762 est

1841 3793 2200 3863 coquinarius
2227 3793 2406 3864 ipsam
2445 3793 2630 3847 faciat.
2677 3794 2905 3848 Missam
2935 3795 3164 3866 adjuvet
3193 3800 3440 3864 cantare,

1840 3883 1937 3937 sed
1965 3900 2158 3954 pacem
2207 3900 2318 3937 non
2357 3883 2608 3950 recipiet.
2644 3883 2700 3938 Si
2732 3889 2819 3937 est
2846 3883 3051 3938 missus
3078 3885 3149 3938 ad
3179 3885 3444 3939 candela-

1843 3973 2004 4026 brum
2036 3973 2346 4033 ferendum,
2382 3972 2566 4043 ipsum
2594 3979 2796 4043 portet.
2841 3972 2897 4026 Si
2929 3972 3100 4026 fuerit
3126 3973 3332 4028 missus
3369 3974 3442 4028 ad

1841 4061 2275 4132 responsorium,
2305 4077 2417 4114 non
2453 4059 2708 4130 imponat
2740 4059 2878 4130 ipse,
2911 4059 3009 4113 sed
3038 4059 3211 4114 alium
3249 4059 3452 4114 subro-

1839 4155 1934 4220 get
1955 4150 2046 4220 qui
2074 4149 2259 4220 ipsum
2275 4148 2518 4202 officium
2545 4148 2796 4219 impleat.
2811 4149 3116 4202 Transacta
3138 4148 3441 4204 festivitate

1843 4243 2157 4293 revertatur
2187 4239 2245 4292 in
2280 4255 2439 4292 suam
2471 4237 2885 4309 pmnitentiam.

2445 4327 2678 4382 CAPUT
2713 4326 2831 4381 XV.

142 4414 306 4470 initas
336 4418 397 4472 ei
426 4417 724 4489 permittit.
761 4418 903 4472 Item
933 4417 1110 4471 frater
1141 4416 1186 4471 si
1215 4416 1433 4470 venerit
1459 4417 1529 4470 ad
1561 4417 1756 4470 horam
1781 4401 1823 4459 D
1841 4419 1934 4472 Ast
1958 4420 2144 4486 gravis
2172 4418 2322 4472 hunc
2344 4433 2551 4471 morem
2581 4417 2981 4471 monachorum
3008 4417 3174 4486 exigit
3200 4435 3435 4474 omnem.

141 4513 265 4573 post
298 4509 506 4562 Gloria
558 4506 726 4578 primi
775 4506 978 4578 psalmi
1016 4507 1102 4560 vel
1151 4506 1525 4577 qualicunque
1575 4506 1753 4576 [supp.

143 4595 429 4669 tempore]
462 4594 850 4667 supervenerit
877 4600 1089 4665 postea,
1119 4611 1298 4665 usque
1323 4594 1393 4648 ad
1423 4595 1590 4661 Kyric
1628 4596 1759 4647 elei-

136 4701 250 4746 so-n,
287 4686 379 4740 sic
412 4685 584 4740 debet
609 4684 824 4738 intrare
851 4683 1004 4738 intus
1032 4701 1102 4738 ne
1130 4689 1314 4738 totum
1345 4683 1561 4754 perdat,
1586 4687 1644 4736 et
1668 4688 1760 4737 eat

135 4772 190 4826 in
217 4774 350 4829 loco
384 4773 699 4828 constituto
723 4773 900 4828 donec
925 4772 1267 4828 absolvatur.
1294 4773 1453 4836 Quod
1482 4773 1528 4826 si
1555 4771 1760 4843 persti-

131 4863 264 4917 terit
285 4864 366 4918 ad
390 4869 578 4918 totam
599 4863 818 4928 horam,
844 4862 894 4917 si
913 4861 1116 4917 fratres
1138 4863 1371 4916 ﬂectunt
1389 4878 1573 4932 genua
1593 4878 1762 4933 super

135 4950 381 5020 formas,
409 4953 534 5023 ipse
553 4951 724 5006 faciat
747 4968 916 5024 super
937 4951 1165 5023 gradus.
1185 4952 1416 5023 Expleta
1437 4951 1574 5006 hora
1593 4951 1766 5006 disce-

129 5042 229 5097 dat
256 5043 495 5115 absque
521 5043 703 5114 jussu.

757 5130 992 5186 CAPUT
1026 5131 1172 5186 XIV.

271 5223 475 5293 Culpa
507 5225 635 5277 levis
667 5223 770 5276 tali
797 5225 1118 5290 stringatur
1146 5223 1210 5274 in
1237 5222 1429 5275 ordine
1457 5221 1610 5288 facti.

196 5313 460 5368 Fratres
516 5311 610 5383 qui
648 5328 748 5383 pro
787 5309 894 5365 levi
947 5309 1112 5382 culpa
1161 5309 1468 5365 secundum
1507 5309 1760 5380 regulam

125 5407 500 5475 separantur
535 5417 570 5455 a
603 5417 821 5468 mensa,
863 5399 942 5455 sic
986 5399 1045 5454 in
1100 5400 1345 5454 oratorio
1390 5398 1759 5454 satisfaciant.

128 5491 272 5546 Cum
295 5496 456 5564 post.
476 5490 843 5561 psalmodiam
866 5489 934 5544 ad
955 5505 1148 5561 preces
1167 5489 1264 5543 alii
1284 5506 1343 5543 se
1363 5488 1654 5555 inclinant,
1678 5487 1764 5542 vel

1913 4507 2148 4571 Quando
2174 4523 2400 4577 gravem
2429 4506 2602 4560 frater
2625 4505 2828 4577 aliquis
2859 4507 3166 4562 committit
3193 4509 3437 4580 culpam,

1841 4596 1912 4650 ad
1959 4595 2314 4668 praesentiam
2363 4595 2554 4650 domni
2594 4594 2812 4650 abbatis
2859 4612 2972 4650 non
3019 4597 3187 4652 debet
3229 4598 3438 4664 venire,

1840 4685 2017 4740 donec
2043 4690 2272 4738 vocatus
2299 4684 2370 4738 ad
2416 4701 2544 4738 eum
2575 4683 2761 4738 fuerit.
2793 4685 2848 4739 Si
2881 4690 3069 4740 autem
3113 4686 3232 4758 ipse
3269 4688 3444 4743 fratre

1841 4773 2125 4830 nesciente
2169 4772 2569 4844 SUpervenerit,
2609 4779 2739 4827 ante
2785 4773 2971 4845 ipsum
3017 4781 3172 4846 petat
3221 4778 3444 4832 veniam

1841 4865 2018 4919 donec
2056 4880 2186 4918 eum
2216 4879 2248 4916 a
2279 4879 2339 4916 se
2379 4862 2624 4932 ejecerit.
2671 4863 2740 4917 Et
2776 4863 2856 4918 sic
2883 4870 3166 4936 exspectet
3191 4867 3444 4937 quandiu

1847 4954 1918 5008 ad
1961 4951 2350 5024 poenitentiam
2390 4967 2520 5005 eum
2559 4951 2798 5007 domnus
2836 4951 3008 5006 abbas
3047 4954 3255 5008 mittat.
3287 4955 3444 5010 Tunc

1842 5042 2198 5113 discalciatus
2219 5048 2279 5094 et
2307 5041 2491 5094 nudus
2519 5039 2577 5094 in
2604 5047 2940 5096 conventum
2970 5043 3176 5108 veniat,
3193 5048 3443 5113 accepto-

1843 5148 1951 5202 que
1991 5129 2200 5201 judicio
2254 5129 2404 5196 illuc,
2455 5129 2552 5183 ubi
2596 5131 2940 5185 consuetudo
2993 5131 3182 5196 fuerit,
3231 5130 3438 5196 veniat,

1840 5219 2100 5275 videlicet
2126 5218 2184 5273 in
2215 5217 2578 5284 auditorium,
2611 5229 2671 5272 et
2707 5219 2905 5273 calciet
2932 5234 2992 5272 se
3019 5223 3188 5288 atque
3216 5219 3440 5287 vestiat,

1844 5314 1902 5363 et
1933 5313 2248 5363 revertatur
2273 5307 2331 5362 in
2361 5307 2688 5378 capitulum,
2716 5313 2848 5361 ante
2882 5307 3150 5360 domnum
3179 5306 3441 5363 abbatem

1843 5398 2062 5453 veniam
2094 5402 2293 5468 petat:
2343 5397 2464 5469 ipso
2505 5396 2740 5467 jubente
2771 5396 3124 5466 ingrediatur
3164 5396 3224 5452 in
3261 5398 3444 5469 peni-

1844 5487 2102 5552 tentiam,
2139 5492 2197 5541 et
2243 5489 2437 5541 statim
2483 5492 2546 5541 ut
2588 5502 2654 5540 ex
2697 5484 2942 5556 capitulo
2989 5484 3188 5542 exierit
3230 5487 3446 5559 operiet

196 5599 316 5671 (51)
355 5598 516 5664 Q1118
551 5603 864 5671 sequuntur
901 5596 1050 5653 inter
1077 5612 1250 5653 uncos
1280 5595 1465 5668 posita
1496 5613 1562 5654 ex
1592 5609 1697 5652 ms.
1731 5597 1918 5654 codice
1949 5593 2202 5651 Farfensi
2229 5593 2526 5666 desumpta
2550 5599 2702 5650 sunt.

390 5696 673 5762 Parnm“
725 5697 848 5784 CL.

3133 5693 3212 5758 40
