3886 6172
480 245 617 307 1263
1540 253 1889 310 GUIDONIS
1926 250 2231 307 ABBATIS
2268 253 2668 311 FARFENSIS
3544 262 3659 319 1264

469 375 842 447 temporibus,
866 376 1069 447 quibus
1095 377 1333 431 mixtum
1376 378 1652 449 accipitur
1686 385 1814 451 post
1839 378 2136 436 tertiamA
2225 378 2292 433 In
2318 379 2577 434 maximis
2623 378 3023 435 festivitatibus
3069 380 3344 435 duodecim
3383 383 3666 440 candelabra

473 464 521 519 si
542 464 852 536 loquuntur
879 465 937 520 in
963 466 1226 521 claustro.
1251 467 1565 523 Novissime
1594 474 1795 523 exeant
1824 469 1893 523 ad
1920 468 2067 538 capi-
2147 469 2263 524 sint
2314 475 2445 524 ante
2490 471 2667 524 altare
2718 470 2920 539 majus,
2952 470 3022 524 ad
3068 470 3358 525 matutinas
3401 471 3584 535 laudes,
3609 474 3665 527 ad

471 556 654 610 tulum
684 555 853 627 primi
881 561 939 610 et
966 563 1092 628 post
1119 574 1324 612 nonam
1356 559 1441 613 vel
1453 559 1828 613 collationem.
1854 560 1917 613 In
1931 559 2067 612 duo-
2148 558 2377 612 missam
2426 563 2484 612 et
2509 574 2821 629 vesperam,
2851 557 2977 611 aliis
3005 558 3155 611 horis
3179 564 3241 611 ut
3265 575 3436 629 supra.
3473 559 3667 623 Quando

470 643 648 698 decim
688 644 1019 700 lectionibus
1044 647 1191 717 quod
1219 648 1458 717 populus
1492 664 1601 701 non
1634 648 1899 707 celebrat,
1936 664 2065 717 pos-
2148 662 2323 701 unum
2355 647 2617 718 quodque
2657 663 2803 718 resp.
2837 662 2871 700 a
2914 645 3130 701 duobus
3169 646 3420 701 fratribus
3454 655 3670 703 cantatur

470 737 604 786 sunt
633 733 838 788 fratres
866 734 1203 789 vestimenta
1230 742 1399 806 atque
1436 735 1804 791 calciamenta
1846 737 2064 790 deferre
2148 736 2219 789 ad
2250 736 2575 800 matutinos,
2610 752 2721 790 una
2751 735 2869 789 sola
2887 735 3117 789 collecta
3145 735 3214 788 ad
3241 735 3452 788 missam
3479 736 3669 790 matuti-

468 819 526 874 in
549 821 857 877 claustrum
887 824 958 878 ad
1001 824 1408 879 meliorandum
1440 830 1497 879 in
1525 825 1784 892 sabbato;
1817 826 1915 879 sed
1944 826 2066 896 ipsa
2147 825 2333 879 nalem
2370 825 2595 890 dicitur,
2636 830 2692 879 et
2720 824 2779 878 in
2809 823 2944 894 ipsis
2984 823 3179 878 diebus
3207 839 3312 877 non
3335 830 3577 878 cantatur.
3606 827 3670 879 Ad

469 909 561 964 die
574 917 705 966 ante
717 929 1011 983 vesperum
1025 913 1704 978 sustollantQuutidianis
1718 931 1846 968 vero
1866 914 2063 969 diebus
2149 915 2472 980 Dominum,
2505 930 2632 968 cum
2664 915 2988 975 tribularer,
3015 929 3115 984 pro
3139 912 3401 967 defunctis
3428 914 3492 967 ad
3516 914 3667 969 horas.

468 1000 778 1072 eademque
806 1001 1114 1056 faciant.In
1143 1002 1282 1073 ipsis
1301 1002 1697 1058 festivitatibus
1725 1003 2062 1074 supradictis
2147 1002 2206 1056 Si
2227 1003 2495 1073 magister
2513 1019 2716 1075 pueros
2746 1002 2990 1056 mittitin
3016 1001 3304 1073 judicium,
3334 1018 3437 1056 non
3463 1002 3670 1057 debetad

467 1089 769 1160 scriptores
798 1097 1034 1161 possunt
1056 1091 1317 1157 scribere,
1352 1092 1573 1146 etiamsi
1594 1093 1649 1146 in
1675 1092 1866 1165 cappis
1895 1092 2065 1147 fuerit
2146 1092 2319 1146 alium
2348 1094 2648 1164 pertinere,
2693 1093 2802 1147 nisi
2841 1093 2913 1147 ad
2942 1092 3098 1147 illum
3129 1093 3221 1164 qui
3252 1092 3485 1146 ordinem
3509 1098 3666 1146 tenet:

466 1176 837 1234 celebrata.In
860 1180 1119 1234 maximis
1138 1180 1341 1252 quippe
1360 1181 1755 1235 festivitatibus
1783 1187 1841 1236 et
1868 1182 2064 1235 Domi-
2145 1181 2193 1235 si
2240 1181 2450 1237 bonum
2479 1183 2700 1237 videtur
2726 1188 2791 1237 ut
2818 1181 3159 1248 absolvatur,
3202 1182 3414 1252 signum
3453 1182 3671 1252 magistro

468 1265 610 1321 nicis
639 1267 857 1333 diebus,
900 1284 1004 1323 nec
1030 1269 1167 1340 ipsis
1197 1276 1283 1324 est
1311 1269 1687 1335 scribendum,
1720 1287 1823 1324 nec
1858 1270 2062 1324 fratres
2144 1271 2332 1337 faciat,
2356 1277 2417 1326 ut
2447 1271 2784 1326 absolvatur.
2820 1271 3091 1326 Sacerdos
3113 1287 3225 1325 non
3250 1276 3397 1341 petat
3418 1269 3671 1324 veniamad

464 1362 680 1426 ponant
704 1356 1051 1412 vestimenta.
1084 1359 1217 1413 Post
1235 1359 1658 1429 completorium
1692 1360 1879 1413 nullus
1912 1360 2065 1430 legat
2145 1360 2549 1415 confessionem
2582 1361 2781 1415 levitae.
2822 1360 3011 1415 Abbas
3041 1359 3155 1414 sive
3179 1359 3479 1414 sacerdotes
3500 1376 3674 1430 semper

452 1434 525 1499 in
554 1450 731 1500 strato
760 1463 881 1507 suo,
898 1463 1002 1501 nec
1021 1448 1209 1518 egredi
1227 1448 1296 1501 de
1319 1448 1649 1502 dormitorio
1669 1448 1726 1502 in
1753 1449 2061 1502 claustrum
2145 1449 2584 1504 satisfactionem
2628 1449 2777 1503 inter
2816 1465 2876 1503 se
2923 1449 3132 1503 faciant
3160 1448 3376 1520 quando
3402 1448 3497 1502 hoc
3517 1454 3672 1518 agunt.

464 1540 799 1605 presumat;
839 1535 1103 1590 similiter
1141 1536 1489 1607 temporibus
1534 1537 1861 1591 meridianis
1906 1542 2063 1591 ante-
2144 1538 2313 1594 Omni
2344 1555 2590 1610 namque
2614 1544 2869 1610 tempore
2897 1539 3120 1609 quando
3170 1539 3235 1592 fit
3261 1536 3674 1601 intervallum,“

466 1637 636 1693 quam
659 1623 813 1677 scilla
833 1629 1027 1678 sonet:
1056 1640 1186 1678 nam
1212 1624 1362 1678 inter
1389 1624 1570 1696 ipsam
1602 1624 1968 1679 meridianam
1991 1625 2061 1679 de
2078 1692 2113 1696 _
2143 1628 2409 1683 lectiones
2454 1628 2786 1683 vacandum.
2827 1627 3068 1682 Tamdiu
3110 1625 3277 1681 debet
3302 1627 3471 1680 teneri
3497 1626 3675 1695 signum

463 1692 777 1766 senioribus
806 1712 902 1783 qui
932 1712 1165 1767 voluerit
1186 1692 1565 1784 legere,legat.
1585 1713 1844 1768 Juniores
1857 1714 2060 1767 fratres
2076 1692 2125 1753 Β
2142 1717 2213 1770 ad
2244 1717 2504 1788 primam.
2528 1733 2818 1787 quousque
2838 1715 3175 1770 conveniant
3194 1732 3405 1783 omnes,
3430 1722 3488 1769 ut
3504 1692 3675 1785 septem

462 1805 519 1853 et
570 1799 814 1855 infantes
863 1817 1219 1873 nequaquam
1264 1802 1370 1856 hoc
1416 1807 1785 1873 praesumant.
1825 1803 1888 1857 ln
1922 1801 2060 1873 ipsis
2142 1807 2390 1878 psalmos
2418 1807 2719 1861 decantare
2749 1806 2967 1877 possint
3004 1805 3282 1868 inclinati,
3321 1811 3377 1858 et
3401 1805 3528 1858 facto
3553 1803 3677 1872 signo

460 1889 809 1960 temporibus
836 1890 932 1961 qui
957 1891 1075 1945 vult
1101 1907 1160 1945 se
1180 1890 1467 1962 cooperire
1495 1891 1563 1945 de
1594 1891 1813 1962 pellicia
1840 1908 1944 1945 sua
1971 1890 2058 1945 vel
2141 1894 2211 1948 ab
2248 1894 2449 1949 abbate
2478 1894 2856 1959 dimittantur,
2889 1900 2947 1949 et
2981 1894 3122 1948 hora
3152 1894 3455 1948 inchoetur.
3485 1892 3559 1947 Ad
3588 1898 3678 1946 ter-

459 1976 531 2031 de
558 1977 795 2041 cuculla,
828 1977 1020 2035 faciat:
1052 1979 1146 2033 sed
1178 1979 1362 2033 videat
1391 1994 1462 2033 ne
1490 1997 1550 2033 se
1580 1995 1709 2033 cum
1731 1979 1931 2033 calceis
1951 1978 2061 2032 col-
2139 1983 2298 2049 tiam,
2333 1982 2446 2037 sive
2474 1989 2685 2038 sextam
2710 1983 2794 2036 vel
2822 1999 3025 2037 nonam
3049 1982 3267 2036 tamdiu
3295 1988 3474 2036 teneat
3489 1986 3679 2035 secreta-

458 2068 625 2124 locet.
655 2071 894 2125 Juvenes
924 2076 1094 2142 atque
1114 2071 1357 2125 infantes
1385 2071 1549 2125 sicuti
1578 2072 1647 2126 de
1668 2078 1850 2135 nocte,
1882 2071 1964 2126 ita
1992 2087 2058 2125 ex
2139 2072 2255 2127 rius
2284 2073 2590 2127 secundum
2628 2071 2880 2144 signum,
2929 2088 3226 2143 quousque
3255 2070 3419 2125 abbas
3460 2069 3679 2124 veniatin

460 2161 581 2212 toto
634 2175 695 2212 se
732 2159 1062 2230 coaptitent.
1098 2160 1339 2214 Juvenes
1384 2159 1587 2214 fratres
1616 2177 1729 2215 non
1758 2167 1959 2215 exeant
1987 2161 2057 2215 de
2138 2161 2414 2215 choro.Et
2441 2160 2487 2215 si
2518 2160 2690 2214 abbas
2709 2165 2885 2225 deest,
2904 2176 3016 2213 non
3043 2166 3130 2214 est
3152 2176 3375 2214 necesse
3390 2164 3675 2229 exspectare.

460 2246 792 2302 dormitorio
820 2253 1123 2319 antequam
1153 2248 1311 2319 pueri
1333 2254 1584 2319 surgant.
1601 2250 1737 2304 Post
1764 2250 1897 2304 hinc
1921 2251 2057 2305 dum
2143 2250 2310 2305 Sexta
2345 2250 2483 2304 hora
2512 2254 2775 2304 teneatur
2802 2249 3111 2303 secundum
3145 2249 3364 2320 signum
3395 2264 3551 2319 usque
3574 2246 3680 2300 dum

458 2334 702 2391 infantes
733 2336 989 2402 exierint,
1017 2343 1150 2392 eant
1163 2344 1221 2392 et
1247 2337 1355 2408 ipsi
1383 2354 1510 2392 cum
1541 2354 1643 2392 sua
1672 2340 1959 2407 custodia;
1984 2339 2059 2394 si-
2139 2339 2379 2405 dicatur,
2394 2342 2537 2394 Deus
2557 2342 2908 2393 misereatur.
2927 2338 3009 2392 Ad
3033 2354 3241 2392 nonam
3261 2335 3576 2409 temporibus
3594 2351 3681 2388 me-

458 2441 531 2481 ne
554 2427 812 2481 custodia
829 2444 959 2482 vero
990 2444 1101 2482 non
1131 2433 1475 2499 praesumant
1492 2444 1775 2499 quoquam
1792 2428 2053 2491 transire,
2138 2427 2369 2482 ridianaa
2394 2433 2588 2481 teneat
2615 2427 2827 2481 scillam
2865 2432 3087 2481 tantum
3131 2442 3437 2497 quousque,
3473 2426 3680 2479 Miserere

459 2513 631 2569 etiam
650 2513 710 2569 in
739 2515 991 2583 ecclesia,
1024 2515 1247 2587 quando
1291 2516 1484 2570 volunt
1503 2516 1755 2593 accipere
1785 2516 2055 2571 Euchari-
2137 2520 2265 2579 mei,
2299 2519 2439 2572 Deus
2468 2516 2714 2571 ﬁniatur.
2745 2516 2831 2570 Ad
2871 2532 3169 2587 vesperum
3199 2515 3269 2569 ad
3300 2513 3681 2585 unumquodque

458 2602 644 2657 stiam.
695 2604 761 2659 In
812 2604 1056 2660 claustro
1098 2605 1261 2675 juxta
1302 2620 1463 2658 suam
1513 2604 1825 2659 custodiam
1861 2606 2057 2659 sedeat
2136 2605 2358 2676 signum
2381 2621 2507 2660 cum
2531 2606 2786 2677 pulsatur
2806 2605 3002 2659 tandiu
3023 2606 3412 2677 protendatur,
3431 2609 3490 2658 ut
3509 2603 3682 2657 Παυςιή

455 2692 865 2764 unusquisque.
903 2694 967 2749 In
996 2693 1324 2747 dormitorio
1356 2709 1484 2747 vero
1507 2694 1670 2764 juxta
1699 2694 2048 2764 magistrum,
2135 2697 2485 2763 adjutorz’um
2523 2711 2707 2749 meum
2752 2700 3066 2765 promatur.
3110 2694 3201 2748 Ad
3229 2692 3567 2749 secretarium
3592 2706 3682 2744 non

454 2782 541 2836 vel
569 2787 739 2837 antea
754 2782 1002 2838 habeant
1029 2783 1191 2837 lecta.
1224 2782 1459 2846 Quando
1489 2783 1925 2854 septimanarius
1938 2784 2053 2839 fue-
2135 2784 2381 2856 pertinet
2408 2785 2477 2839 de
2508 2783 2679 2837 missa
2709 2783 3018 2854 hospitum,
3041 2783 3141 2838 sed
3172 2782 3345 2838 frater
3370 2778 3684 2836 ostiariusde-

453 2870 532 2925 rit
557 2870 677 2943 ipse
699 2871 920 2942 juvenis
944 2871 1138 2933 frater,
1167 2888 1293 2926 cum
1324 2888 1426 2925 suo
1449 2873 1718 2942 magistro
1731 2879 1917 2944 potest
1942 2874 2053 2928 exi-
2136 2872 2231 2928 bet
2258 2890 2450 2928 curam
2471 2872 2697 2935 habere,
2733 2878 2791 2926 et
2816 2872 2917 2937 illi,
2946 2872 3041 2944 qui
3063 2877 3225 2927 tenet
3253 2872 3491 2927 ordinem
3513 2870 3683 2934 dicere,

453 2975 515 3014 re
544 2959 614 3014 de
641 2960 971 3015 dormitorio
996 2966 1128 3015 ante
1143 2960 1402 3027 infantes,
1421 2966 1479 3015 et
1497 2966 1624 3032 post
1641 2961 1820 3016 trinas
1843 2963 2052 3017 oratio-
2067 3008 2109 3032 η
2132 2966 2197 3015 ut
2223 2962 2324 3016 tali
2342 2961 2619 3032 injungat,
2648 2960 2745 3031 qui
2777 2961 3079 3031 diligenter
3097 2954 3680 3032 possitimplere.Pueri

453 3008 510 3014 ’“
548 3008 613 3014 ’“”
645 3008 967 3015 “”““-”⁷“’⁷
996 3008 1126 3015 ”“’”’⁷
1143 3008 1314 3015 ’“““’”’““
1328 3008 1402 3027 ⁷⁷⁷
1425 3008 1478 3015 ⁷⁷
1497 3008 1623 3032 1""
1645 3008 1819 3016 ’“’“““’““’
1845 3008 2021 3017 ν““’“’““’
2137 3008 2197 3015 *⁷
2226 3008 2324 3016 ““”““
2342 3008 2619 3032 ”“δ““““0“”⁷
2652 3008 2745 3031 Ἰ“““
2780 3008 3067 3031 _"'O"""
3097 3008 3470 3032 r"'""“'r"'
3490 3008 3563 3013 "_

452 3065 554 3104 nes
581 3048 846 3105 inchoare
875 3066 1035 3105 suam
1075 3048 1473 3104 obedientiam.
1521 3050 1580 3105 Si
1609 3067 1740 3105 vero
1768 3069 1895 3106 cum
1926 3008 2110 3107 aliisc
2134 3067 2378 3121 namque
2406 3050 2477 3104 ad
2513 3050 2743 3104 missam
2775 3049 3191 3113 matutinalem,
3225 3066 3347 3121 qua:
3373 3052 3606 3103 cantatur
3629 3043 3685 3098 ad

452 3153 519 3192 ex
546 3137 817 3193 fratribus
846 3139 1034 3205 fuerit,
1060 3155 1173 3193 non
1204 3144 1365 3193 exeat
1379 3138 1494 3193 ullo
1524 3139 1710 3205 modo,
1734 3140 1910 3196 donec
1929 3143 2052 3212 ejus
2134 3146 2386 3195 sanctam
2408 3156 2627 3194 crucem
2659 3156 2769 3193 non
2802 3145 3042 3210 pergant
3061 3138 3139 3193 ibi
3171 3139 3245 3193 ad
3268 3138 3593 3193 serviendum
3617 3150 3686 3187 sa—

452 3226 709 3282 custodia
762 3227 1057 3293 excitetur,
1098 3234 1155 3282 et
1201 3227 1413 3299 pariter
1457 3245 1585 3283 cum
1643 3245 1708 3283 eo
1764 3236 1960 3300 surgat
1997 3236 2053 3285 et
2134 3229 2368 3295 cerdoti,
2411 3228 2509 3283 sed
2562 3228 2851 3283 secretarii
2898 3228 3303 3283 administrent
3344 3227 3421 3281 illi
3456 3222 3684 3298 quidquid

452 3315 644 3371 abluat
693 3333 895 3371 manus
934 3322 1103 3388 atque
1142 3316 1373 3385 faciem;
1428 3322 1485 3372 et
1534 3323 1725 3372 ternas
1767 3319 2050 3375 orationes
2132 3335 2440 3389 congruum
2469 3323 2555 3373 est
2586 3334 2713 3372 cum
2744 3317 2931 3372 levita.
2965 3318 3090 3371 Non
3122 3315 3499 3388 disciplinabit
3522 3313 3685 3382 magis-

451 3411 644 3476 agant.
676 3405 889 3461 Exinde
910 3406 1145 3460 redeant
1168 3405 1226 3460 in
1247 3406 1507 3477 coquina,
1542 3412 1599 3461 et
1618 3406 1868 3461 dimittat
1893 3406 2049 3481 [eum
2132 3412 2220 3461 ter
2246 3423 2449 3478 pueros
2481 3405 2539 3460 in
2586 3406 2757 3461 choro
2794 3406 2841 3460 si
2886 3406 3127 3461 domnus
3176 3406 3347 3461 abbas
3387 3403 3587 3460 affuerit
3608 3406 3685 3455 aut

450 3494 742 3566 magister]
772 3494 851 3549 ibi
874 3493 978 3549 sub
1005 3495 1259 3549 custodia
1283 3512 1348 3550 ex
1374 3495 1462 3550 his
1483 3495 1601 3562 uni,
1635 3497 1877 3566 qualiter
1894 3498 1946 3551 ei
1975 3498 2052 3552 vi-
2132 3495 2288 3566 prior
2317 3512 2329 3545 :
2362 3511 2463 3549 nec
2506 3495 2574 3549 de
2612 3494 2708 3549 illo
2741 3495 2931 3561 choro,
2964 3495 3023 3549 in
3056 3512 3171 3566 quo
3193 3502 3326 3561 stat,
3355 3494 3445 3567 qui
3472 3492 3681 3547 ordinem

451 3599 577 3638 sum
606 3582 797 3637 fuerit.
2132 3589 2306 3639 tenet.
2334 3583 2394 3639 Si
2420 3584 2661 3638 domnus
2696 3582 2871 3637 abbas
2901 3600 3013 3638 non
3034 3589 3121 3637 est
3140 3591 3245 3638 aut
3264 3585 3431 3656 prior,
3463 3581 3686 3651 magister

523 3672 588 3726 In
620 3670 916 3743 praecipuis
945 3670 1359 3739 festivitatibus,
1389 3671 1436 3725 si
1475 3671 1647 3726 abbas
1669 3672 1843 3739 deest,
1878 3675 2051 3731 missa
2134 3689 2199 3727 ex
2228 3690 2330 3727 suo
2358 3673 2527 3727 choro
2557 3672 2728 3727 faciat
2746 3673 3120 3743 disciplinam.
3147 3674 3209 3728 Si
3233 3679 3416 3727 tamen
3439 3688 3539 3725 non
3553 3685 3684 3741 prais-

452 3774 564 3815 non
595 3759 856 3830 pertinet,
888 3766 949 3813 ut
986 3776 1109 3814 eam
1139 3760 1285 3815 ullus
1313 3766 1502 3815 cantet
1531 3761 1638 3816 nisi
1667 3762 2048 3818 hebdomada-
2131 3768 2218 3816 tat
2242 3762 2299 3816 in
2325 3762 2418 3817 illo
2456 3763 2647 3825 choro,
2692 3762 2841 3816 unde
2872 3767 2957 3816 est
2985 3762 3100 3822 ille,
3136 3763 3237 3833 qui
3267 3763 3509 3817 ordinem
3529 3761 3679 3817 tenet;

451 3848 589 3905 rius.
621 3848 731 3905 Sed
754 3854 945 3903 tamen
964 3849 1267 3920 praevideat
1284 3850 1580 3916 armarius,
1612 3856 1677 3905 ut
1699 3868 1810 3906 non
1840 3870 1942 3923 per
1965 3870 2052 3908 or-
2131 3852 2240 3906 nisi
2272 3853 2415 3907 forte
2441 3851 2561 3923 ipse
2587 3851 2840 3922 jusserit.
2863 3850 3010 3904 Nam
3034 3851 3081 3905 si
3103 3851 3447 3922 negligentia
3465 3860 3682 3905 converso

452 3938 643 3993 dinem
673 3938 732 3993 in
760 3937 984 3993 brevem
1014 3938 1222 4005 mittat,
1248 3939 1346 3993 sed
1375 3939 1547 3993 talem
1578 3940 1674 4011 qui
1701 3941 1916 3996 utiliter
1943 3944 2050 3997 scit
2133 3941 2436 4012 aliquando
2449 3940 2622 3995 fuerit
2635 3940 2704 3995 de
2724 3938 3077 4005 candelabro,
3095 3948 3287 4011 potest
3305 3940 3483 3994 infans
3502 3941 3683 4008 portare

452 4026 558 4082 hoc
586 4027 839 4082 divinum
876 4044 1064 4099 agere.
1101 4027 1335 4091 Quando
1364 4028 1476 4083 duo
1505 4028 1793 4084 thuribula
1832 4037 1964 4085 sunt
1991 4031 2050 4087 in
2133 4034 2302 4100 atque
2330 4034 2523 4083 tenere
2554 4044 2732 4099 usque
2761 4028 2895 4082 dum
2925 4029 3095 4097 Kyrz'e
3121 4031 3329 4083 elez'son
3345 4027 3551 4083 dixerit.
3578 4021 3683 4078 etin

450 4116 589 4188 ipsis
622 4116 799 4182 festis,
827 4116 998 4171 abbas
1028 4116 1283 4171 induitur
1308 4117 1378 4171 ad
1408 4134 1603 4185 unum,
1631 4118 1808 4173 frater
1836 4120 2050 4175 hebdoc-
2130 4118 2375 4173 crastino
2400 4119 2523 4189 ejus
2551 4117 2820 4188 magister
2846 4117 3189 4191 quereletur.
3207 4116 3267 4172 Si
3295 4118 3523 4171 domnus
3548 4111 3683 4165 abbas

452 4206 738 4262 madarius
768 4206 839 4261 ad
869 4205 1041 4260 aliud.
1072 4205 1131 4261 Si
1154 4205 1328 4260 abbas
1355 4205 1526 4260 fuerit
1554 4205 2043 4276 hebdomadarius,
2130 4208 2376 4279 aliquem
2404 4206 2610 4261 librum
2638 4207 2707 4261 de
2743 4206 2854 4261 alio
2898 4206 3243 4261 monasterio
3295 4201 3610 4277 acquisierit,
3644 4201 3688 4252 et

451 4296 784 4350 revestiatur
812 4304 868 4350 et
890 4312 1037 4350 unus
1066 4311 1131 4349 ex
1149 4294 1437 4358 fratribus,
1461 4295 1549 4350 cui
1578 4296 1914 4352 secretarius
1943 4315 2102 4368 an-_
2129 4296 2406 4368 praefinito
2436 4295 2602 4351 debet
2620 4302 2872 4366 tempore
2890 4294 3145 4360 reddere,
3168 4296 3258 4350 vel
3288 4295 3397 4349 alia
3428 4289 3687 4347 necessitas

451 4384 657 4439 nuerit.
682 4385 917 4450 Quando
937 4383 1109 4439 abbas
1131 4384 1362 4439 indutus
1380 4384 1552 4439 fuerit
1577 4385 1649 4439 ad
1667 4386 1946 4441 canticum
1977 4388 2047 4442 de
2063 4362 2315 4451 l)fuerit,
2348 4390 2406 4439 et
2432 4385 2671 4439 domnus
2696 4362 2867 4439 abbas
2897 4384 3246 4456 praeceperit,
3279 4383 3367 4439 vel
3400 4382 3468 4437 ad
3495 4392 3688 4435 monas-

453 4474 757 4545 evangelio,
776 4478 834 4529 et
859 4472 1330 4528 hebdomadarius
1360 4490 1425 4527 ex
1451 4472 1563 4527 alia
1577 4479 1736 4544 parte
1750 4476 2047 4541 (armarius
2128 4475 2332 4529 teriam
2362 4473 2731 4539 mandaverit,
2762 4474 3007 4544 psalmos
3029 4473 3361 4537 familiares,
3392 4477 3447 4526 et
3473 4469 3687 4531 missam,

453 4563 661 4635 quippe
685 4562 852 4618 debet
875 4562 1129 4617 invenire
1157 4561 1443 4617 collectam
1474 4568 1532 4616 et
1560 4562 1786 4633 signum
1818 4572 2043 4635 ponere)
2127 4565 2213 4619 vel
2240 4562 2608 4618 meridianam
2636 4562 2812 4617 frater
2832 4562 2927 4617 ille
2966 4567 3199 4634 propter
3221 4563 3368 4617 hanc
3387 4558 3683 4631 scripturam

448 4650 923 4707 hebdomadarius
946 4650 1119 4705 frater
1145 4650 1243 4722 qui
1271 4650 1568 4706 revestitus
1597 4656 1684 4706 est
1711 4656 1901 4707 teneat
1929 4654 2044 4710 col-
2127 4653 2394 4709 dimittat.

452 4740 767 4796 lectaneum
794 4738 918 4813 (60)
960 4745 1091 4795 ante
1135 4738 1418 4805 abbatem,
1450 4740 1499 4795 si
1527 4740 1579 4795 ei
1611 4740 1960 4813 permiserit;
1996 4744 2045 4799 si
2701 4741 2930 4800 CAPUT
2968 4738 3146 4797 XVII.

452 4845 583 4883 vero
603 4846 736 4897 non,
762 4845 909 4884 unus
932 4845 997 4883 ex
1020 4827 1320 4899 juvenibus
1365 4828 1461 4900 qui
1502 4834 1657 4884 stant
1684 4831 1755 4885 ad
1784 4830 2041 4900 formam,
2470 4833 2638 4888 Pueri
2664 4835 2907 4902 qualiter
2930 4830 3197 4897 σπινθηάὶ
3224 4834 3380 4884 sunt.

449 4923 641 4973 teneat
668 4917 739 4972 ei.
773 4918 833 4973 Si
861 4917 1033 4972 abbas
1062 4917 1294 4973 indutus
1314 4917 1485 4973 fuerit
1503 4920 1673 4999 solus,
1708 4936 1855 4976 unus
1878 4938 1943 4976 ex
1957 4923 2047 4994 ju-
2198 4922 2338 4977 Cum
2369 4926 2630 4993 parentes
2657 4937 2789 4976 suos
2817 4919 2962 4974 filios
2994 4919 3113 4973 Deo
3142 4918 3201 4972 in
3221 4913 3547 4972 monasterio
3564 4910 3678 4964 dare

447 5005 682 5063 venibus
723 5006 961 5062 fatribus
1007 5006 1195 5062 faciat.
1245 5007 1304 5063 Si
1332 5007 1625 5063 duodecim
1663 5010 1929 5065 lectiones
1958 5012 2043 5066 fa-
2125 5010 2420 5077 voluerint,
2443 5010 2652 5065 faciant
2680 5008 2958 5081 imprimis
2974 5008 3043 5063 de
3066 5005 3315 5068 rebus,si
3338 5000 3679 5077 quashabent,

447 5094 605 5151 ciunt
649 5096 875 5165 fratres,
903 5096 1046 5151 feria
1075 5101 1277 5168 quarta
1307 5097 1465 5168 pueri
1493 5114 1607 5153 non
1644 5098 1831 5154 lavent
1857 5100 2044 5172 capita
2122 5117 2224 5171 per
2270 5099 2462 5155 omnia
2509 5100 2655 5155 sicut
2692 5099 2909 5170 Regula
2962 5097 3098 5152 dicit
3142 5103 3289 5167 (cap.
3339 5092 3409 5150 58
3450 5096 3505 5146 et
3544 5085 3680 5157 seq.)-

445 5201 551 5240 nec
574 5186 969 5241 calceamenta.
1004 5184 1071 5241 In
1102 5185 1499 5242 festivitatibus
1528 5187 1730 5259 quibus
1756 5196 2041 5244 monaste-
2123 5189 2336 5245 Deinde
2372 5206 2502 5244 cum
2540 5188 2900 5258 Evangelium
2929 5187 3136 5241 lectum
3166 5184 3339 5239 fuerit
3364 5182 3434 5237 ad
3462 5179 3681 5239 missaIn.

445 5275 590 5331 rium
619 5281 802 5331 totum
828 5281 915 5331 est
947 5280 1230 5342 ornatum,
1279 5275 1366 5329 vel
1400 5276 1719 5343 dimidium,
1752 5277 1824 5331 ad
1871 5278 2039 5334 horas
2121 5283 2180 5334 et
2199 5278 2560 5340 offerendam,
2598 5278 2658 5332 in
2688 5276 2888 5349 primis
2914 5275 3089 5330 abbas
3116 5273 3344 5339 fecerit;
3378 5277 3507 5326 tunc
3525 5263 3683 5320 veniat

440 5364 732 5435 regulares
787 5370 903 5419 tres
947 5364 1192 5419 candelae
1246 5363 1484 5419 ardeant
1527 5370 1659 5419 ante
1699 5364 1895 5421 altare.
1927 5367 2037 5423 Pro
2121 5384 2262 5438 puer
2288 5373 2419 5422 ante
2444 5367 2622 5421 altare
2649 5366 2736 5421 vel
2775 5366 2848 5421 ad
2890 5365 3119 5437 gradus,
3147 5368 3204 5418 et
3230 5362 3399 5416 detur
3423 5360 3481 5413 in
3506 5367 3680 5411 manus

440 5453 615 5509 missa
642 5455 854 5526 majore
882 5453 1073 5510 omnia
1096 5454 1260 5526 signa
1285 5454 1597 5526 pulsentur.
2115 5457 2268 5513 illius
2297 5456 2642 5511 otfertorium
2654 5472 2782 5511 cum
2792 5454 2978 5511 hostia
2997 5459 3055 5510 et
3073 5450 3321 5523 ampulla
3343 5448 3472 5515 vini,
3490 5452 3542 5501 et
3554 5456 3679 5499 unus

508 5576 622 5655 (60)
650 5581 1035 5652 Collectaneus,
1077 5580 1219 5639 liber
1244 5582 1441 5641 eccles.
1489 5583 1549 5641 in
1591 5599 1702 5659 quo
1741 5581 2009 5660 collecta),
2041 5601 2146 5645 seu
2172 5602 2367 5659 preces
2396 5583 2775 5643 continentur.
