  <div class='ocr_page' id='page_1' title='image "/cluster/home/n/w/nwhite01/storage/ocr_20150623/150/hvd.32044054760087/638.png"; bbox 0 0 3886 6172; ppageno 0'>
   <div class='ocr_carea' id='block_1_1' title="bbox 178 331 311 395">
    <p class='ocr_par' dir='ltr' id='par_1_1' title="bbox 178 331 311 395">
     <span class='ocr_line' id='line_1_1' title="bbox 178 331 311 395; baseline 0 -3"><span class='ocrx_word' id='word_1_1' title='bbox 178 331 311 395; x_wconf 75' lang='lat'>1265</span> 
     </span>
    </p>
   </div>
   <div class='ocr_carea' id='block_1_2' title="bbox 1376 330 2246 391">
    <p class='ocr_par' dir='ltr' id='par_1_2' title="bbox 1376 330 2246 391">
     <span class='ocr_line' id='line_1_2' title="bbox 1376 330 2246 391; baseline 0.002 -3"><span class='ocrx_word' id='word_1_2' title='bbox 1376 330 1790 388; x_wconf 79' lang='lat' dir='ltr'>DISCIPLINA</span> <span class='ocrx_word' id='word_1_3' title='bbox 1829 331 2246 391; x_wconf 84' lang='lat' dir='ltr'>FARFENSIS.</span> 
     </span>
    </p>
   </div>
   <div class='ocr_carea' id='block_1_3' title="bbox 3315 336 3453 398">
    <p class='ocr_par' dir='ltr' id='par_1_3' title="bbox 3315 336 3453 398">
     <span class='ocr_line' id='line_1_3' title="bbox 3315 336 3453 398; baseline -0.007 0"><span class='ocrx_word' id='word_1_4' title='bbox 3315 336 3453 398; x_wconf 81' lang='grc'>1266</span> 
     </span>
    </p>
   </div>
   <div class='ocr_carea' id='block_1_4' title="bbox 164 454 3454 536">
    <p class='ocr_par' dir='ltr' id='par_1_4' title="bbox 164 454 3454 536">
     <span class='ocr_line' id='line_1_4' title="bbox 164 454 3454 536; baseline 0.001 -20"><span class='ocrx_word' id='word_1_5' title='bbox 164 462 235 516; x_wconf 87' lang='lat' dir='ltr'>‘de</span> <span class='ocrx_word' id='word_1_6' title='bbox 260 458 553 527; x_wconf 79' lang='lat' dir='ltr'>fratribus,</span> <span class='ocrx_word' id='word_1_7' title='bbox 576 457 668 513; x_wconf 91' lang='lat' dir='ltr'>cui</span> <span class='ocrx_word' id='word_1_8' title='bbox 697 454 869 513; x_wconf 83' lang='lat' dir='ltr'>abbas</span> <span class='ocrx_word' id='word_1_9' title='bbox 894 456 1131 530; x_wconf 83' lang='lat' dir='ltr'>jusserit</span> <span class='ocrx_word' id='word_1_10' title='bbox 1165 457 1318 528; x_wconf 82' lang='lat' dir='ltr'>legat</span> <span class='ocrx_word' id='word_1_11' title='bbox 1351 458 1498 512; x_wconf 88' lang='lat' dir='ltr'>hanc</span> <span class='ocrx_word' id='word_1_12' title='bbox 1538 457 1839 518; x_wconf 81' lang='lat' dir='ltr'>schedu-A</span> <span class='ocrx_word' id='word_1_13' title='bbox 1856 473 2026 529; x_wconf 88' lang='lat' dir='ltr'>quam</span> <span class='ocrx_word' id='word_1_14' title='bbox 2055 458 2207 513; x_wconf 84' lang='lat' dir='ltr'>soliti</span> <span class='ocrx_word' id='word_1_15' title='bbox 2237 459 2462 514; x_wconf 85' lang='lat' dir='ltr'>fuerant</span> <span class='ocrx_word' id='word_1_16' title='bbox 2489 459 2613 514; x_wconf 85' lang='lat' dir='ltr'>aliis</span> <span class='ocrx_word' id='word_1_17' title='bbox 2650 458 2866 525; x_wconf 87' lang='lat' dir='ltr'>diebus,</span> <span class='ocrx_word' id='word_1_18' title='bbox 2897 464 2954 516; x_wconf 90' lang='lat' dir='ltr'>et</span> <span class='ocrx_word' id='word_1_19' title='bbox 2981 461 3165 534; x_wconf 83' lang='lat' dir='ltr'>portip</span> <span class='ocrx_word' id='word_1_20' title='bbox 3211 468 3454 536; x_wconf 86' lang='lat' dir='ltr'>ponetur</span> 
     </span>
    </p>
   </div>
   <div class='ocr_carea' id='block_1_5' title="bbox 172 546 1770 619">
    <p class='ocr_par' dir='ltr' id='par_1_5' title="bbox 172 546 1770 619">
     <span class='ocr_line' id='line_1_5' title="bbox 172 546 1770 619; baseline -0.003 -15"><span class='ocrx_word' id='word_1_21' title='bbox 172 552 277 606; x_wconf 89' lang='lat' dir='ltr'>lam</span> <span class='ocrx_word' id='word_1_22' title='bbox 313 570 325 605; x_wconf 90' lang='lat'>:</span> <span class='ocrx_word' id='word_1_23' title='bbox 365 569 389 602; x_wconf 74' lang='grc' dir='ltr'>α</span> <span class='ocrx_word' id='word_1_24' title='bbox 417 550 532 619; x_wconf 87' lang='lat' dir='ltr'>Ego</span> <span class='ocrx_word' id='word_1_25' title='bbox 559 548 735 603; x_wconf 80' lang='lat' dir='ltr'>frater</span> <span class='ocrx_word' id='word_1_26' title='bbox 762 547 862 602; x_wconf 88' lang='lat' dir='ltr'>Ille</span> <span class='ocrx_word' id='word_1_27' title='bbox 897 547 1068 601; x_wconf 72' lang='lat' dir='ltr'>offero</span> <span class='ocrx_word' id='word_1_28' title='bbox 1102 547 1252 601; x_wconf 90' lang='lat' dir='ltr'>hunc</span> <span class='ocrx_word' id='word_1_29' title='bbox 1282 564 1516 618; x_wconf 87' lang='lat' dir='ltr'>puerum</span> <span class='ocrx_word' id='word_1_30' title='bbox 1544 546 1770 601; x_wconf 86' lang='lat' dir='ltr'>nomine</span> 
     </span>
    </p>
   </div>
   <div class='ocr_carea' id='block_1_6' title="bbox 176 636 1772 708">
    <p class='ocr_par' dir='ltr' id='par_1_6' title="bbox 176 636 1772 708">
     <span class='ocr_line' id='line_1_6' title="bbox 176 636 1772 708; baseline -0.001 -16"><span class='ocrx_word' id='word_1_31' title='bbox 176 660 196 692; x_wconf 85' lang='grc'>‹</span> <span class='ocrx_word' id='word_1_32' title='bbox 234 640 396 696; x_wconf 84' lang='lat' dir='ltr'>Illius</span> <span class='ocrx_word' id='word_1_33' title='bbox 424 656 553 694; x_wconf 91' lang='lat' dir='ltr'>cum</span> <span class='ocrx_word' id='word_1_34' title='bbox 577 637 859 693; x_wconf 90' lang='lat' dir='ltr'>oblatione</span> <span class='ocrx_word' id='word_1_35' title='bbox 887 637 945 691; x_wconf 89' lang='lat' dir='ltr'>in</span> <span class='ocrx_word' id='word_1_36' title='bbox 976 652 1166 700; x_wconf 87' lang='lat' dir='ltr'>manu,</span> <span class='ocrx_word' id='word_1_37' title='bbox 1192 642 1362 708; x_wconf 89' lang='lat' dir='ltr'>atque</span> <span class='ocrx_word' id='word_1_38' title='bbox 1382 636 1772 708; x_wconf 90' lang='lat' dir='ltr'>petitione,al-</span> 
     </span>
    </p>
   </div>
   <div class='ocr_carea' id='block_1_7' title="bbox 176 725 1768 800">
    <p class='ocr_par' dir='ltr' id='par_1_7' title="bbox 176 725 1768 800">
     <span class='ocr_line' id='line_1_7' title="bbox 176 725 1768 800; baseline -0.002 -19"><span class='ocrx_word' id='word_1_39' title='bbox 176 748 196 781; x_wconf 74' lang='grc' dir='ltr'>ι</span> <span class='ocrx_word' id='word_1_40' title='bbox 234 728 378 783; x_wconf 87' lang='lat' dir='ltr'>taris</span> <span class='ocrx_word' id='word_1_41' title='bbox 404 728 556 800; x_wconf 84' lang='lat' dir='ltr'>palla</span> <span class='ocrx_word' id='word_1_42' title='bbox 581 728 705 798; x_wconf 88' lang='lat' dir='ltr'>ejus</span> <span class='ocrx_word' id='word_1_43' title='bbox 735 741 964 795; x_wconf 75' lang='lat' dir='ltr'>manum</span> <span class='ocrx_word' id='word_1_44' title='bbox 980 725 1290 780; x_wconf 78' lang='lat' dir='ltr'>involutam</span> <span class='ocrx_word' id='word_1_45' title='bbox 1319 725 1391 779; x_wconf 92' lang='lat' dir='ltr'>ad</span> <span class='ocrx_word' id='word_1_46' title='bbox 1416 741 1621 779; x_wconf 87' lang='lat' dir='ltr'>nomen</span> <span class='ocrx_word' id='word_1_47' title='bbox 1642 741 1768 779; x_wconf 90' lang='lat' dir='ltr'>san-</span> 
     </span>
    </p>
   </div>
   <div class='ocr_carea' id='block_1_8' title="bbox 174 815 1774 889">
    <p class='ocr_par' dir='ltr' id='par_1_8' title="bbox 174 815 1774 889">
     <span class='ocr_line' id='line_1_8' title="bbox 174 815 1774 889; baseline -0.003 -16"><span class='ocrx_word' id='word_1_48' title='bbox 174 836 199 872; x_wconf 75' lang='grc' dir='ltr'>ι</span> <span class='ocrx_word' id='word_1_49' title='bbox 236 824 479 885; x_wconf 89' lang='lat' dir='ltr'>ctorum,</span> <span class='ocrx_word' id='word_1_50' title='bbox 510 832 750 889; x_wconf 86' lang='lat' dir='ltr'>quorum</span> <span class='ocrx_word' id='word_1_51' title='bbox 803 816 895 870; x_wconf 87' lang='lat' dir='ltr'>hic</span> <span class='ocrx_word' id='word_1_52' title='bbox 974 815 1226 886; x_wconf 69' lang='lat' dir='ltr'>reliquiae</span> <span class='ocrx_word' id='word_1_53' title='bbox 1290 815 1665 879; x_wconf 83' lang='lat' dir='ltr'>continentur,</span> <span class='ocrx_word' id='word_1_54' title='bbox 1717 819 1774 868; x_wconf 91' lang='lat' dir='ltr'>et</span> 
     </span>
    </p>
   </div>
   <div class='ocr_carea' id='block_1_9' title="bbox 177 902 1774 976">
    <p class='ocr_par' dir='ltr' id='par_1_9' title="bbox 177 902 1774 976">
     <span class='ocr_line' id='line_1_9' title="bbox 177 902 1774 976; baseline -0.001 -16"><span class='ocrx_word' id='word_1_55' title='bbox 177 927 198 960; x_wconf 77' lang='grc' dir='ltr'>ι</span> <span class='ocrx_word' id='word_1_56' title='bbox 238 907 434 962; x_wconf 91' lang='lat' dir='ltr'>domni</span> <span class='ocrx_word' id='word_1_57' title='bbox 463 905 682 961; x_wconf 84' lang='lat' dir='ltr'>abbatis</span> <span class='ocrx_word' id='word_1_58' title='bbox 725 904 1053 976; x_wconf 66' lang='lat' dir='ltr'>praesentis:</span> <span class='ocrx_word' id='word_1_59' title='bbox 1085 904 1249 958; x_wconf 86' lang='lat' dir='ltr'>trado</span> <span class='ocrx_word' id='word_1_60' title='bbox 1295 920 1483 958; x_wconf 89' lang='lat' dir='ltr'>coram</span> <span class='ocrx_word' id='word_1_61' title='bbox 1534 902 1774 958; x_wconf 84' lang='lat' dir='ltr'>testibus</span> 
     </span>
    </p>
   </div>
   <div class='ocr_carea' id='block_1_10' title="bbox 178 991 1775 1067">
    <p class='ocr_par' dir='ltr' id='par_1_10' title="bbox 178 991 1775 1067">
     <span class='ocr_line' id='line_1_10' title="bbox 178 991 1775 1067; baseline -0.003 -20"><span class='ocrx_word' id='word_1_62' title='bbox 178 1016 199 1047; x_wconf 82' lang='grc' dir='ltr'>ι</span> <span class='ocrx_word' id='word_1_63' title='bbox 232 996 572 1067; x_wconf 83' lang='lat' dir='ltr'>regulariter</span> <span class='ocrx_word' id='word_1_64' title='bbox 599 1010 1057 1067; x_wconf 84' lang='lat' dir='ltr'>permansurum;</span> <span class='ocrx_word' id='word_1_65' title='bbox 1089 992 1168 1048; x_wconf 90' lang='lat' dir='ltr'>ita</span> <span class='ocrx_word' id='word_1_66' title='bbox 1199 997 1263 1047; x_wconf 92' lang='lat' dir='ltr'>ut</span> <span class='ocrx_word' id='word_1_67' title='bbox 1291 991 1363 1046; x_wconf 91' lang='lat' dir='ltr'>ab</span> <span class='ocrx_word' id='word_1_68' title='bbox 1399 992 1505 1046; x_wconf 86' lang='lat' dir='ltr'>hac</span> <span class='ocrx_word' id='word_1_69' title='bbox 1541 991 1632 1045; x_wconf 92' lang='lat' dir='ltr'>die</span> <span class='ocrx_word' id='word_1_70' title='bbox 1662 1006 1775 1044; x_wconf 91' lang='lat' dir='ltr'>non</span> 
     </span>
    </p>
   </div>
   <div class='ocr_carea' id='block_1_11' title="bbox 179 1078 1776 1153">
    <p class='ocr_par' dir='ltr' id='par_1_11' title="bbox 179 1078 1776 1153">
     <span class='ocr_line' id='line_1_11' title="bbox 179 1078 1776 1153; baseline -0.003 -16"><span class='ocrx_word' id='word_1_71' title='bbox 179 1106 199 1137; x_wconf 83' lang='grc'><strong>(</strong></span> <span class='ocrx_word' id='word_1_72' title='bbox 236 1085 408 1139; x_wconf 87' lang='lat' dir='ltr'>liceat</span> <span class='ocrx_word' id='word_1_73' title='bbox 424 1085 506 1138; x_wconf 90' lang='lat' dir='ltr'>illi</span> <span class='ocrx_word' id='word_1_74' title='bbox 538 1084 743 1139; x_wconf 91' lang='lat' dir='ltr'>collum</span> <span class='ocrx_word' id='word_1_75' title='bbox 770 1083 838 1137; x_wconf 92' lang='lat' dir='ltr'>de</span> <span class='ocrx_word' id='word_1_76' title='bbox 868 1082 973 1137; x_wconf 91' lang='lat' dir='ltr'>sub</span> <span class='ocrx_word' id='word_1_77' title='bbox 996 1083 1134 1153; x_wconf 89' lang='lat' dir='ltr'>jugo</span> <span class='ocrx_word' id='word_1_78' title='bbox 1161 1082 1368 1152; x_wconf 79' lang='lat' dir='ltr'>regulae</span> <span class='ocrx_word' id='word_1_79' title='bbox 1382 1078 1776 1135; x_wconf 87' lang='lat' dir='ltr'>excutere.Sed</span> 
     </span>
    </p>
   </div>
   <div class='ocr_carea' id='block_1_12' title="bbox 183 1167 1778 1245">
    <p class='ocr_par' dir='ltr' id='par_1_12' title="bbox 183 1167 1778 1245">
     <span class='ocr_line' id='line_1_12' title="bbox 183 1167 1778 1245; baseline -0.004 -18"><span class='ocrx_word' id='word_1_80' title='bbox 183 1192 209 1227; x_wconf 70' lang='grc' dir='ltr'>«ι</span> <span class='ocrx_word' id='word_1_81' title='bbox 243 1175 427 1245; x_wconf 87' lang='lat' dir='ltr'>magis</span> <span class='ocrx_word' id='word_1_82' title='bbox 453 1174 706 1245; x_wconf 88' lang='lat' dir='ltr'>ejusdem</span> <span class='ocrx_word' id='word_1_83' title='bbox 733 1172 941 1243; x_wconf 69' lang='lat' dir='ltr'>regulae</span> <span class='ocrx_word' id='word_1_84' title='bbox 959 1171 1200 1225; x_wconf 82' lang='lat' dir='ltr'>fideliter</span> <span class='ocrx_word' id='word_1_85' title='bbox 1219 1187 1279 1224; x_wconf 90' lang='lat' dir='ltr'>se</span> <span class='ocrx_word' id='word_1_86' title='bbox 1301 1174 1602 1240; x_wconf 78' lang='lat' dir='ltr'>cognoscat</span> <span class='ocrx_word' id='word_1_87' title='bbox 1621 1167 1778 1221; x_wconf 85' lang='lat' dir='ltr'>insti-</span> 
     </span>
    </p>
   </div>
   <div class='ocr_carea' id='block_1_13' title="bbox 183 1256 1778 1330">
    <p class='ocr_par' dir='ltr' id='par_1_13' title="bbox 183 1256 1778 1330">
     <span class='ocr_line' id='line_1_13' title="bbox 183 1256 1778 1330; baseline -0.003 -16"><span class='ocrx_word' id='word_1_88' title='bbox 183 1284 203 1314; x_wconf 78' lang='grc' dir='ltr'>ι</span> <span class='ocrx_word' id='word_1_89' title='bbox 239 1269 367 1318; x_wconf 87' lang='lat' dir='ltr'>tuta</span> <span class='ocrx_word' id='word_1_90' title='bbox 395 1279 640 1330; x_wconf 84' lang='lat' dir='ltr'>servare,</span> <span class='ocrx_word' id='word_1_91' title='bbox 687 1266 745 1316; x_wconf 90' lang='lat' dir='ltr'>et</span> <span class='ocrx_word' id='word_1_92' title='bbox 798 1261 1036 1315; x_wconf 89' lang='lat' dir='ltr'>Domino</span> <span class='ocrx_word' id='word_1_93' title='bbox 1085 1276 1212 1314; x_wconf 92' lang='lat' dir='ltr'>cum</span> <span class='ocrx_word' id='word_1_94' title='bbox 1258 1258 1472 1313; x_wconf 67' lang='lat' dir='ltr'>caeteris</span> <span class='ocrx_word' id='word_1_95' title='bbox 1525 1256 1778 1328; x_wconf 84' lang='lat' dir='ltr'>gratanti</span> 
     </span>
    </p>
   </div>
   <div class='ocr_carea' id='block_1_14' title="bbox 182 1346 1777 1420">
    <p class='ocr_par' dir='ltr' id='par_1_14' title="bbox 182 1346 1777 1420">
     <span class='ocr_line' id='line_1_14' title="bbox 182 1346 1777 1420; baseline -0.004 -15"><span class='ocrx_word' id='word_1_96' title='bbox 182 1373 203 1405; x_wconf 68' lang='grc' dir='ltr'>ι</span> <span class='ocrx_word' id='word_1_97' title='bbox 240 1352 434 1407; x_wconf 87' lang='lat' dir='ltr'>animo</span> <span class='ocrx_word' id='word_1_98' title='bbox 464 1351 725 1406; x_wconf 89' lang='lat' dir='ltr'>militare.</span> <span class='ocrx_word' id='word_1_99' title='bbox 745 1350 911 1414; x_wconf 69' lang='lat' dir='ltr'>sQua</span> <span class='ocrx_word' id='word_1_100' title='bbox 941 1348 1186 1420; x_wconf 83' lang='lat' dir='ltr'>perlecta</span> <span class='ocrx_word' id='word_1_101' title='bbox 1211 1348 1379 1402; x_wconf 82' lang='lat' dir='ltr'>detur</span> <span class='ocrx_word' id='word_1_102' title='bbox 1397 1347 1454 1401; x_wconf 93' lang='lat' dir='ltr'>in</span> <span class='ocrx_word' id='word_1_103' title='bbox 1473 1346 1631 1418; x_wconf 91' lang='lat' dir='ltr'>pueri</span> <span class='ocrx_word' id='word_1_104' title='bbox 1653 1362 1777 1400; x_wconf 90' lang='lat' dir='ltr'>ma-</span> 
     </span>
    </p>
   </div>
   <div class='ocr_carea' id='block_1_15' title="bbox 178 1435 1775 1512">
    <p class='ocr_par' dir='ltr' id='par_1_15' title="bbox 178 1435 1775 1512">
     <span class='ocr_line' id='line_1_15' title="bbox 178 1435 1775 1512; baseline -0.005 -16"><span class='ocrx_word' id='word_1_105' title='bbox 178 1458 275 1496; x_wconf 89' lang='lat' dir='ltr'>nus</span> <span class='ocrx_word' id='word_1_106' title='bbox 304 1442 448 1512; x_wconf 91' lang='lat' dir='ltr'>ipsa,</span> <span class='ocrx_word' id='word_1_107' title='bbox 472 1446 530 1495; x_wconf 90' lang='lat' dir='ltr'>et</span> <span class='ocrx_word' id='word_1_108' title='bbox 558 1441 757 1494; x_wconf 82' lang='lat' dir='ltr'>offerat</span> <span class='ocrx_word' id='word_1_109' title='bbox 777 1455 904 1493; x_wconf 89' lang='lat' dir='ltr'>cum</span> <span class='ocrx_word' id='word_1_110' title='bbox 935 1437 1236 1502; x_wconf 89' lang='lat' dir='ltr'>oblatione,</span> <span class='ocrx_word' id='word_1_111' title='bbox 1259 1441 1316 1491; x_wconf 92' lang='lat' dir='ltr'>et</span> <span class='ocrx_word' id='word_1_112' title='bbox 1335 1442 1471 1491; x_wconf 91' lang='lat' dir='ltr'>tunc</span> <span class='ocrx_word' id='word_1_113' title='bbox 1483 1435 1655 1490; x_wconf 86' lang='lat' dir='ltr'>abbas</span> <span class='ocrx_word' id='word_1_114' title='bbox 1684 1451 1775 1489; x_wconf 86' lang='lat' dir='ltr'>ac-</span> 
     </span>
    </p>
   </div>
   <div class='ocr_carea' id='block_1_16' title="bbox 180 1527 1768 1602">
    <p class='ocr_par' dir='ltr' id='par_1_16' title="bbox 180 1527 1768 1602">
     <span class='ocr_line' id='line_1_16' title="bbox 180 1527 1768 1602; baseline -0.004 -17"><span class='ocrx_word' id='word_1_115' title='bbox 180 1531 342 1602; x_wconf 85' lang='lat' dir='ltr'>cipiat</span> <span class='ocrx_word' id='word_1_116' title='bbox 369 1530 794 1585; x_wconf 88' lang='lat' dir='ltr'>custodiendam</span> <span class='ocrx_word' id='word_1_117' title='bbox 822 1544 970 1585; x_wconf 91' lang='lat' dir='ltr'>eam.</span> <span class='ocrx_word' id='word_1_118' title='bbox 998 1528 1057 1583; x_wconf 86' lang='lat' dir='ltr'>Si</span> <span class='ocrx_word' id='word_1_119' title='bbox 1079 1527 1424 1581; x_wconf 89' lang='lat' dir='ltr'>laiciadsunt</span> <span class='ocrx_word' id='word_1_120' title='bbox 1445 1529 1768 1597; x_wconf 61' lang='lat' dir='ltr'>praesentes,</span> 
     </span>
    </p>
   </div>
   <div class='ocr_carea' id='block_1_17' title="bbox 180 1615 1767 1685">
    <p class='ocr_par' dir='ltr' id='par_1_17' title="bbox 180 1615 1767 1685">
     <span class='ocr_line' id='line_1_17' title="bbox 180 1615 1767 1685; baseline -0.004 -11"><span class='ocrx_word' id='word_1_121' title='bbox 180 1620 533 1685; x_wconf 83' lang='lat' dir='ltr'>advocentur,</span> <span class='ocrx_word' id='word_1_122' title='bbox 568 1625 630 1674; x_wconf 88' lang='lat' dir='ltr'>ut</span> <span class='ocrx_word' id='word_1_123' title='bbox 668 1619 897 1673; x_wconf 79' lang='lat' dir='ltr'>videant</span> <span class='ocrx_word' id='word_1_124' title='bbox 936 1622 990 1672; x_wconf 90' lang='lat' dir='ltr'>et</span> <span class='ocrx_word' id='word_1_125' title='bbox 1021 1616 1272 1681; x_wconf 86' lang='lat' dir='ltr'>audiant,</span> <span class='ocrx_word' id='word_1_126' title='bbox 1314 1620 1380 1670; x_wconf 89' lang='lat' dir='ltr'>ut</span> <span class='ocrx_word' id='word_1_127' title='bbox 1422 1615 1537 1670; x_wconf 92' lang='lat' dir='ltr'>sint</span> <span class='ocrx_word' id='word_1_128' title='bbox 1572 1619 1767 1669; x_wconf 85' lang='lat' dir='ltr'>testes.</span> 
     </span>
    </p>
   </div>
   <div class='ocr_carea' id='block_1_18' title="bbox 178 1703 1775 1765">
    <p class='ocr_par' dir='ltr' id='par_1_18' title="bbox 178 1703 1775 1765">
     <span class='ocr_line' id='line_1_18' title="bbox 178 1703 1775 1765; baseline -0.006 0"><span class='ocrx_word' id='word_1_129' title='bbox 178 1711 327 1765; x_wconf 89' lang='lat' dir='ltr'>Tunc</span> <span class='ocrx_word' id='word_1_130' title='bbox 346 1708 523 1763; x_wconf 87' lang='lat' dir='ltr'>abbas</span> <span class='ocrx_word' id='word_1_131' title='bbox 561 1707 729 1762; x_wconf 88' lang='lat' dir='ltr'>debet</span> <span class='ocrx_word' id='word_1_132' title='bbox 771 1707 1105 1762; x_wconf 83' lang='lat' dir='ltr'>benedicere</span> <span class='ocrx_word' id='word_1_133' title='bbox 1142 1706 1417 1760; x_wconf 90' lang='lat' dir='ltr'>cucullam</span> <span class='ocrx_word' id='word_1_134' title='bbox 1471 1709 1527 1758; x_wconf 90' lang='lat' dir='ltr'>et</span> <span class='ocrx_word' id='word_1_135' title='bbox 1570 1703 1775 1757; x_wconf 89' lang='lat' dir='ltr'>vestire</span> 
     </span>
    </p>
   </div>
   <div class='ocr_carea' id='block_1_19' title="bbox 1853 548 3451 617">
    <p class='ocr_par' dir='ltr' id='par_1_19' title="bbox 1853 548 3451 617">
     <span class='ocr_line' id='line_1_19' title="bbox 1853 548 3451 617; baseline 0.005 -17"><span class='ocrx_word' id='word_1_136' title='bbox 1853 563 1953 617; x_wconf 89' lang='lat' dir='ltr'>per</span> <span class='ocrx_word' id='word_1_137' title='bbox 1970 554 2199 602; x_wconf 90' lang='lat' dir='ltr'>cunctos</span> <span class='ocrx_word' id='word_1_138' title='bbox 2228 548 2432 603; x_wconf 82' lang='lat' dir='ltr'>fratres</span> <span class='ocrx_word' id='word_1_139' title='bbox 2458 548 2579 604; x_wconf 87' lang='lat' dir='ltr'>sine</span> <span class='ocrx_word' id='word_1_140' title='bbox 2608 549 2797 604; x_wconf 88' lang='lat' dir='ltr'>sonitu</span> <span class='ocrx_word' id='word_1_141' title='bbox 2826 550 3147 606; x_wconf 68' lang='lat' dir='ltr'>scillaa.A1io</span> <span class='ocrx_word' id='word_1_142' title='bbox 3172 553 3263 607; x_wconf 91' lang='lat' dir='ltr'>die</span> <span class='ocrx_word' id='word_1_143' title='bbox 3284 554 3451 608; x_wconf 88' lang='lat' dir='ltr'>satis-</span> 
     </span>
    </p>
   </div>
   <div class='ocr_carea' id='block_1_20' title="bbox 1851 635 3452 710">
    <p class='ocr_par' dir='ltr' id='par_1_20' title="bbox 1851 635 3452 710">
     <span class='ocr_line' id='line_1_20' title="bbox 1851 635 3452 710; baseline 0.006 -20"><span class='ocrx_word' id='word_1_144' title='bbox 1851 635 2152 692; x_wconf 82' lang='lat' dir='ltr'>factionem</span> <span class='ocrx_word' id='word_1_145' title='bbox 2180 638 2350 693; x_wconf 83' lang='lat' dir='ltr'>faciat</span> <span class='ocrx_word' id='word_1_146' title='bbox 2374 638 2431 693; x_wconf 93' lang='lat' dir='ltr'>in</span> <span class='ocrx_word' id='word_1_147' title='bbox 2458 638 2699 710; x_wconf 89' lang='lat' dir='ltr'>capitulo</span> <span class='ocrx_word' id='word_1_148' title='bbox 2714 646 2767 695; x_wconf 90' lang='lat' dir='ltr'>et</span> <span class='ocrx_word' id='word_1_149' title='bbox 2784 638 3036 696; x_wconf 89' lang='lat' dir='ltr'>absolvat</span> <span class='ocrx_word' id='word_1_150' title='bbox 3061 659 3189 697; x_wconf 89' lang='lat' dir='ltr'>eum</span> <span class='ocrx_word' id='word_1_151' title='bbox 3211 644 3452 699; x_wconf 87' lang='lat' dir='ltr'>domnus</span> 
     </span>
    </p>
   </div>
   <div class='ocr_carea' id='block_1_21' title="bbox 1854 726 3449 802">
    <p class='ocr_par' dir='ltr' id='par_1_21' title="bbox 1854 726 3449 802">
     <span class='ocr_line' id='line_1_21' title="bbox 1854 726 3449 802; baseline 0.005 -22"><span class='ocrx_word' id='word_1_152' title='bbox 1854 726 2061 780; x_wconf 89' lang='lat' dir='ltr'>abbas:</span> <span class='ocrx_word' id='word_1_153' title='bbox 2096 733 2154 781; x_wconf 89' lang='lat' dir='ltr'>et</span> <span class='ocrx_word' id='word_1_154' title='bbox 2171 727 2217 781; x_wconf 91' lang='lat' dir='ltr'>si</span> <span class='ocrx_word' id='word_1_155' title='bbox 2252 726 2424 781; x_wconf 87' lang='lat' dir='ltr'>abbas</span> <span class='ocrx_word' id='word_1_156' title='bbox 2444 744 2556 782; x_wconf 90' lang='lat' dir='ltr'>non</span> <span class='ocrx_word' id='word_1_157' title='bbox 2587 734 2690 795; x_wconf 88' lang='lat' dir='ltr'>est,</span> <span class='ocrx_word' id='word_1_158' title='bbox 2725 729 2893 784; x_wconf 84' lang='lat' dir='ltr'>faciat</span> <span class='ocrx_word' id='word_1_159' title='bbox 2915 731 3032 796; x_wconf 92' lang='lat' dir='ltr'>ille,</span> <span class='ocrx_word' id='word_1_160' title='bbox 3061 732 3156 802; x_wconf 89' lang='lat' dir='ltr'>qui</span> <span class='ocrx_word' id='word_1_161' title='bbox 3195 733 3449 788; x_wconf 90' lang='lat' dir='ltr'>ordinem</span> 
     </span>
    </p>
   </div>
   <div class='ocr_carea' id='block_1_22' title="bbox 1853 816 3451 894">
    <p class='ocr_par' dir='ltr' id='par_1_22' title="bbox 1853 816 3451 894">
     <span class='ocr_line' id='line_1_22' title="bbox 1853 816 3451 894; baseline 0.005 -26"><span class='ocrx_word' id='word_1_162' title='bbox 1853 820 2027 870; x_wconf 87' lang='lat' dir='ltr'>tenet.</span> <span class='ocrx_word' id='word_1_163' title='bbox 2056 817 2191 870; x_wconf 90' lang='lat' dir='ltr'>Post</span> <span class='ocrx_word' id='word_1_164' title='bbox 2216 816 2524 888; x_wconf 89' lang='lat' dir='ltr'>capitulum</span> <span class='ocrx_word' id='word_1_165' title='bbox 2554 823 2785 872; x_wconf 89' lang='lat' dir='ltr'>cantent</span> <span class='ocrx_word' id='word_1_166' title='bbox 2803 819 3048 890; x_wconf 89' lang='lat' dir='ltr'>quinque</span> <span class='ocrx_word' id='word_1_167' title='bbox 3077 821 3322 892; x_wconf 90' lang='lat' dir='ltr'>psalmos</span> <span class='ocrx_word' id='word_1_168' title='bbox 3349 838 3451 894; x_wconf 91' lang='lat' dir='ltr'>pro</span> 
     </span>
    </p>
   </div>
   <div class='ocr_carea' id='block_1_23' title="bbox 1855 902 3453 979">
    <p class='ocr_par' dir='ltr' id='par_1_23' title="bbox 1855 902 3453 979">
     <span class='ocr_line' id='line_1_23' title="bbox 1855 902 3453 979; baseline 0.005 -22"><span class='ocrx_word' id='word_1_169' title='bbox 1855 902 2132 959; x_wconf 84' lang='lat' dir='ltr'>defunctis</span> <span class='ocrx_word' id='word_1_170' title='bbox 2156 924 2168 959; x_wconf 92' lang='lat'><strong>:</strong></span> <span class='ocrx_word' id='word_1_171' title='bbox 2192 905 2395 959; x_wconf 90' lang='lat' dir='ltr'>deinde</span> <span class='ocrx_word' id='word_1_172' title='bbox 2424 922 2524 977; x_wconf 91' lang='lat' dir='ltr'>pro</span> <span class='ocrx_word' id='word_1_173' title='bbox 2560 906 2683 977; x_wconf 91' lang='lat' dir='ltr'>ipso</span> <span class='ocrx_word' id='word_1_174' title='bbox 2711 906 2885 961; x_wconf 87' lang='lat' dir='ltr'>fratre</span> <span class='ocrx_word' id='word_1_175' title='bbox 2915 908 3011 979; x_wconf 88' lang='lat' dir='ltr'>qui</span> <span class='ocrx_word' id='word_1_176' title='bbox 3043 908 3334 965; x_wconf 86' lang='lat' dir='ltr'>absolutus</span> <span class='ocrx_word' id='word_1_177' title='bbox 3366 916 3453 965; x_wconf 90' lang='lat' dir='ltr'>est</span> 
     </span>
    </p>
   </div>
   <div class='ocr_carea' id='block_1_24' title="bbox 1857 993 3452 1064">
    <p class='ocr_par' dir='ltr' id='par_1_24' title="bbox 1857 993 3452 1064">
     <span class='ocr_line' id='line_1_24' title="bbox 1857 993 3452 1064; baseline 0.004 -18"><span class='ocrx_word' id='word_1_178' title='bbox 1857 993 2139 1064; x_wconf 84' lang='lat' dir='ltr'>psalmum</span> <span class='ocrx_word' id='word_1_179' title='bbox 2183 996 2457 1057; x_wconf 74' lang='lat' dir='ltr'>Miserere,</span> <span class='ocrx_word' id='word_1_180' title='bbox 2502 996 2671 1062; x_wconf 84' lang='lat' dir='ltr'>Kyrie</span> <span class='ocrx_word' id='word_1_181' title='bbox 2698 998 2915 1058; x_wconf 84' lang='lat' dir='ltr'>eleison,</span> <span class='ocrx_word' id='word_1_182' title='bbox 2948 999 3112 1051; x_wconf 88' lang='lat' dir='ltr'>Pater</span> <span class='ocrx_word' id='word_1_183' title='bbox 3143 1004 3342 1053; x_wconf 79' lang='lat' dir='ltr'>noster.</span> <span class='ocrx_word' id='word_1_184' title='bbox 3384 1000 3452 1053; x_wconf 84' lang='lat' dir='ltr'>Et</span> 
     </span>
    </p>
   </div>
   <div class='ocr_carea' id='block_1_25' title="bbox 1860 1083 3453 1157">
    <p class='ocr_par' dir='ltr' id='par_1_25' title="bbox 1860 1083 3453 1157">
     <span class='ocr_line' id='line_1_25' title="bbox 1860 1083 3453 1157; baseline 0.005 -22"><span class='ocrx_word' id='word_1_185' title='bbox 1860 1097 1928 1135; x_wconf 84' lang='lat' dir='ltr'>ne</span> <span class='ocrx_word' id='word_1_186' title='bbox 1958 1098 2071 1137; x_wconf 84' lang='lat' dir='ltr'>nos.</span> <span class='ocrx_word' id='word_1_187' title='bbox 2107 1083 2449 1155; x_wconf 88' lang='lat' dir='ltr'>Capitulum.</span> <span class='ocrx_word' id='word_1_188' title='bbox 2483 1083 2715 1140; x_wconf 82' lang='lat' dir='ltr'>Salvum</span> <span class='ocrx_word' id='word_1_189' title='bbox 2733 1087 2824 1153; x_wconf 88' lang='lat' dir='ltr'>fac</span> <span class='ocrx_word' id='word_1_190' title='bbox 2844 1101 3083 1141; x_wconf 80' lang='lat' dir='ltr'>servum.</span> <span class='ocrx_word' id='word_1_191' title='bbox 3106 1088 3259 1141; x_wconf 82' lang='lat' dir='ltr'>Mitte</span> <span class='ocrx_word' id='word_1_192' title='bbox 3278 1090 3453 1157; x_wconf 61' lang='grc' dir='ltr'>εἰβο-</span> 
     </span>
    </p>
   </div>
   <div class='ocr_carea' id='block_1_26' title="bbox 1860 1173 3452 1244">
    <p class='ocr_par' dir='ltr' id='par_1_26' title="bbox 1860 1173 3452 1244">
     <span class='ocr_line' id='line_1_26' title="bbox 1860 1173 3452 1244; baseline 0.004 -20"><span class='ocrx_word' id='word_1_193' title='bbox 1860 1174 2030 1226; x_wconf 82' lang='lat' dir='ltr'>mine.</span> <span class='ocrx_word' id='word_1_194' title='bbox 2067 1173 2337 1227; x_wconf 81' lang='lat' dir='ltr'>Dominus</span> <span class='ocrx_word' id='word_1_195' title='bbox 2387 1175 2685 1228; x_wconf 75' lang='lat' dir='ltr'>vobiscum.</span> <span class='ocrx_word' id='word_1_196' title='bbox 2734 1173 3084 1243; x_wconf 81' lang='lat' dir='ltr'>Omnipotens</span> <span class='ocrx_word' id='word_1_197' title='bbox 3124 1179 3452 1244; x_wconf 84' lang='lat' dir='ltr'>sempiterne</span> 
     </span>
    </p>
   </div>
   <div class='ocr_carea' id='block_1_27' title="bbox 1860 1261 3453 1334">
    <p class='ocr_par' dir='ltr' id='par_1_27' title="bbox 1860 1261 3453 1334">
     <span class='ocr_line' id='line_1_27' title="bbox 1860 1261 3453 1334; baseline 0.004 -20"><span class='ocrx_word' id='word_1_198' title='bbox 1860 1261 2016 1321; x_wconf 84' lang='lat' dir='ltr'>Deus,</span> <span class='ocrx_word' id='word_1_199' title='bbox 2050 1264 2309 1315; x_wconf 79' lang='lat' dir='ltr'>miserere</span> <span class='ocrx_word' id='word_1_200' title='bbox 2324 1262 2542 1329; x_wconf 85' lang='lat' dir='ltr'>famulo</span> <span class='ocrx_word' id='word_1_201' title='bbox 2573 1267 2684 1319; x_wconf 82' lang='lat' dir='ltr'>tuo.</span> <span class='ocrx_word' id='word_1_202' title='bbox 2703 1263 2831 1334; x_wconf 93' lang='lat' dir='ltr'>Ipso</span> <span class='ocrx_word' id='word_1_203' title='bbox 2860 1263 2951 1317; x_wconf 91' lang='lat' dir='ltr'>die</span> <span class='ocrx_word' id='word_1_204' title='bbox 2980 1265 3335 1334; x_wconf 81' lang='lat' dir='ltr'>praestantius</span> <span class='ocrx_word' id='word_1_205' title='bbox 3360 1265 3453 1321; x_wconf 91' lang='lat' dir='ltr'>de-</span> 
     </span>
    </p>
   </div>
   <div class='ocr_carea' id='block_1_28' title="bbox 1859 1347 2881 1406">
    <p class='ocr_par' dir='ltr' id='par_1_28' title="bbox 1859 1347 2881 1406">
     <span class='ocr_line' id='line_1_28' title="bbox 1859 1347 2881 1406; baseline 0.005 -4"><span class='ocrx_word' id='word_1_206' title='bbox 1859 1347 1994 1403; x_wconf 90' lang='lat' dir='ltr'>bent</span> <span class='ocrx_word' id='word_1_207' title='bbox 2021 1348 2226 1404; x_wconf 87' lang='lat' dir='ltr'>habere</span> <span class='ocrx_word' id='word_1_208' title='bbox 2249 1348 2453 1404; x_wconf 82' lang='lat' dir='ltr'>fratres</span> <span class='ocrx_word' id='word_1_209' title='bbox 2477 1351 2533 1404; x_wconf 91' lang='lat' dir='ltr'>in</span> <span class='ocrx_word' id='word_1_210' title='bbox 2565 1351 2881 1406; x_wconf 89' lang='lat' dir='ltr'>refectorio.</span> 
     </span>
    </p>
   </div>
   <div class='ocr_carea' id='block_1_29' title="bbox 2445 1440 2865 1497">
    <p class='ocr_par' dir='ltr' id='par_1_29' title="bbox 2445 1440 2865 1497">
     <span class='ocr_line' id='line_1_29' title="bbox 2445 1440 2865 1497; baseline 0.007 -3"><span class='ocrx_word' id='word_1_211' title='bbox 2445 1440 2678 1495; x_wconf 86' lang='lat' dir='ltr'>CAPUT</span> <span class='ocrx_word' id='word_1_212' title='bbox 2716 1440 2865 1497; x_wconf 89' lang='lat' dir='ltr'>XIX.</span> 
     </span>
    </p>
   </div>
   <div class='ocr_carea' id='block_1_30' title="bbox 1856 1526 3457 1600">
    <p class='ocr_par' dir='ltr' id='par_1_30' title="bbox 1856 1526 3457 1600">
     <span class='ocr_line' id='line_1_30' title="bbox 1856 1526 3457 1600; baseline 0.005 -20"><span class='ocrx_word' id='word_1_213' title='bbox 1856 1526 1998 1594; x_wconf 75' lang='lat' dir='ltr'>Quid</span> <span class='ocrx_word' id='word_1_214' title='bbox 2025 1543 2184 1597; x_wconf 86' lang='lat' dir='ltr'>agere</span> <span class='ocrx_word' id='word_1_215' title='bbox 2206 1528 2391 1582; x_wconf 85' lang='lat' dir='ltr'>debeat</span> <span class='ocrx_word' id='word_1_216' title='bbox 2410 1530 2805 1596; x_wconf 83' lang='lat' dir='ltr'>refectorarius</span> <span class='ocrx_word' id='word_1_217' title='bbox 2834 1534 2916 1585; x_wconf 82' lang='lat' dir='ltr'>vel</span> <span class='ocrx_word' id='word_1_218' title='bbox 2938 1534 3107 1600; x_wconf 86' lang='lat' dir='ltr'>pueri</span> <span class='ocrx_word' id='word_1_219' title='bbox 3120 1533 3258 1587; x_wconf 84' lang='lat' dir='ltr'>dum</span> <span class='ocrx_word' id='word_1_220' title='bbox 3285 1535 3457 1588; x_wconf 80' lang='lat' dir='ltr'>servi-</span> 
     </span>
    </p>
   </div>
   <div class='ocr_carea' id='block_1_31' title="bbox 2448 1603 2844 1670">
    <p class='ocr_par' dir='ltr' id='par_1_31' title="bbox 2448 1603 2844 1670">
     <span class='ocr_line' id='line_1_31' title="bbox 2448 1603 2844 1670; baseline 0.008 -17"><span class='ocrx_word' id='word_1_221' title='bbox 2448 1605 2587 1654; x_wconf 81' lang='lat' dir='ltr'>tores</span> <span class='ocrx_word' id='word_1_222' title='bbox 2609 1603 2844 1670; x_wconf 83' lang='lat' dir='ltr'>fuerint.</span> 
     </span>
    </p>
   </div>
   <div class='ocr_carea' id='block_1_32' title="bbox 1930 1686 3455 1762">
    <p class='ocr_par' dir='ltr' id='par_1_32' title="bbox 1930 1686 3455 1762">
     <span class='ocr_line' id='line_1_32' title="bbox 1930 1686 3455 1762; baseline 0.005 -20"><span class='ocrx_word' id='word_1_223' title='bbox 1930 1686 1989 1742; x_wconf 92' lang='lat' dir='ltr'>Si</span> <span class='ocrx_word' id='word_1_224' title='bbox 2019 1686 2316 1743; x_wconf 87' lang='lat' dir='ltr'>servitores</span> <span class='ocrx_word' id='word_1_225' title='bbox 2346 1694 2480 1743; x_wconf 90' lang='lat' dir='ltr'>sunt</span> <span class='ocrx_word' id='word_1_226' title='bbox 2520 1690 2701 1761; x_wconf 91' lang='lat' dir='ltr'>pueri,</span> <span class='ocrx_word' id='word_1_227' title='bbox 2750 1690 2855 1762; x_wconf 88' lang='lat' dir='ltr'>ipsi</span> <span class='ocrx_word' id='word_1_228' title='bbox 2891 1690 3096 1746; x_wconf 90' lang='lat' dir='ltr'>debent</span> <span class='ocrx_word' id='word_1_229' title='bbox 3135 1693 3322 1748; x_wconf 87' lang='lat' dir='ltr'>lavare</span> <span class='ocrx_word' id='word_1_230' title='bbox 3359 1709 3455 1749; x_wconf 92' lang='lat' dir='ltr'>co-</span> 
     </span>
    </p>
   </div>
   <div class='ocr_carea' id='block_1_33' title="bbox 178 1776 3454 1877">
    <p class='ocr_par' dir='ltr' id='par_1_33' title="bbox 178 1776 3454 1877">
     <span class='ocr_line' id='line_1_33' title="bbox 178 1776 3454 1877; baseline 0 -40"><span class='ocrx_word' id='word_1_231' title='bbox 178 1811 432 1867; x_wconf 57' lang='lat' dir='ltr'>pam-um,</span> <span class='ocrx_word' id='word_1_232' title='bbox 456 1798 515 1848; x_wconf 71' lang='lat' dir='ltr'>et,</span> <span class='ocrx_word' id='word_1_233' title='bbox 532 1793 684 1847; x_wconf 72' lang='lat' dir='ltr'>illico</span> <span class='ocrx_word' id='word_1_234' title='bbox 705 1792 974 1863; x_wconf 63' lang='lat' dir='ltr'>incipiant</span> <span class='ocrx_word' id='word_1_235' title='bbox 1003 1790 1347 1846; x_wconf 70' lang='lat' dir='ltr'>offerendam</span> <span class='ocrx_word' id='word_1_236' title='bbox 1377 1790 1583 1854; x_wconf 45' lang='lat' dir='ltr'>missas,</span> <span class='ocrx_word' id='word_1_237' title='bbox 1601 1793 1658 1842; x_wconf 68' lang='lat' dir='ltr'>et</span> <span class='ocrx_word' id='word_1_238' title='bbox 1687 1789 1839 1877; x_wconf 80' lang='grc' dir='ltr'>ίη..Β</span> <span class='ocrx_word' id='word_1_239' title='bbox 1857 1776 2109 1831; x_wconf 88' lang='lat' dir='ltr'>chleares</span> <span class='ocrx_word' id='word_1_240' title='bbox 2154 1782 2213 1831; x_wconf 92' lang='lat' dir='ltr'>et</span> <span class='ocrx_word' id='word_1_241' title='bbox 2241 1793 2507 1849; x_wconf 89' lang='lat' dir='ltr'>scopare:</span> <span class='ocrx_word' id='word_1_242' title='bbox 2540 1779 2934 1834; x_wconf 90' lang='lat' dir='ltr'>refectorarius</span> <span class='ocrx_word' id='word_1_243' title='bbox 2970 1797 3099 1835; x_wconf 89' lang='lat' dir='ltr'>vero</span> <span class='ocrx_word' id='word_1_244' title='bbox 3132 1797 3333 1853; x_wconf 89' lang='lat' dir='ltr'>panem</span> <span class='ocrx_word' id='word_1_245' title='bbox 3369 1799 3454 1837; x_wconf 87' lang='lat' dir='ltr'>re-</span> 
     </span>
    </p>
   </div>
   <div class='ocr_carea' id='block_1_34' title="bbox 178 1880 1778 1950">
    <p class='ocr_par' dir='ltr' id='par_1_34' title="bbox 178 1880 1778 1950">
     <span class='ocr_line' id='line_1_34' title="bbox 178 1880 1778 1950; baseline -0.004 -12"><span class='ocrx_word' id='word_1_246' title='bbox 178 1884 294 1938; x_wconf 89' lang='lat' dir='ltr'>fans</span> <span class='ocrx_word' id='word_1_247' title='bbox 325 1884 632 1938; x_wconf 85' lang='lat' dir='ltr'>collocetur</span> <span class='ocrx_word' id='word_1_248' title='bbox 660 1897 787 1936; x_wconf 91' lang='lat' dir='ltr'>cum</span> <span class='ocrx_word' id='word_1_249' title='bbox 819 1881 963 1935; x_wconf 89' lang='lat' dir='ltr'>aliis.</span> <span class='ocrx_word' id='word_1_250' title='bbox 990 1881 1130 1935; x_wconf 91' lang='lat' dir='ltr'>Cum</span> <span class='ocrx_word' id='word_1_251' title='bbox 1147 1880 1329 1935; x_wconf 85' lang='lat' dir='ltr'>aetatis</span> <span class='ocrx_word' id='word_1_252' title='bbox 1351 1883 1572 1950; x_wconf 90' lang='lat' dir='ltr'>tempus</span> <span class='ocrx_word' id='word_1_253' title='bbox 1587 1894 1778 1932; x_wconf 84' lang='lat' dir='ltr'>conse-</span> 
     </span>
    </p>
   </div>
   <div class='ocr_carea' id='block_1_35' title="bbox 180 1965 1779 2036">
    <p class='ocr_par' dir='ltr' id='par_1_35' title="bbox 180 1965 1779 2036">
     <span class='ocr_line' id='line_1_35' title="bbox 180 1965 1779 2036; baseline -0.004 -10"><span class='ocrx_word' id='word_1_254' title='bbox 180 1971 442 2026; x_wconf 81' lang='lat' dir='ltr'>orationis</span> <span class='ocrx_word' id='word_1_255' title='bbox 468 1969 717 2036; x_wconf 86' lang='lat' dir='ltr'>venerit;</span> <span class='ocrx_word' id='word_1_256' title='bbox 739 1969 1016 2023; x_wconf 91' lang='lat' dir='ltr'>cucullam</span> <span class='ocrx_word' id='word_1_257' title='bbox 1048 1984 1161 2022; x_wconf 90' lang='lat' dir='ltr'>non</span> <span class='ocrx_word' id='word_1_258' title='bbox 1189 1973 1358 2023; x_wconf 83' lang='lat' dir='ltr'>exuat</span> <span class='ocrx_word' id='word_1_259' title='bbox 1386 1966 1437 2020; x_wconf 89' lang='lat' dir='ltr'>ei</span> <span class='ocrx_word' id='word_1_260' title='bbox 1458 1965 1650 2030; x_wconf 81' lang='lat' dir='ltr'>abbas,</span> <span class='ocrx_word' id='word_1_261' title='bbox 1677 1965 1779 2020; x_wconf 90' lang='lat' dir='ltr'>sed</span> 
     </span>
    </p>
   </div>
   <div class='ocr_carea' id='block_1_36' title="bbox 179 2054 1779 2132">
    <p class='ocr_par' dir='ltr' id='par_1_36' title="bbox 179 2054 1779 2132">
     <span class='ocr_line' id='line_1_36' title="bbox 179 2054 1779 2132; baseline -0.004 -18"><span class='ocrx_word' id='word_1_262' title='bbox 179 2060 573 2132; x_wconf 81' lang='lat' dir='ltr'>professionem</span> <span class='ocrx_word' id='word_1_263' title='bbox 602 2059 754 2129; x_wconf 82' lang='lat' dir='ltr'>legat</span> <span class='ocrx_word' id='word_1_264' title='bbox 783 2075 909 2113; x_wconf 89' lang='lat' dir='ltr'>cum</span> <span class='ocrx_word' id='word_1_265' title='bbox 932 2057 1146 2112; x_wconf 73' lang='lat' dir='ltr'>czeteris</span> <span class='ocrx_word' id='word_1_266' title='bbox 1174 2063 1343 2127; x_wconf 88' lang='lat' dir='ltr'>atque</span> <span class='ocrx_word' id='word_1_267' title='bbox 1387 2054 1779 2109; x_wconf 90' lang='lat' dir='ltr'>benedictione</span> 
     </span>
    </p>
   </div>
   <div class='ocr_carea' id='block_1_37' title="bbox 180 2145 1780 2218">
    <p class='ocr_par' dir='ltr' id='par_1_37' title="bbox 180 2145 1780 2218">
     <span class='ocr_line' id='line_1_37' title="bbox 180 2145 1780 2218; baseline -0.004 -16"><span class='ocrx_word' id='word_1_268' title='bbox 180 2149 325 2215; x_wconf 83' lang='lat' dir='ltr'>data,</span> <span class='ocrx_word' id='word_1_269' title='bbox 346 2149 496 2203; x_wconf 89' lang='lat' dir='ltr'>sicut</span> <span class='ocrx_word' id='word_1_270' title='bbox 522 2164 644 2202; x_wconf 90' lang='lat' dir='ltr'>mos</span> <span class='ocrx_word' id='word_1_271' title='bbox 673 2153 761 2202; x_wconf 93' lang='lat' dir='ltr'>est</span> <span class='ocrx_word' id='word_1_272' title='bbox 785 2147 972 2202; x_wconf 89' lang='lat' dir='ltr'>mittat</span> <span class='ocrx_word' id='word_1_273' title='bbox 983 2147 1033 2201; x_wconf 91' lang='lat' dir='ltr'>ei</span> <span class='ocrx_word' id='word_1_274' title='bbox 1050 2146 1327 2218; x_wconf 91' lang='lat' dir='ltr'>capellum</span> <span class='ocrx_word' id='word_1_275' title='bbox 1350 2145 1408 2198; x_wconf 92' lang='lat' dir='ltr'>in</span> <span class='ocrx_word' id='word_1_276' title='bbox 1420 2148 1590 2215; x_wconf 91' lang='lat' dir='ltr'>caput</span> <span class='ocrx_word' id='word_1_277' title='bbox 1609 2150 1780 2214; x_wconf 89' lang='lat' dir='ltr'>atque</span> 
     </span>
    </p>
   </div>
   <div class='ocr_carea' id='block_1_38' title="bbox 180 2234 1562 2309">
    <p class='ocr_par' dir='ltr' id='par_1_38' title="bbox 180 2234 1562 2309">
     <span class='ocr_line' id='line_1_38' title="bbox 180 2234 1562 2309; baseline -0.001 -17"><span class='ocrx_word' id='word_1_278' title='bbox 180 2239 477 2293; x_wconf 84' lang='lat' dir='ltr'>osculetur.</span> <span class='ocrx_word' id='word_1_279' title='bbox 511 2237 593 2292; x_wconf 91' lang='lat' dir='ltr'>De</span> <span class='ocrx_word' id='word_1_280' title='bbox 620 2237 836 2309; x_wconf 86' lang='lat' dir='ltr'>reliquo</span> <span class='ocrx_word' id='word_1_281' title='bbox 857 2236 1026 2291; x_wconf 87' lang='lat' dir='ltr'>faciat</span> <span class='ocrx_word' id='word_1_282' title='bbox 1059 2236 1205 2290; x_wconf 91' lang='lat' dir='ltr'>sicut</span> <span class='ocrx_word' id='word_1_283' title='bbox 1223 2234 1319 2288; x_wconf 90' lang='lat' dir='ltr'>alii</span> <span class='ocrx_word' id='word_1_284' title='bbox 1339 2235 1562 2290; x_wconf 88' lang='lat' dir='ltr'>fratres.</span> 
     </span>
    </p>
   </div>
   <div class='ocr_carea' id='block_1_39' title="bbox 734 2322 1213 2381">
    <p class='ocr_par' dir='ltr' id='par_1_39' title="bbox 734 2322 1213 2381">
     <span class='ocr_line' id='line_1_39' title="bbox 734 2322 1213 2381; baseline -0.006 -1"><span class='ocrx_word' id='word_1_285' title='bbox 734 2326 970 2381; x_wconf 86' lang='lat' dir='ltr'>CAPUT</span> <span class='ocrx_word' id='word_1_286' title='bbox 1006 2322 1213 2379; x_wconf 87' lang='lat' dir='ltr'>XVIII.</span> 
     </span>
    </p>
   </div>
   <div class='ocr_carea' id='block_1_40' title="bbox 182 2412 1779 2483">
    <p class='ocr_par' dir='ltr' id='par_1_40' title="bbox 182 2412 1779 2483">
     <span class='ocr_line' id='line_1_40' title="bbox 182 2412 1779 2483; baseline -0.004 -13"><span class='ocrx_word' id='word_1_287' title='bbox 182 2418 245 2471; x_wconf 85' lang='lat' dir='ltr'>De</span> <span class='ocrx_word' id='word_1_288' title='bbox 288 2418 579 2470; x_wconf 77' lang='lat' dir='ltr'>cellerario</span> <span class='ocrx_word' id='word_1_289' title='bbox 623 2415 1066 2477; x_wconf 81' lang='lat' dir='ltr'>hebdomadario,</span> <span class='ocrx_word' id='word_1_290' title='bbox 1119 2413 1384 2483; x_wconf 80' lang='lat' dir='ltr'>quomodo</span> <span class='ocrx_word' id='word_1_291' title='bbox 1422 2412 1779 2465; x_wconf 84' lang='lat' dir='ltr'>administret</span> 
     </span>
    </p>
   </div>
   <div class='ocr_carea' id='block_1_41' title="bbox 619 2503 1323 2571">
    <p class='ocr_par' dir='ltr' id='par_1_41' title="bbox 619 2503 1323 2571">
     <span class='ocr_line' id='line_1_41' title="bbox 619 2503 1323 2571; baseline -0.006 -14"><span class='ocrx_word' id='word_1_292' title='bbox 619 2504 897 2571; x_wconf 82' lang='lat' dir='ltr'>fratribus</span> <span class='ocrx_word' id='word_1_293' title='bbox 928 2505 992 2555; x_wconf 84' lang='lat' dir='ltr'>in</span> <span class='ocrx_word' id='word_1_294' title='bbox 1018 2503 1323 2567; x_wconf 83' lang='lat' dir='ltr'>refectorio.</span> 
     </span>
    </p>
   </div>
   <div class='ocr_carea' id='block_1_42' title="bbox 240 2586 1780 2648">
    <p class='ocr_par' dir='ltr' id='par_1_42' title="bbox 240 2586 1780 2648">
     <span class='ocr_line' id='line_1_42' title="bbox 240 2586 1780 2648; baseline -0.005 0"><span class='ocrx_word' id='word_1_295' title='bbox 240 2592 309 2648; x_wconf 87' lang='lat' dir='ltr'>In</span> <span class='ocrx_word' id='word_1_296' title='bbox 337 2593 596 2648; x_wconf 89' lang='lat' dir='ltr'>omnibus</span> <span class='ocrx_word' id='word_1_297' title='bbox 623 2591 917 2647; x_wconf 90' lang='lat' dir='ltr'>duodecim</span> <span class='ocrx_word' id='word_1_298' title='bbox 944 2590 1278 2645; x_wconf 89' lang='lat' dir='ltr'>lectionibus</span> <span class='ocrx_word' id='word_1_299' title='bbox 1298 2594 1354 2643; x_wconf 91' lang='lat' dir='ltr'>et</span> <span class='ocrx_word' id='word_1_300' title='bbox 1373 2587 1514 2643; x_wconf 91' lang='lat' dir='ltr'>feria</span> <span class='ocrx_word' id='word_1_301' title='bbox 1537 2586 1708 2642; x_wconf 91' lang='lat' dir='ltr'>tertia</span> <span class='ocrx_word' id='word_1_302' title='bbox 1722 2593 1780 2642; x_wconf 92' lang='lat' dir='ltr'>et</span> 
     </span>
    </p>
   </div>
   <div class='ocr_carea' id='block_1_43' title="bbox 179 2676 1773 2757">
    <p class='ocr_par' dir='ltr' id='par_1_43' title="bbox 179 2676 1773 2757">
     <span class='ocr_line' id='line_1_43' title="bbox 179 2676 1773 2757; baseline -0.006 -18"><span class='ocrx_word' id='word_1_303' title='bbox 179 2685 376 2757; x_wconf 90' lang='lat' dir='ltr'>quinta</span> <span class='ocrx_word' id='word_1_304' title='bbox 399 2690 457 2738; x_wconf 89' lang='lat' dir='ltr'>et</span> <span class='ocrx_word' id='word_1_305' title='bbox 481 2682 712 2737; x_wconf 89' lang='lat' dir='ltr'>sabbato</span> <span class='ocrx_word' id='word_1_306' title='bbox 740 2682 800 2736; x_wconf 93' lang='lat' dir='ltr'>in</span> <span class='ocrx_word' id='word_1_307' title='bbox 825 2680 1020 2753; x_wconf 88' lang='lat' dir='ltr'>primis</span> <span class='ocrx_word' id='word_1_308' title='bbox 1054 2685 1297 2751; x_wconf 88' lang='lat' dir='ltr'>ponatur</span> <span class='ocrx_word' id='word_1_309' title='bbox 1346 2694 1381 2732; x_wconf 87' lang='lat' dir='ltr'>a</span> <span class='ocrx_word' id='word_1_310' title='bbox 1428 2676 1773 2732; x_wconf 87' lang='lat' dir='ltr'>senioribus:</span> 
     </span>
    </p>
   </div>
   <div class='ocr_carea' id='block_1_44' title="bbox 178 2766 1778 2828">
    <p class='ocr_par' dir='ltr' id='par_1_44' title="bbox 178 2766 1778 2828">
     <span class='ocr_line' id='line_1_44' title="bbox 178 2766 1778 2828; baseline -0.007 0"><span class='ocrx_word' id='word_1_311' title='bbox 178 2774 482 2828; x_wconf 89' lang='lat' dir='ltr'>secundam</span> <span class='ocrx_word' id='word_1_312' title='bbox 528 2769 1076 2827; x_wconf 84' lang='lat' dir='ltr'>administrationem</span> <span class='ocrx_word' id='word_1_313' title='bbox 1131 2769 1227 2823; x_wconf 92' lang='lat' dir='ltr'>det</span> <span class='ocrx_word' id='word_1_314' title='bbox 1276 2766 1600 2822; x_wconf 82' lang='lat' dir='ltr'>cellerarius</span> <span class='ocrx_word' id='word_1_315' title='bbox 1648 2781 1778 2819; x_wconf 87' lang='lat' dir='ltr'>cum</span> 
     </span>
    </p>
   </div>
   <div class='ocr_carea' id='block_1_45' title="bbox 179 2853 1780 2930">
    <p class='ocr_par' dir='ltr' id='par_1_45' title="bbox 179 2853 1780 2930">
     <span class='ocr_line' id='line_1_45' title="bbox 179 2853 1780 2930; baseline -0.007 -13"><span class='ocrx_word' id='word_1_316' title='bbox 179 2860 652 2928; x_wconf 85' lang='lat' dir='ltr'>hebdomadariis,</span> <span class='ocrx_word' id='word_1_317' title='bbox 718 2859 1023 2930; x_wconf 90' lang='lat' dir='ltr'>incipiatur</span> <span class='ocrx_word' id='word_1_318' title='bbox 1084 2875 1119 2912; x_wconf 89' lang='lat' dir='ltr'>a</span> <span class='ocrx_word' id='word_1_319' title='bbox 1165 2856 1500 2911; x_wconf 86' lang='lat' dir='ltr'>novissimis.</span> <span class='ocrx_word' id='word_1_320' title='bbox 1530 2853 1780 2909; x_wconf 87' lang='lat' dir='ltr'>Tertiam</span> 
     </span>
    </p>
   </div>
   <div class='ocr_carea' id='block_1_46' title="bbox 177 2942 1781 3022">
    <p class='ocr_par' dir='ltr' id='par_1_46' title="bbox 177 2942 1781 3022">
     <span class='ocr_line' id='line_1_46' title="bbox 177 2942 1781 3022; baseline -0.006 -16"><span class='ocrx_word' id='word_1_321' title='bbox 177 2952 381 3006; x_wconf 83' lang='lat' dir='ltr'>fratres</span> <span class='ocrx_word' id='word_1_322' title='bbox 419 2948 756 3022; x_wconf 89' lang='lat' dir='ltr'>coquinarii,</span> <span class='ocrx_word' id='word_1_323' title='bbox 799 2946 1168 3017; x_wconf 88' lang='lat' dir='ltr'>similiterque</span> <span class='ocrx_word' id='word_1_324' title='bbox 1209 2962 1244 2999; x_wconf 90' lang='lat' dir='ltr'>a</span> <span class='ocrx_word' id='word_1_325' title='bbox 1276 2943 1598 3015; x_wconf 88' lang='lat' dir='ltr'>junioribus</span> <span class='ocrx_word' id='word_1_326' title='bbox 1644 2942 1781 2996; x_wconf 84' lang='lat' dir='ltr'>inci-</span> 
     </span>
    </p>
   </div>
   <div class='ocr_carea' id='block_1_47' title="bbox 178 3031 1782 3112">
    <p class='ocr_par' dir='ltr' id='par_1_47' title="bbox 178 3031 1782 3112">
     <span class='ocr_line' id='line_1_47' title="bbox 178 3031 1782 3112; baseline -0.006 -16"><span class='ocrx_word' id='word_1_327' title='bbox 178 3041 352 3112; x_wconf 88' lang='lat' dir='ltr'>piant.</span> <span class='ocrx_word' id='word_1_328' title='bbox 364 3040 430 3095; x_wconf 85' lang='lat' dir='ltr'>Et</span> <span class='ocrx_word' id='word_1_329' title='bbox 450 3040 497 3093; x_wconf 91' lang='lat' dir='ltr'>si</span> <span class='ocrx_word' id='word_1_330' title='bbox 510 3037 835 3093; x_wconf 90' lang='lat' dir='ltr'>cellerarius</span> <span class='ocrx_word' id='word_1_331' title='bbox 846 3036 1095 3106; x_wconf 90' lang='lat' dir='ltr'>aliquam</span> <span class='ocrx_word' id='word_1_332' title='bbox 1112 3035 1445 3106; x_wconf 88' lang='lat' dir='ltr'>pietantiam</span> <span class='ocrx_word' id='word_1_333' title='bbox 1457 3032 1516 3103; x_wconf 90' lang='lat'>(6</span> <span class='ocrx_word' id='word_1_334' title='bbox 1528 3032 1542 3089; x_wconf 90' lang='grc' dir='ltr'>ι</span> <span class='ocrx_word' id='word_1_335' title='bbox 1554 3037 1572 3101; x_wconf 98' lang='grc'>)</span> <span class='ocrx_word' id='word_1_336' title='bbox 1586 3031 1782 3086; x_wconf 88' lang='lat' dir='ltr'>fecerit</span> 
     </span>
    </p>
   </div>
   <div class='ocr_carea' id='block_1_48' title="bbox 1862 1866 3458 1937">
    <p class='ocr_par' dir='ltr' id='par_1_48' title="bbox 1862 1866 3458 1937">
     <span class='ocr_line' id='line_1_48' title="bbox 1862 1866 3458 1937; baseline 0.005 -18"><span class='ocrx_word' id='word_1_337' title='bbox 1862 1866 2067 1936; x_wconf 90' lang='lat' dir='ltr'>cipere.</span> <span class='ocrx_word' id='word_1_338' title='bbox 2100 1866 2158 1921; x_wconf 90' lang='lat' dir='ltr'>Si</span> <span class='ocrx_word' id='word_1_339' title='bbox 2178 1867 2337 1937; x_wconf 90' lang='lat' dir='ltr'>pueri</span> <span class='ocrx_word' id='word_1_340' title='bbox 2358 1867 2581 1934; x_wconf 87' lang='lat' dir='ltr'>desunt,</span> <span class='ocrx_word' id='word_1_341' title='bbox 2615 1885 2762 1923; x_wconf 91' lang='lat' dir='ltr'>unus</span> <span class='ocrx_word' id='word_1_342' title='bbox 2788 1869 2857 1923; x_wconf 90' lang='lat' dir='ltr'>de</span> <span class='ocrx_word' id='word_1_343' title='bbox 2878 1870 3242 1925; x_wconf 89' lang='lat' dir='ltr'>servitoribus</span> <span class='ocrx_word' id='word_1_344' title='bbox 3289 1871 3458 1927; x_wconf 91' lang='lat' dir='ltr'>debet</span> 
     </span>
    </p>
   </div>
   <div class='ocr_carea' id='block_1_49' title="bbox 1863 1956 3458 2028">
    <p class='ocr_par' dir='ltr' id='par_1_49' title="bbox 1863 1956 3458 2028">
     <span class='ocr_line' id='line_1_49' title="bbox 1863 1956 3458 2028; baseline 0.005 -19"><span class='ocrx_word' id='word_1_345' title='bbox 1863 1956 2118 2010; x_wconf 89' lang='lat' dir='ltr'>cochleas</span> <span class='ocrx_word' id='word_1_346' title='bbox 2142 1956 2346 2021; x_wconf 89' lang='lat' dir='ltr'>lavare,</span> <span class='ocrx_word' id='word_1_347' title='bbox 2378 1962 2548 2028; x_wconf 91' lang='lat' dir='ltr'>atque</span> <span class='ocrx_word' id='word_1_348' title='bbox 2593 1957 2907 2028; x_wconf 87' lang='lat' dir='ltr'>fragmenta</span> <span class='ocrx_word' id='word_1_349' title='bbox 2953 1975 2984 2013; x_wconf 91' lang='lat' dir='ltr'>e</span> <span class='ocrx_word' id='word_1_350' title='bbox 3039 1960 3250 2015; x_wconf 88' lang='lat' dir='ltr'>mensis</span> <span class='ocrx_word' id='word_1_351' title='bbox 3296 1977 3458 2017; x_wconf 90' lang='lat' dir='ltr'>resu-</span> 
     </span>
    </p>
   </div>
   <div class='ocr_carea' id='block_1_50' title="bbox 1862 2045 3461 2118">
    <p class='ocr_par' dir='ltr' id='par_1_50' title="bbox 1862 2045 3461 2118">
     <span class='ocr_line' id='line_1_50' title="bbox 1862 2045 3461 2118; baseline 0.004 -20"><span class='ocrx_word' id='word_1_352' title='bbox 1862 2061 2034 2099; x_wconf 90' lang='lat' dir='ltr'>mere.</span> <span class='ocrx_word' id='word_1_353' title='bbox 2079 2045 2149 2099; x_wconf 90' lang='lat' dir='ltr'>Et</span> <span class='ocrx_word' id='word_1_354' title='bbox 2186 2050 2376 2099; x_wconf 90' lang='lat' dir='ltr'>tamen</span> <span class='ocrx_word' id='word_1_355' title='bbox 2422 2046 2493 2100; x_wconf 93' lang='lat' dir='ltr'>de</span> <span class='ocrx_word' id='word_1_356' title='bbox 2540 2046 2800 2101; x_wconf 88' lang='lat' dir='ltr'>omnibus</span> <span class='ocrx_word' id='word_1_357' title='bbox 2846 2046 3013 2102; x_wconf 89' lang='lat' dir='ltr'>debet</span> <span class='ocrx_word' id='word_1_358' title='bbox 3048 2049 3461 2118; x_wconf 85' lang='lat' dir='ltr'>providentiam</span> 
     </span>
    </p>
   </div>
   <div class='ocr_carea' id='block_1_51' title="bbox 1863 2132 3461 2209">
    <p class='ocr_par' dir='ltr' id='par_1_51' title="bbox 1863 2132 3461 2209">
     <span class='ocr_line' id='line_1_51' title="bbox 1863 2132 3461 2209; baseline 0.003 -22"><span class='ocrx_word' id='word_1_359' title='bbox 1863 2132 2071 2187; x_wconf 90' lang='lat' dir='ltr'>habere</span> <span class='ocrx_word' id='word_1_360' title='bbox 2100 2133 2513 2198; x_wconf 87' lang='lat' dir='ltr'>refectorarius,</span> <span class='ocrx_word' id='word_1_361' title='bbox 2544 2151 2617 2189; x_wconf 90' lang='lat' dir='ltr'>ne</span> <span class='ocrx_word' id='word_1_362' title='bbox 2633 2135 3063 2206; x_wconf 86' lang='lat' dir='ltr'>sitnegligentia</span> <span class='ocrx_word' id='word_1_363' title='bbox 3083 2136 3303 2207; x_wconf 89' lang='lat' dir='ltr'>aliqua;</span> <span class='ocrx_word' id='word_1_364' title='bbox 3328 2138 3461 2209; x_wconf 90' lang='lat' dir='ltr'>quia</span> 
     </span>
    </p>
   </div>
   <div class='ocr_carea' id='block_1_52' title="bbox 1861 2222 3464 2294">
    <p class='ocr_par' dir='ltr' id='par_1_52' title="bbox 1861 2222 3464 2294">
     <span class='ocr_line' id='line_1_52' title="bbox 1861 2222 3464 2294; baseline 0.004 -19"><span class='ocrx_word' id='word_1_365' title='bbox 1861 2222 1910 2275; x_wconf 91' lang='lat' dir='ltr'>si</span> <span class='ocrx_word' id='word_1_366' title='bbox 1932 2222 2120 2288; x_wconf 90' lang='lat' dir='ltr'>fuerit,</span> <span class='ocrx_word' id='word_1_367' title='bbox 2145 2222 2508 2294; x_wconf 91' lang='lat' dir='ltr'>superipsum</span> <span class='ocrx_word' id='word_1_368' title='bbox 2526 2222 2767 2278; x_wconf 89' lang='lat' dir='ltr'>venient.</span> <span class='ocrx_word' id='word_1_369' title='bbox 2792 2223 2856 2278; x_wconf 91' lang='lat' dir='ltr'>In</span> <span class='ocrx_word' id='word_1_370' title='bbox 2871 2222 2976 2278; x_wconf 88' lang='lat' dir='ltr'>XII</span> <span class='ocrx_word' id='word_1_371' title='bbox 2998 2225 3330 2281; x_wconf 89' lang='lat' dir='ltr'>lectionibus</span> <span class='ocrx_word' id='word_1_372' title='bbox 3348 2243 3464 2281; x_wconf 90' lang='lat' dir='ltr'>ser-</span> 
     </span>
    </p>
   </div>
   <div class='ocr_carea' id='block_1_53' title="bbox 1860 2310 3459 2384">
    <p class='ocr_par' dir='ltr' id='par_1_53' title="bbox 1860 2310 3459 2384">
     <span class='ocr_line' id='line_1_53' title="bbox 1860 2310 3459 2384; baseline 0.004 -21"><span class='ocrx_word' id='word_1_373' title='bbox 1860 2310 2066 2365; x_wconf 87' lang='lat' dir='ltr'>vitores</span> <span class='ocrx_word' id='word_1_374' title='bbox 2096 2328 2225 2365; x_wconf 83' lang='lat' dir='ltr'>mox</span> <span class='ocrx_word' id='word_1_375' title='bbox 2256 2316 2321 2365; x_wconf 93' lang='lat' dir='ltr'>ut</span> <span class='ocrx_word' id='word_1_376' title='bbox 2339 2312 2648 2367; x_wconf 91' lang='lat' dir='ltr'>secundum</span> <span class='ocrx_word' id='word_1_377' title='bbox 2673 2329 2887 2367; x_wconf 91' lang='lat' dir='ltr'>morem</span> <span class='ocrx_word' id='word_1_378' title='bbox 2906 2313 3112 2384; x_wconf 90' lang='lat' dir='ltr'>squilla</span> <span class='ocrx_word' id='word_1_379' title='bbox 3125 2312 3459 2382; x_wconf 87' lang='lat' dir='ltr'>insonuerit,</span> 
     </span>
    </p>
   </div>
   <div class='ocr_carea' id='block_1_54' title="bbox 1862 2401 3549 2476">
    <p class='ocr_par' dir='ltr' id='par_1_54' title="bbox 1862 2401 3549 2476">
     <span class='ocr_line' id='line_1_54' title="bbox 1862 2401 3549 2476; baseline 0.002 -21"><span class='ocrx_word' id='word_1_380' title='bbox 1862 2401 2170 2455; x_wconf 89' lang='lat' dir='ltr'>secundum</span> <span class='ocrx_word' id='word_1_381' title='bbox 2187 2401 2538 2472; x_wconf 90' lang='lat' dir='ltr'>pulmentum</span> <span class='ocrx_word' id='word_1_382' title='bbox 2565 2402 2834 2474; x_wconf 82' lang='lat' dir='ltr'>[portent]</span> <span class='ocrx_word' id='word_1_383' title='bbox 2859 2420 2871 2454; x_wconf 92' lang='lat'>:</span> <span class='ocrx_word' id='word_1_384' title='bbox 2905 2401 2998 2456; x_wconf 93' lang='lat' dir='ltr'>ille</span> <span class='ocrx_word' id='word_1_385' title='bbox 3023 2403 3461 2476; x_wconf 88' lang='lat' dir='ltr'>[refectorarius]</span> <span class='ocrx_word' id='word_1_386' title='bbox 3542 2402 3549 2405; x_wconf 48' lang='grc'><em>¹</em></span> 
     </span>
    </p>
   </div>
   <div class='ocr_carea' id='block_1_55' title="bbox 1862 2489 3463 2564">
    <p class='ocr_par' dir='ltr' id='par_1_55' title="bbox 1862 2489 3463 2564">
     <span class='ocr_line' id='line_1_55' title="bbox 1862 2489 3463 2564; baseline 0.004 -22"><span class='ocrx_word' id='word_1_387' title='bbox 1862 2489 2067 2556; x_wconf 81' lang='lat' dir='ltr'>veniat,</span> <span class='ocrx_word' id='word_1_388' title='bbox 2102 2495 2159 2544; x_wconf 90' lang='lat' dir='ltr'>et</span> <span class='ocrx_word' id='word_1_389' title='bbox 2187 2489 2299 2543; x_wconf 88' lang='lat' dir='ltr'>ictu</span> <span class='ocrx_word' id='word_1_390' title='bbox 2328 2489 2608 2561; x_wconf 85' lang='lat' dir='ltr'>percutiat</span> <span class='ocrx_word' id='word_1_391' title='bbox 2638 2490 2870 2545; x_wconf 90' lang='lat' dir='ltr'>scillam.</span> <span class='ocrx_word' id='word_1_392' title='bbox 2908 2491 3098 2546; x_wconf 87' lang='lat' dir='ltr'>Infans</span> <span class='ocrx_word' id='word_1_393' title='bbox 3133 2492 3180 2547; x_wconf 89' lang='lat' dir='ltr'>si</span> <span class='ocrx_word' id='word_1_394' title='bbox 3217 2509 3463 2564; x_wconf 71' lang='lat' dir='ltr'>pmsens</span> 
     </span>
    </p>
   </div>
   <div class='ocr_carea' id='block_1_56' title="bbox 1861 2578 3465 2653">
    <p class='ocr_par' dir='ltr' id='par_1_56' title="bbox 1861 2578 3465 2653">
     <span class='ocr_line' id='line_1_56' title="bbox 1861 2578 3465 2653; baseline 0.002 -21"><span class='ocrx_word' id='word_1_395' title='bbox 1861 2578 2031 2632; x_wconf 89' lang='lat' dir='ltr'>fuerit</span> <span class='ocrx_word' id='word_1_396' title='bbox 2058 2578 2153 2648; x_wconf 89' lang='lat' dir='ltr'>qui</span> <span class='ocrx_word' id='word_1_397' title='bbox 2173 2594 2298 2632; x_wconf 92' lang='lat' dir='ltr'>cum</span> <span class='ocrx_word' id='word_1_398' title='bbox 2323 2578 2434 2633; x_wconf 89' lang='lat' dir='ltr'>alio</span> <span class='ocrx_word' id='word_1_399' title='bbox 2445 2578 2597 2632; x_wconf 89' lang='lat' dir='ltr'>venit</span> <span class='ocrx_word' id='word_1_400' title='bbox 2617 2578 2688 2632; x_wconf 89' lang='lat' dir='ltr'>ad</span> <span class='ocrx_word' id='word_1_401' title='bbox 2710 2579 3031 2649; x_wconf 86' lang='lat' dir='ltr'>legendum,</span> <span class='ocrx_word' id='word_1_402' title='bbox 3048 2580 3290 2652; x_wconf 89' lang='lat' dir='ltr'>accipiat</span> <span class='ocrx_word' id='word_1_403' title='bbox 3307 2581 3465 2653; x_wconf 89' lang='lat' dir='ltr'>phia-</span> 
     </span>
    </p>
   </div>
   <div class='ocr_carea' id='block_1_57' title="bbox 1861 2667 3461 2738">
    <p class='ocr_par' dir='ltr' id='par_1_57' title="bbox 1861 2667 3461 2738">
     <span class='ocr_line' id='line_1_57' title="bbox 1861 2667 3461 2738; baseline 0.003 -18"><span class='ocrx_word' id='word_1_404' title='bbox 1861 2668 1973 2721; x_wconf 88' lang='lat' dir='ltr'>lam</span> <span class='ocrx_word' id='word_1_405' title='bbox 2004 2671 2061 2720; x_wconf 91' lang='lat' dir='ltr'>et</span> <span class='ocrx_word' id='word_1_406' title='bbox 2086 2672 2280 2738; x_wconf 90' lang='lat' dir='ltr'>potum</span> <span class='ocrx_word' id='word_1_407' title='bbox 2314 2667 2591 2738; x_wconf 89' lang='lat' dir='ltr'>propinet.</span> <span class='ocrx_word' id='word_1_408' title='bbox 2615 2667 2678 2721; x_wconf 92' lang='lat' dir='ltr'>In</span> <span class='ocrx_word' id='word_1_409' title='bbox 2718 2667 2919 2737; x_wconf 84' lang='lat' dir='ltr'>primis</span> <span class='ocrx_word' id='word_1_410' title='bbox 2967 2669 3328 2724; x_wconf 87' lang='lat' dir='ltr'>refectorario</span> <span class='ocrx_word' id='word_1_411' title='bbox 3369 2686 3461 2724; x_wconf 90' lang='lat' dir='ltr'>so-</span> 
     </span>
    </p>
   </div>
   <div class='ocr_carea' id='block_1_58' title="bbox 1860 2756 3462 2828">
    <p class='ocr_par' dir='ltr' id='par_1_58' title="bbox 1860 2756 3462 2828">
     <span class='ocr_line' id='line_1_58' title="bbox 1860 2756 3462 2828; baseline 0.002 -19"><span class='ocrx_word' id='word_1_412' title='bbox 1860 2762 2032 2811; x_wconf 89' lang='lat' dir='ltr'>nante</span> <span class='ocrx_word' id='word_1_413' title='bbox 2062 2756 2342 2827; x_wconf 91' lang='lat' dir='ltr'>squillam,</span> <span class='ocrx_word' id='word_1_414' title='bbox 2375 2756 2422 2809; x_wconf 89' lang='lat' dir='ltr'>si</span> <span class='ocrx_word' id='word_1_415' title='bbox 2448 2772 2588 2827; x_wconf 93' lang='lat' dir='ltr'>puer</span> <span class='ocrx_word' id='word_1_416' title='bbox 2618 2756 2880 2816; x_wconf 85' lang='lat' dir='ltr'>defuerit.</span> <span class='ocrx_word' id='word_1_417' title='bbox 2911 2756 3080 2811; x_wconf 87' lang='lat' dir='ltr'>faciat</span> <span class='ocrx_word' id='word_1_418' title='bbox 3106 2758 3227 2828; x_wconf 91' lang='lat' dir='ltr'>ipse</span> <span class='ocrx_word' id='word_1_419' title='bbox 3253 2758 3340 2812; x_wconf 90' lang='lat' dir='ltr'>vel</span> <span class='ocrx_word' id='word_1_420' title='bbox 3369 2759 3462 2813; x_wconf 92' lang='lat' dir='ltr'>cui</span> 
     </span>
    </p>
   </div>
   <div class='ocr_carea' id='block_1_59' title="bbox 1862 2842 3462 2916">
    <p class='ocr_par' dir='ltr' id='par_1_59' title="bbox 1862 2842 3462 2916">
     <span class='ocr_line' id='line_1_59' title="bbox 1862 2842 3462 2916; baseline 0.001 -18"><span class='ocrx_word' id='word_1_421' title='bbox 1862 2843 2127 2898; x_wconf 89' lang='lat' dir='ltr'>annuerit</span> <span class='ocrx_word' id='word_1_422' title='bbox 2136 2843 2205 2898; x_wconf 90' lang='lat' dir='ltr'>de</span> <span class='ocrx_word' id='word_1_423' title='bbox 2225 2842 2608 2898; x_wconf 90' lang='lat' dir='ltr'>servitoribus.</span> <span class='ocrx_word' id='word_1_424' title='bbox 2630 2842 2955 2899; x_wconf 81' lang='lat' dir='ltr'>Meridianis</span> <span class='ocrx_word' id='word_1_425' title='bbox 2975 2844 3321 2916; x_wconf 89' lang='lat' dir='ltr'>temporibus</span> <span class='ocrx_word' id='word_1_426' title='bbox 3339 2844 3462 2916; x_wconf 87' lang='lat' dir='ltr'>ipse</span> 
     </span>
    </p>
   </div>
   <div class='ocr_carea' id='block_1_60' title="bbox 1861 2932 3460 3007">
    <p class='ocr_par' dir='ltr' id='par_1_60' title="bbox 1861 2932 3460 3007">
     <span class='ocr_line' id='line_1_60' title="bbox 1861 2932 3460 3007; baseline 0.001 -19"><span class='ocrx_word' id='word_1_427' title='bbox 1861 2934 2096 2988; x_wconf 89' lang='lat' dir='ltr'>misceat</span> <span class='ocrx_word' id='word_1_428' title='bbox 2121 2949 2359 3004; x_wconf 90' lang='lat' dir='ltr'>aquam:</span> <span class='ocrx_word' id='word_1_429' title='bbox 2389 2932 2462 2986; x_wconf 90' lang='lat' dir='ltr'>ad</span> <span class='ocrx_word' id='word_1_430' title='bbox 2493 2948 2702 2987; x_wconf 90' lang='lat' dir='ltr'>nonam</span> <span class='ocrx_word' id='word_1_431' title='bbox 2731 2949 2856 2987; x_wconf 90' lang='lat' dir='ltr'>cum</span> <span class='ocrx_word' id='word_1_432' title='bbox 2887 2933 3321 3005; x_wconf 87' lang='lat' dir='ltr'>septimanariis,</span> <span class='ocrx_word' id='word_1_433' title='bbox 3362 2935 3460 3007; x_wconf 91' lang='lat' dir='ltr'>qui</span> 
     </span>
    </p>
   </div>
   <div class='ocr_carea' id='block_1_61' title="bbox 1862 3021 3462 3078">
    <p class='ocr_par' dir='ltr' id='par_1_61' title="bbox 1862 3021 3462 3078">
     <span class='ocr_line' id='line_1_61' title="bbox 1862 3021 3462 3078; baseline 0.001 -2"><span class='ocrx_word' id='word_1_434' title='bbox 1862 3039 1928 3077; x_wconf 81' lang='lat' dir='ltr'>ex</span> <span class='ocrx_word' id='word_1_435' title='bbox 1954 3023 2066 3077; x_wconf 89' lang='lat' dir='ltr'>alia</span> <span class='ocrx_word' id='word_1_436' title='bbox 2094 3022 2446 3076; x_wconf 80' lang='lat' dir='ltr'>hebdomade</span> <span class='ocrx_word' id='word_1_437' title='bbox 2474 3021 2722 3077; x_wconf 89' lang='lat' dir='ltr'>fuerunt.</span> <span class='ocrx_word' id='word_1_438' title='bbox 2756 3021 3042 3076; x_wconf 89' lang='lat' dir='ltr'>Justitiam</span> <span class='ocrx_word' id='word_1_439' title='bbox 3072 3022 3265 3077; x_wconf 91' lang='lat' dir='ltr'>domni</span> <span class='ocrx_word' id='word_1_440' title='bbox 3292 3022 3462 3078; x_wconf 78' lang='lat' dir='ltr'>abba-</span> 
     </span>
    </p>
   </div>
   <div class='ocr_carea' id='block_1_62' title="bbox 179 3098 3456 3201">
    <p class='ocr_par' dir='ltr' id='par_1_62' title="bbox 179 3098 3456 3201">
     <span class='ocr_line' id='line_1_62' title="bbox 179 3098 3456 3201; baseline -0.005 -17"><span class='ocrx_word' id='word_1_441' title='bbox 179 3098 370 3201; x_wconf 72' lang='lat' dir='ltr'>postea</span> <span class='ocrx_word' id='word_1_442' title='bbox 397 3128 698 3182; x_wconf 76' lang='lat' dir='ltr'>inchoatur</span> <span class='ocrx_word' id='word_1_443' title='bbox 727 3143 762 3180; x_wconf 91' lang='lat' dir='ltr'>a</span> <span class='ocrx_word' id='word_1_444' title='bbox 788 3098 979 3180; x_wconf 73' lang='lat' dir='ltr'>tabula</span> <span class='ocrx_word' id='word_1_445' title='bbox 1010 3098 1204 3179; x_wconf 80' lang='lat' dir='ltr'>domui</span> <span class='ocrx_word' id='word_1_446' title='bbox 1232 3098 1477 3177; x_wconf 44' lang='lat' dir='ltr'>abbatis:</span> <span class='ocrx_word' id='word_1_447' title='bbox 1516 3098 1775 3176; x_wconf 86' lang='lat' dir='ltr'>Secunda</span> <span class='ocrx_word' id='word_1_448' title='bbox 1796 3098 1840 3158; x_wconf 71' lang='grc' dir='ltr'>Ο</span> <span class='ocrx_word' id='word_1_449' title='bbox 1859 3112 1932 3166; x_wconf 83' lang='lat' dir='ltr'>tis</span> <span class='ocrx_word' id='word_1_450' title='bbox 1956 3110 2206 3183; x_wconf 87' lang='lat' dir='ltr'>quotidie</span> <span class='ocrx_word' id='word_1_451' title='bbox 2221 3111 2433 3201; x_wconf 84' lang='lat' dir='ltr'>abluat,</span> <span class='ocrx_word' id='word_1_452' title='bbox 2457 3116 2515 3165; x_wconf 90' lang='lat' dir='ltr'>et</span> <span class='ocrx_word' id='word_1_453' title='bbox 2529 3116 2823 3186; x_wconf 78' lang='lat' dir='ltr'>postquam</span> <span class='ocrx_word' id='word_1_454' title='bbox 2846 3110 3163 3183; x_wconf 88' lang='lat' dir='ltr'>cymbalum</span> <span class='ocrx_word' id='word_1_455' title='bbox 3183 3112 3456 3179; x_wconf 89' lang='lat' dir='ltr'>sonuerit,</span> 
     </span>
    </p>
   </div>
   <div class='ocr_carea' id='block_1_63' title="bbox 179 3209 1777 3284">
    <p class='ocr_par' dir='ltr' id='par_1_63' title="bbox 179 3209 1777 3284">
     <span class='ocr_line' id='line_1_63' title="bbox 179 3209 1777 3284; baseline -0.006 -12"><span class='ocrx_word' id='word_1_456' title='bbox 179 3217 329 3283; x_wconf 87' lang='lat' dir='ltr'>feria,</span> <span class='ocrx_word' id='word_1_457' title='bbox 362 3233 421 3272; x_wconf 86' lang='lat' dir='ltr'>Iv</span> <span class='ocrx_word' id='word_1_458' title='bbox 448 3217 607 3279; x_wconf 88' lang='lat' dir='ltr'>feria,</span> <span class='ocrx_word' id='word_1_459' title='bbox 636 3229 694 3269; x_wconf 86' lang='lat' dir='ltr'>v1</span> <span class='ocrx_word' id='word_1_460' title='bbox 721 3214 863 3269; x_wconf 90' lang='lat' dir='ltr'>feria</span> <span class='ocrx_word' id='word_1_461' title='bbox 900 3214 960 3268; x_wconf 89' lang='lat' dir='ltr'>in</span> <span class='ocrx_word' id='word_1_462' title='bbox 1004 3213 1202 3284; x_wconf 89' lang='lat' dir='ltr'>primis</span> <span class='ocrx_word' id='word_1_463' title='bbox 1237 3210 1660 3266; x_wconf 88' lang='lat' dir='ltr'>hebdomadarii</span> <span class='ocrx_word' id='word_1_464' title='bbox 1705 3209 1777 3263; x_wconf 91' lang='lat' dir='ltr'>ad</span> 
     </span>
    </p>
   </div>
   <div class='ocr_carea' id='block_1_64' title="bbox 181 3302 1779 3370">
    <p class='ocr_par' dir='ltr' id='par_1_64' title="bbox 181 3302 1779 3370">
     <span class='ocr_line' id='line_1_64' title="bbox 181 3302 1779 3370; baseline -0.006 -7"><span class='ocrx_word' id='word_1_465' title='bbox 181 3308 392 3363; x_wconf 85' lang='lat' dir='ltr'>scillam</span> <span class='ocrx_word' id='word_1_466' title='bbox 420 3306 664 3367; x_wconf 88' lang='lat' dir='ltr'>veniant,</span> <span class='ocrx_word' id='word_1_467' title='bbox 702 3308 759 3358; x_wconf 91' lang='lat' dir='ltr'>et</span> <span class='ocrx_word' id='word_1_468' title='bbox 778 3302 1101 3358; x_wconf 89' lang='lat' dir='ltr'>cellerarius</span> <span class='ocrx_word' id='word_1_469' title='bbox 1120 3318 1248 3355; x_wconf 92' lang='lat' dir='ltr'>cum</span> <span class='ocrx_word' id='word_1_470' title='bbox 1282 3316 1404 3367; x_wconf 87' lang='lat' dir='ltr'>sua,</span> <span class='ocrx_word' id='word_1_471' title='bbox 1446 3316 1616 3370; x_wconf 90' lang='lat' dir='ltr'>quam</span> <span class='ocrx_word' id='word_1_472' title='bbox 1638 3314 1779 3353; x_wconf 90' lang='lat' dir='ltr'>nun-</span> 
     </span>
    </p>
   </div>
   <div class='ocr_carea' id='block_1_65' title="bbox 180 3388 1777 3467">
    <p class='ocr_par' dir='ltr' id='par_1_65' title="bbox 180 3388 1777 3467">
     <span class='ocr_line' id='line_1_65' title="bbox 180 3388 1777 3467; baseline -0.003 -20"><span class='ocrx_word' id='word_1_473' title='bbox 180 3412 452 3467; x_wconf 88' lang='lat' dir='ltr'>cupamus</span> <span class='ocrx_word' id='word_1_474' title='bbox 516 3393 868 3465; x_wconf 88' lang='lat' dir='ltr'>pietantiam,</span> <span class='ocrx_word' id='word_1_475' title='bbox 920 3407 955 3444; x_wconf 88' lang='lat' dir='ltr'>a</span> <span class='ocrx_word' id='word_1_476' title='bbox 1028 3388 1307 3462; x_wconf 88' lang='lat' dir='ltr'>prioribus</span> <span class='ocrx_word' id='word_1_477' title='bbox 1363 3388 1610 3460; x_wconf 90' lang='lat' dir='ltr'>incipiat,</span> <span class='ocrx_word' id='word_1_478' title='bbox 1656 3388 1777 3442; x_wconf 88' lang='lat' dir='ltr'>sine</span> 
     </span>
    </p>
   </div>
   <div class='ocr_carea' id='block_1_66' title="bbox 178 3476 1775 3551">
    <p class='ocr_par' dir='ltr' id='par_1_66' title="bbox 178 3476 1775 3551">
     <span class='ocr_line' id='line_1_66' title="bbox 178 3476 1775 3551; baseline -0.005 -13"><span class='ocrx_word' id='word_1_479' title='bbox 178 3486 358 3539; x_wconf 83' lang='lat' dir='ltr'>sonitu</span> <span class='ocrx_word' id='word_1_480' title='bbox 392 3482 587 3550; x_wconf 72' lang='lat' dir='ltr'>scillae,</span> <span class='ocrx_word' id='word_1_481' title='bbox 615 3488 672 3536; x_wconf 90' lang='lat' dir='ltr'>et</span> <span class='ocrx_word' id='word_1_482' title='bbox 704 3481 907 3535; x_wconf 88' lang='lat' dir='ltr'>fratres</span> <span class='ocrx_word' id='word_1_483' title='bbox 944 3478 1334 3551; x_wconf 88' lang='lat' dir='ltr'>septimanarii</span> <span class='ocrx_word' id='word_1_484' title='bbox 1368 3493 1532 3533; x_wconf 89' lang='lat' dir='ltr'>suum</span> <span class='ocrx_word' id='word_1_485' title='bbox 1570 3476 1706 3531; x_wconf 85' lang='lat' dir='ltr'>dent</span> <span class='ocrx_word' id='word_1_486' title='bbox 1740 3494 1775 3531; x_wconf 91' lang='lat' dir='ltr'>a</span> 
     </span>
    </p>
   </div>
   <div class='ocr_carea' id='block_1_67' title="bbox 179 3566 1773 3640">
    <p class='ocr_par' dir='ltr' id='par_1_67' title="bbox 179 3566 1773 3640">
     <span class='ocr_line' id='line_1_67' title="bbox 179 3566 1773 3640; baseline -0.003 -16"><span class='ocrx_word' id='word_1_487' title='bbox 179 3570 494 3626; x_wconf 80' lang='lat' dir='ltr'>novissimis</span> <span class='ocrx_word' id='word_1_488' title='bbox 525 3570 875 3634; x_wconf 87' lang='lat' dir='ltr'>inchoantes,</span> <span class='ocrx_word' id='word_1_489' title='bbox 908 3575 965 3624; x_wconf 88' lang='lat' dir='ltr'>et</span> <span class='ocrx_word' id='word_1_490' title='bbox 1007 3569 1366 3640; x_wconf 90' lang='lat' dir='ltr'>postmodum</span> <span class='ocrx_word' id='word_1_491' title='bbox 1402 3567 1625 3637; x_wconf 88' lang='lat' dir='ltr'>signum</span> <span class='ocrx_word' id='word_1_492' title='bbox 1654 3566 1773 3637; x_wconf 87' lang='lat' dir='ltr'>pul-</span> 
     </span>
    </p>
   </div>
   <div class='ocr_carea' id='block_1_68' title="bbox 175 3655 1772 3730">
    <p class='ocr_par' dir='ltr' id='par_1_68' title="bbox 175 3655 1772 3730">
     <span class='ocr_line' id='line_1_68' title="bbox 175 3655 1772 3730; baseline -0.004 -15"><span class='ocrx_word' id='word_1_493' title='bbox 175 3666 294 3715; x_wconf 87' lang='lat' dir='ltr'>sent</span> <span class='ocrx_word' id='word_1_494' title='bbox 312 3676 447 3715; x_wconf 91' lang='lat' dir='ltr'>cum</span> <span class='ocrx_word' id='word_1_495' title='bbox 476 3659 703 3713; x_wconf 90' lang='lat' dir='ltr'>licentia</span> <span class='ocrx_word' id='word_1_496' title='bbox 750 3659 819 3713; x_wconf 90' lang='lat' dir='ltr'>ad</span> <span class='ocrx_word' id='word_1_497' title='bbox 856 3674 1174 3730; x_wconf 79' lang='lat' dir='ltr'>vesperum.</span> <span class='ocrx_word' id='word_1_498' title='bbox 1207 3656 1442 3721; x_wconf 87' lang='lat' dir='ltr'>Quando</span> <span class='ocrx_word' id='word_1_499' title='bbox 1479 3671 1649 3722; x_wconf 88' lang='lat' dir='ltr'>poma</span> <span class='ocrx_word' id='word_1_500' title='bbox 1688 3655 1772 3709; x_wconf 90' lang='lat' dir='ltr'>vel</span> 
     </span>
    </p>
   </div>
   <div class='ocr_carea' id='block_1_69' title="bbox 175 3743 1774 3819">
    <p class='ocr_par' dir='ltr' id='par_1_69' title="bbox 175 3743 1774 3819">
     <span class='ocr_line' id='line_1_69' title="bbox 175 3743 1774 3819; baseline -0.004 -16"><span class='ocrx_word' id='word_1_501' title='bbox 175 3749 356 3804; x_wconf 73' lang='lat' dir='ltr'>herbae</span> <span class='ocrx_word' id='word_1_502' title='bbox 393 3749 785 3819; x_wconf 89' lang='lat' dir='ltr'>imponuntur,</span> <span class='ocrx_word' id='word_1_503' title='bbox 815 3752 1113 3819; x_wconf 85' lang='lat' dir='ltr'>postquam</span> <span class='ocrx_word' id='word_1_504' title='bbox 1158 3761 1355 3800; x_wconf 88' lang='lat' dir='ltr'>mensa</span> <span class='ocrx_word' id='word_1_505' title='bbox 1395 3744 1566 3799; x_wconf 84' lang='lat' dir='ltr'>fuerit</span> <span class='ocrx_word' id='word_1_506' title='bbox 1601 3743 1774 3797; x_wconf 82' lang='lat' dir='ltr'>bene-</span> 
     </span>
    </p>
   </div>
   <div class='ocr_carea' id='block_1_70' title="bbox 173 3832 1775 3906">
    <p class='ocr_par' dir='ltr' id='par_1_70' title="bbox 173 3832 1775 3906">
     <span class='ocr_line' id='line_1_70' title="bbox 173 3832 1775 3906; baseline -0.005 -13"><span class='ocrx_word' id='word_1_507' title='bbox 173 3837 331 3905; x_wconf 83' lang='lat' dir='ltr'>dicta,</span> <span class='ocrx_word' id='word_1_508' title='bbox 350 3843 411 3892; x_wconf 89' lang='lat' dir='ltr'>et</span> <span class='ocrx_word' id='word_1_509' title='bbox 431 3852 628 3891; x_wconf 87' lang='lat' dir='ltr'>omnes</span> <span class='ocrx_word' id='word_1_510' title='bbox 646 3836 851 3891; x_wconf 89' lang='lat' dir='ltr'>fratres</span> <span class='ocrx_word' id='word_1_511' title='bbox 869 3836 1139 3898; x_wconf 86' lang='lat' dir='ltr'>sederint,</span> <span class='ocrx_word' id='word_1_512' title='bbox 1154 3835 1481 3906; x_wconf 81' lang='lat' dir='ltr'>deportetur</span> <span class='ocrx_word' id='word_1_513' title='bbox 1497 3849 1529 3886; x_wconf 90' lang='lat' dir='ltr'>a</span> <span class='ocrx_word' id='word_1_514' title='bbox 1548 3832 1775 3887; x_wconf 87' lang='lat' dir='ltr'>cellera-</span> 
     </span>
    </p>
   </div>
   <div class='ocr_carea' id='block_1_71' title="bbox 172 3920 1773 3996">
    <p class='ocr_par' dir='ltr' id='par_1_71' title="bbox 172 3920 1773 3996">
     <span class='ocr_line' id='line_1_71' title="bbox 172 3920 1773 3996; baseline -0.002 -16"><span class='ocrx_word' id='word_1_515' title='bbox 172 3927 250 3981; x_wconf 89' lang='lat' dir='ltr'>rio</span> <span class='ocrx_word' id='word_1_516' title='bbox 269 3943 405 3982; x_wconf 89' lang='lat' dir='ltr'>cum</span> <span class='ocrx_word' id='word_1_517' title='bbox 436 3942 539 3981; x_wconf 93' lang='lat' dir='ltr'>suo</span> <span class='ocrx_word' id='word_1_518' title='bbox 564 3925 712 3980; x_wconf 90' lang='lat' dir='ltr'>socio</span> <span class='ocrx_word' id='word_1_519' title='bbox 734 3925 792 3979; x_wconf 91' lang='lat' dir='ltr'>in</span> <span class='ocrx_word' id='word_1_520' title='bbox 813 3924 1009 3996; x_wconf 89' lang='lat' dir='ltr'>primis</span> <span class='ocrx_word' id='word_1_521' title='bbox 1028 3923 1364 3988; x_wconf 90' lang='lat' dir='ltr'>senioribus,</span> <span class='ocrx_word' id='word_1_522' title='bbox 1389 3928 1447 3976; x_wconf 89' lang='lat' dir='ltr'>et</span> <span class='ocrx_word' id='word_1_523' title='bbox 1467 3938 1690 3993; x_wconf 89' lang='lat' dir='ltr'>semper</span> <span class='ocrx_word' id='word_1_524' title='bbox 1714 3920 1773 3976; x_wconf 92' lang='lat' dir='ltr'>in</span> 
     </span>
    </p>
   </div>
   <div class='ocr_carea' id='block_1_72' title="bbox 172 4010 1774 4085">
    <p class='ocr_par' dir='ltr' id='par_1_72' title="bbox 172 4010 1774 4085">
     <span class='ocr_line' id='line_1_72' title="bbox 172 4010 1774 4085; baseline -0.004 -14"><span class='ocrx_word' id='word_1_525' title='bbox 172 4015 481 4071; x_wconf 88' lang='lat' dir='ltr'>scutellulis</span> <span class='ocrx_word' id='word_1_526' title='bbox 511 4014 854 4085; x_wconf 75' lang='lat' dir='ltr'>deportatur.</span> <span class='ocrx_word' id='word_1_527' title='bbox 882 4013 1118 4078; x_wconf 89' lang='lat' dir='ltr'>Quando</span> <span class='ocrx_word' id='word_1_528' title='bbox 1150 4018 1283 4067; x_wconf 90' lang='lat' dir='ltr'>sunt</span> <span class='ocrx_word' id='word_1_529' title='bbox 1311 4027 1482 4083; x_wconf 89' lang='lat' dir='ltr'>parva</span> <span class='ocrx_word' id='word_1_530' title='bbox 1511 4027 1696 4082; x_wconf 90' lang='lat' dir='ltr'>poma,</span> <span class='ocrx_word' id='word_1_531' title='bbox 1714 4010 1774 4064; x_wconf 90' lang='lat' dir='ltr'>in</span> 
     </span>
    </p>
   </div>
   <div class='ocr_carea' id='block_1_73' title="bbox 172 4099 1776 4172">
    <p class='ocr_par' dir='ltr' id='par_1_73' title="bbox 172 4099 1776 4172">
     <span class='ocr_line' id='line_1_73' title="bbox 172 4099 1776 4172; baseline -0.004 -12"><span class='ocrx_word' id='word_1_532' title='bbox 172 4107 416 4160; x_wconf 86' lang='lat' dir='ltr'>canistro</span> <span class='ocrx_word' id='word_1_533' title='bbox 458 4103 694 4167; x_wconf 89' lang='lat' dir='ltr'>deferat,</span> <span class='ocrx_word' id='word_1_534' title='bbox 746 4108 803 4157; x_wconf 91' lang='lat' dir='ltr'>et</span> <span class='ocrx_word' id='word_1_535' title='bbox 850 4102 1237 4172; x_wconf 89' lang='lat' dir='ltr'>unusquisque</span> <span class='ocrx_word' id='word_1_536' title='bbox 1276 4100 1580 4155; x_wconf 91' lang='lat' dir='ltr'>secundum</span> <span class='ocrx_word' id='word_1_537' title='bbox 1627 4099 1776 4169; x_wconf 92' lang='lat' dir='ltr'>quod</span> 
     </span>
    </p>
   </div>
   <div class='ocr_carea' id='block_1_74' title="bbox 169 4187 1775 4262">
    <p class='ocr_par' dir='ltr' id='par_1_74' title="bbox 169 4187 1775 4262">
     <span class='ocr_line' id='line_1_74' title="bbox 169 4187 1775 4262; baseline -0.002 -17"><span class='ocrx_word' id='word_1_538' title='bbox 169 4194 386 4256; x_wconf 79' lang='lat' dir='ltr'>viderit,</span> <span class='ocrx_word' id='word_1_539' title='bbox 415 4193 495 4246; x_wconf 91' lang='lat' dir='ltr'>sic</span> <span class='ocrx_word' id='word_1_540' title='bbox 515 4190 770 4262; x_wconf 90' lang='lat' dir='ltr'>accipiat.</span> <span class='ocrx_word' id='word_1_541' title='bbox 802 4191 887 4245; x_wconf 81' lang='lat' dir='ltr'>Ad</span> <span class='ocrx_word' id='word_1_542' title='bbox 927 4190 1170 4245; x_wconf 89' lang='lat' dir='ltr'>infantes</span> <span class='ocrx_word' id='word_1_543' title='bbox 1226 4194 1415 4244; x_wconf 90' lang='lat' dir='ltr'>autem</span> <span class='ocrx_word' id='word_1_544' title='bbox 1470 4193 1664 4259; x_wconf 87' lang='lat' dir='ltr'>postea</span> <span class='ocrx_word' id='word_1_545' title='bbox 1717 4187 1775 4242; x_wconf 92' lang='lat' dir='ltr'>in</span> 
     </span>
    </p>
   </div>
   <div class='ocr_carea' id='block_1_75' title="bbox 170 4277 1770 4350">
    <p class='ocr_par' dir='ltr' id='par_1_75' title="bbox 170 4277 1770 4350">
     <span class='ocr_line' id='line_1_75' title="bbox 170 4277 1770 4350; baseline -0.004 -13"><span class='ocrx_word' id='word_1_546' title='bbox 170 4284 406 4337; x_wconf 75' lang='lat' dir='ltr'>scutella</span> <span class='ocrx_word' id='word_1_547' title='bbox 437 4281 675 4344; x_wconf 89' lang='lat' dir='ltr'>deferat,</span> <span class='ocrx_word' id='word_1_548' title='bbox 707 4284 766 4334; x_wconf 89' lang='lat' dir='ltr'>et</span> <span class='ocrx_word' id='word_1_549' title='bbox 791 4280 888 4334; x_wconf 92' lang='lat' dir='ltr'>det</span> <span class='ocrx_word' id='word_1_550' title='bbox 905 4279 1025 4350; x_wconf 90' lang='lat' dir='ltr'>ipse</span> <span class='ocrx_word' id='word_1_551' title='bbox 1045 4279 1343 4350; x_wconf 90' lang='lat' dir='ltr'>unicuique</span> <span class='ocrx_word' id='word_1_552' title='bbox 1364 4284 1533 4349; x_wconf 90' lang='lat' dir='ltr'>prout</span> <span class='ocrx_word' id='word_1_553' title='bbox 1554 4277 1770 4341; x_wconf 89' lang='lat' dir='ltr'>viderit,</span> 
     </span>
    </p>
   </div>
   <div class='ocr_carea' id='block_1_76' title="bbox 166 4366 1775 4442">
    <p class='ocr_par' dir='ltr' id='par_1_76' title="bbox 166 4366 1775 4442">
     <span class='ocr_line' id='line_1_76' title="bbox 166 4366 1775 4442; baseline -0.002 -16"><span class='ocrx_word' id='word_1_554' title='bbox 166 4371 424 4442; x_wconf 89' lang='lat' dir='ltr'>Denique</span> <span class='ocrx_word' id='word_1_555' title='bbox 452 4370 575 4441; x_wconf 86' lang='lat' dir='ltr'>ipse</span> <span class='ocrx_word' id='word_1_556' title='bbox 591 4368 914 4424; x_wconf 78' lang='lat' dir='ltr'>cellerarius</span> <span class='ocrx_word' id='word_1_557' title='bbox 946 4368 1114 4424; x_wconf 89' lang='lat' dir='ltr'>debet</span> <span class='ocrx_word' id='word_1_558' title='bbox 1132 4368 1430 4439; x_wconf 88' lang='lat' dir='ltr'>deportare</span> <span class='ocrx_word' id='word_1_559' title='bbox 1445 4366 1775 4438; x_wconf 90' lang='lat' dir='ltr'>pietantiam</span> 
     </span>
    </p>
   </div>
   <div class='ocr_carea' id='block_1_77' title="bbox 1861 3199 3457 3272">
    <p class='ocr_par' dir='ltr' id='par_1_77' title="bbox 1861 3199 3457 3272">
     <span class='ocr_line' id='line_1_77' title="bbox 1861 3199 3457 3272; baseline 0.001 -17"><span class='ocrx_word' id='word_1_560' title='bbox 1861 3202 1945 3255; x_wconf 87' lang='lat' dir='ltr'>vel</span> <span class='ocrx_word' id='word_1_561' title='bbox 1963 3201 2084 3272; x_wconf 91' lang='lat' dir='ltr'>ipse</span> <span class='ocrx_word' id='word_1_562' title='bbox 2112 3200 2385 3255; x_wconf 90' lang='lat' dir='ltr'>assederit</span> <span class='ocrx_word' id='word_1_563' title='bbox 2411 3216 2637 3267; x_wconf 68' lang='lat' dir='ltr'>mensae,</span> <span class='ocrx_word' id='word_1_564' title='bbox 2669 3200 2859 3254; x_wconf 90' lang='lat' dir='ltr'>omnia</span> <span class='ocrx_word' id='word_1_565' title='bbox 2886 3200 3158 3271; x_wconf 91' lang='lat' dir='ltr'>deportet.</span> <span class='ocrx_word' id='word_1_566' title='bbox 3170 3199 3457 3269; x_wconf 89' lang='lat' dir='ltr'>Fratrum,</span> 
     </span>
    </p>
   </div>
   <div class='ocr_carea' id='block_1_78' title="bbox 1862 3288 3455 3362">
    <p class='ocr_par' dir='ltr' id='par_1_78' title="bbox 1862 3288 3455 3362">
     <span class='ocr_line' id='line_1_78' title="bbox 1862 3288 3455 3362; baseline 0 -18"><span class='ocrx_word' id='word_1_567' title='bbox 1862 3290 1958 3362; x_wconf 91' lang='lat' dir='ltr'>qui</span> <span class='ocrx_word' id='word_1_568' title='bbox 1980 3306 2045 3344; x_wconf 84' lang='lat' dir='ltr'>ex</span> <span class='ocrx_word' id='word_1_569' title='bbox 2073 3290 2277 3344; x_wconf 90' lang='lat' dir='ltr'>itinere</span> <span class='ocrx_word' id='word_1_570' title='bbox 2298 3289 2553 3355; x_wconf 90' lang='lat' dir='ltr'>redeunt,</span> <span class='ocrx_word' id='word_1_571' title='bbox 2577 3288 2745 3343; x_wconf 90' lang='lat' dir='ltr'>debet</span> <span class='ocrx_word' id='word_1_572' title='bbox 2762 3289 2949 3343; x_wconf 87' lang='lat' dir='ltr'>lavare</span> <span class='ocrx_word' id='word_1_573' title='bbox 2978 3289 3098 3361; x_wconf 90' lang='lat' dir='ltr'>ipse</span> <span class='ocrx_word' id='word_1_574' title='bbox 3138 3289 3455 3360; x_wconf 89' lang='lat' dir='ltr'>justitiam;</span> 
     </span>
    </p>
   </div>
   <div class='ocr_carea' id='block_1_79' title="bbox 1860 3376 3458 3449">
    <p class='ocr_par' dir='ltr' id='par_1_79' title="bbox 1860 3376 3458 3449">
     <span class='ocr_line' id='line_1_79' title="bbox 1860 3376 3458 3449; baseline 0 -16"><span class='ocrx_word' id='word_1_575' title='bbox 1860 3379 2069 3434; x_wconf 90' lang='lat' dir='ltr'>Zallam</span> <span class='ocrx_word' id='word_1_576' title='bbox 2112 3378 2226 3449; x_wconf 90' lang='lat'>(63)</span> <span class='ocrx_word' id='word_1_577' title='bbox 2268 3383 2438 3449; x_wconf 88' lang='lat' dir='ltr'>atque</span> <span class='ocrx_word' id='word_1_578' title='bbox 2472 3377 2675 3432; x_wconf 88' lang='lat' dir='ltr'>baciles</span> <span class='ocrx_word' id='word_1_579' title='bbox 2724 3376 2837 3448; x_wconf 76' lang='grc'>(64)</span> <span class='ocrx_word' id='word_1_580' title='bbox 2880 3377 3073 3432; x_wconf 90' lang='lat' dir='ltr'>domni</span> <span class='ocrx_word' id='word_1_581' title='bbox 3098 3377 3336 3445; x_wconf 88' lang='lat' dir='ltr'>abbatis,</span> <span class='ocrx_word' id='word_1_582' title='bbox 3373 3380 3458 3434; x_wconf 91' lang='lat' dir='ltr'>vel</span> 
     </span>
    </p>
   </div>
   <div class='ocr_carea' id='block_1_80' title="bbox 1856 3466 3459 3539">
    <p class='ocr_par' dir='ltr' id='par_1_80' title="bbox 1856 3466 3459 3539">
     <span class='ocr_line' id='line_1_80' title="bbox 1856 3466 3459 3539; baseline 0.001 -17"><span class='ocrx_word' id='word_1_583' title='bbox 1856 3468 2034 3531; x_wconf 91' lang='lat' dir='ltr'>illam,</span> <span class='ocrx_word' id='word_1_584' title='bbox 2065 3484 2187 3538; x_wconf 74' lang='lat' dir='ltr'>qua:</span> <span class='ocrx_word' id='word_1_585' title='bbox 2217 3466 2487 3538; x_wconf 89' lang='lat' dir='ltr'>deputata</span> <span class='ocrx_word' id='word_1_586' title='bbox 2515 3472 2601 3521; x_wconf 89' lang='lat' dir='ltr'>est</span> <span class='ocrx_word' id='word_1_587' title='bbox 2625 3472 2855 3539; x_wconf 86' lang='lat' dir='ltr'>propter</span> <span class='ocrx_word' id='word_1_588' title='bbox 2881 3483 3159 3538; x_wconf 87' lang='lat' dir='ltr'>pauperes</span> <span class='ocrx_word' id='word_1_589' title='bbox 3182 3467 3271 3522; x_wconf 90' lang='lat' dir='ltr'>vel</span> <span class='ocrx_word' id='word_1_590' title='bbox 3293 3484 3459 3539; x_wconf 89' lang='lat' dir='ltr'>pere-</span> 
     </span>
    </p>
   </div>
   <div class='ocr_carea' id='block_1_81' title="bbox 1854 3554 3455 3626">
    <p class='ocr_par' dir='ltr' id='par_1_81' title="bbox 1854 3554 3455 3626">
     <span class='ocr_line' id='line_1_81' title="bbox 1854 3554 3455 3626; baseline 0.001 -16"><span class='ocrx_word' id='word_1_591' title='bbox 1854 3556 2048 3626; x_wconf 90' lang='lat' dir='ltr'>grinos</span> <span class='ocrx_word' id='word_1_592' title='bbox 2063 3556 2284 3621; x_wconf 86' lang='lat' dir='ltr'>fratres,</span> <span class='ocrx_word' id='word_1_593' title='bbox 2312 3555 2431 3626; x_wconf 92' lang='lat' dir='ltr'>ipse</span> <span class='ocrx_word' id='word_1_594' title='bbox 2460 3554 2665 3609; x_wconf 87' lang='lat' dir='ltr'>habeat</span> <span class='ocrx_word' id='word_1_595' title='bbox 2687 3554 2791 3609; x_wconf 90' lang='lat' dir='ltr'>sub</span> <span class='ocrx_word' id='word_1_596' title='bbox 2811 3572 2913 3610; x_wconf 89' lang='lat' dir='ltr'>sua</span> <span class='ocrx_word' id='word_1_597' title='bbox 2942 3554 3214 3610; x_wconf 89' lang='lat' dir='ltr'>custodia.</span> <span class='ocrx_word' id='word_1_598' title='bbox 3236 3555 3455 3611; x_wconf 89' lang='lat' dir='ltr'>Panum</span> 
     </span>
    </p>
   </div>
   <div class='ocr_carea' id='block_1_82' title="bbox 1855 3641 3453 3717">
    <p class='ocr_par' dir='ltr' id='par_1_82' title="bbox 1855 3641 3453 3717">
     <span class='ocr_line' id='line_1_82' title="bbox 1855 3641 3453 3717; baseline -0.001 -17"><span class='ocrx_word' id='word_1_599' title='bbox 1855 3645 2124 3700; x_wconf 91' lang='lat' dir='ltr'>librarum</span> <span class='ocrx_word' id='word_1_600' title='bbox 2159 3641 2500 3717; x_wconf 74' lang='lat' dir='ltr'>[al.libram]</span> <span class='ocrx_word' id='word_1_601' title='bbox 2530 3644 2650 3716; x_wconf 91' lang='lat' dir='ltr'>ipse</span> <span class='ocrx_word' id='word_1_602' title='bbox 2670 3650 2872 3716; x_wconf 83' lang='lat' dir='ltr'>purget</span> <span class='ocrx_word' id='word_1_603' title='bbox 2898 3643 3453 3701; x_wconf 87' lang='lat' dir='ltr'>abomnifuscedine.</span> 
     </span>
    </p>
   </div>
   <div class='ocr_carea' id='block_1_83' title="bbox 1856 3733 3457 3805">
    <p class='ocr_par' dir='ltr' id='par_1_83' title="bbox 1856 3733 3457 3805">
     <span class='ocr_line' id='line_1_83' title="bbox 1856 3733 3457 3805; baseline 0 -16"><span class='ocrx_word' id='word_1_604' title='bbox 1856 3735 2116 3790; x_wconf 89' lang='lat' dir='ltr'>Linteum</span> <span class='ocrx_word' id='word_1_605' title='bbox 2152 3740 2344 3788; x_wconf 89' lang='lat' dir='ltr'>tamen</span> <span class='ocrx_word' id='word_1_606' title='bbox 2372 3733 2443 3787; x_wconf 93' lang='lat' dir='ltr'>ad</span> <span class='ocrx_word' id='word_1_607' title='bbox 2472 3733 2657 3805; x_wconf 91' lang='lat' dir='ltr'>ipsum</span> <span class='ocrx_word' id='word_1_608' title='bbox 2687 3750 2830 3804; x_wconf 88' lang='lat' dir='ltr'>opus</span> <span class='ocrx_word' id='word_1_609' title='bbox 2858 3733 3190 3805; x_wconf 89' lang='lat' dir='ltr'>deputatum</span> <span class='ocrx_word' id='word_1_610' title='bbox 3228 3734 3300 3788; x_wconf 90' lang='lat' dir='ltr'>ad</span> <span class='ocrx_word' id='word_1_611' title='bbox 3340 3735 3457 3789; x_wconf 89' lang='lat' dir='ltr'>col-</span> 
     </span>
    </p>
   </div>
   <div class='ocr_carea' id='block_1_84' title="bbox 1856 3822 3382 3895">
    <p class='ocr_par' dir='ltr' id='par_1_84' title="bbox 1856 3822 3382 3895">
     <span class='ocr_line' id='line_1_84' title="bbox 1856 3822 3382 3895; baseline 0.001 -19"><span class='ocrx_word' id='word_1_612' title='bbox 1856 3822 1972 3879; x_wconf 89' lang='lat' dir='ltr'>lum</span> <span class='ocrx_word' id='word_1_613' title='bbox 2003 3839 2226 3895; x_wconf 91' lang='lat' dir='ltr'>semper</span> <span class='ocrx_word' id='word_1_614' title='bbox 2252 3822 2459 3878; x_wconf 87' lang='lat' dir='ltr'>habeat</span> <span class='ocrx_word' id='word_1_615' title='bbox 2488 3839 2666 3893; x_wconf 91' lang='lat' dir='ltr'>usque</span> <span class='ocrx_word' id='word_1_616' title='bbox 2693 3822 2828 3877; x_wconf 91' lang='lat' dir='ltr'>dum</span> <span class='ocrx_word' id='word_1_617' title='bbox 2850 3822 3106 3894; x_wconf 89' lang='lat' dir='ltr'>inspiciat</span> <span class='ocrx_word' id='word_1_618' title='bbox 3131 3828 3382 3878; x_wconf 89' lang='lat' dir='ltr'>cunctos.</span> 
     </span>
    </p>
   </div>
   <div class='ocr_carea' id='block_1_85' title="bbox 2448 3928 2854 3984">
    <p class='ocr_par' dir='ltr' id='par_1_85' title="bbox 2448 3928 2854 3984">
     <span class='ocr_line' id='line_1_85' title="bbox 2448 3928 2854 3984; baseline -0.007 -1"><span class='ocrx_word' id='word_1_619' title='bbox 2448 3928 2691 3984; x_wconf 85' lang='lat' dir='ltr'>CAPUT</span> <span class='ocrx_word' id='word_1_620' title='bbox 2735 3929 2854 3982; x_wconf 84' lang='lat' dir='ltr'>XX.</span> 
     </span>
    </p>
   </div>
   <div class='ocr_carea' id='block_1_86' title="bbox 1856 4018 3454 4143">
    <p class='ocr_par' dir='ltr' id='par_1_86' title="bbox 1856 4018 3454 4143">
     <span class='ocr_line' id='line_1_86' title="bbox 1856 4018 3454 4143; baseline -0.001 -70"><span class='ocrx_word' id='word_1_621' title='bbox 1856 4020 2105 4086; x_wconf 81' lang='lat' dir='ltr'>Qualiter</span> <span class='ocrx_word' id='word_1_622' title='bbox 2123 4019 2271 4073; x_wconf 88' lang='lat' dir='ltr'>debet</span> <span class='ocrx_word' id='word_1_623' title='bbox 2297 4020 2424 4087; x_wconf 81' lang='lat' dir='ltr'>ﬁeri</span> <span class='ocrx_word' id='word_1_624' title='bbox 2448 4019 2668 4143; x_wconf 52' lang='lat'>@333)</span> <span class='ocrx_word' id='word_1_625' title='bbox 2694 4021 3023 4072; x_wconf 86' lang='lat' dir='ltr'>conventuri</span> <span class='ocrx_word' id='word_1_626' title='bbox 3074 4021 3209 4071; x_wconf 83' lang='lat' dir='ltr'>sunt</span> <span class='ocrx_word' id='word_1_627' title='bbox 3236 4018 3311 4070; x_wconf 85' lang='lat' dir='ltr'>ad</span> <span class='ocrx_word' id='word_1_628' title='bbox 3363 4032 3454 4071; x_wconf 82' lang='lat' dir='ltr'>ra-</span> 
     </span>
     <span class='ocr_line' id='line_1_87' title="bbox 2660 4105 2776 4143; baseline 0 -1"><span class='ocrx_word' id='word_1_629' title='bbox 2660 4105 2776 4143; x_wconf 87' lang='lat' dir='ltr'>um.</span> 
     </span>
    </p>
   </div>
   <div class='ocr_carea' id='block_1_87' title="bbox 2660 4105 2776 4143">
    <p class='ocr_par' dir='ltr' id='par_1_87' title="bbox 2660 4105 2776 4143">
     <span class='ocr_line' id='line_1_88' title="bbox 2660 4105 2776 4143; baseline -0.009 0"><span class='ocrx_word' id='word_1_630' title='bbox 2660 4105 2776 4143; x_wconf 87' lang='lat' dir='ltr'>um.</span> 
     </span>
    </p>
   </div>
   <div class='ocr_carea' id='block_1_88' title="bbox 1928 4175 3454 4249">
    <p class='ocr_par' dir='ltr' id='par_1_88' title="bbox 1928 4175 3454 4249">
     <span class='ocr_line' id='line_1_89' title="bbox 1928 4175 3454 4249; baseline -0.001 -13"><span class='ocrx_word' id='word_1_631' title='bbox 1928 4179 2107 4236; x_wconf 91' lang='lat' dir='ltr'>Debet</span> <span class='ocrx_word' id='word_1_632' title='bbox 2129 4195 2277 4234; x_wconf 91' lang='lat' dir='ltr'>unus</span> <span class='ocrx_word' id='word_1_633' title='bbox 2306 4178 2482 4235; x_wconf 90' lang='lat' dir='ltr'>frater</span> <span class='ocrx_word' id='word_1_634' title='bbox 2508 4177 2595 4232; x_wconf 92' lang='lat' dir='ltr'>vel</span> <span class='ocrx_word' id='word_1_635' title='bbox 2615 4178 2727 4232; x_wconf 90' lang='lat' dir='ltr'>duo</span> <span class='ocrx_word' id='word_1_636' title='bbox 2756 4175 2963 4232; x_wconf 86' lang='lat' dir='ltr'>habere</span> <span class='ocrx_word' id='word_1_637' title='bbox 2986 4178 3304 4249; x_wconf 88' lang='lat' dir='ltr'>injunctum</span> <span class='ocrx_word' id='word_1_638' title='bbox 3326 4179 3454 4234; x_wconf 83' lang='lat' dir='ltr'>offi-</span> 
     </span>
    </p>
   </div>
   <div class='ocr_carea' id='block_1_89' title="bbox 1858 4266 3453 4336">
    <p class='ocr_par' dir='ltr' id='par_1_89' title="bbox 1858 4266 3453 4336">
     <span class='ocr_line' id='line_1_90' title="bbox 1858 4266 3453 4336; baseline -0.003 -12"><span class='ocrx_word' id='word_1_639' title='bbox 1858 4270 2004 4325; x_wconf 91' lang='lat' dir='ltr'>cium</span> <span class='ocrx_word' id='word_1_640' title='bbox 2036 4267 2378 4323; x_wconf 89' lang='lat' dir='ltr'>rasoriorum</span> <span class='ocrx_word' id='word_1_641' title='bbox 2404 4266 2806 4333; x_wconf 88' lang='lat' dir='ltr'>acuendorum,</span> <span class='ocrx_word' id='word_1_642' title='bbox 2822 4270 2991 4336; x_wconf 90' lang='lat' dir='ltr'>atque</span> <span class='ocrx_word' id='word_1_643' title='bbox 3011 4266 3453 4336; x_wconf 88' lang='lat' dir='ltr'>colligendorum</span> 
     </span>
    </p>
   </div>
   <div class='ocr_carea' id='block_1_90' title="bbox 1858 4353 3453 4427">
    <p class='ocr_par' dir='ltr' id='par_1_90' title="bbox 1858 4353 3453 4427">
     <span class='ocr_line' id='line_1_91' title="bbox 1858 4353 3453 4427; baseline -0.003 -14"><span class='ocrx_word' id='word_1_644' title='bbox 1858 4360 1929 4414; x_wconf 90' lang='lat' dir='ltr'>ad</span> <span class='ocrx_word' id='word_1_645' title='bbox 1959 4358 2224 4413; x_wconf 91' lang='lat' dir='ltr'>scrinium</span> <span class='ocrx_word' id='word_1_646' title='bbox 2253 4356 2350 4411; x_wconf 91' lang='lat' dir='ltr'>ubi</span> <span class='ocrx_word' id='word_1_647' title='bbox 2377 4359 2763 4427; x_wconf 89' lang='lat' dir='ltr'>reponuntur;</span> <span class='ocrx_word' id='word_1_648' title='bbox 2797 4359 2856 4408; x_wconf 92' lang='lat' dir='ltr'>et</span> <span class='ocrx_word' id='word_1_649' title='bbox 2892 4353 3013 4424; x_wconf 91' lang='lat' dir='ltr'>ipse</span> <span class='ocrx_word' id='word_1_650' title='bbox 3053 4354 3221 4409; x_wconf 90' lang='lat' dir='ltr'>debet</span> <span class='ocrx_word' id='word_1_651' title='bbox 3248 4370 3453 4425; x_wconf 90' lang='lat' dir='ltr'>procu-</span> 
     </span>
    </p>
   </div>
   <div class='ocr_carea' id='block_1_91' title="bbox 165 4442 3455 4531">
    <p class='ocr_par' dir='ltr' id='par_1_91' title="bbox 165 4442 3455 4531">
     <span class='ocr_line' id='line_1_92' title="bbox 165 4442 3455 4531; baseline -0.003 -16"><span class='ocrx_word' id='word_1_652' title='bbox 165 4475 232 4515; x_wconf 82' lang='lat' dir='ltr'>ex</span> <span class='ocrx_word' id='word_1_653' title='bbox 257 4459 547 4531; x_wconf 89' lang='lat' dir='ltr'>pisciculis</span> <span class='ocrx_word' id='word_1_654' title='bbox 568 4473 697 4515; x_wconf 68' lang='lat' dir='ltr'>cam</span> <span class='ocrx_word' id='word_1_655' title='bbox 724 4457 892 4512; x_wconf 91' lang='lat' dir='ltr'>socio.</span> <span class='ocrx_word' id='word_1_656' title='bbox 916 4458 974 4512; x_wconf 91' lang='lat' dir='ltr'>Si</span> <span class='ocrx_word' id='word_1_657' title='bbox 997 4473 1182 4528; x_wconf 90' lang='lat' dir='ltr'>poma,</span> <span class='ocrx_word' id='word_1_658' title='bbox 1206 4473 1333 4511; x_wconf 90' lang='lat' dir='ltr'>cum</span> <span class='ocrx_word' id='word_1_659' title='bbox 1357 4456 1767 4511; x_wconf 87' lang='lat' dir='ltr'>refectoriario:</span> <span class='ocrx_word' id='word_1_660' title='bbox 1794 4465 1844 4524; x_wconf 85' lang='lat'>1)</span> <span class='ocrx_word' id='word_1_661' title='bbox 1862 4464 1991 4503; x_wconf 74' lang='lat' dir='ltr'>rare</span> <span class='ocrx_word' id='word_1_662' title='bbox 2017 4446 2269 4501; x_wconf 69' lang='lat' dir='ltr'>tonsoria</span> <span class='ocrx_word' id='word_1_663' title='bbox 2298 4445 2369 4500; x_wconf 75' lang='lat' dir='ltr'>ad</span> <span class='ocrx_word' id='word_1_664' title='bbox 2398 4445 2534 4498; x_wconf 74' lang='grc' dir='ltr'><strong>ίιιιιά</strong></span> <span class='ocrx_word' id='word_1_665' title='bbox 2563 4459 2703 4515; x_wconf 75' lang='lat' dir='ltr'>Opus</span> <span class='ocrx_word' id='word_1_666' title='bbox 2731 4442 3019 4514; x_wconf 61' lang='lat' dir='ltr'>deputata.</span> <span class='ocrx_word' id='word_1_667' title='bbox 3051 4448 3109 4497; x_wconf 69' lang='lat' dir='ltr'>et</span> <span class='ocrx_word' id='word_1_668' title='bbox 3144 4442 3295 4497; x_wconf 69' lang='lat' dir='ltr'>intra</span> <span class='ocrx_word' id='word_1_669' title='bbox 3320 4443 3455 4499; x_wconf 74' lang='lat' dir='ltr'>dOP-</span> 
     </span>
    </p>
   </div>
   <div class='ocr_carea' id='block_1_92' title="bbox 166 4545 1778 4619">
    <p class='ocr_par' dir='ltr' id='par_1_92' title="bbox 166 4545 1778 4619">
     <span class='ocr_line' id='line_1_93' title="bbox 166 4545 1778 4619; baseline -0.003 -15"><span class='ocrx_word' id='word_1_670' title='bbox 166 4549 392 4619; x_wconf 85' lang='lat' dir='ltr'>quando</span> <span class='ocrx_word' id='word_1_671' title='bbox 421 4548 598 4609; x_wconf 85' lang='lat' dir='ltr'>olera,</span> <span class='ocrx_word' id='word_1_672' title='bbox 649 4546 818 4602; x_wconf 88' lang='lat' dir='ltr'>faciat</span> <span class='ocrx_word' id='word_1_673' title='bbox 845 4547 1179 4601; x_wconf 91' lang='lat' dir='ltr'>hortulanus</span> <span class='ocrx_word' id='word_1_674' title='bbox 1207 4562 1334 4600; x_wconf 90' lang='lat' dir='ltr'>cum</span> <span class='ocrx_word' id='word_1_675' title='bbox 1365 4562 1450 4600; x_wconf 92' lang='lat' dir='ltr'>eo.</span> <span class='ocrx_word' id='word_1_676' title='bbox 1481 4545 1550 4599; x_wconf 91' lang='lat' dir='ltr'>Et</span> <span class='ocrx_word' id='word_1_677' title='bbox 1568 4545 1613 4599; x_wconf 87' lang='lat' dir='ltr'>si</span> <span class='ocrx_word' id='word_1_678' title='bbox 1643 4562 1778 4600; x_wconf 91' lang='lat' dir='ltr'>neu-</span> 
     </span>
    </p>
   </div>
   <div class='ocr_carea' id='block_1_93' title="bbox 161 4634 1776 4707">
    <p class='ocr_par' dir='ltr' id='par_1_93' title="bbox 161 4634 1776 4707">
     <span class='ocr_line' id='line_1_94' title="bbox 161 4634 1776 4707; baseline -0.002 -15"><span class='ocrx_word' id='word_1_679' title='bbox 161 4653 253 4692; x_wconf 88' lang='lat' dir='ltr'>ma</span> <span class='ocrx_word' id='word_1_680' title='bbox 286 4638 401 4706; x_wconf 74' lang='lat'><strong>(62)</strong></span> <span class='ocrx_word' id='word_1_681' title='bbox 433 4637 661 4699; x_wconf 82' lang='lat' dir='ltr'>efﬁciat,</span> <span class='ocrx_word' id='word_1_682' title='bbox 694 4652 823 4691; x_wconf 87' lang='lat' dir='ltr'>cum</span> <span class='ocrx_word' id='word_1_683' title='bbox 850 4635 1027 4690; x_wconf 88' lang='lat' dir='ltr'>fratre</span> <span class='ocrx_word' id='word_1_684' title='bbox 1064 4635 1160 4707; x_wconf 92' lang='lat' dir='ltr'>qui</span> <span class='ocrx_word' id='word_1_685' title='bbox 1198 4651 1369 4706; x_wconf 91' lang='lat' dir='ltr'>super</span> <span class='ocrx_word' id='word_1_686' title='bbox 1395 4634 1661 4689; x_wconf 90' lang='lat' dir='ltr'>horreum</span> <span class='ocrx_word' id='word_1_687' title='bbox 1691 4641 1776 4689; x_wconf 88' lang='lat' dir='ltr'>est</span> 
     </span>
    </p>
   </div>
   <div class='ocr_carea' id='block_1_94' title="bbox 160 4723 1774 4797">
    <p class='ocr_par' dir='ltr' id='par_1_94' title="bbox 160 4723 1774 4797">
     <span class='ocr_line' id='line_1_95' title="bbox 160 4723 1774 4797; baseline -0.002 -16"><span class='ocrx_word' id='word_1_688' title='bbox 160 4727 529 4781; x_wconf 88' lang='lat' dir='ltr'>constitutus.</span> <span class='ocrx_word' id='word_1_689' title='bbox 553 4726 623 4780; x_wconf 91' lang='lat' dir='ltr'>Et</span> <span class='ocrx_word' id='word_1_690' title='bbox 656 4724 882 4797; x_wconf 88' lang='lat' dir='ltr'>quando</span> <span class='ocrx_word' id='word_1_691' title='bbox 920 4724 1212 4779; x_wconf 87' lang='lat' dir='ltr'>cellerario</span> <span class='ocrx_word' id='word_1_692' title='bbox 1244 4725 1421 4778; x_wconf 75' lang='lat' dir='ltr'>visum</span> <span class='ocrx_word' id='word_1_693' title='bbox 1459 4723 1644 4789; x_wconf 88' lang='lat' dir='ltr'>fuerit,</span> <span class='ocrx_word' id='word_1_694' title='bbox 1672 4740 1774 4795; x_wconf 88' lang='lat' dir='ltr'>po-</span> 
     </span>
    </p>
   </div>
   <div class='ocr_carea' id='block_1_95' title="bbox 157 4813 1775 4886">
    <p class='ocr_par' dir='ltr' id='par_1_95' title="bbox 157 4813 1775 4886">
     <span class='ocr_line' id='line_1_96' title="bbox 157 4813 1775 4886; baseline -0.001 -18"><span class='ocrx_word' id='word_1_695' title='bbox 157 4819 271 4870; x_wconf 83' lang='lat' dir='ltr'>test</span> <span class='ocrx_word' id='word_1_696' title='bbox 310 4831 484 4886; x_wconf 90' lang='lat' dir='ltr'>quem</span> <span class='ocrx_word' id='word_1_697' title='bbox 516 4814 633 4885; x_wconf 90' lang='lat' dir='ltr'>ipse</span> <span class='ocrx_word' id='word_1_698' title='bbox 664 4814 797 4868; x_wconf 88' lang='lat' dir='ltr'>velit</span> <span class='ocrx_word' id='word_1_699' title='bbox 825 4813 894 4867; x_wconf 92' lang='lat' dir='ltr'>de</span> <span class='ocrx_word' id='word_1_700' title='bbox 922 4813 1192 4867; x_wconf 88' lang='lat' dir='ltr'>fratribus</span> <span class='ocrx_word' id='word_1_701' title='bbox 1215 4829 1445 4868; x_wconf 89' lang='lat' dir='ltr'>evocare</span> <span class='ocrx_word' id='word_1_702' title='bbox 1490 4818 1547 4867; x_wconf 92' lang='lat' dir='ltr'>et</span> <span class='ocrx_word' id='word_1_703' title='bbox 1590 4813 1775 4867; x_wconf 90' lang='lat' dir='ltr'>facere</span> 
     </span>
    </p>
   </div>
   <div class='ocr_carea' id='block_1_96' title="bbox 156 4900 1775 4972">
    <p class='ocr_par' dir='ltr' id='par_1_96' title="bbox 156 4900 1775 4972">
     <span class='ocr_line' id='line_1_97' title="bbox 156 4900 1775 4972; baseline 0 -16"><span class='ocrx_word' id='word_1_704' title='bbox 156 4918 286 4956; x_wconf 89' lang='lat' dir='ltr'>cum</span> <span class='ocrx_word' id='word_1_705' title='bbox 312 4919 413 4960; x_wconf 90' lang='lat' dir='ltr'>eo.</span> <span class='ocrx_word' id='word_1_706' title='bbox 450 4900 597 4956; x_wconf 85' lang='lat' dir='ltr'>ltem</span> <span class='ocrx_word' id='word_1_707' title='bbox 629 4901 853 4972; x_wconf 89' lang='lat' dir='ltr'>quando</span> <span class='ocrx_word' id='word_1_708' title='bbox 884 4901 1191 4972; x_wconf 90' lang='lat' dir='ltr'>capitulum</span> <span class='ocrx_word' id='word_1_709' title='bbox 1218 4917 1383 4956; x_wconf 89' lang='lat' dir='ltr'>suum</span> <span class='ocrx_word' id='word_1_710' title='bbox 1413 4900 1584 4956; x_wconf 88' lang='lat' dir='ltr'>fuerit</span> <span class='ocrx_word' id='word_1_711' title='bbox 1622 4917 1775 4972; x_wconf 68' lang='lat' dir='ltr'>prae-</span> 
     </span>
    </p>
   </div>
   <div class='ocr_carea' id='block_1_97' title="bbox 155 4988 1776 5060">
    <p class='ocr_par' dir='ltr' id='par_1_97' title="bbox 155 4988 1776 5060">
     <span class='ocr_line' id='line_1_98' title="bbox 155 4988 1776 5060; baseline -0.001 -14"><span class='ocrx_word' id='word_1_712' title='bbox 155 4991 515 5055; x_wconf 88' lang='lat' dir='ltr'>nuntiatum,</span> <span class='ocrx_word' id='word_1_713' title='bbox 536 4990 657 5060; x_wconf 90' lang='lat' dir='ltr'>ipso</span> <span class='ocrx_word' id='word_1_714' title='bbox 686 4989 777 5043; x_wconf 93' lang='lat' dir='ltr'>die</span> <span class='ocrx_word' id='word_1_715' title='bbox 804 4988 972 5043; x_wconf 87' lang='lat' dir='ltr'>debet</span> <span class='ocrx_word' id='word_1_716' title='bbox 999 4989 1206 5044; x_wconf 89' lang='lat' dir='ltr'>habere</span> <span class='ocrx_word' id='word_1_717' title='bbox 1219 4989 1562 5059; x_wconf 86' lang='lat' dir='ltr'>generaliter</span> <span class='ocrx_word' id='word_1_718' title='bbox 1581 5007 1649 5045; x_wconf 80' lang='lat' dir='ltr'>ex</span> <span class='ocrx_word' id='word_1_719' title='bbox 1670 5007 1776 5045; x_wconf 88' lang='lat' dir='ltr'>sua</span> 
     </span>
    </p>
   </div>
   <div class='ocr_carea' id='block_1_98' title="bbox 154 5077 1777 5150">
    <p class='ocr_par' dir='ltr' id='par_1_98' title="bbox 154 5077 1777 5150">
     <span class='ocr_line' id='line_1_99' title="bbox 154 5077 1777 5150; baseline 0.001 -17"><span class='ocrx_word' id='word_1_720' title='bbox 154 5085 346 5149; x_wconf 87' lang='lat' dir='ltr'>parte,</span> <span class='ocrx_word' id='word_1_721' title='bbox 383 5084 443 5132; x_wconf 90' lang='lat' dir='ltr'>et</span> <span class='ocrx_word' id='word_1_722' title='bbox 470 5077 623 5132; x_wconf 90' lang='lat' dir='ltr'>aliud</span> <span class='ocrx_word' id='word_1_723' title='bbox 657 5094 996 5149; x_wconf 69' lang='lat' dir='ltr'>praeparare,</span> <span class='ocrx_word' id='word_1_724' title='bbox 1031 5083 1200 5149; x_wconf 88' lang='lat' dir='ltr'>prout</span> <span class='ocrx_word' id='word_1_725' title='bbox 1218 5079 1419 5133; x_wconf 84' lang='lat' dir='ltr'>melius</span> <span class='ocrx_word' id='word_1_726' title='bbox 1445 5078 1777 5150; x_wconf 87' lang='lat' dir='ltr'>potuerit,et</span> 
     </span>
    </p>
   </div>
   <div class='ocr_carea' id='block_1_99' title="bbox 153 5165 1772 5239">
    <p class='ocr_par' dir='ltr' id='par_1_99' title="bbox 153 5165 1772 5239">
     <span class='ocr_line' id='line_1_100' title="bbox 153 5165 1772 5239; baseline 0.001 -18"><span class='ocrx_word' id='word_1_727' title='bbox 153 5168 515 5225; x_wconf 86' lang='lat' dir='ltr'>charitatem</span> <span class='ocrx_word' id='word_1_728' title='bbox 532 5165 889 5220; x_wconf 86' lang='lat' dir='ltr'>faciantsine</span> <span class='ocrx_word' id='word_1_729' title='bbox 919 5166 1106 5221; x_wconf 91' lang='lat' dir='ltr'>sonitu</span> <span class='ocrx_word' id='word_1_730' title='bbox 1130 5167 1346 5239; x_wconf 76' lang='lat' dir='ltr'>squillae</span> <span class='ocrx_word' id='word_1_731' title='bbox 1365 5166 1435 5221; x_wconf 92' lang='lat' dir='ltr'>de</span> <span class='ocrx_word' id='word_1_732' title='bbox 1451 5167 1772 5239; x_wconf 84' lang='lat' dir='ltr'>pigmentis;</span> 
     </span>
    </p>
   </div>
   <div class='ocr_carea' id='block_1_100' title="bbox 154 5254 1776 5321">
    <p class='ocr_par' dir='ltr' id='par_1_100' title="bbox 154 5254 1776 5321">
     <span class='ocr_line' id='line_1_101' title="bbox 154 5254 1776 5321; baseline 0 -10"><span class='ocrx_word' id='word_1_733' title='bbox 154 5262 214 5311; x_wconf 91' lang='lat' dir='ltr'>et</span> <span class='ocrx_word' id='word_1_734' title='bbox 240 5257 293 5312; x_wconf 89' lang='lat' dir='ltr'>si</span> <span class='ocrx_word' id='word_1_735' title='bbox 321 5257 539 5310; x_wconf 91' lang='lat' dir='ltr'>lectum</span> <span class='ocrx_word' id='word_1_736' title='bbox 559 5254 727 5310; x_wconf 86' lang='lat' dir='ltr'>fuerit</span> <span class='ocrx_word' id='word_1_737' title='bbox 754 5269 817 5321; x_wconf 87' lang='lat' dir='ltr'>II,</span> <span class='ocrx_word' id='word_1_738' title='bbox 848 5269 905 5308; x_wconf 84' lang='lat' dir='ltr'>1v</span> <span class='ocrx_word' id='word_1_739' title='bbox 934 5256 1019 5309; x_wconf 86' lang='lat' dir='ltr'>vel</span> <span class='ocrx_word' id='word_1_740' title='bbox 1048 5270 1100 5310; x_wconf 70' lang='lat' dir='ltr'>vx</span> <span class='ocrx_word' id='word_1_741' title='bbox 1135 5256 1291 5319; x_wconf 89' lang='lat' dir='ltr'>feria,</span> <span class='ocrx_word' id='word_1_742' title='bbox 1329 5256 1477 5310; x_wconf 91' lang='lat' dir='ltr'>inter</span> <span class='ocrx_word' id='word_1_743' title='bbox 1495 5257 1635 5311; x_wconf 89' lang='lat' dir='ltr'>duos</span> <span class='ocrx_word' id='word_1_744' title='bbox 1662 5257 1776 5312; x_wconf 89' lang='lat' dir='ltr'>fra-</span> 
     </span>
    </p>
   </div>
   <div class='ocr_carea' id='block_1_101' title="bbox 154 5343 1776 5417">
    <p class='ocr_par' dir='ltr' id='par_1_101' title="bbox 154 5343 1776 5417">
     <span class='ocr_line' id='line_1_102' title="bbox 154 5343 1776 5417; baseline 0 -16"><span class='ocrx_word' id='word_1_745' title='bbox 154 5352 271 5401; x_wconf 88' lang='lat' dir='ltr'>tres</span> <span class='ocrx_word' id='word_1_746' title='bbox 310 5343 602 5399; x_wconf 90' lang='lat' dir='ltr'>condonet</span> <span class='ocrx_word' id='word_1_747' title='bbox 655 5343 948 5397; x_wconf 88' lang='lat' dir='ltr'>scutellam</span> <span class='ocrx_word' id='word_1_748' title='bbox 1003 5344 1073 5398; x_wconf 90' lang='lat' dir='ltr'>de</span> <span class='ocrx_word' id='word_1_749' title='bbox 1118 5344 1363 5415; x_wconf 88' lang='lat' dir='ltr'>piscibus</span> <span class='ocrx_word' id='word_1_750' title='bbox 1415 5346 1776 5417; x_wconf 80' lang='lat' dir='ltr'>praestantius</span> 
     </span>
    </p>
   </div>
   <div class='ocr_carea' id='block_1_102' title="bbox 226 5465 1776 5540">
    <p class='ocr_par' dir='ltr' id='par_1_102' title="bbox 226 5465 1776 5540">
     <span class='ocr_line' id='line_1_103' title="bbox 226 5465 1776 5540; baseline 0.001 -18"><span class='ocrx_word' id='word_1_751' title='bbox 226 5466 344 5533; x_wconf 69' lang='lat'>(6&#39;1)</span> <span class='ocrx_word' id='word_1_752' title='bbox 380 5468 679 5531; x_wconf 83' lang='lat' dir='ltr'>Pietantia,</span> <span class='ocrx_word' id='word_1_753' title='bbox 712 5466 976 5537; x_wconf 87' lang='lat' dir='ltr'>pitantia,</span> <span class='ocrx_word' id='word_1_754' title='bbox 1026 5465 1319 5535; x_wconf 87' lang='lat' dir='ltr'>ferculum,</span> <span class='ocrx_word' id='word_1_755' title='bbox 1372 5467 1529 5523; x_wconf 88' lang='lat' dir='ltr'>cibus</span> <span class='ocrx_word' id='word_1_756' title='bbox 1570 5473 1776 5540; x_wconf 61' lang='lat' dir='ltr'>preter</span> 
     </span>
    </p>
   </div>
   <div class='ocr_carea' id='block_1_103' title="bbox 157 5540 772 5596">
    <p class='ocr_par' dir='ltr' id='par_1_103' title="bbox 157 5540 772 5596">
     <span class='ocr_line' id='line_1_104' title="bbox 157 5540 772 5596; baseline -0.007 0"><span class='ocrx_word' id='word_1_757' title='bbox 157 5540 433 5596; x_wconf 87' lang='lat' dir='ltr'>ordinem</span> <span class='ocrx_word' id='word_1_758' title='bbox 456 5553 772 5592; x_wconf 88' lang='lat' dir='ltr'>concessus.</span> 
     </span>
    </p>
   </div>
   <div class='ocr_carea' id='block_1_104' title="bbox 224 5608 1777 5681">
    <p class='ocr_par' dir='ltr' id='par_1_104' title="bbox 224 5608 1777 5681">
     <span class='ocr_line' id='line_1_105' title="bbox 224 5608 1777 5681; baseline 0.002 -15"><span class='ocrx_word' id='word_1_759' title='bbox 224 5609 361 5681; x_wconf 83' lang='lat'>(6‘2)</span> <span class='ocrx_word' id='word_1_760' title='bbox 392 5608 606 5664; x_wconf 79' lang='lat' dir='ltr'>Neuma</span> <span class='ocrx_word' id='word_1_761' title='bbox 633 5610 843 5677; x_wconf 78' lang='lat' dir='ltr'>efﬁcere</span> <span class='ocrx_word' id='word_1_762' title='bbox 870 5625 997 5665; x_wconf 83' lang='lat' dir='ltr'>eum</span> <span class='ocrx_word' id='word_1_763' title='bbox 1023 5610 1219 5679; x_wconf 56' lang='lat' dir='ltr'>fratre,</span> <span class='ocrx_word' id='word_1_764' title='bbox 1246 5610 1301 5664; x_wconf 90' lang='lat' dir='ltr'>id</span> <span class='ocrx_word' id='word_1_765' title='bbox 1327 5617 1431 5678; x_wconf 87' lang='lat' dir='ltr'>est,</span> <span class='ocrx_word' id='word_1_766' title='bbox 1453 5627 1581 5666; x_wconf 91' lang='lat' dir='ltr'>cum</span> <span class='ocrx_word' id='word_1_767' title='bbox 1596 5612 1777 5671; x_wconf 80' lang='lat' dir='ltr'>altero</span> 
     </span>
    </p>
   </div>
   <div class='ocr_carea' id='block_1_105' title="bbox 1858 4531 3455 4607">
    <p class='ocr_par' dir='ltr' id='par_1_105' title="bbox 1858 4531 3455 4607">
     <span class='ocr_line' id='line_1_106' title="bbox 1858 4531 3455 4607; baseline -0.003 -15"><span class='ocrx_word' id='word_1_768' title='bbox 1858 4536 2146 4592; x_wconf 90' lang='lat' dir='ltr'>mitorium</span> <span class='ocrx_word' id='word_1_769' title='bbox 2162 4533 2485 4607; x_wconf 90' lang='lat' dir='ltr'>reponenda</span> <span class='ocrx_word' id='word_1_770' title='bbox 2507 4551 2520 4600; x_wconf 86' lang='lat'><strong>;</strong></span> <span class='ocrx_word' id='word_1_771' title='bbox 2539 4531 2797 4586; x_wconf 89' lang='lat' dir='ltr'>similiter</span> <span class='ocrx_word' id='word_1_772' title='bbox 2815 4531 3231 4586; x_wconf 89' lang='lat' dir='ltr'>novaculorum.</span> <span class='ocrx_word' id='word_1_773' title='bbox 3255 4532 3335 4586; x_wconf 89' lang='lat' dir='ltr'>Ea</span> <span class='ocrx_word' id='word_1_774' title='bbox 3362 4532 3455 4587; x_wconf 91' lang='lat' dir='ltr'>die</span> 
     </span>
    </p>
   </div>
   <div class='ocr_carea' id='block_1_106' title="bbox 1858 4620 3451 4699">
    <p class='ocr_par' dir='ltr' id='par_1_106' title="bbox 1858 4620 3451 4699">
     <span class='ocr_line' id='line_1_107' title="bbox 1858 4620 3451 4699; baseline -0.003 -17"><span class='ocrx_word' id='word_1_775' title='bbox 1858 4644 1971 4699; x_wconf 89' lang='lat' dir='ltr'>qua</span> <span class='ocrx_word' id='word_1_776' title='bbox 1995 4625 2229 4681; x_wconf 91' lang='lat' dir='ltr'>radendi</span> <span class='ocrx_word' id='word_1_777' title='bbox 2249 4628 2398 4685; x_wconf 91' lang='lat' dir='ltr'>sunt,</span> <span class='ocrx_word' id='word_1_778' title='bbox 2431 4639 2556 4675; x_wconf 85' lang='lat' dir='ltr'>mox</span> <span class='ocrx_word' id='word_1_779' title='bbox 2594 4621 2737 4677; x_wconf 89' lang='lat' dir='ltr'>utin</span> <span class='ocrx_word' id='word_1_780' title='bbox 2755 4620 3065 4692; x_wconf 90' lang='lat' dir='ltr'>capitulum</span> <span class='ocrx_word' id='word_1_781' title='bbox 3094 4620 3451 4688; x_wconf 89' lang='lat' dir='ltr'>conveniunt,</span> 
     </span>
    </p>
   </div>
   <div class='ocr_carea' id='block_1_107' title="bbox 1856 4708 3456 4781">
    <p class='ocr_par' dir='ltr' id='par_1_107' title="bbox 1856 4708 3456 4781">
     <span class='ocr_line' id='line_1_108' title="bbox 1856 4708 3456 4781; baseline -0.004 -9"><span class='ocrx_word' id='word_1_782' title='bbox 1856 4721 1915 4771; x_wconf 90' lang='lat' dir='ltr'>et</span> <span class='ocrx_word' id='word_1_783' title='bbox 1942 4717 2011 4771; x_wconf 91' lang='lat' dir='ltr'>de</span> <span class='ocrx_word' id='word_1_784' title='bbox 2025 4716 2205 4770; x_wconf 90' lang='lat' dir='ltr'>salute</span> <span class='ocrx_word' id='word_1_785' title='bbox 2231 4713 2549 4767; x_wconf 89' lang='lat' dir='ltr'>animarum</span> <span class='ocrx_word' id='word_1_786' title='bbox 2571 4709 3006 4765; x_wconf 87' lang='lat' dir='ltr'>sermocinatum</span> <span class='ocrx_word' id='word_1_787' title='bbox 3031 4708 3349 4778; x_wconf 89' lang='lat' dir='ltr'>habuerint,</span> <span class='ocrx_word' id='word_1_788' title='bbox 3367 4711 3456 4781; x_wconf 89' lang='lat' dir='ltr'>ju-</span> 
     </span>
    </p>
   </div>
   <div class='ocr_carea' id='block_1_108' title="bbox 1857 4797 3457 4872">
    <p class='ocr_par' dir='ltr' id='par_1_108' title="bbox 1857 4797 3457 4872">
     <span class='ocr_line' id='line_1_109' title="bbox 1857 4797 3457 4872; baseline -0.006 -11"><span class='ocrx_word' id='word_1_789' title='bbox 1857 4806 2025 4861; x_wconf 91' lang='lat' dir='ltr'>bente</span> <span class='ocrx_word' id='word_1_790' title='bbox 2052 4804 2272 4869; x_wconf 89' lang='lat' dir='ltr'>abbate,</span> <span class='ocrx_word' id='word_1_791' title='bbox 2305 4803 2389 4857; x_wconf 90' lang='lat' dir='ltr'>vel</span> <span class='ocrx_word' id='word_1_792' title='bbox 2416 4802 2512 4857; x_wconf 90' lang='lat' dir='ltr'>ille</span> <span class='ocrx_word' id='word_1_793' title='bbox 2537 4800 2632 4872; x_wconf 90' lang='lat' dir='ltr'>qui</span> <span class='ocrx_word' id='word_1_794' title='bbox 2650 4800 2902 4855; x_wconf 91' lang='lat' dir='ltr'>ordinem</span> <span class='ocrx_word' id='word_1_795' title='bbox 2924 4799 3190 4867; x_wconf 91' lang='lat' dir='ltr'>tenuerit,</span> <span class='ocrx_word' id='word_1_796' title='bbox 3213 4798 3261 4852; x_wconf 90' lang='lat' dir='ltr'>si</span> <span class='ocrx_word' id='word_1_797' title='bbox 3282 4797 3457 4853; x_wconf 90' lang='lat' dir='ltr'>abbas</span> 
     </span>
    </p>
   </div>
   <div class='ocr_carea' id='block_1_109' title="bbox 1857 4889 3459 4963">
    <p class='ocr_par' dir='ltr' id='par_1_109' title="bbox 1857 4889 3459 4963">
     <span class='ocr_line' id='line_1_110' title="bbox 1857 4889 3459 4963; baseline -0.004 -13"><span class='ocrx_word' id='word_1_798' title='bbox 1857 4912 1971 4950; x_wconf 92' lang='lat' dir='ltr'>non</span> <span class='ocrx_word' id='word_1_799' title='bbox 1996 4895 2156 4949; x_wconf 90' lang='lat' dir='ltr'>adest</span> <span class='ocrx_word' id='word_1_800' title='bbox 2183 4894 2418 4963; x_wconf 85' lang='lat' dir='ltr'>surgant</span> <span class='ocrx_word' id='word_1_801' title='bbox 2446 4891 2527 4945; x_wconf 90' lang='lat' dir='ltr'>illi</span> <span class='ocrx_word' id='word_1_802' title='bbox 2554 4890 2774 4955; x_wconf 88' lang='lat' dir='ltr'>fratres,</span> <span class='ocrx_word' id='word_1_803' title='bbox 2811 4889 2908 4961; x_wconf 92' lang='lat' dir='ltr'>qui</span> <span class='ocrx_word' id='word_1_804' title='bbox 2928 4905 2997 4943; x_wconf 83' lang='lat' dir='ltr'>ex</span> <span class='ocrx_word' id='word_1_805' title='bbox 3011 4890 3124 4944; x_wconf 90' lang='lat' dir='ltr'>alia</span> <span class='ocrx_word' id='word_1_806' title='bbox 3140 4889 3459 4961; x_wconf 86' lang='lat' dir='ltr'>septimana</span> 
     </span>
    </p>
   </div>
   <div class='ocr_carea' id='block_1_110' title="bbox 1856 4977 3461 5056">
    <p class='ocr_par' dir='ltr' id='par_1_110' title="bbox 1856 4977 3461 5056">
     <span class='ocr_line' id='line_1_111' title="bbox 1856 4977 3461 5056; baseline -0.006 -17"><span class='ocrx_word' id='word_1_807' title='bbox 1856 4984 2157 5056; x_wconf 91' lang='lat' dir='ltr'>coquinam</span> <span class='ocrx_word' id='word_1_808' title='bbox 2182 4982 2435 5038; x_wconf 89' lang='lat' dir='ltr'>fecerunt</span> <span class='ocrx_word' id='word_1_809' title='bbox 2461 4985 2519 5036; x_wconf 91' lang='lat' dir='ltr'>et</span> <span class='ocrx_word' id='word_1_810' title='bbox 2546 4986 2680 5034; x_wconf 89' lang='lat' dir='ltr'>eant</span> <span class='ocrx_word' id='word_1_811' title='bbox 2697 4994 3013 5051; x_wconf 59' lang='lat' dir='ltr'>praeparare</span> <span class='ocrx_word' id='word_1_812' title='bbox 3040 4994 3247 5050; x_wconf 89' lang='lat' dir='ltr'>aquam</span> <span class='ocrx_word' id='word_1_813' title='bbox 3275 4977 3346 5031; x_wconf 91' lang='lat' dir='ltr'>ad</span> <span class='ocrx_word' id='word_1_814' title='bbox 3379 4977 3461 5031; x_wconf 83' lang='lat' dir='ltr'>lo-</span> 
     </span>
    </p>
   </div>
   <div class='ocr_carea' id='block_1_111' title="bbox 1858 5067 3453 5141">
    <p class='ocr_par' dir='ltr' id='par_1_111' title="bbox 1858 5067 3453 5141">
     <span class='ocr_line' id='line_1_112' title="bbox 1858 5067 3453 5141; baseline -0.007 -13"><span class='ocrx_word' id='word_1_815' title='bbox 1858 5090 1985 5128; x_wconf 89' lang='lat' dir='ltr'>cum</span> <span class='ocrx_word' id='word_1_816' title='bbox 2016 5073 2408 5128; x_wconf 90' lang='lat' dir='ltr'>constitutum.</span> <span class='ocrx_word' id='word_1_817' title='bbox 2442 5069 2813 5141; x_wconf 87' lang='lat' dir='ltr'>Surgentibus</span> <span class='ocrx_word' id='word_1_818' title='bbox 2843 5084 2873 5123; x_wconf 93' lang='lat' dir='ltr'>e</span> <span class='ocrx_word' id='word_1_819' title='bbox 2910 5067 3156 5138; x_wconf 90' lang='lat' dir='ltr'>capitulo</span> <span class='ocrx_word' id='word_1_820' title='bbox 3204 5069 3453 5130; x_wconf 88' lang='lat' dir='ltr'>sonetur,</span> 
     </span>
    </p>
   </div>
   <div class='ocr_carea' id='block_1_112' title="bbox 1860 5154 3459 5234">
    <p class='ocr_par' dir='ltr' id='par_1_112' title="bbox 1860 5154 3459 5234">
     <span class='ocr_line' id='line_1_113' title="bbox 1860 5154 3459 5234; baseline -0.008 -16"><span class='ocrx_word' id='word_1_821' title='bbox 1860 5171 1916 5220; x_wconf 88' lang='lat' dir='ltr'>et</span> <span class='ocrx_word' id='word_1_822' title='bbox 1935 5165 2160 5219; x_wconf 90' lang='lat' dir='ltr'>veniant</span> <span class='ocrx_word' id='word_1_823' title='bbox 2182 5162 2433 5234; x_wconf 90' lang='lat' dir='ltr'>accipere</span> <span class='ocrx_word' id='word_1_824' title='bbox 2470 5160 2858 5231; x_wconf 89' lang='lat' dir='ltr'>unusquisque</span> <span class='ocrx_word' id='word_1_825' title='bbox 2906 5157 3122 5211; x_wconf 87' lang='lat' dir='ltr'>rasoria</span> <span class='ocrx_word' id='word_1_826' title='bbox 3166 5154 3236 5208; x_wconf 90' lang='lat' dir='ltr'>de</span> <span class='ocrx_word' id='word_1_827' title='bbox 3283 5168 3459 5207; x_wconf 89' lang='lat' dir='ltr'>manu</span> 
     </span>
    </p>
   </div>
   <div class='ocr_carea' id='block_1_113' title="bbox 1861 5240 3462 5326">
    <p class='ocr_par' dir='ltr' id='par_1_113' title="bbox 1861 5240 3462 5326">
     <span class='ocr_line' id='line_1_114' title="bbox 1861 5240 3462 5326; baseline -0.01 -17"><span class='ocrx_word' id='word_1_828' title='bbox 1861 5251 2256 5326; x_wconf 88' lang='lat' dir='ltr'>procuratoris.</span> <span class='ocrx_word' id='word_1_829' title='bbox 2286 5251 2443 5306; x_wconf 89' lang='lat' dir='ltr'>Tunc</span> <span class='ocrx_word' id='word_1_830' title='bbox 2473 5245 2949 5318; x_wconf 87' lang='lat' dir='ltr'>eleemosynarius</span> <span class='ocrx_word' id='word_1_831' title='bbox 2978 5243 3182 5297; x_wconf 88' lang='lat' dir='ltr'>habeat</span> <span class='ocrx_word' id='word_1_832' title='bbox 3198 5240 3462 5312; x_wconf 68' lang='lat' dir='ltr'>praeordi-</span> 
     </span>
    </p>
   </div>
   <div class='ocr_carea' id='block_1_114' title="bbox 1861 5328 3454 5399">
    <p class='ocr_par' dir='ltr' id='par_1_114' title="bbox 1861 5328 3454 5399">
     <span class='ocr_line' id='line_1_115' title="bbox 1861 5328 3454 5399; baseline -0.01 0"><span class='ocrx_word' id='word_1_833' title='bbox 1861 5348 1997 5399; x_wconf 90' lang='lat' dir='ltr'>nata</span> <span class='ocrx_word' id='word_1_834' title='bbox 2023 5340 2249 5397; x_wconf 89' lang='lat' dir='ltr'>vascula</span> <span class='ocrx_word' id='word_1_835' title='bbox 2285 5339 2345 5394; x_wconf 93' lang='lat' dir='ltr'>in</span> <span class='ocrx_word' id='word_1_836' title='bbox 2372 5339 2494 5393; x_wconf 93' lang='lat' dir='ltr'>loco</span> <span class='ocrx_word' id='word_1_837' title='bbox 2515 5336 2610 5391; x_wconf 90' lang='lat' dir='ltr'>ubi</span> <span class='ocrx_word' id='word_1_838' title='bbox 2634 5332 2961 5390; x_wconf 87' lang='lat' dir='ltr'>conventuri</span> <span class='ocrx_word' id='word_1_839' title='bbox 2990 5336 3124 5387; x_wconf 93' lang='lat' dir='ltr'>sunt</span> <span class='ocrx_word' id='word_1_840' title='bbox 3168 5328 3454 5385; x_wconf 89' lang='lat' dir='ltr'>seniores:</span> 
     </span>
    </p>
   </div>
   <div class='ocr_carea' id='block_1_115' title="bbox 1861 5485 3389 5605">
    <p class='ocr_par' dir='ltr' id='par_1_115' title="bbox 1861 5485 3389 5605">
     <span class='ocr_line' id='line_1_116' title="bbox 1861 5485 3389 5605; baseline -0.013 -4"><span class='ocrx_word' id='word_1_841' title='bbox 1861 5485 2250 5601; x_wconf 50' lang='grc' dir='ltr'>ωἷιὲἕῗὶυιια,</span> <span class='ocrx_word' id='word_1_842' title='bbox 2286 5535 2725 5605; x_wconf 86' lang='lat' dir='ltr'>manutergium,</span> <span class='ocrx_word' id='word_1_843' title='bbox 2757 5535 2823 5584; x_wconf 90' lang='lat' dir='ltr'>ut</span> <span class='ocrx_word' id='word_1_844' title='bbox 2853 5544 3026 5605; x_wconf 80' lang='lat' dir='ltr'>supra</span> <span class='ocrx_word' id='word_1_845' title='bbox 3052 5525 3389 5582; x_wconf 85' lang='lat' dir='ltr'>notavimus.</span> 
     </span>
    </p>
   </div>
   <div class='ocr_carea' id='block_1_116' title="bbox 1940 5600 3032 5681">
    <p class='ocr_par' dir='ltr' id='par_1_116' title="bbox 1940 5600 3032 5681">
     <span class='ocr_line' id='line_1_117' title="bbox 1940 5600 3032 5681; baseline -0.014 -13"><span class='ocrx_word' id='word_1_846' title='bbox 1940 5608 2045 5681; x_wconf 67' lang='grc'>(64)</span> <span class='ocrx_word' id='word_1_847' title='bbox 2072 5600 2270 5677; x_wconf 80' lang='lat' dir='ltr'>Baeile,</span> <span class='ocrx_word' id='word_1_848' title='bbox 2303 5607 2447 5664; x_wconf 87' lang='lat' dir='ltr'>Itala</span> <span class='ocrx_word' id='word_1_849' title='bbox 2469 5600 2579 5660; x_wconf 65' lang='lat' dir='ltr'>vof</span> <span class='ocrx_word' id='word_1_850' title='bbox 2597 5606 2810 5669; x_wconf 76' lang='lat' dir='ltr'>barino,</span> <span class='ocrx_word' id='word_1_851' title='bbox 2842 5600 3032 5677; x_wconf 88' lang='lat' dir='ltr'>pelvis.</span> 
     </span>
    </p>
   </div>
  </div>
