3950 6168
249 361 393 422 1269

249 490 381 542 cuia
422 484 770 549 mulorum,
800 480 991 536 veniat
1012 479 1197 543 levita,
1221 478 1344 550 posi
1370 477 1532 531 illum
1559 474 1849 531 subdiaco—
1868 475 1917 531 A

253 591 363 631 nus
387 574 587 630 subtus
618 592 632 627 :
662 572 832 626 levita
876 576 934 625 et
958 568 1161 641 acolytl
1189 584 1254 623 us
1299 568 1559 622 deferant
1584 571 1850 637 patenum

261 672 519 739 opertam
538 662 845 718 ofertorio:
876 664 1029 714 stent
1058 659 1256 713 subtus
1276 653 1852 711 diacono.Procedens

255 756 528 811 diaconus
539 753 611 807 ad
625 749 1145 822 disoooperiendum
1175 744 1675 816 calicem,primum
1697 757 1853 795 oscu-

255 846 411 900 letur
425 845 622 909 altare,
645 840 851 896 deinde
871 838 1165 893 brachium
1191 834 1502 890 sacerdotis
1519 834 1605 886 vel
1627 847 1853 895 manus,

259 941 319 989 et
344 932 635 989 humiliter
651 929 880 985 recedat
905 933 962 983 et
987 927 1236 982 inclinet.
1256 924 1441 979 Finita
1466 922 1720 977 oratione
1747 921 1857 974 Do-

257 1024 470 1079 minica
490 1020 852 1086 asanerdote,
880 1017 1072 1072 tradat
1106 1015 1399 1085 acolythus
1435 1016 1697 1083 patenam
1725 1025 1854 1063 cum

258 1111 547 1168 oﬁertorio
574 1109 754 1163 levita:
782 1106 1040 1163 osculans
1068 1104 1149 1158 illi
1181 1119 1432 1168 manum,
1464 1110 1524 1156 et
1547 1100 1746 1154 reddat
1770 1099 1856 1152 oi-

192 1188 219 1201 ’
261 1201 559 1258 tentorium
590 1215 782 1270 puero.

333 1292 400 1345 In
415 1289 612 1344 diebus
623 1287 779 1341 festis
798 1285 885 1339 vel
903 1282 1164 1338 omnibus
1182 1280 1483 1335 missarum
1506 1275 1860 1347 [solemniis],

261 1379 473 1451 quibus
498 1377 754 1432 induitur
789 1390 931 1445 puer
966 1371 1158 1427 tunica
1195 1370 1281 1424 vel
1309 1367 1517 1431 casula,
1559 1366 1679 1437 ipse
1716 1365 1863 1419 ferat

260 1474 505 1535 textum,
539 1467 683 1521 alius
701 1480 843 1536 puer
870 1462 1098 1517 calicem
1134 1458 1404 1532 :privatis
1433 1462 1621 1511 autem
1662 1453 1863 1509 diebus

260 1554 669 1626 oonversusqui
686 1557 878 1624 portat
899 1549 1298 1605 candelabrum
1328 1547 1401 1602 ad
1420 1546 1646 1601 missam
1677 1544 1736 1597 in
1764 1541 1861 1596 illo

262 1648 438 1701 choro
460 1644 612 1699 unde
642 1643 766 1713 ipsa
786 1639 998 1714 [missa]
1034 1642 1268 1710 perstat,
1295 1654 1362 1691 ex
1389 1635 1486 1690 illa
1515 1639 1675 1705 parte
1707 1631 1861 1687 defe-

259 1742 373 1798 rat,
407 1740 465 1789 et
492 1734 781 1788 incensum
810 1745 1034 1800 semper
1053 1726 1220 1782 debet
1248 1741 1373 1780 esse
1399 1724 1469 1778 ad
1510 1723 1690 1793 ipsam
1722 1720 1863 1775 mis-

260 1842 407 1880 sam.
430 1825 579 1879 Puer
598 1822 694 1893 qui
723 1820 862 1891 legit
878 1797 1191 1889 epistolam,
1213 1815 1333 1886 ipse
1352 1819 1539 1885 portet
1558 1817 1616 1867 et
1630 1811 1859 1866 calicem
1874 1830 1921 1890 Β
1944 1798 2117 1893 ἲεοίεξῐ
2132 1797 2218 1867 ips

261 1915 310 1968 si
346 1914 511 1977 valet,
544 1918 602 1965 et
615 1887 929 1964 bene'scit—
962 1907 1162 1961 facere.
1193 1906 1330 1959 Tres
1372 1902 1571 1957 hostia
1610 1887 1913 1971 quotidie_
1942 1887 2380 1977 ηθεγάθοεῐιῐθΐθθ

262 2180 463 2244 fuerit,
492 2195 607 2233 non
629 2177 817 2240 faciat,
851 2174 962 2231 nisi
1000 2172 1154 2245 prior
1170 2171 1385 2242 jubeat.
1421 2167 1727 2225 Dominicis
1746 2166 1866 2219 die-

266 2270 377 2325 bus
404 2268 653 2339 quinque
683 2266 985 2323 mittantur
1020 2262 1238 2327 hostiae,
1282 2258 1481 2315 diebus
1522 2262 1713 2313 autem
1741 2255 1868 2312 aliis

266 2358 429 2414 festis
456 2363 592 2424 tres,
622 2360 827 2428 praeter
854 2354 1069 2422 majora
1095 2349 1390 2406 solemnia.

847 2441 1083 2498 CAPUT
1098 2437 1300 2495 XXIV.

269 2541 345 2595 De
370 2537 680 2593 Dominicis
710 2534 900 2589 diebus
943 2534 1025 2585 cel
1050 2532 1203 2597 festis
1224 2544 1317 2582 seu
1348 2527 1712 2595 quotidianis,
1740 2528 1870 2592 quot

305 2609 630 2667 luminaria
640 2620 676 2659 α
690 2605 1001 2658 sccretariis
1014 2602 1240 2656 accendi
1257 2604 1320 2654 in
1341 2599 1575 2652 ccclesiis
1585 2598 1833 2651 debeant.

341 2695 651 2753 Dominicis
693 2693 779 2748 vel
825 2690 1085 2746 omnibus
1116 2688 1291 2754 festis,
1344 2687 1551 2757 quibus
1579 2683 1871 2739 duodecim

268 2786 552 2843 lectiones
609 2782 842 2847 faciunt,
915 2779 1174 2837 omnibus
1235 2775 1601 2848 temporibus,
1673 2778 1875 2844 praeter

267 2875 499 2952 quando
530 2876 591 2927 in
620 2871 813 2943 cappis
857 2869 1162 2933 celebrant,
1200 2866 1306 2920 hoc
1334 2864 1501 2919 modo
1539 2862 1764 2918 faciant.
1805 2861 1872 2915 In

265 2964 460 3036 prima
472 2962 661 3034 vigilia
680 2959 1081 3024 accendantur,
1102 2961 1406 3026 antequam
1437 2953 1661 3023 signum
1685 2956 1868 3014 sonet,

269 3054 525 3126 quinque
581 3049 885 3105 luminaria
941 3063 1041 3117 per
1078 3045 1200 3099 loca
1235 3042 1561 3103 constituta,
1617 3039 1877 3095 videlicet

270 3110 454 3198 unum
484 3146 616 3195 ante
647 3139 826 3195 altare
842 3110 1047 3207 maius,
1071 3134 1218 3206 quod
1240 3134 1331 3189 die
1359 3136 1640 3203 noctuque
1655 3129 1869 3194 ardeat;
1896 3146 1940 3206 ρ
1959 3110 2138 3184 magis

271 3232 522 3311 alterum
552 3228 612 3282 in
650 3228 819 3283 choro
849 3241 1021 3299 prope
1051 3222 1311 3277 abbatem
1342 3225 1474 3275 ante
1502 3218 1823 3289 analogium
1858 3233 1870 3268 :

271 3304 507 3375 tertium
535 3323 667 3372 ante
696 3317 873 3371 altare
903 3330 1002 3368 seu
1034 3318 1193 3367 extra
1216 3311 1449 3365 chorum
1477 3327 1488 3361 :
1515 3312 1778 3378 quartum
1814 3304 1875 3360 in

275 3406 510 3461 brachio
533 3403 709 3476 partis
732 3399 1169 3477 aquilonarisin
1198 3395 1501 3453 secretario
1531 3399 1662 3451 ante
1698 3392 1878 3448 altare

270 3495 457 3550 sancti
475 3489 784 3555 Benedicti;
815 3488 1080 3561 quintum
1110 3485 1349 3541 australi
1380 3488 1541 3557 parte
1565 3487 1723 3537 extra
1741 3480 1876 3535 cho-

273 3601 402 3640 rum
435 3584 496 3637 in
541 3580 775 3637 introitu
832 3577 1099 3634 ecclesiae.
1158 3574 1386 3647 Expleto
1429 3573 1620 3641 itaque
1658 3569 1875 3625 cantico

272 3672 559 3744 graduum
574 3662 965 3739 adaugeantur
978 3666 1090 3720 duo
1113 3670 1243 3717 ante
1265 3662 1442 3716 altare
1465 3656 1739 3737 majusln
1760 3663 1877 3712 ter-

277 3762 355 3816 tio
379 3768 657 3817 nocturno
677 3757 935 3818 diacono,
960 3751 1257 3824 Evangelia
1287 3734 1671 3822 pronuntiato,
1705 3747 1769 3801 Et
1798 3762 1881 3802 rc-

277 3852 437 3917 liqua
468 3847 709 3909 dicente,
743 3838 937 3898 statim
975 3839 1086 3895 duo
1131 3837 1417 3895 secretarii
1466 3826 1883 3906 discooperiant

274 3936 554 4000 tabulam,
616 3932 961 3999 tertiumque
1008 3926 1318 4003 accendant
1362 3921 1783 3986 candelabrum,
1824 3922 1884 3977 et

274 4023 607 4094 analogium
637 4016 1043 4075 deferatur.Ad
1073 4013 1379 4070 matutinas
1399 4010 1594 4067 laudes
1616 4009 1764 4063 dicto
1785 4010 1880 4065 Be-

278 4111 867 4172 ncdicamusDomino,
888 4100 1431 4174 exstinguanturAd
1452 4098 1679 4153 missam
1703 4096 1883 4155 tribus

278 4203 393 4256 duo
424 4188 833 4269 adjungantur,
871 4211 996 4267 quae
1025 4191 1276 4248 conversi
1329 4189 1603 4249 deferant,
1648 4190 1705 4239 et
1742 4187 1882 4241 fiant

279 4290 553 4362 quinque.
574 4286 658 4344 Ad
681 4300 975 4355 vesperum
1007 4283 1119 4337 tria
1140 4280 1252 4335 sint
1268 4284 1398 4335 ante
1420 4279 1618 4333 altare.
1640 4274 1882 4331 Feriatis

279 4370 482 4432 diebus
510 4374 769 4429 similiter
796 4372 1006 4426 faciant
1034 4386 1136 4441 per
1181 4370 1306 4424 loca
1358 4366 1641 4422 destinata
1678 4369 1885 4434 praeter

1448 347 1865 407 DISCIPLINA
1901 335 2319 398 FARFENSIS.

3378 256 3517 364 i270

2500 451 2732 510 CAPUT
2760 445 2929 504 XXV.

2318 551 2392 605 De
2419 545 2662 602 versibus
2690 537 3118 613 o/femndqrum.

2005 639 2401 698 Ofﬁcionarius
2416 637 2741 698 trater,mox
2759 634 2827 684 ut
2854 625 3005 680 dicta
3019 619 3191 677 fuerit
3214 614 3525 698 offerenda,

1935 694 2241 802 procedere
2267 733 2399 782 ante
2427 694 2686 779 abbatem
2744 722 2916 787 atque
2964 724 3212 802 annuere
3267 705 3435 802 debet
3454 694 3524 758 de

1935 793 2203 876 versuum
2254 814 2626 871 inchoatione.
2683 806 2906 863 Abbate
2961 799 3264 877 incipiente
3320 793 3528 877 debent

1934 925 2130 963 omnes
2155 906 2444 962 inclinare.
2467 901 2525 957 Si
2546 901 2663 971 ipse
2681 913 2794 951 non
2810 890 3069 964 imponit,
3088 874 3255 942 debet
3278 868 3532 963 annuere

1936 997 2078 1064 aliis,
2105 995 2309 1068 quibus
2337 997 2516 1046 visum
2550 989 2602 1043 ei
2630 984 2823 1047 fuerit,
2856 990 2916 1037 et
2948 979 3096 1035 illico
3148 980 3216 1031 ut
3240 973 3529 1051 initiatum

1935 1086 2126 1151 habet,
2156 1085 2340 1140 facere
2368 1077 2786 1135 inclinationem
2840 1086 2966 1125 cum
2997 1063 3329 1129 reverentia,
3370 1050 3533 1133 pueri

1942 1174 2075 1230 hinc
2103 1179 2161 1228 et
2184 1173 2316 1227 inde
2360 1184 2555 1224 omnes
2601 1162 2954 1219 inclinantes.
2988 1156 3048 1213 Si
3077 1153 3249 1210 abbas
3285 1165 3532 1226 praesens

1945 1280 2058 1318 non
2086 1262 2273 1327 fuerit,
2308 1259 2479 1315 faciat
2504 1254 2696 1328 prior;
2729 1255 2787 1306 et
2810 1248 2858 1303 si
2892 1246 3048 1318 prior
3098 1242 3333 1300 minime
3354 1239 3535 1305 adest,

1946 1358 2163 1408 annuat
2187 1352 2397 1405 decano
2424 1366 2437 1414 ;
2472 1343 2696 1417 quando
2724 1341 2844 1410 ipse
2882 1333 3144 1399 defuerit,
3170 1331 3426 1405 imponat
3445 1334 3540 1411 ar}

1946 1442 2177 1505 marius,
2213 1448 2270 1495 et
2298 1439 2345 1493 si
2368 1430 2758 1509 prmnominaﬁ
2780 1426 2964 1483 cuncti
2985 1405 3543 1489 deeruntadimpleat

1941 1531 2061 1602 ipse
2083 1504 2536 1601 [officionarius].
2566 1523 2707 1579 Cum
2742 1519 2859 1590 jam
2920 1528 3095 1587 prope
3134 1504 3533 1602 ipsiversiculi

1943 1619 2176 1676 ﬁniendi
2204 1623 2358 1682 sunt,
2386 1591 2573 1669 veniat
2626 1622 2927 1665 conversus
2961 1618 3087 1659 cum
3120 1594 3408 1657 thuribulo
3464 1591 3537 1650 ad

1944 1716 2254 1771 cautorem,
2280 1712 2337 1760 et
2363 1698 2500 1759 tunc
2526 1693 2645 1773 ipse
2670 1697 2888 1751 deferat
2924 1690 3113 1745 abbati
3146 1707 3161 1756 ;
3209 1686 3257 1743 si
3287 1700 3401 1768 non
3426 1685 3535 1744 est,

2221 1762 2270 1849 e.
2288 1794 2431 1848 Tota
2458 1762 2898 1858 Quadragesima
2920 1779 3126 1836 debent
3146 1762 3395 1846 quotidie
3413 1786 3538 1825 om-

2414 1877 2777 1937 Pascbalibus
2809 1864 3300 1942 deincepsdiebus,
3333 1866 3390 1915 et
3421 1858 3537 1913 illis

1946 2170 2125 2212 unum
2157 2156 2381 2208 tantum
2408 2148 2728 2202 decantare.
2762 2148 2842 2195 De
2885 2148 3285 2192 testivnatmus
3326 2148 3429 2209 san

1947 2261 2096 2307 rum,
2133 2258 2274 2313 quas
2301 2236 2608 2300 celebrant,
2630 2246 2807 2287 unum
2837 2226 2922 2281 vel
2942 2224 3052 2281 duo
3068 2233 3329 2296 promere
3354 2214 3540 2272 debet.

2519 2320 2753 2380 CAPUT
2772 2314 2972 2375 XXVI.

2102 2422 2176 2476 De
2193 2420 2383 2489 pueris
2413 2412 2787 2531 coquinaria}
2807 2406 3049 2491 qualiter
3075 2401 3248 2471 agant
3276 2410 3404 2451 cum

2592 2497 2764 2531 mauis
2793 2493 2891 2531 7'13.

2592 2493 2891 2550 magistris.

2027 2577 2197 2635 Pueri
2225 2573 2321 2647 qui
2351 2567 2662 2643 coquinarii
2692 2570 2845 2631 sunt,
2876 2559 3066 2617 omnia
3106 2556 3318 2612 faciant
3360 2552 3421 2607 in
3449 2567 3546 2606 co-

1956 2669 2147 2742 quina,
2178 2640 2300 2738 quin
2329 2640 2457 2717 ﬁeri
2479 2658 2685 2714 debent
2732 2672 2765 2708 a
2810 2645 3241 2725 septimanariis.
3276 2641 3458 2697 Etiam

1957 2726 2421 2816 sabbatodavent,
2446 2754 2503 2803 et
2525 2748 2754 2818 tergant
2781 2741 2950 2814 pedes
2993 2738 3233 2792 fratrum
3272 2746 3398 2785 cum
3423 2726 3551 2818 tali-

1955 2847 2063 2901 bus
2091 2840 2425 2902 senioribus,
2450 2836 2544 2908 qui
2561 2817 2656 2889 eos
2676 2829 3016 2890 custodiant,
3036 2840 3152 2880 non
3175 2836 3300 2876 cum
3324 2817 3553 2890 juveni-

1954 2936 2059 2989 bus
2074 2934 2341 2991 .Tantum
2365 2906 2552 2981 autem
2574 2939 2687 2977 non
2706 2914 3105 2974 ministrabunt
3134 2911 3205 2966 ad
3226 2906 3548 2985 prandium,

1956 3040 2058 3078 nec
2078 3021 2150 3076 ad
2174 3033 2424 3075 mensam
2448 3012 2708 3078 servient;
2741 3006 2839 3063 sed
2867 3006 2936 3060 de
2965 3000 3090 3058 aliis
3116 2997 3382 3055 fratribus
3412 3002 3553 3067 quos

2142 3116 2228 3164 ter
2242 3102 2688 3177 rogaverit.Cu‘m
2720 3095 2962 3153 viderint
2987 3091 3190 3146 fratres
3218 3085 3551 3158 coquinato-

1959 3172 2211 3270 rcsvopus
2231 3172 2443 3260 essent
2459 3188 2768 3247 bulliantur
2785 3183 3031 3240 scutalia:
3053 3182 3282 3255 propter
3303 3172 3547 3270 adipem,

1959 3291 2097 3344 dent
2125 3304 2220 3342 eas
2237 3281 2525 3340 cellerario
2576 3276 2779 3333 fratres
2820 3291 2872 3327 ιν
2903 3271 3063 3337 feria,
3094 3266 3182 3324 vel
3207 3266 3266 3319 in
3295 3262 3407 3317 alio
3436 3261 3548 3327 die,

1961 3385 2020 3433 et
2046 3376 2216 3431 faciat
2236 3390 2330 3427 eas
2363 3368 2613 3434 abluere,
2659 3371 2716 3420 et
2744 3364 2949 3420 iterum
2978 3356 3219 3413 reddant
3246 3366 3341 3408 eas
3366 3346 3556 3422 coqui-

1959 3465 2154 3521 nariis.
2192 3460 2434 3518 Sabbato
2458 3456 2779 3518 mundetur,
2810 3455 2979 3522 atque
3003 3446 3265 3517 scepetur
3290 3436 3552 3512 coquina.

1959 3558 2179 3627 Aquam
2213 3547 2597 3606 mollissimam
2630 3556 2831 3597 novam
2861 3538 3151 3592 dimittant
3186 3526 3549 3585 intrantibus.

1957 3616 2179 3715 Aquam
2222 3640 2294 3694 ad
2340 3633 2649 3692 abluendos
2680 3630 2848 3703 pedes
2893 3627 3133 3681 fratrum
3186 3616 3551 3683 calefacient;

1960 3709 2111 3788 unus
2139 3732 2209 3785 de
2227 3726 2558 3784 exeuntibus
2573 3728 2626 3780 et
2642 3721 2784 3776 alius
2813 3717 2882 3773 de
2902 3709 3399 3774 intrantibus,eam
3421 3709 3555 3760 ante

1958 3822 2268 3897 capitulum
2290 3819 2547 3889 portent:
2573 3812 2849 3865 intrantes
2871 3800 3127 3875 deferant
3137 3796 3465 3853 linteamina
3478 3810 3555 3897 ex

1961 3878 2351 3983 prbmptuario
2379 3924 2390 3958 :
2416 3922 2451 3959 a
2471 3896 2770 3957 secretario
2800 3894 2986 3966 pelves
3004 3896 3059 3946 et
3087 3883 3445 3956 manutergia
3463 3878 3558 3937 de-

1961 3974 2428 4056 ferantur.Abbas
2449 3985 2799 4046 solummodo
2822 3983 2892 4038 ad
2905 3995 3075 4037 unam
3098 3994 3163 4032 ex
3183 3974 3321 4047 ipsis
3345 3975 3553 4042 terget.

1961 4094 2084 4147 Duo
2104 4084 2264 4160 pueri
2287 4099 2399 4138 non
2419 4081 2606 4135 lavent
2620 4074 2809 4137 simul,
2828 4061 3098 4160 magister
3122 4069 3179 4121 et
3202 4078 3344 4137 puer
3368 4061 3560 4157 lavent

1964 4142 2193 4237 sedente
2222 4172 2331 4229 alio
2360 4184 2536 4243 puero
2565 4165 2620 4219 in
2645 4161 2805 4221 sedili
2856 4174 2984 4215 suo.
3023 4152 3162 4210 Cum
3193 4142 3558 4205 convenerint

1964 4232 2039 4325 ad
2057 4232 2737 4323 lavandumdinteamina,
2767 4240 2963 4319 surgat
2993 4259 3132 4316 puer
3180 4232 3558 4325 hebdomada—

1964 4356 2082 4411 rius
2100 4353 2168 4407 de
2194 4347 2355 4404 sedili
2384 4360 2507 4409 suo,
2536 4346 2593 4398 et
2620 4346 2713 4395 eat
2731 4351 2857 4392 cum
2889 4334 3000 4389 alio
3028 4346 3204 4405 puero
3234 4324 3384 4381 foras
3409 4319 3557 4392 capi-

279 4415 482 4432 υιυυυιυ
510 4415 757 4429 statuam-W-
796 4415 1005 4426 ικνοκοι-
1035 4415 1124 4441 rv-
1181 4415 1305 4424 ,γνν-
1363 4415 1638 4422 ..ν--.ς-ᾑ---
1678 4415 1733 4434 ι.-
1752 4415 1785 4418 νγ
1805 4415 1839 4418 ,ν
1858 4415 1872 4417 ἡ

275 4466 377 4519 illa
401 4480 527 4537 quae
551 4464 870 4533 junguntur
888 4457 948 4513 in
978 4457 1143 4511 tertio
1176 4458 1470 4509 nocturno.
1520 4454 1655 4507 Duae
1684 4451 1945 4518 cande—D
1965 4445 2169 4505 tulum,
2198 4444 2255 4494 et
2282 4436 2517 4491 abluant
2548 4424 2894 4486 linteamina.
2930 4419 3030 4507 His
3050 4415 3314 4537 Explet‘is,
3352 4426 3556 4502 manus

2122 4531 2135 4537 -
2294 4532 2299 4537 .
2382 4524 2394 4537 ι
2440 4523 2464 4537 ιι
2600 4524 2613 4537 Α
2652 4530 2847 4537 AL---‘
2902 4511 2967 4537 ΛΑΙ
3018 4525 3045 4537 ιιι
3087 4508 3216 4537 Iret-nn
3262 4520 3321 4537 nu
3354 4516 3555 4537 manna

277 4555 347 4610 lie
375 4554 495 4609 sint
511 4567 757 4607 accensa:
780 4553 913 4602 ante
933 4545 1243 4621 principale
1268 4542 1464 4598 altare.
1495 4541 1725 4613 Expleto
1755 4555 1883 4594 can-

279 4640 393 4698 tico
412 4641 696 4712 graduum
716 4638 885 4694 tertia
917 4642 1020 4703 est,
1039 4651 1160 4706 quae
1181 4632 1260 4688 ibi
1281 4647 1506 4701 semper
1526 4629 1636 4684 erit
1663 4643 1879 4683 arsura.

280 4730 533 4804 Expletis
551 4727 768 4783 duobus
787 4725 1077 4781 nocturnis
1116 4721 1550 4790 exstinguantur
1575 4714 1720 4773 bina:
1749 4732 1882 4772 can-

279 4822 424 4875 delae
452 4834 633 4890 usque
654 4816 790 4872 dum
820 4813 1024 4868 dicitur
1048 4808 1240 4882 vigilia
1278 4815 1652 4869 mortuorum,
1685 4812 1742 4861 et
1770 4822 1885 4859 ma-

278 4910 535 4964 tutinum
556 4922 774 4961 eorum.
816 4905 880 4959 In
929 4900 1191 4958 laudibus
1218 4898 1426 4953 iterum
1483 4894 1881 4961 accendantur,

280 5000 615 5070 priusquam
635 4991 979 5049 sonetur.Ad
1000 4989 1230 5043 missam
1248 4993 1363 5041 tres
1383 4985 1497 5039 sint
1507 4989 1638 5038 ante
1666 4982 1844 5039 altare
1866 5000 1879 5049 ;

280 5088 353 5142 ad
373 5101 667 5157 vesperum
689 5084 830 5138 duae.
855 5082 1000 5135 Nam
1017 5076 1276 5133 omnibus
1297 5074 1493 5128 diebus
1522 5072 1885 5126 sabbatorum

281 5178 355 5231 ad
383 5190 647 5247 vesperas
678 5185 901 5241 semper
926 5167 1041 5222 sint
1065 5172 1181 5220 tres
1221 5163 1513 5234 lampades
1552 5168 1685 5231 ante
1709 5160 1887 5213 altare

282 5280 555 5319 accensae.
588 5260 857 5317 Similiter
886 5255 1102 5312 cunctis
1158 5252 1356 5307 diebus
1412 5250 1726 5322 vigiliarum
1753 5262 1884 5301 san-

194 5402 207 5413 ,
283 5358 509 5408 ctorum
563 5350 682 5404 sive
725 5360 1050 5403 sanctarum
1106 5341 1308 5417 quibus
1343 5339 1445 5396 Xll
1476 5338 1742 5394 lectiones
1771 5336 1887 5393 efﬁ-

284 5444 516 5499 ciuntur
534 5441 597 5497 in
624 5438 891 5495 crastino.

1964 4496 2094 4590 suas
2122 4496 2330 4592 lavent,
2364 4523 2853 4588 deferantaquam
2902 4500 2970 4566 ad
3017 4502 3323 4592 abluendas
3341 4496 3557 4592 manus

1967 4620 2213 4678 omnium
2235 4616 2495 4671 fratrum.
2519 4609 2675 4664 Unus
2696 4621 2758 4658 ex
2780 4601 2867 4656 his
2887 4597 3098 4674 pueris,
3118 4591 3213 4668 qui
3229 4590 3423 4664 junior
3450 4595 3554 4656 est,

1966 4716 2059 4765 eat
2086 4709 2141 4763 in
2173 4704 2349 4760 sedile
2372 4714 2559 4760 suum,
2608 4695 2787 4748 donec
2844 4703 3039 4742 omnes
3088 4681 3321 4739 abluant
3356 4694 3559 4734 manus

1966 4816 2118 4865 suas,
2151 4795 2323 4851 etiam
2356 4787 2534 4863 pueri.
2561 4785 2716 4841 Tunc
2745 4782 2942 4848 surgat
2971 4776 3178 4829 iterum
3208 4762 3350 4846 puer
3377 4769 3448 4823 de
3469 4783 3563 4822 se-

1966 4887 2065 4942 dili
2089 4854 2211 4948 suo,
2244 4886 2301 4936 et
2330 4854 2519 4932 veniat
2541 4888 2665 4929 cum
2698 4866 2808 4923 alio
2836 4862 3051 4921 infante
3102 4856 3273 4916 foras.
3298 4859 3441 4913 Cum
3471 4854 3565 4910 de-

1967 4972 2257 5045 posuerint
2274 4963 2557 5026 utensilia,
2587 4976 2714 5015 cum
2772 4955 2975 5027 quibus
3027 4950 3341 5006 servierant
3381 4942 3565 4999 fratri-

1964 5032 2070 5119 bus
2098 5061 2297 5119 inloco
2329 5052 2619 5125 disposito,
2652 5046 2877 5101 veniant
2891 5044 2945 5098 in
2975 5046 3144 5095 antea
3161 5038 3221 5093 in
3253 5032 3439 5091 medio
3466 5047 3562 5085 ca-

1970 5142 2147 5224 pitulo
2173 5146 2450 5207 ordinate,
2475 5148 2532 5195 et
2576 5137 2787 5195 faciant
2840 5125 3234 5193 reverentiam,
3262 5129 3319 5177 et
3335 5125 3491 5224 ‘eant.
3502 5117 3561 5172 in

1971 5205 2198 5297 sedibus
2227 5235 2344 5291 suis
2386 5226 2734 5288 Secretarius
2755 5238 2882 5279 vero
2903 5212 3039 5274 dum
3072 5211 3232 5289 pueri
3261 5205 3566 5263 habuerint

2201 5340 2331 5382 suas
2355 5321 2575 5377 ablutas
2624 5316 2847 5386 signum
2900 5304 3070 5360 faciat
3092 5296 3355 5375 pulsandi
3385 5293 3562 5387 squil-

1973 5384 2060 5485 lis,
2090 5408 2148 5471 et
2175 5418 2402 5482 accepta
2433 5403 2659 5461 licentia
2683 5384 2927 5472 pergat.
2961 5397 3019 5446 et
3074 5391 3249 5444 lector
3294 5385 3483 5440 veniat
3506 5384 3565 5438 in

1974 5472 2160 5564 medio
2189 5502 2261 5559 ad
2290 5472 2648 5567 analogiam:
2685 5490 2781 5542 illo
2831 5485 3063 5567 signum
3103 5477 3419 5567 dimittente
3452 5472 3568 5544 (ab-

1974 5597 2104 5649 bate
2159 5564 2574 5649 annuente—ei)
2622 5573 2860 5646 accipiat
2898 5564 3366 5629 benedictionem,
3396 5569 3566 5634 atque
