3886 6172
341 268 474 330 1271
1405 267 1754 325 GUIDONIS
1791 239 2095 321 A‘BBATIS
2132 259 2531 317 FARFENSIS
3464 260 3611 321 r272

340 395 636 452 lectionem
667 395 895 450 inchoet
918 414 930 450 :
956 396 1178 466 legente
1201 395 1341 450 duos
1362 390 1648 448 versusvel
1670 395 1935 465 praestan-
1951 395 2000 452 A
2020 390 2289 462 posuerit,
2311 389 2440 443 talis
2459 388 2727 458 legatura
2758 390 2964 445 lectore
2989 409 3000 458 ;
3033 389 3221 444 nullus
3250 405 3316 443 ex
3347 387 3619 443 fratribus

340 487 479 556 tius,
499 491 633 540 tunc
658 484 892 556 jubente
920 484 1120 538 abbate
1143 492 1338 555 surgat
1379 485 1474 538 ille
1506 485 1593 538 cui
1625 483 1839 546 annuit,
1881 489 1938 536 et
2019 480 2505 553 pracsumatalium
2530 479 2730 534 librum
2772 481 3076 552 imponere.
3111 481 3254 534 Nam
3276 485 3337 534 et
3360 479 3621 533 omnium

341 580 504 630 sonet
535 575 874 646 cymbalum.
908 575 986 629 Ex
1042 575 1172 628 hinc
1213 579 1450 644 surgant
1477 591 1691 637 omnes,
1732 573 1939 626 faciant
2017 570 2255 624 fratrum
2273 568 2849 636 obscultetlectiones,
2878 569 3317 641 responsoria,et
3339 567 3621 639 quidquid

341 671 472 718 ante
503 670 558 718 et
588 670 758 727 retro,
781 670 835 718 et
853 669 982 718 eant
1008 664 1142 718 dum
1157 669 1348 734 potum
1369 662 1538 716 fuerit
1557 661 1932 716 benedictum:
2017 658 2172 713 intus
2205 663 2259 712 et
2289 658 2427 712 foris
2455 658 2821 722 cantaverint,
2847 659 2932 713 vel
2960 658 3219 729 legerint.
3243 658 3458 713 Omnes
3489 673 3620 711 vero

338 758 580 823 pergant
595 751 1020 806 hebdomadarii
1040 752 1292 823 coquinae
1321 757 1376 805 et
1394 751 1584 822 ignem
1612 752 1936 820 cooperiant
2020 746 2192 801 libros
2223 747 2401 818 ligare
2429 753 2600 818 atque
2643 747 2927 814 investire,
2959 765 3059 803 seu
3105 748 3410 802 emendare
3451 745 3623 802 debet

340 847 400 895 et
417 842 584 895 simul
608 841 850 908 veniant;
884 841 961 895 ibi
988 841 1197 894 faciant
1215 847 1346 895 ante
1375 847 1433 895 et
1458 845 1608 895 retro
1637 841 1932 911 imponen-
2015 854 2118 908 per
2144 854 2219 893 se.
2254 838 2338 891 vel
2366 855 2465 909 per
2491 839 2632 892 alios
2659 839 2862 894 fratres
2890 839 3161 904 eruditos,
3195 844 3253 893 et
3271 855 3415 909 quos
3447 836 3621 891 libros

338 934 425 984 tes
443 931 593 984 hunc
614 947 855 996 versum,
888 932 1205 985 Benedictus
1237 947 1308 994 es,
1331 932 1558 984 Domine
1585 931 1725 983 Deus
1755 945 1924 986 meus,
2012 927 2306 996 generales
2333 926 2538 981 debent
2591 928 2834 982 scribere
2891 928 3116 988 fratres.
3149 929 3344 982 omnia
3389 927 3624 981 studeat

338 1019 522 1074 tribus
545 1020 776 1085 vicibus,
795 1022 964 1088 Kyrie
985 1023 1201 1073 eleison.
1225 1022 1386 1073 Pater
1406 1024 1605 1072 noster.
1627 1019 1691 1072 Et
1715 1034 1781 1071 ne
1813 1034 1927 1071 nos.
2015 1015 2136 1086 ipse
2166 1016 2388 1080 radere,
2421 1023 2590 1087 atque
2617 1018 2944 1088 perducere,
2971 1023 3026 1072 et
3051 1017 3366 1088 cuicunque
3394 1033 3466 1071 ex
3512 1017 3622 1070 fra-

337 1109 704 1178 Adjutorium
720 1116 880 1172 nost.,
918 1114 1120 1174 etc.,ct
1135 1109 1214 1163 sic
1243 1108 1590 1162 recedant.Si
1621 1107 1793 1161 abbas
1822 1122 1933 1160 non
2015 1104 2197 1159 tribus
2224 1106 2475 1175 jusserit.
2514 1113 2578 1159 ut
2597 1124 2725 1160 etim
2756 1107 3043 1177 adjuvent,
3068 1106 3334 1161 obediant
3362 1107 3416 1160 ei
3451 1126 3463 1159 :
3501 1106 3620 1160 etsi

340 1204 446 1264 est,
480 1199 673 1254 eadem
692 1199 899 1254 faciant
917 1199 972 1253 in
991 1200 1113 1253 loco
1132 1201 1270 1269 ejus,
1304 1199 1399 1268 qui
1417 1199 1668 1252 ordinem
1698 1202 1928 1262 tenent;
2016 1195 2219 1266 aliquis
2246 1212 2310 1248 ex
2340 1196 2420 1249 eis
2449 1197 2720 1260 renuerit,
2744 1197 2803 1250 in
2823 1197 3066 1251 crastino
3093 1196 3626 1267 querelabitur.An-

340 1287 685 1358 quotidianis
701 1287 895 1342 diebus
913 1287 1170 1358 cymbalo
1187 1293 1421 1341 sonante
1437 1287 1797 1340 faciant.lllis
1819 1286 1933 1339 die-
2017 1285 2281 1355 tiphonas
2311 1301 2432 1356 quae
2462 1289 2595 1338 sunt
2626 1303 2692 1339 ex
2721 1287 3015 1356 evangelio
3045 1287 3318 1357 imponat,
3361 1286 3412 1339 si
3445 1284 3625 1338 abbas

337 1375 464 1443 bus,
490 1375 693 1446 quibus
718 1393 830 1430 non
853 1377 1110 1447 pulsatur
1125 1376 1613 1447 cymbalum,dum
1634 1375 1935 1429 habuerint
2016 1389 2128 1427 non
2146 1374 2325 1426 adest.
2362 1374 2444 1427 De
2476 1374 2668 1440 missa,
2689 1375 2894 1438 ofﬁcio,
2924 1392 3026 1430 nec
3055 1392 3167 1429 non
3195 1375 3264 1429 de
3294 1375 3624 1444 evangelio,

340 1465 531 1519 omnia
549 1465 785 1536 expleta,
803 1482 925 1536 quae
944 1465 1020 1519 ibi
1052 1483 1191 1536 opus
1220 1472 1306 1520 est
1325 1465 1583 1531 faciendi,
1616 1465 1696 1518 ita
1721 1464 1930 1522 dicant.
2016 1468 2072 1516 et
2098 1467 2300 1516 caetera
2327 1463 2461 1527 alia,
2482 1480 2604 1533 quae
2633 1465 2704 1518 ad
2735 1465 3023 1518 ecclesiam
3053 1464 3355 1535 pertinent,
3390 1465 3632 1518 studeat

336 1558 394 1608 et
422 1554 705 1608 recedant.
730 1555 832 1609 Die
857 1554 1148 1608 Dominico
1178 1554 1419 1608 reddant
1450 1570 1582 1608 vasa
1609 1553 1820 1607 munda
1876 1556 1933 1606 et
2014 1551 2133 1622 ipse
2163 1552 2484 1617 emendare,
2529 1554 2576 1606 si
2620 1554 2939 1623 neglectum
2995 1553 3182 1607 fuerit.
3226 1553 3429 1608 Libros
3470 1553 3629 1607 foras

337 1658 476 1697 sana
503 1642 793 1696 cellerario
819 1659 920 1714 per
947 1660 1245 1698 numerum
1276 1649 1402 1715 post
1430 1643 1820 1714 capitulum,et
1849 1642 1932 1696 in-
1951 1712 1978 1715 _
2013 1641 2321 1712 producere
2345 1643 2431 1696 vel
2477 1642 2805 1713 recolligere
2857 1643 2976 1714 ipse
3003 1643 3172 1697 debet
3221 1659 3353 1698 cum
3385 1651 3630 1696 cantare

335 1730 620 1787 trantibus
641 1712 866 1787 dentur.
1277 1712 1294 1715 ν
1497 1712 1513 1714 _
1945 1712 1992 1772 Β
2015 1729 2298 1800 quotidie:
2334 1737 2391 1784 et
2419 1731 2600 1784 multa
2620 1712 2733 1785 alia
2757 1712 2922 1787 debet
2957 1731 3162 1787 habere
3182 1731 3286 1786 sub
3319 1749 3426 1786 sua
3462 1749 3628 1794 cura,

904 1822 1137 1878 CAPUT
1165 1823 1389 1877 XXVII.
2015 1834 2138 1890 quae
2159 1819 2396 1891 sparsim
2417 1819 2689 1875 habemus
2706 1822 2825 1891 jam
2839 1821 3174 1893 conscripta,
3206 1822 3360 1892 quod
3387 1821 3488 1876 hic
3509 1837 3631 1875 non

757 1914 830 1967 De
859 1914 1190 1980 confessione
1209 1929 1536 1981 puerorum.
2016 1914 2103 1963 est
2130 1925 2272 1980 opus
2297 1908 2564 1964 inserere.

346 2000 348 2002 ’
403 2004 545 2058 Cum
575 2002 644 2056 ad
671 2001 1074 2056 confessionem
1106 2001 1391 2056 ducuntur
1419 2001 1681 2066 infantes,
1702 2001 1747 2056 si
1776 2001 1930 2056 dom-
2580 2001 2813 2056 CAPUT
2832 2001 3031 2056 XXIX.

330 2108 439 2146 nus
469 2090 641 2145 abbas
675 2107 920 2160 praesens
945 2095 1048 2155 est,
1070 2090 1339 2161 magister
1360 2107 1455 2145 eos
1476 2091 1546 2145 ad
1563 2090 1722 2144 illum
1750 2107 1929 2161 usque
2528 2091 2602 2144 De
2621 2093 3085 2158 processionibus.

330 2180 637 2251 perducat;
669 2179 790 2248 ipso
819 2184 1085 2249 surgente
1115 2179 1385 2249 magister
1430 2185 1562 2234 ante
1592 2179 1822 2250 capituli
1847 2196 1930 2233 se-
2085 2178 2759 2249 Quandocunquefratres
2782 2181 3193 2250 processionem
3224 2195 3281 2235 ιν
3297 2187 3361 2236 et
3387 2199 3450 2236 γι
3482 2183 3637 2238 feria

329 2268 464 2322 dere
496 2267 663 2322 debet
685 2268 997 2321 introitum.
1045 2269 1110 2322 In
1168 2269 1288 2322 loco
1335 2284 1486 2332 vero,
1529 2269 1621 2338 qui
1650 2268 1928 2322 infantum
2012 2265 2387 2332 faciunt,mox
2419 2273 2482 2322 ut
2511 2268 2662 2322 dicta
2690 2269 2860 2323 fuerit
2891 2286 3006 2324 una
3037 2287 3103 2324 ex
3131 2271 3471 2342 antiphonis
3499 2289 3636 2344 pro-

328 2357 474 2410 solet
499 2372 641 2420 esse,
664 2356 973 2427 capitulum
1024 2356 1138 2410 illic
1197 2363 1253 2410 et
1282 2357 1685 2411 confessionem
1720 2356 1931 2412 debent
2009 2356 2670 2417 cessionariis,illicoduo
2691 2359 2851 2428 pueri
2873 2358 3060 2412 dicent
3091 2360 3370 2425 litaniam,
3403 2366 3539 2415 tam
3572 2363 3636 2416 in

327 2461 516 2516 agere.
549 2445 706 2501 Prior
734 2443 918 2499 infans
956 2445 1113 2517 prius
1141 2447 1405 2513 accedat;
1438 2452 1594 2500 stans
1624 2446 1924 2500 confessio-
2009 2443 2132 2515 ipso
2163 2445 2388 2505 itinere,
2411 2462 2578 2516 quam
2613 2445 2671 2500 in
2701 2447 2936 2502 ecclesia
2989 2465 3116 2503 cum
3166 2455 3546 2505 revertentur
3570 2453 3634 2506 in

327 2551 458 2589 nem
491 2535 676 2601 faciat,
709 2535 854 2589 alter
881 2535 939 2588 in
972 2540 1133 2606 parte
1188 2535 1501 2589 meridiana
1539 2535 1733 2589 sedeat
1757 2552 1926 2606 super
2007 2533 2470 2588 chorum.Nullus
2488 2540 2790 2605 antequam
2807 2536 3005 2591 litania
3019 2538 3184 2592 fuerit
3201 2539 3432 2609 expleta
3450 2539 3638 2594 debet

326 2641 503 2679 unum
525 2624 740 2678 sedium
760 2641 976 2681 eorum.
1007 2625 1142 2678 Post
1168 2625 1570 2678 confessionem
1594 2625 1797 2678 iterum
1829 2643 1924 2679 eos
2008 2622 2176 2686 exire,
2203 2624 2458 2692 quamvis
2497 2624 2781 2678 licentiam
2814 2625 3050 2680 habeat:
3077 2627 3183 2680 nisi
3207 2627 3340 2681 talis
3367 2629 3639 2683 necessi-

325 2714 597 2784 magister
629 2713 887 2784 accipiat.
908 2714 1048 2767 Cum
1076 2730 1205 2768 vero
1233 2715 1404 2785 priori
1429 2715 1516 2767 vel
1545 2715 1754 2768 decano
1767 2715 1924 2767 clau-
2007 2713 2094 2762 tas
2119 2711 2367 2764 evenerit
2420 2728 2588 2781 quam
2618 2713 2940 2768 nullatenus
2998 2716 3282 2786 praeterire
3321 2719 3626 2788 potuerit.

323 2802 425 2857 stri
457 2801 733 2856 voluerint
751 2819 873 2856 esse
899 2801 1137 2856 confessi
1165 2819 1291 2856 cum
1341 2803 1612 2872 magister
1638 2803 1708 2857 ad
1738 2803 1920 2874 ipsum
2005 2797 2148 2851 Nam
2182 2799 2418 2870 expleta,
2442 2801 2488 2852 si
2518 2799 2683 2854 alicui
2713 2807 2799 2856 est
2845 2803 3000 2857 valde
3025 2820 3164 2874 Opus
3210 2805 3403 2875 aliqua
3441 2824 3639 2862 causa.

323 2908 420 2946 eos
450 2890 792 2962 perduxerit,
816 2892 1007 2944 statim
1027 2891 1145 2963 ipse
1174 2893 1417 2957 recedat;
1443 2893 1597 2964 prior
1626 2894 1680 2947 in
1711 2894 1924 2964 capitu-
2005 2902 2190 2956 agere,
2241 2893 2397 2958 petat
2452 2889 2736 2942 licentiam
2784 2890 2855 2947 D.
2896 2890 3136 2954 abbatis,
3170 2893 3256 2944 vel
3289 2892 3477 2958 illius,
3527 2896 3634 2966 qui

325 2980 444 3034 lum
473 2980 600 3034 illos
627 2979 816 3046 ducat,
847 2986 903 3034 et
948 2987 1077 3052 post
1125 2981 1531 3036 confessionem
1565 2982 1635 3036 ad
1674 2983 1980 3052 scholam“
2007 2975 2264 3028 ordinem
2297 2981 2470 3041 tenet,
2504 2977 2550 3030 εί
2584 2977 2754 3031 abbas
2784 2995 2896 3032 ηοη
2925 2985 3030 3044 est.
3063 2986 3120 3034 et
3138 2987 3357 3050 pergat;
3393 2983 3512 3036 sed
3546 2990 3640 3038 ta-

326 3069 581 3124 reducat.
618 3069 759 3124 Cum
781 3033 1023 3123 infantes
1043 3070 1260 3142 aliquot
1274 3071 1342 3124 de
1359 3071 1550 3125 schola
1565 3078 1698 3125 sunt
1718 3071 1920 3126 exituri
1937 3033 1981 3093 C
2006 3083 2136 3120 men
2167 3073 2298 3121 ante
2327 3069 2494 3122 faciat
2520 3070 2911 3136 reverentiam,
2946 3076 3003 3125 et
3019 3033 3223 3126 'abhiat
3238 3033 3426 3143 ‘pedes
3458 3092 3635 3142 suos,

327 3158 399 3212 ad
427 3158 737 3229 capitulum
767 3158 1068 3224 infantum,
1102 3159 1342 3214 domnus
1373 3159 1545 3214 abbas
1571 3160 1736 3215 debet
1765 3161 1918 3214 veni-
2004 3161 2059 3210 et
2081 3163 2341 3226 procuret
2362 3157 2510 3228 quod
2531 3160 2945 3229 procurandum
2957 3161 3207 3214 est-Nam
3231 3161 3353 3214 sine
3375 3162 3636 3219 licentia

321 3263 406 3314 re,
439 3252 497 3301 et
523 3247 663 3301 alios
689 3247 932 3301 infantes
960 3248 1116 3302 exire
1151 3249 1338 3316 faciat;
1367 3249 1485 3319 ipse
1506 3256 1694 3303 autem
1718 3255 1774 3304 et
1799 3267 1920 3304 ma-
2005 3245 2155 3298 ullus
2176 3261 2455 3316 nusquam
2479 3247 2848 3318 faciat,usque
2864 3249 2996 3303 dum
3019 3250 3192 3304 missa
3210 3249 3379 3304 fuerit
3409 3252 3630 3308 ﬁnita:

323 3336 502 3407 gister
529 3352 655 3390 cum
685 3335 887 3407 iis,qui
911 3337 1113 3391 exituri
1142 3343 1293 3403 sunt,
1317 3344 1665 3405 remaneant,
1701 3345 1757 3393 et
1785 3357 1919 3394 con-
1997 3333 2262 3388 similiter
2289 3335 2347 3388 in
2378 3337 2764 3405 rogationibus
2786 3338 2868 3391 vel
2893 3338 3017 3392 aliis
3045 3339 3539 3408 processionibus.

320 3426 622 3481 fessionem
652 3443 844 3481 eorum
877 3427 1086 3480 audiat.
1121 3426 1256 3482 Post
1290 3427 1691 3483 confessionem
1739 3431 1920 3500 magi-
2073 3423 2213 3477 Item
2248 3441 2259 3475 ε
2294 3424 2439 3477 Nam
2469 3425 2527 3478 in
2558 3425 2666 3479 illis
2697 3426 3065 3497 temporibus,
3101 3421 3325 3498 quando
3356 3441 3637 3502 pergunt

324 3519 442 3568 ster
469 3515 596 3569 illos
627 3521 684 3569 et
711 3515 851 3569 alios
881 3515 1129 3577 reducat,
1162 3533 1341 3586 usque
1368 3518 1503 3570 dum
1533 3518 1602 3572 ad
1635 3535 1922 3574 consecra-
2001 3511 2072 3564 ad
2090 3518 2248 3565 extra
2278 3514 2702 3579 monasterium,
2737 3520 2869 3569 eant
2898 3516 3132 3570 dicendo
3165 3521 3550 3587 responsoria
3574 3529 3638 3577 et

323 3604 534 3658 tionem
564 3604 796 3658 veniunt
825 3621 1127 3675 procurare
1166 3605 1330 3659 debet
1354 3605 1474 3676 ipse
1507 3621 1519 3656 :
1562 3607 1917 3677 postmodum
2001 3600 2342 3672 antiphonas
2374 3619 2474 3672 Pro
2488 3603 2748 3673 peccatiS,
2773 3613 2829 3658 et
2843 3621 2908 3658 ex
2930 3605 3110 3659 beata!
3129 3605 3382 3676 Virginis
3410 3609 3636 3666 Maria:

325 3689 532 3744 faciant
555 3690 671 3758 alii,
705 3691 908 3762 quibus
932 3691 1183 3763 jubetur.
2003 3688 2212 3761 [supp.]
2228 3689 2407 3743 ofﬁcio
2425 3707 2547 3761 quae
2563 3692 2754 3746 velint.
2773 3694 2898 3747 Jam
2925 3711 3100 3765 prope
3120 3693 3196 3748 ibi
3219 3695 3638 3765 proximantes

857 3780 1089 3836 CAPUT
1116 3782 1367 3838 XXVIII.
1999 3777 2272 3848 incipiant
2301 3781 2720 3851 responsorium
2749 3798 2814 3835 ex
2845 3782 2954 3836 illis
2979 3783 3230 3854 reliquiis
3248 3791 3631 3853 sanctorum,

324 3868 580 3946 Qualiter
592 3875 763 3946 agant
791 3873 1081 3946 armarius
1105 3875 1186 3925 vet
1215 3878 1409 3926 cantor
1435 3875 1522 3927 die
1551 3876 1918 3930 Sabbatorum
2000 3881 2241 3934 quorum
2260 3867 2527 3922 Vocabula
2554 3869 2630 3923 ibi
2661 3875 2986 3925 consecrata
3016 3871 3391 3946 [conscripta]
3449 3881 3631 3931 sunt.

499 3943 596 4004 vel,
618 3942 787 4008 festis,
811 3947 912 3995 aut
938 3944 1082 4010 quod
1099 3945 1338 3996 exerceri
1360 3951 1600 4012 oporteat
1624 3949 1748 4014 ipsi.
2000 3955 2265 4010 Protinus
2297 3962 2362 4011 ut
2392 3958 2614 4012 ﬁnitum
2650 3959 2838 4023 fuerit,
2861 3942 3319 4027 dicatwsacerdois,
3354 3942 3629 4019 oremus.

394 4026 496 4120 pie
526 4027 889 4120 sabbatorum
916 4029 1123 4120 fiebent
1149 4047 1271 4120 βεδε
1298 4037 1557 4120 quatuor.
1579 4033 1674 4104 (illi
1696 4033 1916 4090 brevem
2003 4043 2326 4098 Orationem
2358 4054 2678 4100 sanctorum
2709 4047 2955 4116 illorum;
2988 4055 3125 4103 tunc
3147 4026 3535 4120 prosternant
3568 4072 3636 4110 se

320 4116 548 4206 faciant,
575 4133 815 4187 quorum
846 4118 1030 4173 infans
1070 4119 1164 4190 (Ιυί
1190 4119 1398 4175 scribat
1419 4121 1606 4192 Capita
1631 4139 1920 4194 l‘eSPODSO-
2001 4148 2196 4186 omnes
2246 4137 2304 4187 et
2350 4134 2559 4188 faciant
2587 4153 2796 4206 preces.
2826 4139 2990 4192 Pater
3020 4116 3220 4204 noster,
3252 4138 3309 4192 in
3343 4139 3458 4194 hoc
3494 4143 3635 4198 loco

321 4205 560 4271 Γίοΐαπι,
588 4212 804 4273 Cantor,
838 4207 932 4278 qui
967 4207 1174 4262 indicat
1200 4210 1430 4263 nomina
1461 4210 1699 4265 fratrum
1717 4228 1920 4267 canen-
2003 4237 2114 4275 non
2145 4227 2232 4276 est
2260 4222 2559 4276 dicendum
2591 4205 2626 4277 a
2647 4224 2934 4279 sacerdote
2963 4226 3205 4281 clamosa
3234 4243 3535 4292 voce,nec
3560 4234 3638 4287 Et

320 4292 508 4390 tiuml:
545 4294 826 4349 armarius
846 4295 1061 4390 quippe
1091 4297 1322 4390 nomina
1349 4299 1656 4390 legentium
1689 4305 1823 4354 nota
1840 4303 1984 4390 fa-n
2005 4325 2070 4362 ne
2095 4325 2208 4363 nos.
2231 4310 2340 4364 Sed
2360 4311 2550 4365 statim
2580 4320 2802 4383 promat
2828 4315 3129 4384 psalmum,
3163 4333 3264 4387 pro
3292 4316 3635 4390 defunctis,

318 4381 416 4437 cit.
452 4383 594 4438 Item
625 4390 822 4438 cantor
846 4384 1318 4441 hebdomadarius
1375 4387 1445 4442 de
1489 4389 1670 4442 officio
1700 4396 1758 4444 et
1785 4392 1914 4447 talis
1936 4381 1983 4408 υ
2003 4399 2099 4470 qui
2127 4399 2203 4453 ibi
2231 4381 2608 4471 requiescunt,
2641 4381 2848 4468 Lauda,
2875 4408 3072 4458 anima
3101 4381 3240 4467 mea,
3267 4381 3633 4467 Dominum:

318 4487 447 4525 cum
476 4473 578 4526 tali
608 4479 776 4527 canat
801 4476 1239 4544 responsorium,
1273 4476 1404 4530 talis
1440 4483 1498 4531 et
1527 4478 1655 4531 talis
1686 4479 1916 4535 alleluia
1996 4487 2178 4558 Capit.
2209 4490 2248 4542 A
2299 4495 2463 4558 porta
2515 4493 2710 4559 inferi.
2746 4493 3017 4547 Dominus
3043 4495 3338 4548 vobiscum.
3371 4496 3632 4566 Oratio,

316 4565 653 4631 personent:
682 4562 1036 4629 etlectorem,
1057 4565 1126 4618 ad
1151 4565 1614 4620 servitores.ltem
1633 4569 1850 4621 armari1

2103 4595 2135 4630 :s
2164 4583 2323 4647 cujus
2355 4582 2733 4634 miseratione.
2766 4581 2923 4635 Tunc
2949 4581 3060 4635 duo
3108 4584 3267 4652 pueri
3312 4584 3637 4658 incipiant

315 4647 527 4748 indicet
546 4649 674 4702 talis
706 4650 911 4748 habeat
928 4653 1176 4748 missam,
1197 4660 1265 4748 et
1283 4655 1378 4748 ille
1404 4655 1587 4710 infans
1615 4656 1907 4748 epistolam
1991 4664 2245 4720 litaniam
2292 4669 2460 4736 Kyrie
2492 4683 2623 4722 ante
2654 4670 2831 4724 altare
2882 4676 2940 4724 et
2983 4647 3306 4742 perveniant
3335 4675 3410 4728 ad
3437 4647 3633 4748 ipsos

320 4739 378 4789 et
405 4735 500 4830 ille
530 4737 901 4830 evangelium,
934 4745 1107 4830 atque
1136 4742 1264 4796 talis
1293 4743 1364 4796 ad
1412 4760 1661 4798 mensam
1721 4745 1911 4800 lectio-
1991 4735 2482 4820 sanctos,dicendo
2507 4757 2583 4812 ibi
2612 4776 2790 4830 usque
2817 4761 2886 4814 ad
2917 4735 3121 4816 nomen
3150 4762 3299 4817 beati
3328 4735 3625 4824 Joannis:

315 4839 444 4878 nem
476 4824 645 4923 legat.
680 4828 1017 4923 cellerarius
1046 4847 1248 4923 nempe
1273 4832 1387 4923 ille.
1421 4838 1590 4903 atque
1609 4833 1704 4888 ille
1722 4836 1910 4906 Coqui-
1995 4850 2051 4898 et
2077 4851 2213 4899 tunc
2241 4847 2432 4900 dicant
2461 4847 2643 4902 tribus
2683 4824 2913 4916 vicibus,
2947 4851 3149 4905 deinde
3178 4851 3315 4906 alios
3358 4855 3463 4923 qui
3515 4876 3633 4913 se-

313 4928 447 5012 nam
476 4913 775 5012 faciantln
806 4916 926 4972 ΧΙΙ
944 4918 1276 5012 lectionibus
1294 4921 1408 5012 sint
1425 4928 1575 5012 tres:
1609 4925 1905 4992 armarius,
1993 4941 2265 5005 quuntur;
2291 4942 2348 4989 et
2379 4935 2588 4990 faciant
2616 4943 2747 4991 ante
2779 4945 2837 4992 et
2874 4913 3026 4994 retro
3068 4946 3126 4994 et
3151 4941 3229 4995 sic
3256 4913 3606 5012 procedant.

312 5007 527 5064 cantor,
560 5003 764 5072 infans;
794 5023 925 5060 nam
955 5007 1075 5077 ipse
1105 5009 1383 5063 armarius
1425 5009 1592 5064 debet
1615 5013 1907 5082 providere
1991 4994 2466 5093 quemadmodum
2496 5032 2788 5081 venerunt,
3213 4994 3218 4995 ί
3256 4994 3276 5012 ι
3338 4994 3346 4996 ἡ
3407 4994 3629 5091 Win"

307 5090 422 5187 illis
434 5091 858 5187 festivitatibus,
882 5095 1095 5187 quibus
1112 5097 1171 5150 in
1200 5099 1390 5169 cappis
1416 5099 1716 5168 celebrant,
1754 5103 1801 5156 si
1817 5103 1907 5158 ille
2006 5090 2026 5093 _
2607 5130 2842 5187 CAPUT
2869 5133 3039 5187 xxx.

308 5181 1006 5298 Eff‘hfﬁffaifﬂ‘ﬁff
1036 5185 1780 5298 (Tf‘flcfjlitﬂsg:1?B_?t’,_ut
1815 5209 1906 5298 Ju:
1987 5227 2390 5280 Desanctorum
2407 5231 2681 5296 reliquiis,
2705 5232 2948 5296 qualiter
2966 5231 3294 5298 deferantur
3312 5235 3388 5286 ad
3411 5237 3633 5295 locum

305 5267 438 5324 beat
465 5271 591 5325 aliis
619 5288 686 5326 ex
730 5271 1020 5340 fratribus,
1051 5281 1117 5329 ut
1155 5282 1384 5330 cantent
1409 5277 1817 5346 invitatoriam,

2097 5267 2273 5280 νυιιυνυ.
2298 5267 2390 5280 κη.
2409 5267 2421 5280 1
2440 5267 2481 5282 tv.
2493 5267 2681 5296 σιλωιιυ,
2705 5267 2930 5296 Ἶαιριιυνι
2966 5267 3099 5298 ωυιω
3118 5267 3277 5286 umm
3312 5267 3387 5286 uu—
3411 5267 3629 5295 iuvar"

2095 5299 2156 5349 ibi
2184 5314 2382 5351 necesse
2419 5304 2552 5352 sunt
2579 5302 2925 5367 deportanda:
2946 5305 3452 5369 processionaliter,
3497 5320 3629 5366 αιιε

303 5360 664 5428 postmodum
693 5377 822 5416 cum
857 5362 981 5434 ipso
1021 5365 1117 5435 qui
1177 5365 1424 5420 officium
1480 5374 1783 5438 procurent
1829 5371 1900 5424 ad
2058 5371 2302 5436 qualiter
2331 5360 2679 5438 reei'piantur
2706 5387 2833 5424 cum
2863 5360 3044 5426 laude.

303 5447 560 5502 missam.
2058 5463 2293 5527 Quando
2323 5467 2574 5537 reliquiae
2616 5467 2976 5538 deportanda:
3033 5476 3168 5525 sunt
3214 5471 3440 5537 alicubi,
3491 5476 3626 5535 hoc

371 5537 457 5592 Ad
474 5555 725 5596 mensam
743 5545 914 5614 atque
928 5543 1285 5601 collationem
1303 5546 1530 5616 qualem
1548 5545 1754 5606 librum
1774 5549 1897 5626 ipse
1981 5552 2148 5608 modo
2171 5553 2384 5610 faciunt
2413 5575 2428 5610 :
2460 5537 2746 5612 annuente
2773 5557 3038 5626 armario,
3084 5559 3168 5614 vel
3205 5560 3505 5632 loquente,
3559 5570 3624 5623 si
