3886 6172
204 279 351 339 1273

1403 286 1821 344 DISCIPLINA
1862 283 2277 341 FARFENSIS.

3342 283 3477 343 1274

204 409 434 479 tempus
459 406 632 463 fuerit
651 407 933 480 loquendi,
959 407 1044 464 vel
1070 408 1170 464 illo
1200 410 1297 482 qui
1325 410 1578 467 ordinem
1602 416 1803 467 tenue-
1821 410 2020 472 Astris
2047 423 2059 458 :
2092 408 2294 464 deinde
2322 409 2389 464 D.
2421 409 2611 475 abbas,
2644 414 2702 465 et
2730 414 2864 465 tunc
2902 410 2996 464 alii
3038 410 3241 465 fratres
3267 411 3379 467 duo
3417 430 3483 467 ac

204 495 301 562 rit,
340 497 721 552 revestiantur
765 498 950 552 cuncti
999 497 1055 552 in
1107 500 1315 572 cappis,
1356 501 1515 572 pueri
1550 501 1609 555 in
1641 501 1800 556 albis.

205 585 480 659 Reliquiae
507 587 623 641 sint
650 586 1212 658 congruecollocataz;
1246 590 1532 645 secretarii
1561 589 1806 645 ecclesiae

203 676 432 748 pulsent
459 676 640 748 signa,
662 678 1001 733 candelabra
1021 680 1133 734 duo
1145 679 1513 752 deportentur
1532 696 1566 734 a
1584 697 1809 735 conver-

202 765 298 829 sis,
327 781 478 837 aqua
518 771 732 832 sancta,
773 783 927 835 crux,
959 768 1253 824 incensum
1281 783 1293 817 :
1324 769 1614 841 phonones
1640 769 1750 841 (65)
1774 788 1810 825 a

201 851 430 907 famulis
449 853 835 926 deportentur,
860 861 918 910 et
937 873 1114 912 unum
1138 857 1361 929 signum
1401 874 1530 912 cum
1563 859 1644 913 eis
1674 859 1808 913 mit-

199 947 344 997 tant.
364 942 821 1015 Cantorincipiat
839 948 1276 1017 responsorium,
1309 946 1505 1001 Sancte
1534 949 1803 1013 Marcelle,

201 1032 288 1086 vel
315 1032 625 1087 secundum
667 1034 861 1104 quales
898 1035 1146 1106 reliquiae
1186 1035 1425 1104 fuerint;
1465 1036 1803 1103 incensetur,

204 1125 517 1192 exeantque
559 1137 755 1176 omnes
798 1123 1013 1194 pariter
1055 1129 1214 1179 extra
1254 1131 1445 1197 portas
1491 1140 1805 1192 murorum,

205 1208 410 1282 quibus
448 1210 854 1266 circumdatum
893 1218 981 1268 est
1022 1215 1448 1269 monasterium.
1488 1215 1646 1269 Tunc
1697 1215 1811 1269 sint

206 1304 509 1371 praesentes
550 1301 646 1354 alii
700 1301 922 1369 fratres,
970 1302 1067 1374 qui
1113 1303 1424 1375 suscipiant
1483 1309 1808 1358 sanctorum

205 1388 495 1460 reliquias,
518 1395 576 1444 et
598 1390 826 1445 famulis
855 1391 1047 1446 dicant
1088 1398 1154 1446 ut
1193 1393 1563 1465 deportentur
1587 1393 1683 1448 ubi
1710 1409 1809 1448 ne-

206 1492 356 1532 cesse
387 1477 579 1541 fuerit,
624 1484 681 1534 et
718 1479 921 1535 fratres
952 1480 1216 1536 inchoent
1241 1483 1505 1553 psalmos,
1532 1484 1612 1538 Ad
1631 1485 1814 1538 Domi-

207 1582 343 1620 num
374 1584 504 1622 cum
531 1570 863 1627 tribularer.
902 1570 971 1625 Et
998 1577 1353 1627 revertantur
1381 1572 1438 1626 in
1464 1573 1715 1634 chorum,
1756 1577 1813 1626 et

1887 501 2018 563 duo,
2042 499 2187 554 sicut
2204 499 2521 571 superiores
2534 505 2689 567 sunt;
2715 505 2904 555 tamen
2924 518 3048 556 cum
3071 501 3293 556 silentio
3326 508 3475 557 eant.

1888 587 2350 645 Pervenientilnus
2379 588 2448 642 ad
2470 605 2619 654 eum,
2652 588 2840 643 tradet
2857 582 2908 644 ei
2926 606 3129 661 aquam
3155 596 3406 646 sanctam
3427 595 3485 646 et

1890 678 2174 734 osculetur
2212 681 2448 743 textum,
2480 684 2537 732 et
2564 678 2904 732 incensetur.
2936 678 3150 733 Deinde
3189 678 3485 735 inchoetur

1890 785 2036 839 resp.
2073 769 2198 822 Ecce
2228 770 2385 821 mitto
2418 770 2681 834 angelum
2711 784 2915 834 meum,
2956 773 3013 822 et
3036 769 3259 839 pulsent
3288 769 3483 824 famuli

1889 858 2080 914 omnia
2108 856 2286 927 signa.
2320 857 2384 911 In
2410 855 2644 910 ecclesia
2673 857 2884 927 tapetia
2922 857 3037 912 sint
3064 857 3175 912 duo
3202 858 3480 923 ordinata,

1889 962 2129 1017 quorum
2160 962 2335 1000 unum
2363 945 2437 999 sit
2460 950 2591 999 ante
2625 945 2802 999 altare
2822 951 3025 1001 sanctae
3048 947 3245 1011 crucis,
3274 953 3331 1001 et
3349 949 3487 1002 alte-

1890 1053 2015 1090 rum
2053 1039 2185 1089 ante
2237 1035 2439 1105 majus.
2488 1036 2644 1090 Tunc
2679 1034 2850 1090 abbas
2888 1036 3111 1091 inchoet
3152 1038 3366 1109 antiph.
3403 1037 3486 1091 vel

1889 1143 2037 1196 resp.
2062 1125 2209 1194 quod
2252 1124 2400 1192 velit,
2433 1125 2582 1195 quod
2603 1125 2913 1180 conveniat.
2956 1126 3078 1191 Quo
3107 1127 3324 1198 expleto
3354 1126 3489 1181 dicit

1890 1213 2195 1286 capitulum
2235 1217 2291 1267 et
2318 1213 2419 1267 has
2450 1213 2749 1277 orationes,
2785 1213 3136 1282 Omnipotens
3163 1217 3487 1283 sempiterne

1894 1306 2155 1371 Deus,qui
2164 1306 2393 1356 ca'lestia
2403 1306 2575 1356 simul
2588 1308 2636 1355 et
2653 1308 2873 1356 terrena
2894 1303 3484 1357 moderarisAlleluia.

1897 1393 2247 1460 Omnipotens
2285 1394 2609 1459 sempiterna
2641 1393 2793 1455 Deus,
2830 1394 3087 1445 miserere
3115 1393 3331 1459 famulo
3354 1397 3485 1445 tuo:

1892 1486 1951 1536 et
1975 1480 2211 1535 redeant
2235 1481 2292 1534 in
2322 1480 2650 1535 claustrum.
2674 1481 2757 1535 Ad
2779 1481 3030 1552 reginam
3045 1481 3241 1536 eadem
3256 1480 3483 1548 faciant;

1892 1569 1989 1625 sed
2020 1575 2210 1624 tamen
2238 1569 2688 1639 ingredientibus
2707 1571 2766 1624 in
2788 1571 3078 1624 ecclesiam
3096 1571 3242 1625 hanc
3269 1569 3484 1641 antiph.

209 1662 415 1712 exuant
432 1674 493 1712 se
513 1664 569 1713 et
584 1664 839 1730 pergant,
864 1663 1252 1733 unusquisque
1270 1662 1341 1716 ad
1362 1662 1545 1717 officia
1565 1680 1668 1718 sua
1681 1711 1691 1721 .
1706 1663 1808 1718 Illo
1827 1731 1855 1733 _
1890 1661 2207 1726 decantent,
2241 1659 2377 1714 Cum
2397 1660 2592 1712 sederit
2614 1661 2674 1727 ﬁl
2682 1664 2767 1713 ius
2797 1661 3060 1714 hominis.

208 1749 460 1819 tempore
507 1748 732 1819 quando
776 1749 1053 1805 reversuri
1108 1756 1242 1806 sunt
1289 1757 1590 1824 procurent
1635 1731 1870 1807 anteaB

209 1835 467 1891 nuntiare
487 1837 545 1891 in
566 1837 908 1904 caenobium,
929 1843 996 1894 ut
1021 1839 1136 1895 sint
1163 1857 1356 1895 omnes
1375 1842 1577 1897 fratres
1593 1842 1651 1897 in
1674 1859 1805 1914 cap-

208 1922 306 1995 pis.
332 1924 582 1980 infantes
602 1925 661 1980 in
693 1925 854 1981 albis.
886 1926 1051 1982 Prior
1087 1928 1320 2000 incipiat
1346 1930 1611 2001 psalmos,
1646 1932 1806 1985 Mise-

209 2028 324 2067 rere
342 2016 472 2076 mei,
486 2015 824 2083 Deus.Deus,
857 2018 921 2070 in
950 2020 1170 2071 nomine
1193 2023 1301 2072 tuo.
1338 2020 1497 2082 Deus,
1516 2022 1578 2074 in
1594 2021 1809 2088 adjuto-

210 2105 383 2162 rium.
416 2103 557 2157 Deus
586 2106 934 2167 misereatur,
976 2110 1033 2160 et
1060 2111 1193 2161 eant
1235 2107 1294 2162 in
1341 2107 1559 2163 obviam
1600 2109 1807 2164 sanctis

210 2191 482 2263 reliquiis.
514 2192 811 2249 Secretarii
845 2196 1072 2266 pulsent
1095 2197 1256 2268 signa
1282 2198 1363 2252 vel
1392 2197 1608 2265 famuli,
1630 2215 1808 2270 usque

210 2280 340 2336 dum
371 2281 492 2336 sint
519 2283 709 2337 omnia
744 2290 998 2355 peracta.
1026 2286 1181 2340 Tunc
1208 2286 1490 2353 inchoent,
1522 2304 1670 2360 resp.
1706 2290 1808 2343 Iste

210 2380 449 2428 sanctus.
468 2374 628 2429 Dicat
647 2377 907 2432 sacerdos
917 2394 1131 2443 versus,
1148 2380 1350 2448 Magna
1370 2385 1446 2434 est
1463 2384 1647 2446 gloria
1670 2385 1805 2450 ejus.

211 2459 309 2515 Vel
337 2463 647 2517 secundum
660 2465 855 2535 quales
874 2467 1126 2537 reliquize
1145 2468 1355 2522 fuerint
1383 2473 1440 2523 et
1467 2470 1812 2541 pertinentes

214 2553 492 2617 collectas,
530 2559 588 2608 et
613 2570 827 2626 preces,
859 2555 1060 2610 deinde
1081 2556 1420 2613 incensetur.
1447 2558 1694 2613 Rursum
1723 2558 1811 2613 in-

213 2643 417 2697 choent
442 2643 596 2697 aliud
626 2660 769 2714 resp.
793 2661 1102 2715 congruum
1117 2647 1325 2701 sanctis
1348 2647 1619 2719 reliquiis,
1650 2652 1708 2701 ct
1733 2647 1814 2702 ita

211 2731 455 2802 peractis
479 2736 612 2785 eant
632 2731 690 2786 in
714 2733 1138 2800 monasterium,
1171 2740 1228 2789 et
1247 2740 1532 2806 ponantur
1560 2734 1811 2806 reliquiae

211 2819 305 2874 ubi
329 2820 604 2891 ponendae
630 2826 789 2888 sunt;
839 2822 1024 2877 denuo
1075 2823 1438 2879 incensentur
1469 2843 1482 2879 :
1522 2830 1581 2880 et
1615 2829 1814 2896 pergat

209 2908 598 2982 unusquisque
625 2908 696 2964 ad
724 2925 865 2981 Opus
894 2926 1081 2965 suum.

779 2999 1014 3054 CAPUT
1052 2998 1250 3056 XXXI.

798 3091 934 3143 Item
954 3090 1017 3142 de
1033 3090 1233 3143 eodem.
1290 3146 1296 3163 ,

276 3176 520 3242 Quando
544 3192 748 3246 corpus
779 3182 1033 3231 sanctum
1064 3176 1199 3231 foris
1227 3179 1568 3250 portandum
1617 3183 1721 3245 est,
1752 3179 1811 3234 in

210 3265 351 3320 albis
380 3264 593 3320 debent
612 3280 733 3320 esse
753 3266 935 3321 vestiti
966 3271 1024 3321 et
1039 3266 1108 3321 de
1141 3267 1262 3339 ipso
1284 3273 1476 3323 sancto
1496 3270 1655 3337 cujus
1680 3286 1812 3341 por-

209 3360 408 3409 tantur
435 3353 687 3425 reliquiae
715 3354 801 3408 vel
828 3371 974 3426 resp.
1005 3355 1090 3409 vel
1118 3356 1336 3427 antiph.
1369 3362 1615 3423 cantent,
1636 3358 1814 3413 donec

208 3443 528 3498 revertendi
553 3443 779 3513 signum
808 3443 963 3514 prior
989 3444 1181 3499 faciat.
1213 3443 1279 3499 In
1309 3446 1639 3501 revertendo
1668 3448 1813 3519 psal-

209 3547 330 3585 mos
350 3531 563 3585 dicant.
589 3531 730 3585 Cum
759 3548 890 3586 vero
926 3533 1174 3604 reliquiae
1204 3539 1567 3605 reportantur
1594 3535 1652 3590 in
1680 3553 1812 3607 cap-

208 3619 294 3691 pis
320 3618 511 3673 vestiti
541 3617 748 3672 debent
790 3620 993 3675 fratres
1031 3637 1343 3689 occurrere,
1370 3628 1428 3676 et
1453 3640 1581 3677 cum
1612 3624 1815 3681 exituri

207 3713 340 3763 sunt
355 3724 389 3762 e
404 3707 577 3762 choro
596 3707 764 3763 debet
780 3709 936 3779 prior
951 3709 1216 3781 incipere,
1231 3712 1484 3766 Miserere
1506 3715 1631 3775 mei,
1650 3715 1809 3768 Deus.

209 3799 442 3868 Deus,in
457 3799 682 3850 nomine
694 3799 1068 3853 tuo.Miserere
1078 3803 1206 3866 mei,
1230 3802 1385 3863 Deus,
1403 3804 1659 3855 miserere
1680 3806 1807 3856 mei.

207 3887 350 3941 Deus
381 3889 737 3953 misereatur,
778 3892 909 3954 etc.,
940 3887 1117 3943 donec
1145 3888 1216 3943 ad
1246 3888 1514 3961 reliquias
1542 3907 1811 3962 pervene-

209 3975 326 4030 rint
357 3993 370 4028 :
406 3979 535 4047 post
557 3974 789 4030 missum
812 3975 1106 4031 incensum
1133 3977 1203 4031 de
1222 3978 1343 4049 ipso
1377 3984 1571 4034 sancto
1591 3979 1813 4035 dicatur

209 4065 393 4119 oratio
419 4082 432 4117 :
456 4063 661 4117 deinde
692 4064 761 4118 de
802 4064 923 4136 ipso
953 4070 1147 4120 sancto
1171 4072 1397 4122 cantum
1423 4068 1702 4123 armarius
1726 4069 1816 4124 in-

209 4153 405 4225 cipiat,
438 4157 498 4207 et
525 4152 607 4207 sic
632 4152 692 4207 in
719 4154 1125 4208 monasterium
1154 4160 1410 4226 pergant.

753 4241 998 4297 CAPUT
1052 4242 1280 4298 XXXII.

641 4329 729 4387 Ad
763 4346 945 4399 regem
992 4333 1390 4387 deducendum.

2418 1747 2650 1804 CAPUT
2695 1748 2949 1804 XXXIII.

2258 1838 2343 1892 Ad
2371 1840 2677 1907 episcopum
2708 1839 3102 1893 deducendum.

1960 1926 2118 1982 Illico
2137 1931 2202 1982 ut
2224 1927 2515 1981 nuntiatus
2539 1927 2711 1982 fuerit
2748 1927 2808 1982 in
2836 1927 3085 1982 ccenobio
3114 1927 3359 2000 epiSCOpi
3386 1928 3488 1983 ad-

1888 2022 2109 2082 ventus,
2135 2021 2350 2072 annuat
2377 2019 2533 2089 prior
2557 2017 2643 2071 vel
2677 2016 2790 2083 ille,
2822 2017 2920 2087 qui
2959 2017 3210 2072 ordinem
3242 2015 3490 2072 tenuerit

1886 2106 2174 2171 fratribus,
2199 2105 2245 2160 si
2273 2105 2331 2159 in
2352 2106 2597 2159 claustra
2628 2121 2741 2159 non
2767 2105 3092 2176 loquuntur,
3134 2109 3199 2159 ut
3243 2104 3491 2159 adnuen-

1888 2201 1985 2251 tur
2011 2195 2198 2251 cuncti
2230 2194 2287 2249 in
2316 2194 2549 2249 ecclesia
2576 2199 2634 2248 et
2656 2194 3034 2248 revestiantur
3060 2193 3118 2247 in
3145 2193 3337 2265 cappis
3364 2209 3491 2248 om-

1890 2302 1990 2341 nes
2015 2290 2072 2339 et
2098 2284 2343 2339 infantes
2370 2284 2429 2338 in
2458 2283 2617 2337 albis.
2656 2283 2868 2338 Deinde
2911 2283 3189 2354 accipiant
3235 2282 3490 2338 conversi

1893 2390 2099 2446 aquam
2130 2378 2402 2437 sanctam,
2433 2389 2677 2438 crucem,
2698 2371 2811 2427 duo
2840 2371 3196 2438 candelabra,
3222 2377 3278 2427 et
3305 2376 3491 2427 textus

1893 2464 2195 2536 Evangelii,
2246 2469 2303 2519 et
2339 2468 2472 2518 eant
2520 2479 2647 2517 cum
2714 2462 2956 2516 silentio.
3002 2463 3147 2517 Dent
3192 2462 3243 2517 ei
3284 2479 3491 2534 aquam

1892 2560 2145 2607 sanctam
2174 2558 2231 2606 et
2270 2552 2554 2607 osculetur
2580 2557 2791 2605 textum
2820 2557 2877 2605 et
2904 2551 3243 2607 incensetur.
3276 2551 3492 2606 Deinde

1891 2642 2118 2696 inchoet
2145 2640 2582 2711 responsorium,
2599 2640 2724 2694 Ecce
2745 2656 2865 2693 vere
2893 2641 3169 2701 Israelita,
3204 2640 3289 2693 vel
3317 2640 3484 2704 Audi,

1893 2733 2084 2787 Israel.
2118 2729 2193 2784 Et
2221 2717 2513 2802 pulsentur
2542 2728 2800 2783 universa
2842 2728 3004 2799 signa
3039 2734 3281 2799 eantque
3311 2729 3368 2783 in
3398 2746 3490 2785 ec-

1891 2820 2139 2875 clesiam.
2172 2820 2294 2875 Duo
2324 2819 2537 2890 tapetia
2580 2817 2694 2872 sint
2732 2817 3008 2883 ordinata,
3044 2833 3281 2888 quorum
3312 2833 3489 2872 unum

1892 2913 2023 2963 ante
2043 2909 2221 2963 altare
2237 2908 2560 2979 principale,
2577 2908 2816 2961 alterum
2844 2922 2973 2960 vero
2994 2905 3067 2960 ad
3084 2905 3262 2960 altare
3281 2911 3490 2962 sanctae

1893 2998 2074 3054 crucis
2102 3001 2160 3052 et
2186 2996 2421 3052 redeant
2450 2996 2506 3050 in
2537 2996 2870 3051 claustrum.

2422 3085 2655 3140 CAPUT
2705 3084 2953 3140 XXXIV.

2220 3176 2355 3229 Item
2384 3174 2458 3229 ad
2484 3175 2732 3228 abbatem
2771 3176 3166 3230 deducendum.

1966 3264 2047 3318 Ad
2080 3262 2337 3318 abbatem
2369 3279 2614 3335 namque
2643 3279 2755 3317 non
2781 3269 3056 3318 sonantur
3074 3264 3255 3335 signa,
3277 3281 3381 3320 nec
3402 3281 3491 3320 ve-

1894 3354 2145 3409 stiuntur
2171 3370 2365 3408 omnes
2389 3372 2402 3420 ;
2433 3354 2531 3407 sed
2561 3358 2782 3407 tantum
2813 3353 2914 3418 illi,
2943 3354 3039 3424 qui
3077 3354 3488 3424 processionem

1893 3450 2155 3517 portant;
2188 3460 2463 3514 nusquam
2508 3453 2772 3497 canentes
2804 3459 2907 3497 nec
2936 3443 3140 3509 eundo,
3174 3460 3277 3499 nec
3305 3460 3492 3499 rever-

1892 3534 2090 3589 tendo.
2125 3533 2185 3587 Si
2212 3539 2402 3587 tamen
2431 3532 2560 3587 talis
2582 3532 2875 3603 dignitatis
2904 3532 3090 3591 fuerit.
3116 3538 3352 3604 possunt
3369 3550 3492 3588 om—

1897 3639 1997 3678 nes
2025 3622 2227 3676 fratres
2251 3638 2374 3676 esse
2402 3621 2460 3675 in
2487 3621 2697 3693 cappis,
2726 3621 2888 3692 pueri
2916 3621 2972 3676 in
2998 3622 3161 3677 albis.
3267 3651 3284 3674 ν.

2577 3710 2805 3766 XXXV.

2247 3802 2332 3855 Ad
2349 3802 2696 3854 serenitatem
2724 3803 3134 3869 postulandum.

1963 3888 2198 3953 Quando
2230 3888 2468 3943 multum
2496 3888 2661 3960 pluit,
2692 3889 3086 3944 convenientes
3101 3891 3160 3945 in
3183 3891 3492 3962 capitulum

1896 3977 2247 4032 concorditer
2274 3976 2443 4029 simul
2472 3975 2819 4030 constituant
2839 3977 2986 4031 hunc
3002 3978 3282 4048 psalmum
3310 3978 3496 4033 dicen-

1897 4067 2031 4120 dum
2053 4065 2121 4119 ad
2144 4065 2420 4131 litaniam,
2436 4065 2787 4127 Benedixisti,
2814 4066 3059 4131 Domine,
3087 4072 3297 4119 terram
3314 4070 3488 4121 tuam.

1898 4155 2059 4210 Feria
2077 4168 2130 4208 Iv
2147 4159 2204 4208 et
2227 4168 2281 4207 v1
2302 4153 2371 4207 ad
2396 4152 2806 4224 processionem
2826 4153 3042 4224 antiph.
3069 4155 3494 4209 Inundaverunt

1898 4259 2071 4313 aqua},
2104 4248 2161 4297 et
2188 4242 2417 4297 missam
2447 4242 2836 4297 matutinalem
2862 4259 2928 4296 ex
2952 4259 3037 4297 ea.
3072 4243 3355 4310 Ofﬁcium,
3377 4260 3493 4298 om-

1902 4335 2003 4386 nia
2031 4348 2149 4400 quas
2176 4333 2355 4400 fecisti
2384 4331 2890 4395 nobis.Collectam,
2910 4333 2993 4386 Ad
3017 4336 3064 4385 te
3094 4349 3211 4397 nos,
3240 4333 3494 4399 Domine,

275 4423 424 4478 Cum
437 4420 667 4475 auditus
684 4396 854 4474 fuerit
866 4420 1137 4475 adventus
1152 4421 1301 4493 regis
1320 4421 1376 4476 in
1389 4422 1811 4487 monasterium,
1835 4396 1886 4456 θ
1903 4396 2202 4476 clariiantes
2224 4437 2239 4483 ;
2272 4423 2330 4473 et
2355 4418 2493 4473 alias
2531 4420 2693 4489 juxta
2728 4436 2941 4474 morem
2980 4396 3245 4476 dicendas
3271 4439 3373 4494 pro
3402 4396 3497 4479 de;

212 4515 355 4566 tunc
367 4510 575 4565 abbate
608 4509 695 4563 vel
716 4508 900 4580 priore
912 4514 1217 4577 (annuente
1240 4510 1508 4565 fratribus
1525 4511 1571 4565 si
1592 4516 1814 4584 tempus

212 4616 330 4656 non
356 4600 532 4655 fuerit
550 4598 815 4669 loquendi
841 4597 899 4651 in
927 4598 1213 4666 claustro),
1254 4600 1589 4655 conveniant
1620 4616 1814 4655 omnes

208 4689 267 4744 in
299 4688 624 4751 ecclesiam,
647 4686 1091 4741 etvestiantsein
1114 4687 1323 4758 cappis,
1347 4687 1515 4742 etiam
1537 4691 1808 4755 conversi,

1898 4509 2125 4576 functis,
2144 4514 2201 4562 et
2220 4508 2516 4562 lectionem
2546 4508 2801 4563 Ieremia:
2830 4509 3028 4580 proph.
3062 4511 3182 4565 Haec
3218 4514 3353 4566 dicit
3395 4514 3497 4567 Do—

1898 4600 2092 4651 minus
2125 4616 2140 4650 :
2171 4597 2444 4665 Nunquid
2466 4599 2765 4665 projiciens
2793 4599 3040 4665 abjecisti
3064 4601 3290 4654 ludam.
3323 4601 3496 4674 Resp.

1896 4688 2172 4740 Protector
2190 4690 2373 4739 noster
2400 4689 2593 4754 aspice,
2618 4686 2774 4744 Deus.
2792 4686 3051 4741 Alleluia.
3075 4689 3298 4745 Ostende
3320 4693 3500 4761 nobis,

208 4783 267 4832 et
288 4777 546 4832 infantes
571 4776 810 4830 induant
837 4791 898 4829 se
921 4775 1147 4830 tunicis.
1182 4776 1479 4831 Secretarii
1509 4784 1825 4849 praeparent
1904 4776 2148 4829 Domine.
2173 4772 2533 4843 Evangelium
2562 4774 2868 4829 secundum
2898 4776 3126 4843 Lucam,
3155 4780 3218 4833 In
3242 4781 3339 4832 illo
3370 4784 3503 4833 tem-

205 4866 656 4938 processionem,
684 4869 740 4918 et
768 4869 905 4918 tunc
933 4870 1138 4919 sonent
1156 4864 1267 4920 duo
1296 4866 1516 4936 majora
1530 4866 1710 4937 signa,
1733 4867 1822 4922 in-

1898 4878 2049 4932 pare,
2093 4864 2236 4916 dixit
2279 4865 2433 4916 Jesus
2478 4863 2768 4931 discipulis
2796 4867 2915 4917 suis
2947 4883 2962 4918 :
3000 4867 3262 4921 Misereor
3292 4870 3501 4936 turbae;

203 4953 575 5026 cipientibus,
603 4953 685 5007 ita
709 4952 965 5007 ordinate
996 4969 1250 5024 pergere,
1286 4954 1433 5009 sicut
1458 4953 1516 5007 in
1554 4954 1642 5009 his
1688 4956 1823 5010 cha-
1904 4953 2039 5021 quia
2061 4952 2248 5005 triduo
2263 4954 2390 5019 jam
2414 4954 2695 5006 sustinent
2718 4969 2827 5007 .me.
2851 4954 3047 5008 Offert.
3067 4954 3222 5011 Sicut
3252 4959 3315 5009 in
3344 4957 3496 5011 holo-

201 5041 535 5099 raaeribus
563 5041 1004 5096 demonstratur.

277 5133 460 5197 Crux,
537 5128 768 5185 Thurib.
830 5129 1133 5186 Candelab.
1174 5130 1401 5186 Candel.
1481 5131 1711 5187 Candel.

268 5223 467 5293 Aqua,
537 5219 702 5284 Crux,
820 5218 1052 5284 Textus,
1165 5219 1390 5283 Textus,
1482 5220 1710 5275 Textus.

269 5310 454 5374 Crux,
532 5307 764 5364 Thurib.
804 5305 1106 5362 Candelab.
1169 5306 1401 5363 Candel.
1478 5308 1708 5364 Candel.

1903 5044 2177 5094 caustum.
2199 5039 2413 5093 Comm.
2450 5040 2671 5095 Inctina
2690 5056 2885 5096 aurem
2906 5048 3081 5105 tuam,
3102 5043 3187 5097 vel
3206 5059 3333 5097 cum
3348 5058 3500 5096 voca-

1903 5144 2023 5181 rem
2052 5133 2115 5181 te.
2142 5127 2225 5181 Ad
2258 5128 2529 5199 majorem
2561 5128 2791 5183 missam
2819 5136 2947 5201 post
2973 5131 3334 5196 offerendam,
3368 5146 3497 5184 cum

1904 5216 2165 5270 sacerdos
2192 5216 2536 5272 inchoaverit
2559 5217 2821 5272 ordinare
2848 5218 3074 5273 calicem
3106 5235 3232 5272 cum
3264 5218 3498 5273 diacono

1899 5320 2072 5376 super
2084 5305 2283 5370 altare,
2306 5312 2440 5360 tunc
2462 5312 2657 5361 cantor
2679 5304 2949 5379 [inchoet]
2978 5305 3037 5358 in
3061 5304 3232 5359 choro
3261 5320 3497 5376 respon-

194 5396 482 5455 Conversi
520 5396 635 5451 bini
654 5401 714 5452 et
729 5395 845 5451 bini
864 5395 980 5451 sint
1009 5401 1180 5451 :tunc
1209 5396 1452 5453 infantes
1480 5413 1608 5453 cum
1641 5398 1824 5469 magi-
1903 5396 2137 5461 sarium,
2169 5394 2310 5449 Deus
2338 5398 2439 5464 qui
2463 5396 2609 5449 sedes
2637 5413 2655 5448 :
2690 5396 2811 5448 Tibi
2844 5396 3134 5449 derelictus
3160 5399 3236 5448 est
3258 5409 3493 5464 pauper.

266 5554 406 5629 (65)
430 5557 735 5625 Phonones,
761 5556 1087 5629 Phanones,
1125 5557 1382 5628 fanones,
1415 5558 1558 5627 vela,
1598 5558 1817 5615 vexilla.
