3886 6172
444 335 589 398 r275
1501 333 1852 398 GUIDONIS
1889 331 1978 398 AB

2284 341 2628 397 ARFENSIS
3493 335 3602 397 1276

433 465 795 519 P'rosternent
815 480 874 518 se
895 465 1160 518 omnesin
1181 471 1351 528 terra,
1371 473 1863 535 surgentesautem
1881 475 2033 522 stent
2052 476 2088 527 ,Χ
2114 473 2175 522 in
2203 486 2349 536 pace,
2381 473 2429 520 et
2463 483 2592 518 erue.
2624 481 2720 518 nos
2750 480 2782 516 α
2812 464 3068 531 ρντυςρηῑί
3094 470 3290 528 august.
3320 467 3482 520 Amen.
3512 467 3604 528 Quo

431 553 570 607 versi
605 559 798 607 contra.
828 555 1004 607 altare
1034 572 1211 624 usque
1239 555 1371 607 dum
1407 556 1665 610 sacerdos
1697 557 1850 620 dicit,
1880 563 2029 610 orate
2114 559 2357 610 clamore
2406 556 2549 608 facto
2591 559 2949 624 reportentur
3006 551 3236 622 rcliquim
3273 553 3372 605 suis
3407 553 3537 618 locis,
3567 561 3609 608 et

427 653 530 710 pro
562 644 735 696 nobis.
2113 647 2264 699 dicat
2312 645 2572 699 sacerdos
2608 643 2712 697 sub
2757 640 2979 696 silentio
3020 641 3304 706 collectam,
3335 644 3485 695 Libera
3520 660 3605 708 nos,

965 732 1196 788 CAPUT
1236 733 1491 790 XXXVI.
1595 783 1600 789 η
2115 752 2449 804 ῳιιῑειιγηυε,
2479 736 2729 788 Domine.

677 821 761 876 Ad
798 825 1053 890 pluviam
1088 827 1476 892 postulandum
1510 827 1776 892 ofﬁcium.
2609 821 2846 877 CAPUT
2889 819 3208 875 XXXVIII.

501 906 666 964 Salus
696 915 906 979 populi.
932 911 1160 966 Collect.
1194 914 1353 972 Deus,
1384 917 1445 967 in
1467 932 1572 981 quo
1599 919 1852 968 rivimus.
1877 916 2027 970 Lect.
2361 917 2496 969 Item
2535 914 2597 966 de
2636 913 2819 965 eadem
2862 915 2921 964 in
2960 913 3078 963 alia
3106 911 3423 976 difﬁnitione.

430 1089 598 1141 lauda
618 1091 676 1141 in
695 1094 862 1142 nocte.
887 1088 1052 1160 Resp.
1085 1092 1360 1158 Propitius
1380 1098 1504 1145 esto.
1531 1093 1785 1146 Alleluia.
1809 1095 2030 1147 (Neude
2074 1077 2094 1090 ’
2113 1092 2357 1162 signum,
2394 1095 2566 1162 agant
2590 1088 2930 1155 orationem;
2959 1088 3088 1141 dein
3110 1093 3258 1141 exeat
3284 1086 3499 1139 sacerdos
3522 1103 3614 1138 cum

427 1174 876 1247 nobis.Evangel.
896 1178 1200 1231 secundum
1227 1175 1452 1244 Lucam,
1479 1182 1701 1234 Factum
1732 1188 1804 1232 ικ-ςί
1837 1187 2026 1234 [ιιιιιηα
2110 1181 2417 1235 infantibus
2446 1185 2503 1234 et
2528 1189 2842 1251 praeparent
2873 1195 2932 1231 se
2962 1178 3030 1230 ad
3087 1177 3316 1229 missam.
3345 1175 3476 1228 Tunc
3500 1178 3618 1226 sonet

427 1265 648 1318 dierum
679 1271 724 1318 et
755 1268 908 1319 Jesus
936 1269 1175 1320 ascendit
1209 1271 1271 1320 in
1299 1273 1634 1323 naviculam.
1657 1270 1847 1324 Olfert.
1867 1272 2020 1326 Sicut
2104 1268 2327 1339 signum
2361 1270 2544 1322 denuo
2575 1268 2718 1339 quod
2753 1269 2932 1336 majus
2960 1273 3063 1325 est,
3097 1265 3227 1318 duas
3268 1265 3410 1324 vices,
3442 1280 3520 1333 pro
3543 1279 3616 1314 an-

428 996 583 1052 Hier.
614 1000 814 1070 PrOph.
852 1001 1080 1054 Locutus
1109 1007 1182 1055 est
1210 1004 1476 1056 Jeremia-s
1505 1003 1687 1057 dicens
1713 1023 1727 1056 :
1755 1005 2027 1072 Is'.l.‘.vurge,
2188 1005 2327 1058 Cum
2377 1002 2724 1057 surrexerint
2754 1019 2783 1054 e
2810 1000 3053 1070 capitulo
3081 999 3164 1052 die
3192 997 3442 1050 Dominico
3465 1003 3617 1052 sonent

430 1089 598 1141 lauda
618 1091 676 1141 in
695 1094 862 1142 nocte.
887 1088 1052 1160 Resp.
1085 1092 1360 1158 Propitius
1380 1098 1504 1145 esto.
1531 1093 1785 1146 Alleluia.
1809 1095 2030 1147 (Neude
2074 1077 2094 1090 ’
2113 1092 2357 1162 signum,
2394 1095 2566 1162 agant
2590 1088 2930 1155 orationem;
2959 1088 3088 1141 dein
3110 1093 3258 1141 exeat
3284 1086 3499 1139 sacerdos
3522 1103 3614 1138 cum

428 1174 875 1220 nobis--Rvnnopl
897 1178 1199 1220 gnrnnﬂnm
1229 1175 1427 1220 Lunam
1483 1182 1697 1220 Ῐφήρίηιη
1732 1188 1804 1220 lus}
1839 1187 1889 1220 [vi
1909 1199 1942 1220 ιιι
1956 1198 2024 1220 nn
2110 1181 2416 1220 infantihnc
2446 1185 2500 1220 of
2528 1189 2842 1220 nl‘mnnrnnt
2874 1195 2932 1220 ep
2962 1178 3030 1220 sui
3087 1177 3316 1220 missam.
3345 1175 3476 1220 'l‘nnc.
3500 1178 3618 1220 sonet

429 1356 492 1405 in
520 1354 912 1407 holocaustum.
942 1355 1154 1409 Comm.
1187 1357 1411 1410 Inc/ina
1442 1374 1638 1411 aurem.
1670 1364 1846 1411 tuam.
2119 1359 2497 1412 munciatione
2527 1357 2841 1428 principali.
2897 1355 2979 1408 Ad
3033 1353 3374 1424 expletionem
3401 1350 3619 1419 Evangelii

979 1445 1211 1499 CAPUT
1235 1445 1505 1500 XXXVII.
2116 1447 2335 1501 dicatur
2357 1449 2523 1502 Credo
2546 1450 2604 1499 in
2627 1463 2807 1498 unum
2835 1446 3024 1498 Deum.
3052 1444 3170 1506 Quo
3208 1442 3401 1512 expleto
3418 1439 3622 1492 ascendat

777 1534 862 1588 Ad
889 1535 1129 1586 diversas
1164 1551 1342 1601 preces
1379 1537 1679 1602 faciendas.
2114 1537 2394 1590 armarius
2421 1537 2478 1588 in
2510 1536 2790 1606 pulpitum
2822 1540 2879 1588 et
2899 1533 3121 1586 nuntiet
3142 1531 3279 1602 plebi
3299 1528 3527 1582 malitiam
3541 1544 3626 1597 per-

500 1619 618 1673 Hac
642 1620 860 1674 ratione.
893 1620 1176 1674 faciendus
1190 1623 1547 1677 ecclesiastici
1579 1623 1793 1678 ordinis
1821 1625 2030 1678 clamor
2112 1629 2451 1678 secutorum.
2487 1625 2626 1678 Dein
2653 1623 2918 1694 procedat
2949 1622 3093 1674 alius
3116 1621 3277 1673 frater
3305 1624 3355 1672 et
3379 1619 3505 1686 legat
3526 1632 3626 1668 ana-

429 1709 831 1762 adDominum.
861 1710 1186 1764 Admissam
1212 1711 1711 1782 principalemjam
1736 1715 1882 1767 dicta
1900 1715 2382 1811 ora-Bthemata,
2435 1715 2518 1766 vel
2566 1713 2865 1765 maledicta
2908 1717 3024 1764 tam
3071 1710 3227 1772 Novi,
3276 1724 3424 1778 quam
3465 1704 3633 1757 Veteris

427 1796 578 1849 tione
599 1797 888 1851 Dominica
899 1799 1139 1852 ministri
1154 1801 1394 1853 ecclesiae
1411 1803 1736 1872 cooperiant
1752 1805 2032 1873 pavimen-
2046 1793 2092 1811 ³³
2111 1803 2453 1857 Testamenti
2476 1803 2782 1856 secundum
2801 1800 3101 1854 utilitatem
3122 1817 3181 1852 ac
3198 1797 3472 1868 jussionem
3494 1811 3520 1846 a
3535 1793 3631 1846 sede

423 1889 544 1937 tum
575 1892 705 1938 ante
732 1888 908 1940 altare
934 1888 1132 1956 cilicio,
1150 1893 1206 1941 et
1219 1889 1460 1960 desuper
1475 1898 1687 1961 ponant
1706 1893 2028 1946 cruciﬁxum
2114 1892 2420 1963 apostolica
2437 1898 2745 1960 acceptam,
2779 1894 2835 1943 et
2863 1907 2897 1942 a
2925 1889 3118 1942 vicinis
3138 1886 3391 1958 episc0pis
3415 1881 3636 1955 probatio-

427 1977 484 2026 et
506 1979 721 2026 textum
763 1973 1212 2045 Evangeliorum,
1246 1984 1302 2031 et
1331 1996 1566 2049 corpora.
1600 1985 1943 2044 sanctorum,
1978 1987 2034 2034 et
2118 1999 2264 2042 nem,
2298 1983 2486 2034 datam'
2521 1979 2968 2033 maledictioncm
3001 1994 3113 2031 non
3146 1969 3638 2030 emendantibus,be-

425 2061 606 2116 omnis
622 2061 804 2117 clerus
826 2065 883 2118 in
909 2065 1224 2136 pavimento
1239 2066 1422 2136 jaceat
1444 2074 1759 2138 prostratus
1782 2071 2031 2124 canendo
2115 2070 2488 2124 nedictionem
2520 2069 2600 2121 eis
2630 2068 2723 2138 qui
2750 2084 2808 2121 se
2839 2070 3156 2136 praeparant
3179 2063 3245 2116 ad
3270 2059 3634 2116 emendationes.

424 2147 2027 2223 psalmum,thuitl,Deus.repulistiinﬁnemsubsilentio.
2115 2158 2236 2222 Qua
2288 2159 2432 2211 lecta
2476 2157 2865 2226 exstinguatur
2912 2155 3165 2217 candela,
3195 2153 3463 2223 pulsentur
3496 2145 3638 2200 omnia

423 2239 657 2293 Interim
689 2241 800 2294 duo
821 2241 982 2310 signa
1013 2244 1403 2313 percutiuntur
1433 2245 1502 2298 ab
1525 2247 1768 2301 ecclesia:
1789 2246 2031 2300 custodi-
2112 2248 2291 2317 signa.
2321 2245 2574 2300 Dimissis
2606 2249 2967 2316 prosternant
2991 2261 3050 2297 se
3081 2258 3271 2297 omnes
3301 2241 3352 2294 in
3379 2245 3574 2300 terram,
3599 2239 3640 2285 et

424 2327 546 2391 bus,
580 2329 843 2399 solusque
874 2332 1131 2385 sacerdos
1179 2338 1309 2386 ante
1353 2333 1704 2387 Dominicnm
1742 2352 1944 2406 corpus
1975 2339 2031 2389 et
2113 2335 2214 2388 hos
2245 2335 2490 2406 psalmos
2519 2335 2837 2388 decantent.
2883 2335 3138 2391 Domine,
3181 2332 3312 2399 quid
3346 2323 3643 2394 multiplicati

426 2417 758 2486 sanguinem
789 2419 1007 2473 nOViter
1050 2429 1457 2487 consecratum,
1488 2430 1545 2476 et
1574 2429 1704 2476 ante
1737 2425 2029 2494 praedictas
2111 2429 2267 2480 sunt.
2291 2422 3001 2491 DeusinatﬁutoriumNel
3029 2421 3166 2474 istos
3187 2420 3320 2473 duos
3338 2417 3641 2485 adjungentes

426 2503 693 2575 reliquias
741 2513 1083 2570 sanctorum,
1106 2509 1220 2562 alta
1253 2527 1379 2563 voce.
1406 2509 1636 2580 incipiat
1665 2513 1810 2565 hunc
1827 2514 2032 2566 clamo-
2111 2514 2463 2567 Denediristi.
2491 2499 3006 2565 FundamentaNel
3037 2509 3232 2580 quales
3256 2505 3522 2561 habuerint
3544 2518 3642 2555 con-

425 2607 543 2646 rem
575 2590 760 2647 dicere
794 2612 804 2647 :
849 2597 1072 2649 Ostende
1123 2599 1296 2650 nobis.
1335 2599 1458 2652 Esto
1506 2603 1674 2663 nobis,
1712 2603 1865 2654 Dom.
1922 2603 2029 2654 Me-
2114 2602 2340 2654 stitutos
2375 2618 2441 2654 ex
2474 2601 2616 2654 aliis.
2648 2601 2836 2670 Capit.
2879 2600 3103 2652 Ostende
3154 2600 3316 2650 nobis.
3367 2597 3473 2648 Esto
3510 2593 3642 2644 nobis.

423 2688 605 2736 mento
635 2687 829 2745 nostri,
855 2687 1002 2738 Dom.
1042 2687 1248 2739 .‘llemor
1277 2693 1381 2739 esto
1408 2705 1560 2755 cong.
1589 2690 1850 2756 Exsurge,
1876 2692 2025 2743 Dom.
2115 2689 2374 2756 Exsurge,
2408 2691 2656 2743 Domine.
2692 2689 2990 2743 Orationes
3025 2707 3035 2740 :
3075 2687 3307 2741 Concede
3338 2700 3422 2737 nos
3455 2682 3648 2748 [catulos

424 2773 1060 2830 Dominam-audierat.
1104 2777 1383 2842 lnspiritu
1418 2778 1817 2830 Iunnilitatiset
1839 2781 2030 2831 animo
2115 2784 2252 2841 tuos,
2314 2795 2649 2845 quaesumus,
2674 2780 2919 2831 Domine.
2976 2777 3324 2844 Omnipotens
3383 2772 3649 2836 sempiterne

421 2861 661 2914 contrito
692 2866 819 2913 ante
840 2867 1094 2914 sanctum
1117 2864 1296 2916 altare
1327 2868 1487 2917 tuum
1511 2871 1558 2917 et
1587 2869 2030 2918 sacratissimum
2115 2869 2271 2931 Deus,
2307 2872 2644 2921 incestarum.
2671 2866 2774 2920 Vel
2805 2866 2948 2920 sicut
2984 2865 3252 2928 diximus,
3274 2868 3335 2916 ut
3359 2861 3554 2914 decreta
3570 2856 3650 2907 lia-

421 2958 616 3015 corpus
645 2951 693 3002 et
713 2953 1043 3016 sanguinem
1068 2956 1247 3014 tuum,
1274 2954 1498 3006 Domine
1526 2955 1672 3018 Jesu,
1717 2956 2032 3022 Redemptor
2112 2954 2354 3008 buerint.
2389 2956 2694 3025 Surgentes
2711 2960 2940 3008 cantent
2953 2953 3313 3017 offerendam,
3344 2955 3395 3003 et
3414 2945 3652 3019 perﬁciant

423 3039 640 3099 mundi,
665 3040 994 3101 accedimus,
1027 3045 1074 3092 et
1112 3041 1174 3092 de
1191 3045 1422 3108 peccatis
1454 3046 1675 3108 nostris,
1699 3059 1800 3110 pro
1830 3044 2028 3111 quibus
2046 3030 2088 3088 Ο
2111 3043 2358 3097 missam.
2393 3043 2534 3096 Aliis
2563 3042 2760 3096 diebus
2789 3042 3136 3113 quotidianis
3165 3045 3330 3111 agant
3357 3039 3450 3091 ita.
3484 3035 3587 3088 Mox
3605 3035 3655 3085 ut

417 3128 562 3194 juste
581 3128 1210 3194 afﬂigimurculpabites
1235 3136 1429 3182 contra
1457 3136 1503 3182 te
1531 3148 1626 3184 nos
1640 3133 2031 3186 -reddimus.Ad
2113 3132 2462 3185 surrexerint
2487 3149 2516 3185 e
2543 3132 2804 3201 capitulo,
2867 3131 3094 3184 veniant
3124 3137 3180 3184 et
3217 3129 3399 3182 dicant
3422 3126 3473 3178 in
3498 3120 3654 3193 primis

423 3218 488 3274 te,
520 3215 749 3267 Domine
777 3215 1211 3274 Jesumenimus,
1235 3219 1307 3269 ad
1334 3223 1381 3270 te
1401 3223 1670 3284 prostrati
1701 3225 2026 3274 clamamus,
2116 3220 2361 3290 quinque
2401 3220 2646 3291 psalmos
2687 3233 2788 3290 pro
2827 3219 3128 3288 defunctis,
3178 3223 3233 3272 et
3273 3225 3399 3271 tunc
3434 3214 3655 3266 sonentur

421 3303 681 3369 quiaviri
694 3305 883 3370 iniqui
905 3307 1647 3373 etsuperbisuz‘squem‘ribus
1665 3311 2035 3375 conﬁsiundi-
2116 3310 2297 3378 signa,
2337 3315 2393 3363 et
2445 3307 2713 3379 dejiciant
2758 3325 2817 3363 se
2870 3299 2928 3362 in
2990 3309 3166 3362 humo
3224 3313 3278 3360 et
3336 3305 3508 3359 dicant
3545 3301 3657 3352 sicut

423 3405 524 3457 que
551 3402 715 3457 super
745 3401 839 3444 nos
867 3395 1189 3459 insurgunt,
1216 3397 1391 3446 terras
1415 3395 1582 3461 hujus
1603 3400 1918 3450 sanctuarii
1949 3401 2036 3450 tui
2119 3413 2309 3468 supra.

421 3485 851 3546 cartemrumque
862 3481 968 3532 sibi
979 3480 1292 3547 subjectaru
1303 3498 1352 3534 ni
1366 3486 1719 3536 ecclesiarum
1734 3487 2026 3544 invadunt.
2643 3483 2879 3540 CAPUT
2927 3485 3181 3542 XXXIX.

421 3567 812 3632 (lepra-dantur
827 3572 875 3619 et
899 3572 1140 3626 vastant,
1162 3584 1430 3636 pauperes
1449 3576 1567 3623 tuos
1584 3576 1818 3626 cultores
1834 3590 2028 3626 earum
2221 3576 2470 3642 Qualiter
2489 3581 2661 3641 agant
2690 3577 2739 3627 si
2756 3579 3068 3642 processuri
3097 3578 3231 3628 sunt
3251 3574 3323 3626 ad
3346 3572 3577 3626 Sanctam

423 3655 485 3705 in
510 3655 690 3706 dolore
722 3660 770 3706 et
801 3655 949 3720 fame
978 3661 1140 3723 atque
1161 3656 1413 3710 nuditate
1443 3662 1618 3712 rivere
1646 3662 1884 3726 faciunt,
1923 3669 2030 3715 to-r-
2761 3661 3024 3714 Mariam.

423 3744 622 3793 mentis
651 3744 817 3794 etiam
848 3749 895 3795 et
925 3746 1128 3810 gladiis
1160 3749 1431 3807 occidunt,
1468 3754 1683 3802 nostras
1725 3753 1890 3803 etiam
1945 3768 2028 3804 res
2181 3750 2414 3813 Quando
2445 3750 2654 3803 vadunt
2683 3750 2752 3803 ad
2785 3750 3072 3804 basilicam
3109 3753 3173 3808 S.
3198 3749 3396 3808 Mariae,
3424 3745 3587 3800 statim
3613 3745 3659 3792 ut

421 3829 567 3881 unde
595 3833 773 3882 vivere
803 3832 1057 3885 debemus
1087 3837 1145 3886 in
1180 3838 1270 3887 tuo
1310 3841 1498 3888 sancto
1535 3842 1774 3899 servitio,
1810 3844 1858 3892 et
1892 3856 2028 3906 quas
2109 3839 2471 3902 surrexerint,
2497 3839 2768 3908 incipiant
2791 3840 3035 3909 psalmos
3058 3857 3161 3910 pro
3183 3837 3470 3899 defunctis,
3486 3839 3534 3888 et
3548 3836 3661 3904 post-

422 3917 586 3970 beat‘u
612 3920 818 3972 anima:
838 3921 968 3974 huic
991 3922 1102 3974 loco
1113 3937 1215 3989 pro
1235 3925 1410 3976 salute
1436 3941 1539 3979 sua
1562 3929 2027 3994 reliquerunt,di-
2111 3927 2336 3982 modum
2370 3927 2634 3998 prostrati
2661 3943 2760 3998 pro
2791 3928 3256 3982 tribulationibus
3287 3927 3485 3996 absque
3513 3920 3659 3975 sonitu

420 4009 640 4072 ripiunt
665 4009 854 4060 :nobis
880 4012 1047 4062 etiam
1077 4012 1342 4064 violenter
1368 4015 1910 4079 auferunt.Ecclesia
1931 4022 2026 4070 tua
2109 4016 2458 4069 tonn‘itorum
2493 4015 2622 4080 (66),
2658 4023 2713 4069 et
2736 4017 2939 4087 psalmi
2989 4017 3255 4071 dicantur
3290 4017 3430 4070 sicut
3456 4006 3662 4085 praedixi-

421 4095 546 4154 hze,
576 4097 823 4155 Domine,
860 4112 1028 4164 quam
1057 4103 1257 4166 priscis
1309 4104 1644 4168 temporibus
1670 4105 1930 4170 fundasti
1976 4111 2027 4158 et
2109 4121 2252 4158 mus.
2293 4105 2365 4158 Et
2411 4105 2714 4176 aliquando
2762 4106 2808 4158 si
2857 4105 3030 4158 velint
3078 4108 3389 4176 adjungere
3431 4101 3662 4173 psalmum

418 4184 736 4236 sublimasti
759 4187 821 4237 in
843 4183 1103 4239 honorem
1126 4189 1287 4240 beatae
1308 4205 1518 4256 semper
1555 4193 1794 4258 Virginis
1812 4191 2020 4252 Maria,
2110 4196 2348 4257 Inclina,
2381 4195 2610 4246 Domine
2642 4195 2698 4247 et
2721 4194 3072 4258 Benedid‘isli,
3098 4193 3217 4248 hinc
3239 4193 3474 4264 capitula
3495 4188 3664 4242 dicant.

420 4272 561 4324 sedet
575 4274 634 4323 in
655 4275 907 4360 tristitia,
934 4288 1046 4327 non
1060 4278 1252 4341 estqui
1272 4281 1580 4330 consoletur
1600 4285 1648 4331 et
1671 4281 1859 4333 liberet
1880 4297 2022 4345 eam,
2045 4303 2088 4360 ι)
2108 4285 2227 4336 Post
2262 4287 2510 4350 partum.
2549 4283 2787 4336 Ostende.
2821 4284 2947 4335 Esto
2979 4285 3152 4335 nobis.
3192 4283 3478 4336 Collectas.
3507 4279 3668 4331 Conce-

423 4360 537 4411 nisi
564 4364 642 4424 tu,
670 4354 808 4416 Deus
833 4367 1031 4414 noster.
1062 4363 1307 4429 Ersurge
1329 4368 1528 4432 igitur,
1555 4367 1943 4434 DomineJesu,
1963 4372 2025 4422 in
2045 4354 2079 4360 ⁷
2107 4373 2186 4423 de.
2235 4373 2573 4436 Ine/fabilem
2621 4373 2774 4424 Deus.
2829 4373 2936 4438 Qui
2969 4375 3298 4433 contritum,
3344 4369 3424 4422 vel
3461 4367 3666 4421 [Iastium

420 4449 770 4515 adjutorium
788 4455 1036 4503 nostrum
1046 4453 1327 4519 ;conforta
1352 4459 1828 4514 nos,etau:ciliare
1851 4459 2022 4519 nobis;
2110 4463 2444 4512 nostrorum.
2483 4458 2695 4522 Quibus
2725 4459 2898 4512 ﬁnitis
2927 4465 3130 4514 exeant
3154 4463 3213 4514 et
3241 4461 3400 4513 sonet
3439 4456 3575 4526 prior
3599 4458 3669 4502 ta-

422 4550 679 4602 empugna
709 4539 1098 4604 impugnantes
1124 4556 1238 4600 nos,
1281 4543 1480 4608 frange
1510 4545 1677 4596 etiam
1711 4547 2025 4612 superbiam
2107 4545 2318 4608 bulam,
2349 4546 2392 4599 si
2423 4553 2646 4618 tempus
2675 4548 2845 4601 fuerit
2890 4549 3044 4618 loqui
3089 4540 3147 4602 in
3197 4549 3456 4611 claustro,
3489 4547 3539 4596 et
3565 4554 3668 4611 per-

423 4625 674 4688 illorum,
699 4628 797 4691 qui
813 4630 974 4677 tuum
997 4630 1174 4680 locum
1192 4633 1238 4680 et
1257 4643 1352 4680 nos
1372 4631 1750 4697 a/ﬂiguntJ‘u
1770 4637 1889 4697 scis,
1923 4636 2023 4688 Do-
2101 4635 2200 4704 gat
2227 4635 2611 4706 unusquisque
2640 4636 2710 4688 ad
2740 4635 2919 4689 officia
2945 4651 3065 4689 sua.

423 4712 592 4774 mine,
613 4715 712 4779 qui
723 4719 853 4765 sunt
873 4716 964 4764 illi
984 4717 1031 4766 et
1056 4718 1285 4768 nomina
1308 4719 1797 4788 ittorum,corpora
1815 4739 2022 4790 quoque
2707 4724 2937 4777 CAPUT
2974 4724 3089 4778 XL.

421 4801 650 4852 eteorda
669 4813 860 4853 eorum
879 4807 1178 4870 antequam
1201 4812 1562 4860 nascerentur
1582 4811 1682 4862 tibi
1699 4815 1827 4863 sunt
1845 4815 2026 4878 cognio
2311 4812 2382 4864 De
2409 4812 2685 4878 fratribus
2711 4813 3032 4865 exeuntibus
3060 4813 3123 4865 de
3155 4813 3503 4864 monasterio.

423 4885 862 4956 ta.0uapropter
890 4905 991 4950 eos,
1021 4893 1176 4955 Deus,
1201 4895 1343 4945 sicut
1381 4897 1482 4947 scis
1499 4897 1808 4962 justiﬁcata
1831 4902 1892 4951 in
1915 4903 2025 4952 vir—
2178 4897 2376 4952 Frater
2422 4899 2640 4969 fugiens
2677 4900 2745 4954 de
2791 4899 3131 4954 monasterio
3176 4901 3314 4954 dum
3363 4895 3553 4952 reverti
3591 4907 3672 4944 vo-

422 4980 532 5028 tute
564 4980 678 5040 tua,
705 4976 795 5043 fac
823 4993 906 5030 eos
936 4993 1247 5045 cognoscere
1281 4997 1384 5034 sua
1414 4986 1735 5050 malefacta,
1768 4995 1816 5038 et
1849 4989 2022 5041 libera
2107 4987 2293 5051 luerit,
2317 4988 2502 5042 nudus
2523 4994 2580 5041 et
2599 4985 2960 5041 discalciatus
2994 4990 3182 5042 veniat
3213 4989 3270 5042 in
3294 4985 3601 5059 capitulum,
3625 4982 3672 5034 in

420 5080 516 5118 nos
555 5068 617 5118 in
648 5069 1029 5121 misericordia
1061 5073 1178 5130 tua;
1206 5083 1274 5122 ne
1297 5071 1564 5138 despicias
1597 5089 1708 5135 nos,
1729 5075 1882 5136 Deus,
1905 5079 2020 5129 cla-
2103 5075 2330 5129 brachio
2361 5082 2556 5129 tenens
2585 5078 2884 5138 cucullam,
2932 5088 2987 5130 et
3026 5087 3196 5131 manu
3240 5078 3450 5146 virgam
3491 5073 3668 5126 ferens.

419 5159 631 5207 mantes
659 5156 734 5207 ad
763 5161 809 5208 te
839 5157 902 5208 in
931 5159 1254 5223 afﬂictione,
1279 5161 1369 5211 sed
1384 5166 1610 5226 propter
1645 5165 1886 5227 gloriam
1921 5181 2019 5218 no-
2103 5169 2344 5234 Accepto
2380 5165 2588 5233 judicio
2614 5173 2707 5218 eat
2736 5165 2884 5218 foras
2913 5165 2971 5218 in
3015 5165 3204 5238 aliquo
3249 5166 3390 5227 loco,
3423 5173 3478 5218 et
3504 5159 3678 5216 vestiat

419 5247 593 5296 minis
608 5247 748 5296 tuiet
767 5246 1342 5314 nu’sericordiam,qua
1363 5249 1540 5300 locum
1557 5252 1723 5302 istum
1741 5251 2015 5318 fundasti,
2104 5269 2162 5306 se
2193 5259 2250 5306 et
2277 5253 2474 5307 calciet
2507 5272 2517 5306 :
2551 5261 2950 5325 revertensque
2980 5254 3037 5307 in
3069 5255 3402 5324 capitulum,
3437 5257 3579 5322 petat
3603 5263 3676 5299 ve-

419 5335 550 5384 etin
581 5333 841 5385 honorem
862 5336 1151 5398 genitricis
1170 5339 1274 5387 tua
1301 5337 1902 5403 sublimasti,visitasti
1922 5358 2018 5395 nos
2100 5342 2252 5394 niam
2306 5348 2436 5396 ante
2483 5342 2742 5396 abbatem
2788 5349 2845 5396 et
2891 5343 3012 5412 ipso
3071 5343 3300 5413 iubente
3356 5348 3444 5396 eat
3508 5338 3676 5393 sedere

2103 5431 2246 5484 sicut
2274 5431 2487 5500 Regula
2515 5432 2764 5503 praecipit
2794 5441 2932 5502 (cap.
2967 5430 3079 5500 29).
3123 5432 3181 5486 Si
3228 5433 3293 5485 D.
3322 5429 3490 5483 abbas
3519 5429 3674 5488 deest,

649 5577 1012 5660 Tenuitqrum
1042 5581 1276 5660 ερηίιιιε,
1309 5596 1436 5660 ι’θλοτ
1459 5597 1586 5660 esse
1623 5583 1784 5654 signa
1822 5587 1908 5641 vel
1937 5593 2098 5643 notas
2127 5593 2391 5644 tonorum
2420 5589 2656 5644 musices
2695 5599 2706 5641 ':
2734 5597 2800 5643 ac
2829 5591 2876 5644 si
2907 5590 3118 5645 diceret
3148 5609 3158 5641 :
3188 5589 3437 5660 psalmos
3465 5602 3561 5658 pro
3584 5581 3676 5637 tri—

422 5646 804 5699 bulationibus
833 5647 1044 5718 absque
1066 5655 1199 5703 tono
1224 5646 1734 5724 prostratiddicanvt.
