3950 6168
248 346 399 422 1277
1460 354 1873 425 DISCI‘P‘LI‘NA
1910 350 2328 425 FARFEN’SIS.
3404 346 3543 425 ms

241 489 365 560 ipsi
395 478 715 545 reservetur
737 490 1031 569 judicium.
1066 492 1208 546 Cum
1230 497 1425 547 autem
1449 510 1704 549 reversus
1735 495 1858 549 fue—
1876 500 1920 555 A
1939 484 2162 548 dilectio
2197 500 2317 560 tua,
2361 494 2493 566 quia
2520 499 2801 568 suggessit
2840 484 2945 552 iste
2991 487 3166 551 frater
3210 483 3309 550 Ille
3350 488 3533 548 nobis,

241 579 353 644 rit,
390 579 508 650 ipse
542 579 719 634 frater
741 579 1018 634 subducat
1036 598 1097 635 se
1125 598 1159 635 a
1186 584 1487 653 conSpectu
1517 584 1658 652 ejus,
1684 584 1860 637 donec
1943 589 2005 637 ut
2031 584 2111 637 illi
2143 568 2426 638 licentiam
2459 584 2721 642 daremus
2768 586 3051 641 vobiscum
3080 574 3387 639 babitandi‘.
3420 582 3536 636 Nos

242 668 354 721 tali
387 669 447 721 in
476 668 598 722 loco
629 670 831 745 veniat,
861 669 956 725 ubi
986 676 1142 741 petat
1182 670 1401 725 veniam
1434 689 1597 725 suam
1637 664 1861 727 satisfa-
1942 680 2133 726 autem
2165 673 2296 743 quia
2325 680 2381 727 te
2409 668 2772 745 cognovimus
2815 677 3132 746 regularem
3167 664 3419 727 ordinem
3448 666 3536 725 te-

252 757 482 821 ciendo,
513 764 571 812 et
595 759 744 828 quod
773 758 823 812 ei
854 760 1199 830 przeceperit,
1238 761 1293 813 id
1327 761 1513 815 faciat.
1547 762 1672 816 Una
1701 770 1862 817 nocte
1944 777 2098 825 nere,
2131 760 2472 831 praebuimus
2495 780 2826 819 consensum
2845 758 2895 817 ei
2913 763 3197 817 vobiscum
3221 752 3535 816 habitandi.

248 847 447 916 jaceat
472 847 531 900 in
561 842 825 923 hospitali
858 854 1161 918 antequam
1212 850 1535 920 recipiatur.
1573 851 1629 905 Si
1658 840 1863 921 fugerit
1944 838 2105 903 Nunc
2145 855 2333 903 autem
2383 851 2541 905 illum
2582 843 2683 907 tibi
2732 848 3082 915 commendo,
3136 855 3199 904 ut
3250 844 3408 902 illum
3450 848 3533 900 ita

259 936 337 990 de
362 936 555 1006 aliqua
581 936 725 989 cella
752 946 807 990 et
834 936 909 990 ibi
938 954 1195 992 reversus
1224 937 1414 997 fuerit.
1446 939 1769 1010 recipiatur,
1802 946 1864 995 ut
1943 934 2149 992 tractes
2176 939 2342 993 sicuti
2369 954 2490 1010 ego,
2520 946 2578 994 et
2600 958 2701 1012 pro
2721 930 2819 995 illo
2840 934 3113 995 rationem
3134 936 3372 994 Domino
3392 935 3537 991 sicut

257 1030 354 1079 est
378 1041 551 1095 supra
577 1024 785 1079 dictum
813 1043 823 1078 :
850 1031 906 1080 et
921 1027 1144 1096 quando
1164 1028 1380 1082 venerit
1397 1018 1469 1082 ad
1487 1034 1656 1100 caput
1674 1042 1864 1083 mona-
1944 1044 2047 1097 ego
2077 1027 2296 1081 reddas.

260 1115 448 1180 sterii,
480 1116 742 1170 similiter
769 1116 825 1171 id
855 1117 1037 1172 faciat.
1074 1118 1133 1172 Si
1162 1117 1371 1188 fugerit
1392 1119 1461 1173 de
1486 1119 1674 1191 aliqua
1701 1108 1858 1179 cella,

250 1211 315 1259 et
344 1203 424 1257 ibi
444 1220 556 1258 non
586 1220 843 1259 reversus
870 1206 1059 1270 fuerit.
1075 1208 1133 1261 et
1146 1208 1362 1262 venerit
1384 1209 1453 1261 ad
1475 1213 1645 1278 caput
1663 1226 1861 1262 mona-
2370 1207 2443 1259 De
2466 1209 2731 1273 panariis
2752 1207 3097 1261 monasterii.

251 1294 440 1351 sterii.
470 1293 865 1373 recipiaturmt
890 1302 977 1349 est.
998 1297 1259 1368 superius
1288 1297 1862 1367 praenotatum,donec
2014 1278 2304 1347 Portarius
2350 1294 2527 1347 frater
2576 1311 2853 1366 nusquam
2892 1290 3056 1348 debet
3103 1292 3375 1363 equitare.
3427 1289 3534 1344 niSi

254 1389 494 1435 vocetur
528 1383 683 1453 prior
718 1383 788 1437 de
829 1384 952 1454 ipsa
997 1386 1156 1451 cella,
1200 1392 1257 1440 et
1288 1387 1592 1441 audiantur
1621 1376 1862 1457 querelae
1942 1376 2084 1434 forte
2113 1374 2536 1452 supervenerint
2564 1378 2853 1455 praedones
2877 1384 3023 1438 infra
3040 1381 3309 1436 terminos
3339 1395 3535 1432 mona-

254 1467 586 1535 amborum,
620 1458 676 1523 et
703 1469 1023 1542 ubicunque
1047 1472 1215 1527 fuerit
1235 1474 1399 1545 culpa
1425 1460 1651 1529 inventa
1677 1466 1864 1529 emen-
1945 1469 2101 1523 δίεπ’ίὶ
2128 1488 2139 1532 ;
2173 1487 2272 1541 pro
2301 1472 2407 1525 hoc
2436 1473 2641 1543 poterit
2671 1491 2921 1545 pergere.
2959 1464 3244 1542 Equorum
3282 1484 3413 1522 vero
3442 1483 3534 1520 as-

259 1556 453 1611 detur.
489 1558 623 1635 Pos‘t
653 1559 771 1613 haec
816 1560 863 1614 si
916 1550 1090 1632 priori
1128 1562 1350 1616 videtur
1388 1557 1705 1618 revertatur
1742 1554 1864 1635 ipse
1944 1574 2202 1613 censores
2230 1560 2286 1613 in
2307 1578 2466 1615 suam
2501 1563 2696 1617 cellam
2726 1555 3087 1617 advenientes
3114 1561 3183 1614 ab
3209 1559 3331 1630 ipso
3356 1547 3539 1611 h‘ono—

260 1647 446 1701 frater
473 1632 543 1701 ad
575 1649 752 1719 ipsam
782 1648 1001 1704 cellam.
1765 1632 1782 1635 ⁷
1946 1635 2096 1701 rifice
2128 1649 2495 1720 excipiantur,
2532 1657 2589 1705 et
2617 1670 2649 1706 a
2692 1652 2914 1707 famulis
2943 1650 3202 1714 servisve,
3228 1640 3285 1702 et
3303 1646 3538 1717 jubente

847 1728 1083 1793 CAPUT
1118 1726 1259 1794 XLI.
1876 1802 1923 1813 4'
1945 1736 2131 1807 priore
2169 1740 2473 1793 secundum
2522 1740 2747 1795 illorum
2779 1744 3144 1813 personarum
3178 1732 3531 1810 qualitatem.

612 1902 617 1905 Α
796 1829 868 1881 De
892 1820 1328 1905 phlebotomatis.
1873 1802 1927 1871 Β
1945 1802 2071 1894 ipse
2097 1827 2362 1896 praefatus
2391 1824 2567 1882 frater
2594 1830 2710 1883 suis
2731 1802 3105 1900 subj'ectaneis
3127 1802 3232 1895 (δέ)
3257 1842 3459 1898 panem
3479 1814 3538 1878 ei

331 1914 393 1967 Si
430 1913 556 1990 quis
583 1904 1004 1970 fratervoluerit
1030 1904 1363 1988 sanguinem
1393 1917 1645 1972 minuere
1660 1936 1863 1990 proca-
1944 1914 2132 1967 vinum
2166 1916 2415 1985 quotidie
2443 1916 2658 1970 deferat
2683 1916 2780 1975 ibi.
2814 1909 2957 1972 Dum
2990 1908 3141 1971 domi
3183 1932 3294 1969 non
3324 1912 3535 1968 fuerint

252 2007 348 2056 ret
374 1988 628 2057 indicare
666 2004 875 2069 abbati,
911 2007 993 2060 vel
1023 1994 1222 2077 priori,
1252 1994 1299 2061 si
1327 1999 1500 2062 abbas
1530 2025 1641 2062 non
1664 2010 1857 2078 adest,
1945 2002 2212 2072 hospites.
2241 1992 2300 2057 ίίι
2330 1996 2626 2073 οοῳλὶηειω
2657 2011 2789 2060 eam
2816 2007 2887 2060 ad
2917 2006 3231 2069 edendﬁm;
3267 2003 3399 2074 (ἱυίε
3428 1995 3536 2073 iPSi

255 2092 487 2154 licentia
518 2092 761 2164 denique
791 2101 1037 2165 accepta,
1070 2097 1163 2175 eat
1191 2094 1438 2175 indicare
1460 2088 1766 2163 cellerario,
1800 2105 1866 2154 ut
1944 2078 2151 2145 ἀέῦθηί
2176 2088 2376 2157 facere,
2410 2094 2634 2175 quando
2664 2101 2882 2159 vacant,
2906 2110 3109 2166 cappas
3130 2090 3388 2175 fratrum.
3412 2082 3536 2175 δεῖῙῇ

256 2182 471 2237 habere
498 2183 667 2237 faciat
694 2184 1028 2238 arcedonem
1080 2172 1204 2254 167),
1256 2174 1343 2239 vel
1365 2186 1413 2239 si
1441 2192 1665 2257 tempus
1695 2187 1864 2242 fuerit
1943 2195 2100 2234 cares
2146 2186 2439 2251 equorum.
2475 2174 2559 2235 vel
2596 2182 2795 2236 faScias
2827 2183 2948 2254 ipse
2985 2186 3266 2253 procuret.
3317 2170 3536 2233 Γὶὶωιλῖί

264 2271 512 2341 hyemis,
570 2272 759 2342 ignem
811 2258 1115 2327 accendere
1161 2260 1330 2328 faciat
1365 2275 1424 2328 in
1485 2276 1858 2331 calefactorio.
1944 2272 2335 2339 Procuratores
2386 2259 2767 2341 equi'tatomm
2822 2270 2899 2325 ibi
2948 2268 3291 2334 comedunt;
3340 2260 3535 2320 famun

255 2358 417 2437 Tunc
442 2366 641 2437 pergat
667 2360 736 2414 ad
750 2361 985 2429 januam
1017 2351 1394 2432 Eleemosynm
1416 2367 1473 2416 et
1488 2362 1723 2433 accipiat
1746 2381 1858 2418 vas,
1943 2346 2201 2437 discipuli
2230 2352 2465 2437 portarii
2497 2360 2579 2413 eis
2609 2360 2874 2423 serviant,
2907 2366 3101 2431 postea
3129 2357 3236 2429 ipsi
3273 2372 3399 2409 cum
3439 2360 3537 2408 co-

259 2431 391 2500 Mox
424 2436 490 2500 ut
515 2431 874 2519 Elva‘ngelium
893 2440 1191 2503 recitatum
1215 2450 1385 2504 fuerit
1416 2452 1505 2505 eat
1532 2431 1659 2505 cum
1688 2441 1860 2506 silen-
1945 2445 2070 2515 quis
2099 2432 2286 2501 edant.
2323 2436 2448 2519 ipse
2478 2448 2655 2503 frater
2678 2466 2804 2503 cum
2836 2442 2954 2503 suis
2982 2446 3242 2502 omnibus
3269 2450 3536 2515 superveb

258 2535 342 2588 tio
375 2542 549 2605 atque
573 2520 642 2616 de
672 2554 828 2617 more
856 2522 1045 2597 faciat,
1065 2544 1266 2592 ettunc
1287 2538 1437 2593 dicat
1451 2524 1631 2594 tribus
1650 2540 1860 2596 vicibus
1942 2524 2225 2617 nientibus
2254 2536 2399 2589 lecta
2427 2542 2645 2591 sternat
2668 2559 2680 2603 ;
2711 2533 2818 2608 ipsi
2846 2528 2922 2591 ibi
2930 2539 3173 2617 jaceant.
3205 2535 3268 2588 In
3290 2533 3535 2587 crastino

260 2624 402 2676 Deus
428 2627 488 2676 in
518 2616 885 2693 adjutorium,
920 2620 1235 2696 adjungens
1265 2628 1451 2683 Gloria
1482 2620 1656 2682 Patri.
1691 2628 1869 2697 Kyri'e'
1943 2623 2221 2677 maturius
2270 2625 2366 2694 qui
2415 2626 2535 2679 Vult
2580 2626 2636 2679 in
2683 2627 2972 2680 ecdesiam
3013 2616 3220 2685 venire.
3271 2638 3400 2675 cum
3434 2637 3539 2675 sua

255 2698 653 2766 elez'Son.Pater
672 2704 871 2767 noster.
899 2717 961 2769 Et
985 2724 1051 2769 ne
1083 2704 1564 2783 nos.AJjuto'rimn
1585 2723 1859 2772 nostrum.
1945 2710 2203 2764 lanterna
2232 2712 2514 2767 illuminet
2542 2721 2599 2767 et
2618 2712 2955 2770 introducat.
2978 2714 3022 2766 si
3052 2713 3183 2767 talis
3212 2708 3381 2764 fuerit
3407 2720 3537 2781 per-

257 2786 587 2854 Benedz’cile.
632 2784 963 2873 Perpetrata
1003 2821 1129 2858 vero
1176 2804 1440 2875 peragret
1482 2798 1857 2860 refectorium.
1944 2802 2120 2866 sdna;
2153 2799 2239 2853 sin
2270 2818 2398 2854 vero
2452 2802 2574 2872 ipse
2621 2818 2731 2855 non
2779 2794 2898 2855 vult
2944 2801 3222 2871 occupari,
3263 2792 3535 2885 familiam

2500 1116 2733 1173 CAPUT
2762 1108 2945 1173 XLIli
2958 1162 2970 1174 .

256 2887 315 2942 Si
340 2895 471 2958 post
504 2884 804 2959 prandium
830 2890 1053 2945 visitare
1068 2878 1326 2955 vetuerit,
1347 2892 1491 2946 sicut
1510 2882 1861 2964 prmiuiimus
1941 2890 2185 2952 moneat,
2205 2890 2269 2942 ut
2295 2882 2483 2943 faciat.
2518 2889 2738 2944 Ostium
2770 2906 2898 2943 vero
2928 2888 3077 2960 quod
3108 2892 3193 2942 est
3220 2882 3367 2940 inter
3389 2878 3534 2955 gali-

252 2976 450 3031 omnia
469 2977 675 3033 habeat
693 2969 1174 3051 praeparataﬂum
1194 2964 1645 3051 phlebotomatus
1667 2970 1858 3052 fuerif,
1941 2976 2086 3029 leam
2107 2970 2211 3043 (707
2229 2980 2286 3031 et
2313 2978 2557 3031 claustra
2584 2995 2618 3032 a
2646 2978 2876 3049 praefato
2901 2978 3074 3031 fratre
3097 2966 3345 3048 quotidie
3367 2982 3531 3028 mane

258 3066 455 3119 statim
488 3082 728 3136 pergens
748 3068 805 3121 in
834 3064 1188 3123 refectorium
1220 3069 1357 3124 oﬂ'as
1383 3069 1571 3126 faciat.
1606 3064 1665 3126 Si
1694 3071 1864 3126 servi-

258 3159 415 3208 tores
446 3146 697 3230 sederint
726 3156 795 3209 ad
829 3174 1101 3223 mensam,
1126 3156 1245 3229 ipse
1283 3156 1440 3230 petat
1480 3158 1764 3214 licentiam
1789 3159 1859 3214 ab

253 3242 351 3296 illo
381 3238 482 3313 qui
514 3225 726 3298 sederit
752 3232 822 3299 ad
861 3225 1166 3316 squillam:
1198 3246 1255 3302 Si
1283 3225 1542 3302 domnus
1573 3246 1744 3303 abbas
1777 3246 1864 3303 est

260 3331 517 3385 minutus
542 3332 904 3409 sanguine,in
928 3336 1172 3389 crastino
1192 3335 1471 3407 accipiant
1499 3326 1733 3391 mixtum
1761 3356 1771 3390 :
1807 3340 1865 3392 et

258 3414 328 3473 ad
358 3437 586 3495 versum
618 3422 665 3474 si
702 3416 908 3493 aliquis
940 3421 1183 3477 defuerit
1212 3425 1278 3479 ex
1303 3424 1578 3495 sanguine
1608 3420 1861 3493 minutis,

258 3492 488 3579 quando
515 3502 752 3577 venerit,
778 3492 934 3581 petat
953 3496 1256 3576 licentiam,
1291 3519 1347 3566 et
1378 3492 1526 3567 dicat
1555 3492 1863 3578 versum,et

255 3589 492 3651 accedat
537 3594 607 3652 ad
658 3616 908 3653 mensam
944 3619 955 3653 :
990 3592 1253 3655 similiter
1300 3600 1468 3655 faciat
1509 3602 1556 3654 Si
1597 3602 1750 3673 prior
1777 3596 1863 3658 est

258 3676 520 3740 minutus
550 3684 844 3757 sanguine.
871 3689 1135 3742 Inﬁrmus
1166 3690 1353 3742 autem
1387 3690 1482 3765 qui
1512 3692 1613 3760 pro
1644 3694 1747 3745 sua
1774 3691 1863 3745 in-

255 3770 532 3829 firmitate
567 3773 767 3846 accipit
810 3766 1080 3853 militum,
1101 3776 1213 3830 non
1242 3776 1397 3853 petat
1425 3776 1730 3843 licentiam,
1760 3782 1864 3834 nec

252 3864 408 3917 dicat
450 3866 693 3937 tersum.
738 3854 990 3918 Domnus
1034 3848 1205 3918 abbas
1256 3848 1423 3919 debet
1450 3862 1700 3937 accipere
1730 3869 1865 3921 mix-

253 3958 397 4027 tum!
424 3948 498 4005 ad
545 3932 777 4005 scillam.
824 3944 986 4005 Prior
1040 3958 1252 4015 autem,
1305 3952 1353 4006 si
1404 3949 1646 4007 domnus
1691 3948 1864 4010 abbas

253 4039 432 4093 fuerit
476 4039 532 4093 in
584 4038 948 4105 monasterio,
981 4038 1039 4093 in
1080 4042 1181 4093 suo
1224 4038 1387 4094 stallo
1429 4040 1704 4112 accipiat;
1738 4034 1864 4098 etsi

256 4144 369 4181 non
391 4127 555 4181 adest
589 4127 779 4188 abbas.
814 4128 884 4181 ad
914 4126 1175 4199 squillam
1208 4128 1405 4183 sedeat
1441 4149 1452 4183 :
1484 4120 1746 4184 similiter
1773 4131 1866 4185 de-

256 4232 455 4279 canus,
491 4216 536 4269 si
581 4216 735 4291 prior
762 4216 937 4271 deest.
973 4202 1209 4281 quam.)
1251 4217 1480 4271 insimul
1524 4216 1865 4274 c‘dhveniunt

260 4298 670 4381 phlebdtomati
691 4322 816 4359 cum
841 4300 1219 4376 pueris,ltunc
1244 4302 1434 4360 dicant
1460 4310 1684 4381 versum
1718 4306 1865 4379 pari-

257 4399 374 4446 ter:
410 4380 595 4447 infans
623 4388 775 4463 legat
800 4394 1097 4449 lectionem
1127 4402 1195 4448 ex
1221 4382 1406 4461 Corde,
1438 4380 1638 4449 deinde
1659 4388 1861 4453 edaiiti

1943 3064 2250 3136 aperiatur,
2279 3070 2334 3119 et
2363 3071 2489 3120 Sero
2511 3072 2640 3120 ante
2671 3067 3025 3121 collationem
3055 3064 3364 3120 claudatur.

2510 3142 2744 3210 CAPUT
2771 3142 2961 3210 XLIV.

2171 3235 2424 3309 Qualiter
2450 3247 2578 3310 agat
2598 3244 2951 3298 constabulus
2978 3237 3087 3314 (71)
3108 3237 3302 3312 frater.

2017 3329 2391 3385 Constabulus
2421 3327 2626 3403 quippe
2652 3332 2825 3386 frater
2850 3331 3054 3387 habeat
3080 3330 3184 3386 sub
3214 3348 3319 3386 sua
3345 3335 3535 3384 custo-

1946 3417 2039 3472 dia
2064 3436 2256 3489 equos,
2291 3421 2589 3491 omniaque
2619 3421 2972 3493 equitatuum
2998 3418 3309 3475 stramenta
3338 3424 3396 3473 et
3422 3416 3535 3472 fre-

1945 3514 2017 3560 na'
2037 3508 2310 3577 ipsorum;
2345 3510 2740 3569 annonam,vel
2764 3511 2949 3581 paleas
2967 3510 3024 3564 in
3047 3504 3181 3565 locis
3192 3499 3532 3564 constitutis.

1947 3596 2253 3649 Ettra'neos
2281 3592 2569 3651 venientes
2594 3600 2763 3668 atque
2792 3606 3088 3669 pergentes
3115 3598 3236 3669 ipse
3274 3598 3538 3668 procuret

1946 3690 2071 3738 cuni
2087 3684 2203 3738 suis
2222 3685 2591 3740 familiaribus
2610 3678 2849 3742 famulis.
2869 3686 2981 3756 Ipsi
2999 3689 3131 3759 ergo
3143 3703 3213 3740 ne
3230 3685 3539 3757 quidquam

1945 3766 2170 3833 faciant.
2202 3772 2310 3826 nisi
2351 3760 2497 3843 qUo‘d
2547 3774 2627 3827 eis
2662 3772 2896 3843 jusserit
2938 3774 3203 3845 praefatus
3240 3768 3450 3839 frater;
3481 3760 3540 3826 et

1946 3860 2066 3915 sine
2095 3862 2529 3931 reprehensione
2557 3862 2763 3932 poterit
2790 3861 2860 3916 ad
2891 3866 2985 3916 eo's
3026 3848 3238 3933 aliquid
3268 3860 3337 3915 ad
3364 3852 3537 3915 eden-

1945 3949 2080 4002 dum
2106 3949 2277 4015 dare;
2311 3954 2502 4004 tamen
2543 3966 2577 4004 a
2615 3944 2904 4004 cellerario
2934 3941 3246 4021 quaeritari.
3287 3940 3368 4003 De
3397 3940 3533 4003 refe-

1945 4032 2122 4091 ctorio
2143 4054 2274 4092 vero
2292 4042 2647 4109 nequaquam
2672 4026 2842 4092 debet
2861 4036 3149 4108 asportare
3170 4054 3273 4091 nec
3300 4037 3417 4108 ipse
3434 4044 3538 4090 nec

1946 4116 2290 4198 [quisquam]
2320 4127 2390 4181 de
2410 4118 2534 4180 aliis
2562 4116 2848 4190 fratribus,
2873 4127 2979 4180 nisi
3000 4120 3088 4180 cui
3103 4120 3325 4196 jussum
3345 4122 3535 4179 fuerit.

2531 4215 2765 4269 CAPUT
2788 4215 2951 4269 XLV.

2158 4306 2230 4358 De
2271 4304 2592 4370 hospitibus,
2637 4305 2879 4370 qualiter
2922 4305 3318 4369 Suscipz'antur.
3470 4376 3474 4381 Ι

2019 4378 2141 4445 Hoc
2170 4398 2525 4461 summopere
2547 4408 2696 4445 unus
2724 4391 2899 4445 frater
2918 4391 3001 4444 vel
3030 4391 3142 4444 duo
3173 4394 3299 4443 cu'm
3329 4384 3446 4444 suis
3462 4378 3541 4445 fa-

257 4474 508 4535 habeant
549 4481 661 4536 tria
704 4474 1082 4554 pulmentaria
1129 4487 1402 4554 apparata
1456 4501 1490 4537 a
1536 4464 2115 4547 uellet-arimbmulis
2145 4485 2464 4550 procurent,
2497 4484 2560 4532 ut
2591 4482 2716 4532 cum
2757 4479 3002 4550 hospites
3030 4479 3452 4534 adventaverint
3478 4481 3539 4535 in

259 4570 423 4640 pueri
457 4587 587 4651 vero
620 4574 816 4626 unum.
850 4572 1124 4626 Levantes
1148 4574 1369 4628 versum
1405 4571 1595 4627 dieant
1619 4578 1865 4629 cominu-

256 4660 427 4712 niter.
464 4658 521 4713 Si
551 4654 628 4713 ibi
655 4652 985 4725 comeditur,
1011 4661 1107 4733 qui
1135 4658 1255 4715 vult
1278 4664 1513 4715 mixtum
1546 4663 1864 4728 sumere,de

256 4764 365 4801 sua
391 4744 617 4817 justitia
644 4748 814 4820 atque
858 4748 1002 4805 libra
1041 4756 1166 4821 post
1214 4751 1444 4804 missam
1480 4732 1611 4805 edat
1656 4752 1865 4823 absque

265 4852 450 4890 versu.
497 4837 581 4890 Ad
632 4836 892 4909 vesperas
942 4824 1038 4893 det
1077 4839 1129 4893 ei
1166 4834 1490 4893 uellerarius
1533 4832 1744 4910 aliquid
1792 4841 1860 4895 ad

263 4924 700 4980 comedendum.

847 5002 1082 5067 CAPUT
1110 5002 1280 5069 xm.

254 5102 514 5169 Qualiter
535 5094 994 5154 conime‘udatitie
1020 5096 1213 5156 linem
1232 5088 1426 5156 dandae
1445 5103 1557 5156 sint
1578 5098 1860 5157 monachis

326 5172 446 5260 Ego
494 5171 606 5260 (68)
658 5172 764 5243 Ille
825 5176 1057 5244 humilis
1110 5174 1303 5251 abbas.
1337 5184 1595 5245 Salutem.
1629 5176 1862 5247 Neverit

330 5339 444 5405 (67)
478 5341 686 5394 Arcada
709 5340 747 5392 ἲ.
797 5339 1065 5411 ligamen.
1112 5357 1225 5411 qua
1253 5346 1478 5395 arcetur
1508 5342 1753 5411 sanguis,
1790 5343 1860 5396 ab

253 5412 502 5465 arcendo
528 5411 764 5482 dictum,
790 5422 1110 5482 quanquam
1140 5416 1198 5466 et
1225 5412 1329 5466 hoc
1351 5413 1599 5482 ligamen
1622 5414 1745 5477 alio,
1762 5416 1860 5467 ho-

256 5482 417 5536 mine
443 5479 617 5536 b‘enda
648 5479 863 5536 veteres
892 5479 1321 5538 nominaverint.
1340 5479 1507 5537 Briau.
1532 5483 1665 5539 0rd.
1693 5485 1854 5538 Cl'u'n.

253 5564 607 5690 Ραῖἒὲὶιίἱωο
636 5623 881 5677 formula
901 5624 1221 5678 litterarum
1250 5641 1315 5678 ex
1343 5624 1646 5679 traditione
1677 5602 1862 5679 Hilde-

258 5695 407 5748 mari
444 5693 748 5764 desumpta
776 5702 880 5749 est.

1944 4569 2066 4639 ipsa
2100 4568 2408 4631 mansione,
2436 4578 2559 4638 quae
2583 4560 2793 4622 talibus
2815 4567 3084 4639 deputata
3112 4572 3215 4631 est,
3241 4570 3436 4624 omnes
3455 4569 3537 4624 in-

1945 4658 2173 4722 dticant,
2195 4658 2249 4711 et
2278 4666 2402 4710 cum
2437 4657 2590 4710 omni
2621 4656 2969 4709 humanitate
2987 4658 3314 4728 suscipiant,
3340 4664 3398 4712 et
3417 4663 3543 4730 post

1946 4750 2162 4800 ccen‘ain
2194 4745 2498 4799 abldantur
2526 4746 2609 4799 eis
2637 4752 2671 4798 a
2698 4738 2925 4798 famulis
2956 4739 3145 4816 pedes,
3186 4751 3242 4801 et
3268 4752 3541 4817 parentur

1947 4832 2309 4899 lectisternia,
2352 4839 2409 4888 et
2445 4834 2493 4888 ei
2527 4834 2609 4887 eis
2653 4834 2946 4905 placuerit,
2996 4840 3115 4889 tres
3164 4830 3284 4889 dies
3328 4826 3540 4907 absque

1944 4916 2384 4978 contradictione
2414 4920 2726 4989 morentur;
2749 4927 2806 4977 et
2826 4930 2950 4976 cum
2976 4932 3207 4994 pergere
3236 4917 3534 4989 voluerint,

1944 5012 2234 5066 denarium
2266 5011 2506 5081 singulis
2530 5002 2790 5065 donetur.
2816 5003 2874 5066 Si
2905 5011 3109 5081 aliquis
3135 5022 3198 5066 ex
3227 5008 3361 5083 ipsis
3386 5006 3542 5066 infir-

1943 5108 2071 5154 mus
2103 5098 2409 5163 advenerit,
2441 5099 2806 5171 quoadusque
2828 5101 3169 5162 ‘m’elioretur,
3203 5101 3249 5153 si
3277 5092 3533 5165 voluerit,

1942 5194 2097 5244 extra
2127 5182 2325 5243 cellam
2359 5206 2471 5244 non
2519 5182 2683 5242 exeat
2726 5208 2737 5243 :
2773 5188 2878 5243 hoc
2898 5182 3087 5243 tamen
3112 5186 3451 5259 pauperibus
3481 5184 3541 5242 et

2003 5340 2125 5422 _(6?)
2183 5341 2548 5409 Subjcctanei,
2597 5338 2826 5404 subditi,
2874 5337 3127 5407 subjecti,
3187 5353 3332 5391 cura:
3389 5354 3538 5392 com-

1942 5428 2122 5553 mis'ib')
2169 5482 2398 5544 Galitea,
2444 5480 2715 5545 Gallilaea,
2765 5477 3032 5533 Galleria.
3088 5477 3227 5532 Vide
3273 5479 3534 5551 superius

1942 5559 2513 5689 notitibonstabulus
2545 5640 2561 5675 ε
2598 5624 2788 5675 comes
2826 5619 3053 5684 stabuli;
3085 5619 3182 5690 qui
3227 5619 3434 5677 stabuli
3473 5629 3534 5679 et

1944 5709 2219 5765 equorum
2247 5708 2442 5747 curam
2463 5691 2713 5761 gerebat.
