3886 6172
339 306 480 365 1279

1403 308 1753 365 GUIDONIS
1789 305 2097 365 ABBATIS
2132 298 2530 360 FARFENSIS

3473 280 3611 347 1280

334 433 648 505 peregrinis
669 433 1063 489 tantummodo
1083 438 1169 489 est
1188 432 1585 489 exhibendum.
1607 435 1751 489 Nam
1767 432 1935 489 debet
1950 434 2001 494 Α
2016 431 2103 486 dis
2136 427 2414 484 manibus.
2442 422 2617 480 Bacili
2636 426 2805 494 atque
2832 420 3039 493 squilla
3064 419 3143 474 ibi
3169 418 3489 475 habeantur
3510 434 3613 490 pro

335 523 513 578 frater
538 529 872 595 procurator
900 523 1150 594 ejusdem
1178 524 1283 578 loci
1315 524 1565 595 quotidie
1595 524 1847 594 accipere
1872 540 1937 577 ex

336 613 724 685 promptuario
754 629 927 684 panes
954 613 1143 667 decem
1171 620 1228 667 et
1256 620 1493 684 septem.
1540 619 1597 667 et
1625 612 1797 666 libras
1824 617 1937 666 tres

337 717 403 755 ex
433 702 529 756 illo
560 718 724 773 pane,
745 719 912 772 quem
934 703 1185 756 seniores
1216 701 1511 756 habuerint
1541 702 1597 756 in
1620 701 1932 768 refectorio;

280 824 289 827 -
335 794 393 845 et
423 797 699 862 quotquot
728 807 828 863 per
864 790 1115 861 singulos
1154 790 1275 846 dies
1304 791 1550 846 defuncti
1584 791 1935 863 pronuntiati

336 878 564 947 fuerint,
581 886 666 935 tot
691 880 973 952 stipendia
991 881 1247 951 accipiat,
1267 884 1383 934 tam
1407 881 1475 933 de
1501 880 1936 953 panibus,quam

335 971 406 1025 de
435 969 560 1023 aliis
589 970 835 1035 cibariis,
866 970 1010 1024 sicut
1032 970 1132 1034 eis,
1157 971 1204 1024 si
1229 971 1493 1035 viverent,
1510 970 1757 1024 daretur.
1775 970 1936 1025 Simi-

334 1059 465 1113 liter
488 1077 590 1131 pro
621 1059 752 1126 illis,
784 1060 843 1113 in
873 1076 1113 1130 quorum
1143 1059 1530 1114 anniversario
1561 1061 1788 1131 plenum
1821 1060 1937 1113 offl-

338 1147 486 1203 cium
519 1149 601 1208 fit.
649 1154 733 1202 tot
769 1147 1085 1218 dispensas,
1124 1148 1211 1201 vel
1235 1148 1485 1217 justitias
1528 1149 1777 1219 recipiet,
1814 1166 1936 1220 quae

338 1237 658 1291 constitutae
686 1237 898 1291 fuerint
926 1237 1144 1291 inloco.
1170 1236 1554 1293 Pulmentaria
1581 1255 1710 1292 vero
1742 1255 1807 1292 ex
1850 1254 1937 1292 co-

340 1326 513 1398 quina
542 1326 839 1380 tradentur
861 1342 893 1379 a
918 1326 1332 1397 scptimanariis
1353 1326 1640 1391 fratribus,
1670 1328 1755 1380 vel
1784 1344 1813 1381 a
1831 1328 1938 1381 cel-

339 1414 582 1479 lerariis,
608 1414 767 1485 quasi
799 1414 869 1467 ad
894 1431 1143 1468 mensam
1172 1415 1498 1470 debuissent
1523 1416 1645 1469 dari
1674 1433 1740 1470 ex
1761 1417 1937 1470 omni-

337 1503 463 1581 bus,
498 1520 619 1574 qum
660 1502 737 1556 ibi
766 1510 1157 1575 praeparantur
1203 1505 1274 1558 ad
1321 1522 1455 1559 usus
1501 1505 1740 1559 fratrum
1775 1511 1831 1559 et
1876 1505 1937 1559 in

344 1592 571 1647 situlam
606 1588 709 1663 (7‘2)
741 1593 988 1659 mittant,
1022 1610 1188 1664 quam
1224 1593 1301 1647 ibi
1333 1600 1704 1665 praeparatam
1733 1593 1942 1649 habeat

341 1685 672 1752 procurator
699 1680 890 1735 frater.
925 1681 1197 1735 Similiter
1223 1687 1539 1753 praeparent
1569 1682 1709 1735 duas
1740 1681 1937 1735 situlas

2020 521 2214 576 eadem
2245 532 2415 572 causa
2443 512 2819 585 adimplenda.
2847 509 3027 581 Igitur
3045 516 3347 581 antequam
3378 514 3617 578 surgant

2018 610 2267 665 seniores
2297 624 2363 661 ex
2392 604 2647 677 prandio,
2674 601 2898 673 quando
2919 600 3087 655 simul
3110 605 3243 654 sunt
3269 596 3612 659 concessuri,

2018 700 2104 754 vel
2129 697 2352 770 quando
2383 699 2540 749 sexta
2566 693 2706 746 hora
2734 696 2792 746 et
2831 706 2957 744 sero
2986 688 3253 743 cenaturi
3284 693 3439 749 sunt,
3479 692 3617 740 tunc

2016 788 2223 844 habeat
2263 784 2507 840 famulus
2537 780 2728 835 omnia
2770 785 3102 851 praeparata.
3148 794 3270 848 quae
3299 776 3374 829 ibi
3405 791 3609 829 conve-

2017 878 2201 943 niunt,
2242 880 2307 929 ut
2348 873 2560 943 absque
2599 886 2759 923 mora
2786 867 3177 922 convenientes
3203 866 3407 919 fratres
3436 864 3612 917 trium

2017 981 2328 1039 pauperum
2360 960 2642 1031 obsequiis
2692 958 2976 1018 insudent,
3007 956 3370 1010 lavandorum
3401 953 3613 1007 scilicet

2017 1057 2245 1128 pedum.
2291 1052 2395 1109 Die
2434 1048 2723 1105 Dominico
2765 1048 3004 1101 domnus
3042 1045 3215 1099 abbas
3236 1060 3362 1098 cum
3393 1040 3611 1096 duobus

2020 1143 2328 1199 infantibus
2358 1147 2415 1194 et
2445 1155 2639 1193 eorum
2672 1136 2942 1207 magistro
2972 1141 3065 1189 eat
3092 1134 3162 1187 ad
3193 1148 3388 1187 eorum
3421 1136 3614 1184 custo-

2016 1236 2167 1290 diam
2204 1251 2216 1287 :
2251 1231 2296 1286 si
2327 1229 2500 1284 abbas
2521 1243 2630 1282 non
2662 1226 2852 1286 fuerit,
2879 1225 3033 1295 prior
3050 1222 3217 1277 faciat
3243 1223 3300 1275 in
3325 1222 3451 1290 ejus
3470 1220 3605 1273 vice.

2015 1323 2228 1379 Deinde
2254 1321 2350 1374 alii
2378 1318 2543 1373 sicuti
2565 1315 2821 1370 annotati
2839 1319 2970 1369 sunt
2988 1313 3136 1367 infra
3159 1311 3327 1366 ferias
3343 1310 3402 1364 in
3421 1308 3608 1363 breve.

2019 1412 2261 1468 Sabbato
2300 1414 2524 1463 tantum
2565 1404 2823 1475 magistri
2864 1419 2990 1457 cum
3034 1399 3344 1456 infantibus
3380 1398 3611 1452 faciant.

2018 1503 2163 1557 Nam
2192 1501 2458 1557 continuo
2500 1505 2561 1553 ut
2608 1493 2953 1552 surrexerint
2987 1508 3022 1545 a
3047 1507 3206 1545 ccena
3233 1494 3404 1560 atque
3434 1487 3493 1541 in
3524 1502 3616 1540 ec-

2022 1591 2192 1645 clesia
2212 1592 2392 1645 oratio
2422 1590 2812 1645 consummata
2833 1582 3020 1648 fuerit,
3050 1588 3186 1636 tunc
3209 1578 3460 1633 famulus
3484 1580 3617 1630 ante

2020 1681 2167 1735 fores
2189 1681 2434 1735 ecclesia:
2475 1678 2722 1734 tabulam
2770 1674 2974 1747 pulset,
3003 1678 3060 1726 et
3088 1669 3169 1725 illi
3190 1675 3327 1728 tres.
3351 1667 3450 1737 qui
3478 1665 3617 1719 ituri

338 1768 398 1823 in
464 1769 775 1824 refectorio.
823 1770 1114 1841 Praepositi
1163 1770 1297 1840 ipsis
1357 1771 1512 1835 locis,
1564 1772 2169 1841 undecunqueBsunt,
2204 1776 2422 1834 exeant,
2448 1775 2506 1824 et
2528 1768 2746 1840 primus
2773 1765 2996 1819 illorum
3018 1761 3074 1815 in
3105 1758 3291 1814 medio
3315 1756 3528 1819 veniat,
3561 1760 3619 1808 et

342 1859 736 1923 remeaverint,
775 1858 925 1913 istud
953 1859 1194 1913 ofﬁcium
1226 1860 1533 1931 adimplere
1562 1861 1859 1914 studeant:
1890 1859 1937 1915 si

336 1946 419 2002 illi
447 1964 558 2002 non
583 1947 809 2013 fuerint,
833 1949 1156 2003 cellerarius
1176 1948 1360 2014 faciat,
1382 1954 1610 2021 propter
1636 1949 1939 2004 adunanda

342 2037 622 2108 stipendia
644 2037 885 2091 famulis.
910 2038 1149 2108 Jejuniis
1178 2038 1431 2101 Quatuor
1448 2039 1785 2110 Temporum
1816 2037 1936 2093 uni-

339 2125 517 2180 versis
550 2142 672 2197 quae
701 2126 908 2180 circulo
938 2127 1072 2180 anni
1102 2137 1253 2193 sunt,
1275 2144 1620 2199 quaecunque
1650 2140 1937 2181 remanse-

336 2215 458 2269 rint
488 2231 555 2268 ex
582 2215 898 2283 refectorio,
943 2215 1000 2270 in
1040 2216 1145 2270 hoc
1180 2233 1320 2287 opus
1365 2222 1735 2286 censeantur;
1770 2222 1834 2287 et
1869 2216 1938 2269 de

339 2303 698 2358 infirmorum
714 2304 880 2358 domo
903 2305 1099 2358 eadem
1122 2306 1280 2359 fiant.
1303 2305 1578 2360 Similiter
1596 2306 1664 2359 de
1676 2304 1935 2359 omnibus

335 2392 545 2467 vigiliis
576 2409 716 2464 quas
743 2392 1046 2459 celebrant,
1078 2394 1200 2448 fieri
1224 2393 1409 2448 debet.
1434 2394 1516 2449 Ex
1540 2394 1763 2449 Domini
1782 2410 1937 2448 nam-

338 2498 448 2554 que
475 2482 733 2537 Adventu
755 2498 932 2553 usque
959 2484 1216 2537 Natalem
1238 2484 1358 2553 ejus
1385 2485 1489 2537 hoc
1502 2484 1788 2538 decretum
1811 2487 1929 2537 est:

337 2588 374 2626 a
402 2571 585 2643 capite
607 2570 812 2641 jejunii
841 2587 1019 2641 usque
1048 2572 1117 2625 ad
1150 2572 1469 2643 paschalem
1519 2572 1935 2627 solemnitatem

339 2660 607 2731 quotidie,
642 2660 884 2730 exceptis
902 2660 1204 2714 Dominicis
1234 2660 1451 2730 diebus,
1475 2661 1937 2715 omniasimiliter

336 2750 543 2804 dentur
574 2749 632 2802 in
657 2749 1100 2821 eleemosynam.
1141 2752 1284 2804 Nam
1314 2750 1434 2821 ipse
1462 2750 1637 2804 frater
1665 2767 1790 2804 cum
1821 2750 1939 2804 suis

335 2837 690 2909 adjutoribus
723 2842 779 2893 et
809 2838 913 2892 hoc
949 2838 1116 2893 debet
1143 2839 1471 2911 adimplere,
1503 2839 1762 2893 videlicet
1792 2839 1938 2910 prati

248 2932 267 2943 ί
339 2927 586 2993 secandi,
621 2928 769 2999 quod
800 2945 864 2981 ex
893 2928 1015 2999 ipso
1042 2928 1329 2982 meliorem
1361 2928 1584 2995 viderit,
1615 2935 1671 2983 et
1695 2929 1763 2982 ad
1788 2929 1941 2982 latri-

2020 1859 2099 1913 illi
2121 1859 2232 1913 duo
2253 1860 2383 1914 hinc
2423 1864 2481 1913 et
2516 1858 2647 1911 inde
2680 1860 2812 1909 eant
2840 1851 3170 1923 incipientes
3193 1847 3475 1920 psalmum
3505 1846 3617 1899 Mi-

2019 1964 2194 2002 serere
2226 1951 2350 2013 mei,
2385 1949 2543 2002 Deus.
2570 1948 2710 2001 Cum
2741 1948 2874 1997 ante
2901 1942 3051 2013 ipsos
3077 1938 3307 1999 fuerint,
3338 1940 3492 1989 stent
3516 1950 3620 2004 per

2020 2039 2296 2103 ordinem,
2317 2035 2788 2109 quemadmodum
2817 2032 3032 2103 priores
3053 2034 3206 2092 sunt,
3237 2032 3408 2095 atque
3431 2037 3617 2094 genua

2022 2129 2253 2182 ﬂectant
2297 2132 2430 2181 ante
2471 2142 2586 2193 eos,
2637 2122 2838 2177 deinde
2884 2118 3153 2190 incipiant
3198 2113 3615 2185 antiphonam:

2021 2219 2349 2271 Mandatum
2382 2231 2586 2269 novum
2634 2218 2688 2267 et
2722 2212 2833 2266 alia
2861 2227 2983 2282 qua;
3012 2205 3371 2267 conveniunt,
3403 2207 3460 2255 et
3488 2200 3619 2254 illo-

2017 2322 2141 2361 rum
2165 2306 2335 2377 pedes
2360 2303 2633 2375 incipiant
2659 2303 2866 2356 lavare.

2089 2394 2367 2449 Continuo
2392 2398 2457 2447 ut
2475 2392 2731 2446 ablutum
2752 2391 2998 2462 primum
3018 2384 3300 2448 habuerit,
3331 2380 3481 2435 illico
3521 2379 3621 2432 det

2017 2484 2084 2538 ad
2108 2484 2282 2538 alium
2307 2483 2635 2547 linteamen,
2657 2486 2719 2535 ut
2749 2480 2918 2539 lavet,
2948 2481 3149 2546 terget,
3196 2472 3500 2534 osculetur,
3533 2474 3620 2521 at-

2021 2589 2130 2644 que
2159 2571 2375 2643 capillis
2421 2570 2621 2642 capitis
2658 2567 3014 2641 permundet.
3056 2566 3181 2635 Ipse
3225 2576 3354 2614 vero
3392 2566 3485 2612 eat
3517 2556 3615 2610 ubi

2015 2661 2260 2716 famulus
2287 2677 2415 2714 cum
2445 2676 2592 2731 aqua
2620 2666 2677 2713 et
2704 2658 2878 2711 linteo
2902 2669 3146 2727 praesens
3173 2651 3378 2713 adstat,
3413 2652 3469 2701 et
3487 2662 3618 2699 ma-

2020 2767 2127 2805 nus
2156 2766 2286 2804 suas
2315 2748 2507 2803 abluat
2538 2767 2550 2801 :
2583 2747 2842 2803 similiter
2868 2743 3052 2800 ceteri
3092 2740 3318 2795 faciant.
3350 2737 3489 2791 Dein
3522 2734 3622 2788 ille

2022 2839 2119 2910 qui
2161 2856 2226 2893 ex
2269 2838 2405 2910 ipsis
2443 2838 2679 2908 primus,
2726 2835 2961 2905 accipiat
2996 2846 3222 2903 aquam,
3255 2833 3312 2882 et
3338 2825 3479 2880 alius
3508 2824 3624 2877 lin-

2020 2935 2331 2996 teamen,et
2348 2936 2435 2984 ter
2456 2927 2707 2983 effundat
2725 2924 3016 2997 lympham
3030 2921 3087 2975 in
3105 2934 3303 2973 manus
3325 2913 3618 2987 pauperis.

335 3032 471 3072 nam
498 3016 739 3071 fratrum
762 3016 1046 3088 deportari
1074 3034 1264 3071 curam
1287 3017 1571 3089 suscipiat.
1609 3016 1939 3072 Luminaria
2021 3016 2294 3072 Similiter
2312 3014 2697 3087 unusquisque
2726 3011 2893 3067 faciat
2921 3003 3460 3064 osculandointerim
3489 3017 3625 3054 ma-

337 3105 396 3159 in
417 3106 774 3172 dormitorio,
793 3111 961 3176 atque
986 3107 1337 3160 infirmorum
1354 3106 1519 3160 domo
1539 3106 1657 3178 ipse
1676 3099 1994 3178 procuretC
2018 3122 2143 3159 nus.
2171 3107 2329 3159 Tunc
2352 3102 2785 3174 sonetsquillam
2810 3106 2868 3153 et
2896 3098 3189 3152 benedicat
3216 3093 3403 3148 cibum
3431 3096 3487 3144 et
3516 3106 3623 3161 po-

336 3194 534 3249 ordine
563 3211 689 3249 cum
724 3196 859 3249 suis.
892 3194 1130 3248 Vascula
1167 3196 1239 3249 ad
1276 3195 1642 3249 minuendum
1673 3212 1927 3250 cruorem
2012 3199 2155 3255 tum,
2187 3194 2283 3265 qui
2331 3194 2411 3249 eis
2460 3194 2583 3247 dari
2622 3190 2807 3245 debet.
2857 3188 3110 3242 Primum
3146 3183 3386 3269 accipiat
3424 3196 3613 3234 unus-

336 3282 456 3355 ipse
502 3283 607 3336 sibi
646 3282 934 3353 assignate
977 3283 1201 3347 habeat,
1248 3300 1318 3338 ne
1357 3283 1547 3354 aliqua
1584 3284 1927 3355 negligentia
2012 3284 2248 3355 quisque
2278 3283 2335 3337 in
2374 3280 2630 3337 manibus
2679 3279 2795 3333 suis
2822 3276 3101 3348 justitiam
3146 3273 3283 3338 vini,
3317 3276 3373 3325 et
3399 3269 3612 3327 libram

334 3371 602 3442 patiatur.
640 3370 898 3426 Ecclesia:
922 3371 1748 3439 oratoria,claustrum,domus
1777 3374 1930 3427 infir-
2011 3373 2193 3444 panis,
2221 3377 2279 3426 et
2297 3388 2423 3425 cum
2452 3370 2763 3441 gratiarum
2795 3367 3015 3420 actione
3044 3364 3125 3418 eis
3149 3362 3378 3424 tribuat,
3405 3374 3612 3412 eorum

335 3475 581 3526 morum,
616 3459 970 3514 refectorium
1021 3466 1192 3530 atque
1221 3461 1526 3531 capitulum
1559 3460 1678 3532 ipse
1707 3463 1932 3516 studeat
2012 3477 2213 3514 manus
2254 3459 2575 3513 osculando.
2627 3458 2784 3512 Tunc
2834 3454 3033 3509 exinde
3078 3451 3319 3522 accipiat
3358 3462 3502 3502 unus
3534 3446 3615 3499 de

337 3548 667 3614 emundare,
692 3553 746 3600 et
767 3564 868 3617 per
883 3547 1075 3601 omnia
1091 3549 1322 3617 juncum
1345 3549 1654 3618 imponere.
1678 3550 1925 3618 Catinos,
2011 3550 2145 3620 ipsis
2172 3548 2441 3614 libellum,
2465 3548 2561 3617 qui
2586 3546 2790 3600 ibidem
2822 3559 3044 3614 semper
3070 3541 3267 3595 adesse
3302 3536 3467 3591 debet
3497 3555 3511 3601 ;
3551 3542 3615 3589 et

333 3635 432 3705 qui
459 3634 724 3689 fratribus
765 3635 1029 3689 radendis
1075 3637 1328 3706 deputati
1365 3644 1515 3699 sunt,
1545 3638 1664 3707 ipse
1694 3638 1796 3692 sub
1825 3656 1928 3693 sua
2010 3638 2127 3692 haec
2152 3637 2397 3708 capitula
2444 3643 2613 3707 atque
2658 3634 2940 3689 orationes
2977 3631 3253 3693 dicentur,
3299 3643 3420 3698 quae
3446 3626 3503 3677 in
3538 3642 3614 3679 eo

332 3739 470 3779 cura
512 3722 733 3786 habeat,
800 3730 857 3778 et
912 3724 1256 3795 temporibus
1306 3726 1635 3795 opportunis
1689 3726 1921 3790 tribuat,
2011 3733 2145 3781 sunt
2164 3726 2490 3796 conscripta:
2519 3743 2531 3779 :
2565 3729 2623 3778 et
2646 3729 2782 3778 tunc
2800 3722 3070 3776 inclinent
3092 3735 3152 3772 se
3166 3723 3299 3771 ante
3314 3731 3427 3779 eos,
3455 3720 3512 3767 et
3538 3730 3612 3766 cx

332 3816 505 3883 atque
552 3813 907 3883 postmodum
958 3812 1166 3866 nitidos
1208 3818 1265 3867 et
1294 3814 1533 3867 mundos
1562 3821 1816 3886 reponat.
1863 3816 1929 3870 In
2013 3816 2098 3869 his
2122 3832 2267 3870 unus
2304 3814 2456 3868 dicat
2483 3829 2727 3878 versum,
2762 3812 2986 3867 Ostende
3016 3810 3187 3868 nobis,
3220 3807 3467 3865 Domine,
3499 3806 3617 3855 mi-

331 3900 456 3973 ipsa
482 3901 623 3956 cella
644 3901 734 3955 cui
754 3918 865 3955 non
885 3902 1251 3973 permittitur,
1280 3918 1383 3956 nec
1402 3903 1930 3973 ingrediaturMan—
2009 3907 2370 3959 sericordiam
2402 3909 2574 3957 tuam.
2615 3902 2778 3970 Kyrie
2798 3902 3017 3953 eleison.
3039 3900 3199 3951 Pater
3214 3899 3410 3947 nas-ter.
3444 3892 3510 3946 Et
3539 3908 3616 3944 ne

332 3990 528 4045 datum
558 4004 876 4062 pauperum
911 3990 987 4044 ibi
1032 3996 1280 4061 geratur.
1328 3989 1653 4046 Pomerium
1690 3991 1795 4059 (73)
1824 3993 1929 4047 sub
2012 4010 2124 4047 nos.
2149 3994 2517 4061 Suscepimus,
2550 3993 2708 4045 Deus.
2735 3991 2813 4043 Tu
2835 3986 3407 4041 mandastiﬂominus
3426 3981 3616 4033 vobis-

328 4095 434 4134 sua
462 4079 717 4133 custodia
746 4078 952 4134 habeat
974 4096 1101 4133 cum
1123 4079 1411 4134 cellerario
1441 4080 1610 4135 simul
1635 4082 1926 4152 plantandi
2007 4081 2354 4138 cum.0ratio
2380 4081 2589 4139 Adesto,
2615 4077 3185 4143 Domine.obscquium
3205 4071 3487 4125 servitutis
3508 4083 3617 4121 no-

332 4174 504 4241 atque
532 4168 902 4223 custodiendi.
2007 4178 2150 4225 strue.
2174 4170 2240 4224 Et
2259 4173 2392 4223 tunc
2417 4184 2544 4222 cum
2585 4165 2900 4220 reverentia
2919 4167 3118 4218 exeant
3141 4162 3291 4215 hunc
3322 4158 3616 4230 psalmum

901 4257 1135 4312 CAPUT
1163 4258 1352 4313 XLVI.
2007 4258 2638 4321 decantando,1lliserere
2662 4258 2785 4315 mei,
2810 4249 3282 4307 Deus.Ecclesiain
3301 4262 3618 4319 peragran-

333 4346 582 4415 Qualiter
599 4350 679 4409 est
704 4347 979 4414 agendum
1025 4348 1353 4399 mandatum
1374 4348 1447 4400 ad
1470 4362 1757 4416 pauperes,
1782 4348 1926 4415 quod
1944 4416 1959 4417 γ
2006 4348 2157 4403 tibus
2180 4348 2251 4401 ad
2271 4346 2482 4417 gradus
2511 4360 2697 4416 genua
2727 4344 2973 4406 ﬂectant,
2996 4342 3166 4409 Kyrie
3196 4342 3393 4392 eleison
3414 4352 3617 4407 perso-

861 4436 1101 4503 quot-idie
1131 4436 1394 4502 efﬁcitur.
1940 4416 1988 4473 D
2010 4416 2295 4499 nantibus,
2330 4440 2387 4489 et
2415 4435 2516 4487 has
2548 4449 2739 4505 preces
2777 4432 2893 4485 Deo
2925 4430 3182 4493 offerant,
3214 4429 3377 4481 Pater
3396 4430 3613 4480 noster.

398 4525 542 4579 Nam
582 4524 756 4577 frater
781 4523 891 4590 ille,
926 4522 1021 4593 qui
1051 4523 1155 4577 hoc
1181 4523 1427 4577 officium
1458 4540 1629 4595 super
1652 4541 1712 4579 se
1743 4542 1927 4580 susce-
2009 4527 2232 4582 Ostende
2259 4527 2431 4588 nobis,
2463 4524 2549 4577 vel
2575 4528 2622 4576 et
2657 4524 2839 4575 veniat
2867 4534 3033 4588 super
3062 4534 3178 4571 nos.
3212 4518 3478 4571 Dominus
3508 4530 3616 4567 ro-

328 4617 487 4684 ptum
536 4611 722 4675 habet,
768 4628 893 4665 cum
945 4628 1048 4665 suo
1092 4611 1350 4665 ministro
1381 4612 1588 4682 habeat
1624 4612 1701 4667 ibi
1736 4615 1927 4668 omnia
2008 4616 2233 4669 biscum.
2288 4613 2553 4678 Collecta,
2586 4613 2833 4665 Actiones
2864 4612 3100 4670 nostras,
3134 4605 3218 4660 vel
3250 4606 3613 4672 Omnipotens

329 4717 453 4771 quae
483 4699 597 4754 illic
625 4706 759 4753 sunt
786 4700 1102 4754 necessaria
1131 4707 1464 4771 praeparata,
1497 4701 1751 4756 videlicet
1774 4703 1925 4758 lebe-
2007 4705 2332 4770 sempiterne
2360 4704 2520 4767 Deus,
2553 4702 2734 4766 dirige
2782 4703 2937 4752 actus
2969 4703 3201 4757 nostros,
3236 4700 3371 4749 tunc
3399 4700 3615 4747 exeant

324 4793 441 4843 tem
474 4787 566 4842 ubi
594 4804 800 4859 aquam
828 4788 1118 4842 calefaciat
1145 4794 1202 4841 et
1219 4790 1489 4843 concham
1521 4790 1591 4843 ad
1624 4791 1925 4846 lavandum
2010 4797 2068 4847 et
2093 4791 2239 4845 sicut
2268 4790 2365 4844 alii
2396 4790 2671 4853 fecerunt,
2712 4788 2793 4841 ita
2813 4791 2871 4839 et
2898 4786 3127 4839 faciant.

324 4877 496 4950 pedes
525 4893 740 4942 eorum,
772 4883 829 4930 et
848 4876 959 4929 tria
987 4876 1331 4941 linteamina,
1366 4895 1604 4949 quorum
1647 4895 1820 4933 unum
1852 4880 1927 4934 sit
2565 4877 2799 4932 CAPUT
2821 4875 3041 4929 XLVII.

324 4966 657 5038 deputatum
686 4970 912 5036 propter
940 4965 1307 5037 seniores,qui
1331 4967 1467 5021 ituri
1496 4974 1630 5022 sunt
1650 4968 1721 5021 ad
1740 4968 1925 5039 ipsum
2007 4971 2078 5025 De
2106 4969 2383 5036 fratribus
2409 4970 2507 5035 qui
2534 4968 2767 5033 suscepti
2785 4967 2994 5017 suntin
3011 4965 3213 5017 nostris
3232 4962 3608 5016 societatibus.

321 5055 572 5111 officium
594 5054 964 5125 implendum.
1001 5053 1158 5108 Illico
1187 5062 1253 5109 ut
1276 5056 1444 5127 pedes
1464 5056 1685 5110 ablutos
1713 5057 1926 5112 habue-
2079 5058 2194 5110 Hos
2219 5073 2410 5110 versus
2429 5054 2771 5126 conscriptos
2791 5053 2998 5106 habeat
3010 5050 3354 5105 camerarius
3374 5050 3433 5104 in
3453 5050 3614 5105 fuste

320 5146 457 5211 rint,
492 5161 694 5199 manus
728 5159 860 5198 suas
890 5142 959 5196 ad
999 5143 1183 5214 ipsum
1214 5149 1441 5214 tergent
1475 5164 1487 5198 :
1517 5145 1825 5199 secundum
1850 5146 1927 5200 sit
2007 5146 2282 5201 lectorum
2306 5143 2441 5213 (74),
2463 5144 2578 5199 sive
2607 5144 2667 5197 in
2689 5141 2957 5214 plumatis
2973 5141 3092 5212 (75)
3120 5140 3370 5212 ipsorum
3397 5139 3455 5193 in
3479 5140 3617 5195 don-

322 5251 424 5305 pro
452 5248 765 5305 pauperum
793 5230 1062 5303 pedibus;
1092 5233 1326 5287 tertium
1350 5233 1922 5290 eorumdemabluen-
2009 5234 2235 5290 mitorio
2265 5233 2503 5288 fratrum
2537 5252 2549 5287 :

397 5399 503 5474 (72)
524 5398 732 5474 Situta,
760 5400 1032 5465 sacculus,
1061 5399 1148 5454 vel
1167 5400 1399 5469 cistella,
1424 5418 1535 5474 qua
1554 5402 1715 5474 panis
1734 5400 1919 5459 cibus-
2076 5403 2179 5472 (74)
2212 5406 2393 5458 Fastis
2423 5406 2705 5474 tectorum,
2738 5399 2869 5454 lecti
2896 5415 3195 5474 compages
3224 5398 3433 5474 lignea.

322 5470 726 5545 que__defertur.
764 5544 769 5545 γ
924 5542 938 5545 _
1161 5541 1172 5545 Α
1201 5543 1211 5545 _
1439 5470 1459 5474 “
1554 5470 1572 5474 “

2076 5470 2185 5542 (75)
2217 5478 2502 5542 Ριιιτηαεου,
2531 5472 2806 5545 pulvinar,
2840 5470 3080 5527 cervical
3113 5489 3125 5523 :
3171 5485 3302 5541 pars
3336 5470 3473 5524 lecti
3502 5487 3603 5525 su-

401 5538 515 5609 (73)
549 5543 890 5605 Pomerium,
924 5542 1079 5597 locus
1118 5541 1217 5617 ubi
1254 5559 1422 5614 poma
1458 5550 1789 5614 nascuntur,
1822 5552 1923 5602 aut
2002 5538 2209 5617 perior.

326 5617 683 5667 asservantur
709 5628 811 5687 pro
829 5617 1155 5682 pomarium
1177 5613 1390 5670 hortus.
