3886 6172
206 302 329 365 1281

265 518 487 575 Sternia
515 519 780 570 lectorum
805 517 1113 568 cernantur
1137 513 1339 582 ﬂorida
1369 512 1640 590 fratrum.

206 609 336 664 Nam
367 611 424 660 et
450 604 570 676 ipse
598 602 944 657 camerarius
972 599 1138 655 debet
1173 617 1300 655 cum
1330 599 1441 653 alio
1471 598 1645 653 fratre
1675 615 1791 653 om-

206 698 346 752 nium
375 695 709 749 vestimenta
735 692 974 746 fratrum
1030 706 1217 744 emere
1247 695 1416 760 atque
1444 688 1693 743 invenire
1734 693 1792 742 et

205 785 528 841 distribuere
547 783 619 838 ad
654 795 1130 851 unumquemque.
1162 783 1331 850 prout
1347 778 1611 832 concedet
1643 782 1700 832 et
1730 778 1790 831 in

206 877 310 930 loco
339 881 427 928 est
455 872 821 927 constitutum
856 888 867 922 :
901 869 1160 923 videlicet
1200 872 1263 921 ut
1311 866 1569 922 omnibus
1599 866 1789 921 fratri-

207 965 296 1019 bus
316 964 413 1018 det
427 980 531 1035 per
558 962 812 1032 singulos
835 960 976 1013 duas
1005 957 1318 1021 staminias,
1337 956 1599 1011 similiter
1619 958 1790 1011 femo-

206 1054 334 1109 ralia
368 1071 379 1106 :
413 1053 554 1107 duas
582 1050 829 1105 cucullas
857 1054 915 1102 et
942 1049 1082 1102 duas
1109 1046 1329 1100 tunicas
1358 1062 1485 1099 cum
1515 1045 1642 1100 latis
1666 1062 1787 1100 ma-

208 1144 351 1210 nicis;
376 1144 514 1197 duas
531 1139 818 1212 pelliculas
839 1154 964 1192 cum
997 1136 1206 1191 strictis
1226 1134 1542 1195 manicis,et
1557 1136 1784 1190 tertiam

205 1251 315 1289 cum
347 1231 518 1302 largis
546 1249 558 1297 ;
588 1229 798 1299 caligas
817 1225 1136 1290 distribuat,
1163 1225 1519 1280 nocturnales
1551 1230 1609 1279 et
1636 1225 1787 1279 diur-

207 1322 365 1388 nales;
396 1318 625 1391 pedules
644 1317 715 1370 ad
749 1315 1052 1370 arcendum
1078 1314 1277 1384 frigus,
1309 1314 1420 1368 duo
1450 1313 1610 1385 paria
1647 1314 1785 1368 den-

204 1416 283 1465 tur
306 1426 374 1463 ex
402 1414 565 1462 nocte
593 1411 651 1460 et
676 1405 787 1459 duo
836 1420 903 1458 ex
954 1402 1079 1469 die;
1113 1407 1170 1456 et
1227 1403 1298 1456 ad
1326 1419 1785 1473 unumquemque

205 1498 411 1569 singula
440 1495 639 1567 vagina
668 1510 794 1548 cum
833 1492 1077 1556 cultello,
1110 1496 1314 1562 praeter
1349 1490 1648 1562 scriptores
1687 1488 1799 1563 qui

204 1588 329 1641 duos
351 1584 614 1648 habeant,
649 1588 707 1637 et
724 1580 970 1651 corrigia
1016 1580 1087 1634 ad
1135 1579 1492 1650 cingendum.
1534 1580 1778 1647 Tabulae,

204 1693 320 1731 acus
340 1681 571 1747 pectene
612 1670 719 1736 (i6)
748 1688 874 1725 cum
925 1671 1193 1725 dumento
1247 1670 1377 1737 (77),
1419 1672 1693 1743 capellum
1725 1672 1783 1726 in

203 1764 370 1835 capite
392 1763 539 1835 quod
557 1761 667 1815 alio
684 1761 909 1814 nomine
922 1759 1190 1830 capitium
1218 1766 1459 1814 vocatur.
1488 1762 1553 1814 In
1582 1760 1784 1815 lectulo
1808 1788 1854 1846 B

205 1854 260 1907 ad
280 1867 739 1924 unumquemque
760 1850 1062 1920 deputetur
1090 1849 1215 1903 lena
1241 1865 1366 1903 cum
1398 1850 1660 1920 pellicula
1695 1851 1783 1904 in-

204 1942 409 2005 vestita,
446 1957 647 2010 sagum
702 1939 947 2004 laneum,
988 1938 1243 2009 capitale.
1288 1940 1635 1995 Vestimenta
1672 1941 1786 1995 sive

204 2031 557 2085 calciamenta
593 2029 727 2082 dum
782 2033 1123 2099 rumpuntur
1158 2044 1257 2082 seu
1313 2034 1557 2083 suuntur
1611 2046 1784 2084 unus-

206 2119 429 2190 quisque
459 2118 634 2171 frater
663 2116 812 2170 lavet
839 2116 1135 2187 imprimis,
1170 2115 1373 2170 deinde
1419 2123 1551 2172 ante
1579 2119 1785 2172 ostium

204 2207 456 2261 auditorii
482 2207 718 2267 deferat,
739 2211 796 2259 et
822 2205 1164 2259 camerarius
1189 2206 1448 2275 accipiat,
1479 2212 1535 2262 et
1585 2209 1790 2279 depor-

203 2302 275 2350 tet
300 2296 372 2350 ad
402 2302 666 2355 sartores,
696 2301 761 2349 ut
806 2293 1132 2352 emendent.
1171 2294 1251 2349 De
1303 2295 1571 2352 fratribus
1599 2298 1787 2353 nullus

204 2386 355 2440 debet
390 2401 621 2457 pergere
683 2384 755 2438 ad
796 2384 962 2455 ipsos,
1002 2401 1105 2438 nec
1160 2385 1407 2456 aliquam
1443 2388 1787 2443 emendatio-

204 2492 315 2529 nem
341 2476 527 2529 facere
546 2475 615 2529 de
636 2472 981 2528 vestimentis
1008 2474 1317 2528 secundum
1339 2492 1504 2529 suum
1540 2476 1782 2545 libitum,

202 2565 461 2637 nisiquod
481 2570 810 2619 consuetum
830 2563 1001 2618 fuerit
1015 2566 1424 2628 monasterii,et
1444 2569 1787 2624 camerarius

202 2655 552 2709 ordinaverit.
586 2654 693 2718 Qui
741 2653 893 2707 aliud
934 2654 1130 2708 fecerit
1158 2654 1411 2710 districte
1443 2656 1787 2727 dijudicetur

200 2744 262 2798 ab
289 2743 549 2798 omnibus
578 2742 867 2806 fratribus,
898 2749 964 2797 ut
1010 2743 1195 2797 caeteri
1243 2751 1516 2801 metuant.
1564 2747 1707 2801 Nam
1730 2753 1787 2802 et

202 2834 307 2905 ipse
335 2836 516 2889 frater
546 2850 770 2905 semper
793 2833 1065 2888 sollicitus
1091 2834 1183 2902 sit,
1235 2834 1553 2908 ubicunque
1588 2838 1785 2894 viderit

202 2925 607 2987 vestimentum,
643 2929 699 2977 et
728 2938 793 2975 ex
827 2921 1093 2977 fratribus
1141 2924 1289 2994 quod
1318 2925 1564 2996 aliquam
1592 2943 1784 2998 repre-

201 3013 517 3068 liensionem
564 3011 787 3077 habeat,
831 3016 896 3065 ut
940 3012 1290 3077 emendetur,
1331 3013 1416 3068 vel
1453 3015 1779 3070 auferatur:

1395 293 1811 352 DISCIPLINA
1849 292 2266 349 FARFENSIS.

265 431 514 484 Lectulus
540 442 613 480 en
641 427 891 494 fratrum
922 424 1265 477 venientium
1296 424 1549 475 cernitur
1578 421 1735 474 isthic
1767 421 1856 481 :A

3322 294 3461 354 ‘l282

2406 415 2640 471 CAPUT
2668 415 2913 471 XLVIII.

2154 506 2227 559 De
2244 507 2424 574 fratre
2439 521 2603 574 super
2632 506 2829 559 horrea
2851 508 3160 559 constituto.

1942 592 2141 646 Frater
2163 593 2257 664 qui
2274 610 2445 664 super
2459 594 2661 648 horrea
2676 594 3012 649 constitutus
3023 600 3110 648 est
3124 593 3195 648 ad
3211 595 3462 649 solamen

1872 682 2166 746 cellerarii,
2194 683 2298 737 hoc
2327 684 2578 754 quotidie
2623 700 2879 738 exercere
2926 683 3121 752 debet;
3168 685 3317 755 quod
3343 684 3463 755 ipse

1872 774 2373 846 nempe'trumenta
2401 772 2571 826 dandi
2600 778 2770 843 atque
2789 772 3148 843 recolligendi
3170 773 3272 827 sub
3293 790 3465 828 manu

1871 877 1975 914 sua
2018 860 2246 924 habeat,
2286 868 2344 916 et
2387 861 2457 916 de
2509 861 2630 933 ipso
2666 863 2865 917 horreo
2912 863 3120 916 clavem
3159 868 3367 929 teneat,
3410 867 3467 917 et

1873 950 2145 1021 quidquid
2177 951 2247 1004 ad
2278 958 2455 1007 artem
2496 952 2785 1023 pistoriam
2835 952 3094 1023 pertinet,
3125 953 3316 1007 omnia
3344 970 3469 1025 pro-

1870 1040 2058 1093 curari
2116 1040 2357 1094 studeat.
2404 1041 2469 1095 In
2535 1041 2921 1112 promptuario
2972 1058 3217 1113 namque
3264 1042 3469 1097 habeat

1868 1128 2050 1182 locum
2066 1129 2433 1184 constitutum
2460 1129 2553 1184 ubi
2572 1146 2744 1201 panes
2777 1131 3054 1185 coadunet
3069 1131 3172 1186 sub
3189 1133 3463 1200 seracula,

1869 1215 1927 1269 in
1978 1215 2332 1272 refectorium
2390 1219 2727 1289 portandum
2758 1236 2858 1289 per
2893 1238 2954 1274 se
3007 1221 3092 1274 vel
3129 1220 3467 1276 submissam

1867 1320 2164 1374 personam
2221 1306 2460 1360 decretis
2506 1306 2659 1360 horis
2696 1307 2857 1377 juxta
2925 1324 3266 1375 mensuram,
3329 1315 3467 1381 quot

1868 1393 2072 1448 fratres
2098 1400 2247 1448 sunt.
2274 1395 2349 1449 Ex
2371 1395 2465 1449 illo
2502 1397 2650 1466 quod
2690 1397 3026 1451 remanserit
3054 1414 3119 1451 ex
3144 1398 3461 1465 refectione,

1870 1489 2076 1554 praeter
2099 1483 2195 1537 illa
2223 1489 2442 1539 tantum
2458 1490 2713 1556 tempora
2738 1486 2960 1555 quando
2991 1486 3467 1558 eleemosynarius

1867 1571 2120 1644 recipere
2173 1572 2355 1639 debet,
2417 1574 2606 1627 omnia
2659 1575 2770 1628 alia
2813 1574 2917 1629 sub
2979 1592 3082 1630 sua
3120 1575 3470 1646 providentia

1865 1664 2025 1717 flant.
2066 1663 2365 1717 Pulmenta
2394 1680 2516 1734 quae
2569 1680 2603 1717 a
2652 1663 3017 1719 servitoribus
3069 1667 3462 1732 remanserint,

1867 1751 2117 1822 recipiat;
2148 1758 2353 1824 praeter
2382 1751 2539 1805 fabas
2558 1751 2616 1805 in
2648 1751 2823 1819 feriis,
2854 1768 2976 1823 quae
3006 1752 3076 1806 ad
3106 1770 3166 1807 se
3182 1754 3468 1824 pertinent

1868 1840 2184 1895 constitutis
2225 1841 2593 1911 temporibus.
2638 1839 2763 1911 Ipse
2813 1858 2944 1895 vero
2992 1847 3321 1896 cunctorum
3364 1842 3466 1897 ad-

1868 1929 2240 1993 ventantium,
2275 1930 2391 1983 sive
2433 1930 2490 1983 in
2520 1929 2657 2000 ipsis
2686 1930 2821 1984 locis
2850 1932 3192 1985 merentium
3228 1930 3468 1987 familia-

1868 2018 2026 2072 ribus
2056 2019 2384 2090 dispensare
2411 2018 2576 2073 debet
2623 2036 2722 2090 per
2756 2019 3120 2091 semetipsum
3150 2012 3372 2075 tantum
3402 2007 3469 2075 ei

1870 2108 2127 2178 panibus.
2161 2109 2242 2162 De
2270 2108 2596 2162 stramentis
2642 2108 2892 2179 ipsorum
2948 2109 3298 2177 animalium,
3338 2126 3468 2165 cum

1873 2195 2076 2265 quibus
2128 2196 2402 2250 alimenta
2459 2196 2865 2253 coadunantur.
2899 2196 3019 2267 ipse
3047 2214 3237 2251 curam
3278 2197 3464 2266 faciat,

1872 2300 1943 2337 ne
1971 2284 2334 2355 negligantur
2382 2301 2414 2338 a
2438 2284 2683 2339 famulis.
2727 2285 2809 2339 De
2848 2285 3197 2341 vestimentis
3226 2291 3468 2341 mutato-

1871 2372 1970 2427 riis
2017 2374 2279 2440 fratrum,
2314 2373 2644 2428 adveniente
2690 2373 2830 2428 feria
2882 2374 3071 2437 tertia.
3114 2374 3319 2430 habeat
3355 2376 3467 2430 duo

1870 2462 2160 2533 marsupia
2222 2463 2552 2523 (senioribus
2602 2463 2883 2518 stantibus
2946 2464 3017 2518 ad
3072 2465 3468 2520 matutinalem

1869 2551 2142 2618 missam),
2176 2551 2364 2605 veniat
2395 2552 2516 2623 ipse
2548 2569 2674 2606 cum
2706 2552 3045 2607 ablutatorio
3087 2552 3193 2622 (79)
3225 2554 3468 2609 famulo-

1868 2655 1994 2694 rum
2018 2640 2087 2694 ad
2104 2640 2454 2711 deportanda
2474 2642 2590 2705 illa,
2623 2640 2825 2712 quibus
2846 2658 3040 2696 omnes
3059 2645 3264 2697 fratres
3289 2644 3471 2714 prius-

1871 2744 2041 2800 quam
2072 2729 2294 2799 signum
2326 2731 2477 2784 horae
2497 2729 2691 2800 prima?
2719 2731 2807 2784 vel
2835 2731 3018 2785 tertiae
3056 2730 3166 2785 illis
3194 2733 3468 2803 tempori-

1869 2816 1993 2883 bus,
2020 2835 2141 2888 quae
2157 2818 2680 2889 conveniuntusque
2705 2820 2839 2873 dum
2874 2819 3205 2874 lectionibus
3244 2826 3465 2889 vacant,

1869 2914 2170 2975 exuuntur,
2206 2913 2270 2962 ut
2298 2923 2424 2961 cum
2455 2908 2676 2979 signum
2702 2908 3008 2977 pulsaverit
3024 2909 3203 2979 posita
3222 2908 3468 2965 habeant

1869 2995 1929 3050 in
1985 2996 2170 3051 locum
2233 2996 2624 3050 constitutum.
2665 2995 2918 3051 Infantes
2956 3004 3147 3052 autem
3203 2998 3466 3053 similiter

199 3066 637 3173 quiaadvipsum
694 3066 940 3172 τθέρῖοίι,
988 3101 1037 3154 si
1091 3066 1416 3172 neglegat.
1869 3084 2080 3138 faciant
2108 3085 2178 3138 de
2206 3085 2555 3139 vestimentis
2582 3085 2699 3139 suis
2728 3090 2792 3139 ut
2819 3085 3041 3156 quando
3072 3090 3204 3141 ante
3225 3086 3466 3158 primam

198 3191 375 3261 priore
408 3191 729 3261 frequenter
782 3189 1086 3260 pervideat,
1137 3207 1208 3244 ne
1254 3190 1421 3245 alicui
1462 3192 1672 3264 aliquid
1703 3210 1789 3247 ve-

197 3280 319 3335 niat.
353 3280 526 3335 Pelea
555 3279 637 3333 vel
668 3279 859 3332 fenum
893 3278 1014 3350 ipse
1065 3295 1191 3333 cum
1236 3280 1549 3336 sartoribus
1579 3282 1786 3339 habere

195 3369 354 3424 faciat
380 3375 506 3423 octo
535 3368 654 3423 dies
684 3375 813 3421 ante
859 3368 1064 3422 festum
1106 3368 1371 3439 principis
1402 3372 1782 3441 apostolorum

196 3457 247 3512 in
265 3459 520 3529 singulos
551 3458 744 3512 lectos.
778 3457 859 3511 De
892 3456 1236 3511 vestimentis
1265 3475 1395 3513 vero
1419 3459 1554 3514 dum
1587 3461 1787 3516 tribuit

195 3565 344 3612 nova,
391 3547 625 3618 recipiat
671 3550 911 3600 vetusta.
940 3546 1261 3601 Lintamina
1307 3555 1623 3619 opportuna
1673 3568 1788 3607 ma-

195 3637 349 3691 nibus
374 3637 492 3691 sive
521 3635 753 3706 pedibus
777 3635 895 3706 ipse
918 3635 1223 3705 provideat,
1244 3637 1503 3692 similiter
1524 3640 1785 3696 mantiles

194 3724 702 3781 refectorii.Videat
721 3730 785 3778 ut
817 3740 1040 3794 semper
1054 3731 1331 3797 praecepta
1362 3726 1581 3782 abbatis
1603 3735 1785 3785 custo-

194 3812 624 3880 diat;similiter
650 3813 819 3867 faciat
847 3812 1065 3883 prioris,
1110 3815 1196 3869 vel
1243 3816 1457 3881 decani,
1505 3834 1604 3872 seu
1632 3818 1783 3874 illius

194 3904 280 3973 qui
301 3902 561 3957 ordinem
587 3902 852 3968 tenuerit,
886 3903 1109 3972 quando
1156 3903 1328 3959 abbas
1358 3904 1560 3960 absens
1589 3908 1778 3976 fuerit,

194 3997 245 4045 et
268 3993 431 4047 nulla
455 3990 662 4045 habeat
689 3990 793 4045 sub
841 4008 946 4045 sua
975 4008 1110 4047 cura
1167 3993 1441 4048 absconsa
1464 3996 1605 4063 (tam
1653 3997 1781 4063 iste,

192 4097 351 4152 quam
384 4080 675 4136 secretarii
702 4081 786 4134 vel
815 4081 1131 4147 cellerarii),
1183 4099 1306 4154 quae
1352 4101 1465 4140 non
1492 4085 1608 4140 sint
1635 4103 1778 4157 prae-

192 4172 413 4241 cognita
440 4169 635 4241 priori,
658 4170 744 4223 vel
802 4170 1056 4224 decano:
1099 4171 1360 4227 similiter
1405 4174 1475 4229 de
1524 4175 1786 4231 omnibus

192 4259 537 4315 obedientiis.
555 4258 699 4323 Quia
718 4258 766 4313 si
789 4259 860 4313 ad
892 4260 1169 4329 judicium
1197 4262 1432 4332 venerit,
1468 4268 1526 4318 et
1571 4264 1785 4336 aliquid

190 4348 476 4403 inventum
501 4347 672 4402 fuerit
689 4347 760 4401 ab
788 4347 1070 4419 aliquibus
1098 4366 1163 4403 ex
1198 4350 1336 4421 ipsis
1395 4352 1683 4421 fratribus,
1723 4358 1778 4409 in
1797 4384 1845 4442 ι)

1871 3180 2083 3228 exuunt
2112 3174 2488 3239 nocturnales,
2523 3179 2657 3228 tunc
2685 3174 2939 3229 deferant
2965 3174 3080 3241 illa,
3103 3181 3161 3230 et
3197 3175 3256 3231 in
3275 3193 3465 3232 arcam

1869 3264 2115 3317 mittant.
2147 3262 2266 3317 Illis
2293 3280 2422 3316 vero
2472 3262 2822 3334 temporibus
2852 3264 3075 3335 quando
3135 3266 3205 3319 ad
3234 3267 3462 3322 tertiam

1866 3352 2185 3406 insonuerit
2202 3352 2427 3423 squilla,
2449 3357 2646 3406 euntes
2660 3352 2874 3424 pariter
2897 3352 3134 3408 induant
3154 3371 3214 3409 se
3243 3356 3460 3425 caligis,

1868 3447 1925 3495 et
1966 3440 2045 3495 sic
2092 3441 2321 3495 demum
2387 3441 2721 3496 vestimenta
2770 3442 3066 3514 deportent
3104 3444 3175 3498 ad
3211 3445 3459 3517 gradus;

1867 3534 2113 3601 tuncque
2128 3535 2366 3601 pergant
2386 3547 2689 3596 secessum,
2721 3537 2779 3586 et
2822 3532 2882 3586 in
2914 3532 3201 3588 redeundo
3239 3534 3338 3588 illa
3375 3550 3466 3589 su-

1869 3624 2028 3673 mant
2049 3625 2221 3690 atque
2250 3618 2307 3672 in
2334 3636 2493 3674 arcas
2528 3620 2978 3692 effundantOperi
2999 3623 3457 3683 huicinstitutas.

1869 3709 2013 3761 Nam
2035 3708 2081 3761 si
2100 3708 2224 3779 quis
2250 3725 2396 3762 unus
2411 3708 2950 3772 fratrum,oblivioni
2979 3716 3079 3765 aut
3114 3711 3470 3784 negligentia;

1867 3796 2110 3861 deditus,
2135 3814 2239 3850 sua
2266 3796 2548 3851 distulerit
2576 3797 2710 3851 inibi
2744 3816 2951 3869 ponere
2993 3800 3326 3855 vestimenta
3354 3807 3470 3856 sta-

1864 3890 1989 3939 tuto
2018 3891 2289 3956 tempore,
2322 3886 2646 3940 nullatenus
2693 3887 2858 3941 aliter
2886 3888 3251 3944 lavabuntur:
3273 3895 3330 3944 et
3358 3890 3468 3945 nisi

1865 3973 2019 4044 prius
2049 3980 2317 4044 suggerat
2332 3975 2681 4044 granatario,
2726 3992 2836 4030 non
2866 3982 3053 4047 potest
3078 3980 3363 4047 perficere.
3399 3979 3460 4034 Si

1865 4061 2100 4130 quissua
2128 4061 2356 4116 abluere
2386 4063 2624 4117 voluerit
2654 4064 3005 4127 vestimenta,
3035 4064 3244 4136 absque
3272 4082 3466 4137 repre-

1867 4150 2137 4204 hensione
2168 4150 2338 4205 faciat
2370 4151 2474 4206 hoc
2501 4151 2707 4219 modo;
2751 4153 2974 4223 quando
3024 4154 3158 4207 velit
3201 4154 3470 4210 feriarum

1867 4237 1977 4305 die,
2009 4255 2137 4292 mox
2158 4244 2221 4292 ut
2274 4239 2617 4294 offerendam
2666 4240 2737 4294 ad
2794 4240 3023 4295 missam
3070 4241 3466 4297 matutinalem

1867 4326 2071 4380 factam
2102 4327 2383 4392 habuerit,
2403 4335 2495 4382 eat
2513 4334 2570 4383 et
2588 4329 2804 4383 deferat
2824 4330 2884 4383 in
2914 4329 3034 4384 loco
3076 4330 3378 4385 constituto
3401 4331 3463 4387 in

189 4438 475 4510 proprium
498 4417 901 4507 deputabitur;
913 4442 971 4491 et
993 4437 1051 4492 in
1082 4417 1306 4509 pcenam
1330 4441 1620 4512 mergitur,
1637 4417 1784 4498 sicut
1802 4417 1844 4442 υ
1867 4417 2114 4512 0195‘s“?
2142 4423 2200 4512 et
2227 4417 2305 4471 ibi
2333 4423 2573 4512 φψῗξδῆ
2605 4423 2661 4473 et
2688 4418 3037 4512 hif‘c‘p‘f’rgat
3074 4420 3132 4512 ίι)
3159 4420 3460 4512 θοίὶιξίηδω

189 4542 252 4580 ex
263 4526 611 4581 monasterio
639 4525 788 4580 beati
804 4526 1060 4597 Gregorii
1087 4545 1245 4599 papae
1277 4530 1512 4601 contigit
1531 4531 1602 4586 de
1624 4534 1650 4587 J
1660 4539 1785 4588 usto

189 4616 461 4670 monacho
489 4613 618 4684 (78),
670 4620 726 4669 et
755 4633 820 4670 ex
846 4615 1041 4670 multis
1077 4617 1204 4672 aliis
1255 4618 1525 4675 coenobiis
1538 4621 1659 4691 jam
1690 4638 1785 4676 ex-

188 4705 330 4774 perti
347 4722 561 4760 sumus.
609 4705 673 4759 In
694 4705 935 4776 coquina
976 4706 1223 4777 regulari
1243 4707 1357 4763 sive
1386 4707 1650 4763 familiari
1670 4726 1787 4765 om-

187 4795 280 4848 nia
302 4794 602 4849 ustensilia
612 4794 728 4849 sive
740 4793 929 4848 cacabi
946 4802 1334 4865 praeparentur
1351 4796 1787 4870 abqipso,przeter

182 4881 394 4938 bancos
412 4888 469 4938 et
483 4882 827 4950 scutellulas,
848 4899 971 4954 quae
985 4883 1193 4939 dentur
1210 4902 1245 4940 a
1265 4887 1552 4942 cellerario
1574 4892 1632 4942 et
1639 4905 1784 4960 prae-

183 4972 390 5041 posito.

246 5224 370 5297 (76)
396 5223 540 5296 Lege
562 5225 799 5294 pectines
820 5242 921 5297 pro
946 5231 1178 5297 pectenc.

242 5296 365 5369 (77⁷)
391 5297 535 5370 Lege
556 5296 883 5352 indumento
911 5296 1012 5370 pro
1040 5302 1322 5368 damento,
1355 5307 1457 5357 aut
1501 5310 1652 5360 certe
1696 5309 1780 5362 tu-

174 5368 380 5429 mente,
406 5368 460 5422 id
482 5374 587 5429 est,
621 5371 871 5423 matelas.

239 5438 364 5510 (78)
386 5438 922 5521 Hicproprieta‘rius
977 5446 1114 5505 erat,
1148 5447 1218 5521 et.
1243 5443 1369 5521 ideo
1426 5461 1461 5499 a
1499 5446 1769 5519 Gregorio

1870 4510 1927 4559 et
1954 4505 2244 4559 hauriat...
2279 4505 2518 4578 capitelli
2560 4514 2620 4561 et
2680 4507 2987 4571 calefaciat,
3030 4508 3125 4580 qui
3167 4509 3355 4564 statim
3399 4515 3466 4567 ut

1869 4595 2176 4649 surrexerit
2201 4594 2271 4649 de
2297 4595 2540 4666 capitulo
2584 4603 2801 4667 pergat,
2835 4602 3005 4668 atque
3043 4599 3193 4669 quod
3242 4598 3293 4653 ei
3323 4616 3464 4672 opus

1869 4688 1972 4744 est,
2007 4688 2288 4754 operetur.
2346 4682 2437 4738 Sic
2482 4700 2615 4755 ergo
2661 4690 2746 4739 est
2799 4686 3116 4757 agendum;
3158 4693 3224 4743 ut
3259 4688 3465 4760 quibus

1867 4772 2021 4826 horis
2076 4771 2277 4827 fratres
2330 4778 2531 4828 vacant
2580 4774 2913 4830 lectionibus
2977 4777 3064 4831 vel
3118 4777 3180 4833 in
3215 4779 3464 4835 claustro

1866 4866 2092 4931 tempus
2110 4861 2374 4932 loquendi
2416 4879 2529 4916 non
2546 4862 2796 4931 fuerit,id
2816 4882 2984 4936 agere
3002 4882 3112 4921 non
3136 4874 3460 4939 praesumat.

1866 4950 2106 5005 Pedules
2124 4957 2315 5006 autem
2342 4953 2729 5024 unusquisque
2751 4954 2981 5010 sibimet
3002 4956 3151 5011 lavet
3178 4979 3191 5015 :
3221 4958 3462 5028 cuculla,

1866 5044 2036 5111 atque
2065 5040 2262 5096 tunica
2294 5041 2477 5096 rarius
2498 5047 2586 5096 est
2610 5043 2871 5111 lavanda;
2896 5050 3086 5101 tamen
3107 5063 3208 5118 per
3232 5063 3293 5101 se
3305 5062 3463 5102 occu-

1862 5236 2000 5317 fuit;
2047 5238 2321 5317 siquidem
2356 5239 2604 5317 defuncti
2658 5258 3034 5317 corpustnon
3073 5242 3132 5298 in
3169 5243 3459 5317 communi

1858 5310 2095 5386 fratrum
2134 5313 2444 5386 conditorio
2472 5310 2789 5383 humatum,
2818 5310 2917 5370 sed
2948 5315 3007 5369 in
3051 5314 3449 5386 sterquilinum

1855 5383 2167 5454 projectum
2195 5383 2322 5439 fuit.

1929 5453 2036 5523 (79)
2061 5455 2483 5510 Ablutatarium
2502 5456 2572 5511 ab
2599 5458 2869 5511 abluendo
2898 5457 3128 5512 dictum.
3146 5473 3241 5511 vss
3267 5463 3371 5528 est,
3386 5458 3446 5514 in

171 5508 410 5596 Magpp,
426 5508 667 5596 quitunc
680 5510 739 5565 in
774 5510 1027 5596 Romano
1044 5514 1222 5596 sancti
1239 5516 1475 5596 Andreas
1493 5508 1771 5596 monaste-
1852 5508 1964 5596 quo
1991 5508 2173 5581 vestes
2201 5508 2720 5584 soididé'cane'éié
2738 5508 2890 5583 sunt.

170 5581 252 5637 rio
266 5580 457 5637 abbas
473 5587 615 5650 erat,
654 5598 803 5638 anno
822 5583 1032 5640 scilicet
1055 5582 1158 5641 589
1183 5588 1511 5657 gravissime
1538 5591 1771 5662 punitus
