3886 6172
244 268 385 331 ms
1445 253 1857 325 DLSCIPLINA
1894 252 2311 325 FABFENSIS.
3360 246 3504 319 4239

240 394 482 459 lationes
512 388 785 461 Cassiani.
810 385 1249 457 ChristoPhorus
1280 381 1638 456 pastoralem.
1674 378 2094 440 Adal-Aetiam
2126 378 2184 432 in
2231 377 2352 448 ipsa
2383 375 2613 445 ecclesia
2650 375 2911 447 exhalare
2952 375 3234 451 spiritum.
3278 374 3414 439 Quis
3451 373 3522 436 de

240 483 397 554 gisus
421 481 588 553 psalt.
607 477 859 533 Andreas
876 475 1193 544 Remigium
1213 489 1385 543 super
1406 468 1845 542 psalmos,Com-
1926 466 2134 522 talibus
2163 465 2400 525 dubitet,
2434 464 2581 535 quod
2602 480 2714 517 non
2738 464 2927 518 statim
2958 464 3031 517 ad
3060 480 3237 536 regna
3262 464 3519 534 polorum

242 579 422 627 ment.
461 567 720 642 Origenis
760 582 819 620 1n
857 566 989 619 Jesu
1020 565 1189 618 Nave.
1233 562 1600 617 Bauzmarus.
1642 555 1845 611 Isidori
1928 555 2273 627 penetrem?
2320 553 2516 608 Divina
2557 570 2729 624 opera
2773 553 2959 609 dulcia
3008 558 3141 607 sunt
3188 550 3519 625 volentibus,

242 659 697 717 testimoniorum
756 656 824 708 de
884 653 1020 707 Deo.
1075 651 1424 716 Fredericus,
1477 646 1843 719 Cyprianum.

243 749 551 813 Gerardus,
576 748 884 809 Exameren
910 741 1206 796 Ambrosii.
1237 740 1436 803 Gaulo,
1461 740 1604 805 Aug.
1631 736 1700 788 de
1718 733 1843 788 Tri-

237 840 453 894 nitate.‘
479 835 765 892 Gerardus
796 831 905 888 XII
941 830 1338 885 Homiliarum.
1364 829 1582 886 Petrus,
1610 822 1844 877 moralia

240 929 301 982 in
326 927 450 982 Job.
474 923 775 982 Theobald.
803 921 1003 975 Johan.
1051 921 1514 990 Chrysostomum
1575 915 1629 966 in
1666 911 1842 966 Math.

244 1017 517 1088 Stephan.
545 1013 715 1069 Psalt.
749 1011 940 1081 Steph.
976 1007 1361 1071 Ambrosium,
1390 1011 1488 1059 aut
1517 1005 1745 1057 Petrum
1780 1001 1843 1053 in

244 1103 658 1177 Apocalypsim.
679 1098 996 1169 Raymund.
1014 1099 1161 1167 Aug.
1192 1111 1365 1165 super
1388 1092 1650 1164 psalmos.
1676 1088 1845 1143 Tedri

243 1212 359 1262 cos,
408 1193 812 1262 Hieronymum
875 1187 945 1240 de
998 1183 1351 1256 philosophia
1392 1182 1522 1236 Joh.
1577 1186 1634 1233 et
1677 1193 1847 1248 super

240 1283 568 1357 prophetas.
614 1279 745 1334 Joh.
812 1276 964 1329 dicta
1009 1273 1184 1326 sancti
1234 1270 1449 1325 Basilii.
1507 1267 1841 1338 Aldulphus,

242 1354 654 1442 hieronymum
689 1367 748 1420 in
777 1365 1011 1421 Isaiam:
1040 1361 1329 1422 Arnulfus,
1360 1357 1737 1430 Augustinum
1776 1354 1845 1408 de

243 1465 362 1514 nat.
407 1467 465 1513 et
489 1462 634 1529 grat.
670 1454 1015 1510 Humbertus
1046 1451 1217 1503 vitam
1246 1450 1302 1503 S.
1337 1447 1525 1504 Siluri.
1554 1445 1842 1514 Leodega—

244 1550 382 1608 rius,
415 1545 816 1618 expositionem
845 1541 904 1595 in
926 1537 1395 1596 Pentateuchum.
1427 1535 1714 1600 Ledricus,
1748 1532 1844 1587 Ai-

242 1653 471 1692 monem
502 1651 671 1709 super
697 1631 978 1687 Genesim.
1011 1628 1312 1690 Martinus,
1342 1627 1637 1679 Aimonem
1677 1637 1846 1693 super

1929 660 2124 697 amara
2150 643 2413 697 videntur
2440 641 2774 695 nolentibus.
2796 642 2880 696 Ita
2903 641 3110 695 debent
3133 657 3273 711 opus
3301 639 3403 694 Dei
3418 654 3525 711 per

1931 733 2121 787 omnia
2142 748 2338 803 .agere,
2376 731 2522 784 sicut
2542 730 2623 785 illi
2646 730 2814 800 [sani]
2844 729 2901 784 in
2930 729 3269 783 monasterio
3290 747 3302 795 ;
3323 732 3527 798 praeter

1928 822 2077 892 quod
2099 821 2301 875 leniter
2317 825 2487 890 atque
2514 819 2720 872 cursim
2743 818 2932 872 dicant
2966 841 2978 872 :
3010 817 3368 875 intervallum
3400 831 3512 869 non

1925 916 2097 981 agant
2127 928 2138 962 :
2174 911 2313 963 Deus
2337 909 2573 961 auribus
2603 906 2895 965 dimittant
2922 925 2933 959 :
2964 905 3181 977 expleto
3219 921 3385 981 opere
3420 902 3525 958 Dei

1926 1004 2282 1053 revertantur
2305 997 2361 1050 in
2393 996 2805 1051 dormitorium.
2828 995 2918 1051 Illi
2939 1012 3086 1061 vero,
3105 995 3199 1067 qui
3224 972 3301 1048 ita
3331 992 3528 1066 nimie-

1926 1094 2043 1142 tate
2057 1086 2403 1143 inﬁrmitatis
2430 1086 2755 1141 detinentur
2766 1086 2913 1163 quod
2930 1085 3085 1139 nullo
3102 1063 3265 1153 modo
3278 1063 3524 1155 consur-

1925 1193 2057 1248 gere
2070 1175 2445 1233 valeantmox
2473 1178 2536 1228 ut
2560 1174 2619 1227 in
2642 1155 2983 1229 monasterio
3008 1152 3217 1227 fuerint
3244 1152 3526 1226 celebrata

1926 1264 2278 1319 nocturnalia
2296 1262 2806 1333 obsequia,annuat
2830 1261 3043 1332 ille,qui
3066 1260 3321 1314 ordinem
3343 1265 3520 1323 tenet,

1928 1352 2145 1409 duobus
2174 1351 2440 1406 fratribus
2476 1352 2571 1421 qui
2609 1350 2720 1403 illis
2751 1349 2998 1409 divinum
3029 1366 3170 1419 opus
3201 1348 3504 1403 decantent

1929 1440 2300 1512 Surgentibus
2325 1456 2455 1493 vero
2476 1426 2586 1492 illis
2621 1444 2683 1491 ut
2720 1455 2891 1509 supra
2913 1455 2978 1492 ex
3000 1436 3220 1492 lectulis
3242 1436 3378 1500 suis,
3400 1436 3523 1488 luce

1927 1530 2035 1585 diei
2053 1528 2642 1601 appparente,velorto
2656 1528 2775 1597 jam
2796 1528 2913 1581 sole
2934 1526 3120 1580 lavent
3141 1541 3340 1586 manus
3356 1528 3526 1601 atque

1928 1619 2095 1673 facies
2123 1634 2272 1678 suas,
2297 1624 2354 1670 et
2381 1616 2714 1670 conveniant
2740 1617 2793 1669 in
2827 1615 3135 1685 oratorium
3163 1614 3382 1669 Sancta:
3402 1594 3525 1665 Ma-

242 1727 472 1782 Isaiam.
507 1722 815 1778 Ambaldus
830 1718 1147 1789 Remigium
1185 1732 1354 1786 super
1381 1711 1907 1785 ecclesiasticum.,B
1930 1708 2041 1763 riae.
2062 1713 2119 1760 et
2146 1705 2380 1760 audiant
2410 1705 2638 1758 missam
2669 1703 2738 1763 ab
2766 1702 2879 1758 illis
2902 1701 3306 1764 sacerdotibus,
3340 1699 3434 1770 qui
3454 1699 3524 1752 il-

236 1815 525 1870 ‘Robertus
544 1812 717 1866 vitam
750 1809 928 1863 sancti
952 1805 1194 1862 Theutii.
1231 1804 1526 1858 Girbertus
1548 1800 1842 1855 Rabanum

244 1921 419 1975 super
445 1901 751 1957 ecclesiast.
796 1897 1082 1951 Valterius
1129 1893 1529 1948 Passionalem.
1574 1889 1702 1944 Aito
1732 1889 1846 1959 epi-

244 1994 424 2049 stolas
457 1991 637 2046 Pauli.
672 1987 1010 2043 Benedictus
1042 1984 1281 2056 Ephrem
1305 1982 1373 2035 de
1393 1978 1840 2051 compunctione.

243 2082 538 2137 Johannes
568 2080 740 2135 vitam
786 2077 977 2134 Mariae
1020 2073 1380 2144 1Egyptiacae.
1415 2069 1712 2124 Saturnius
1740 2067 1847 2121 En-

247 2172 548 2228 chiridion.
583 2172 820 2240 August.
854 2167 915 2220 F.
952 2163 1250 2219 Wirardus
1269 2159 1562 2214 historiam
1591 2155 1843 2228 Josephi.

243 2262 310 2317 F.
337 2261 536 2332 Steph.
568 2257 772 2313 Isidor.
806 2252 1179 2327 etymoligiar.
1212 2251 1274 2305 F.
1311 2247 1603 2303 Heinricus
1629 2246 1723 2299 lib.
1756 2261 1845 2298 re-

244 2367 384 2422 gum
426 2350 494 2406 F.
542 2347 849 2403 Gerbertus
882 2342 1226 2422 Aurelianus
1260 2340 1411 2410 .Aug.
1464 2338 1524 2393 F.
1567 2336 1846 2391 Rainerus

245 2418 646 2496 Cassiodorum
676 2452 847 2507 super
866 2434 1131 2506 psalmos.
1164 2418 1230 2485 F.
1268 2428 1513 2483 Ubertus
1537 2424 1845 2481 Historiam

246 2527 684 2583 ecclesiasticam
718 2522 940 2578 Eusebii
962 2518 1669 2576 CaesariensisAlmannus
1699 2516 1840 2585 Aug.

246 2619 315 2672 de
357 2619 507 2672 doct.
550 2614 853 2670 Christian.
896 2610 1087 2665 Lando
1133 2607 1370 2662 Ysilium
1416 2605 1474 2659 in
1512 2604 1842 2658 Leviticum.

248 2708 414 2777 Hugo
444 2703 931 2776 Hypognosticon.
960 2700 1160 2753 Petrus
1172 2700 1315 2766 Aug.
1341 2695 1410 2750 de
1441 2693 1713 2765 symbolo.
1732 2691 1848 2746 Lae-

248 2804 340 2851 tus
369 2794 536 2849 Amb.
563 2793 633 2847 de
653 2791 916 2847 conflictu
945 2788 1226 2844 vitiorum.
1250 2784 1535 2839 Auribnus
1555 2781 1850 2836 Rabanum

250 2886 309 2940 in
336 2886 545 2940 Thren.
569 2884 596 2937 .l
605 2881 844 2937 eremize.
865 2877 1149 2933 Ebrardus
1169 2875 1338 2928 vitam
1350 2872 1628 2927 Johannis
1652 2872 1853 2937 Helee-

1927 1796 1998 1850 lic
2022 1795 2265 1867 primum
2290 1792 2549 1848 mane-ibi
2578 1792 2919 1846 conveniunt
2940 1809 2950 1843 :
2972 1797 3031 1845 at
3046 1790 3271 1849 ubinon
3295 1789 3520 1854 adsunt,

1926 1884 2113 1939 veniat
2136 1884 2326 1946 frater,
2352 1882 2444 1953 qui
2467 1880 2739 1935 sollicitus
2752 1887 2839 1935 est
2867 1896 3036 1952 super
3065 1895 3159 1933 eos
3178 1878 3235 1932 in
3256 1878 3522 1951 claustro,

1928 1980 1984 2028 et
2004 1978 2217 2027 annuat
2247 1947 2407 2025 fratri
2454 1987 2621 2041 quem
2674 1969 2792 2041 ipse
2841 1947 2991 2032 velit,
3025 1974 3243 2025 exeant.
3278 1974 3335 2020 et
3371 1947 3524 2025 dicat

1927 2061 2044 2131 [ille
2075 2061 2344 2129 missam],
2368 2063 2425 2112 et
2440 2057 2535 2128 qui
2561 2057 2976 2111 communicare
2995 2056 3129 2118 vult,
3162 2053 3523 2113 faciat.Nullo

1929 2151 2135 2220 quippe
2162 2154 2416 2217 tempore
2444 2145 2732 2217 praeterire
2769 2144 2978 2199 debent
3003 2144 3150 2216 quod
3178 2143 3285 2214 ipsi
3310 2142 3524 2195 inﬁrmi

1930 2254 2151 2292 sacrum
2182 2253 2285 2307 per
2314 2236 2566 2306 singulos
2596 2235 2716 2288 dies
2744 2250 2857 2288 non
2898 2233 3133 2288 audiant
3185 2232 3397 2302 Legere
3422 2246 3526 2289 au-

1926 2333 2041 2381 tem
2075 2331 2177 2379 aut
2210 2325 2409 2378 missas
2440 2339 2641 2377 canere
2671 2321 2808 2377 nulli
2848 2338 2913 2375 ex
2952 2320 3088 2392 ipsis
3118 2320 3282 2374 liceat
3316 2318 3517 2383 facere,

1928 2415 2175 2486 quandiu
2233 2412 2346 2466 illic
2400 2412 2628 2478 fuerint,
2669 2415 2873 2481 praeter
2905 2409 3153 2481 psalmos
3196 2407 3523 2467 memoriter

1929 2513 2028 2558 aut
2065 2502 2393 2575 psalterium
2422 2501 2469 2555 si
2499 2500 2794 2554 voluerint.

1999 2642 2146 2698 Ante
2168 2638 2391 2693 tertiam
2424 2634 2847 2693 habeat-omnia
2867 2639 3192 2705 praeparata
3219 2638 3408 2689 custos
3446 2632 3527 2702 ip-

1933 2745 2144 2792 sorum,
2176 2743 2302 2783 cum
2318 2725 2446 2781 suis
2458 2723 2718 2787 ‘famulis,
2736 2722 3038 2793 unicuique
3055 2721 3381 2781 mensulam
3390 2719 3528 2779 Jan-

1932 2816 2188 2887 gitudine
2233 2815 2407 2871 trium
2439 2813 2676 2885 .pedum,
2701 2810 3008 2870 latitudine
3043 2809 3231 2870 unius,
3258 2814 3318 2867 et
3342 2807 3520 2876 semi;

1926 2921 2144 2976 ,ponere
2192 2903 2398 2974 quippe
2438 2900 2605 2959 debet
2646 2916 2746 2970 per
2781 2912 3249 2969 unumquemque
3272 2896 3530 2966 desuper

251 2974 459 3070 monii»
492 2971 706 3070 Edrard
726 2973 880 3070 eus;
894 2983 1086 3070 fere"
1111 2964 1286 3070 Ερίὲί·
1309 2961 1637 3070 cf“???
1659 2960 2251 3070 δτῗῗῘῗῨϐἶίηιθοιιιπῖ,
2277 2960 2557 3063 iustitiam
2589 2960 2723 3053 viiii,
2740 2994 2799 3043 et
2813 2960 3216 3058 panislibram.
3252 2986 3316 3045 In
3339 2960 3531 3045 moliar

250 3080 358 3117 nus
391 3062 726 3131 Gregonum
741 3076 807 3150 ’Ψ
821 3059 1084 3150 919'?“
1100 3061 1320 3150 Fiet.“
1344 3052 1662 3150 Ezeghlehs.’
1672 3049 1853 3150 Gil)"
1874 3049 2109 3139 “sterio
2128 3049 2261 3136 dum
2277 3049 2514 3150 'signum
2538 3049 3529 3149 pulsanturmoratertia.conveniant

252 3169 361 3207 nus
388 3150 664 3205 Libellum
688 3150 757 3202 de
778 3146 1073 3221 disciplina
1093 3143 1431 3199 Christiana.
1449 3140 1732 3195 Gerardus
1754 3140 1851 3193 Be-

251 3243 383 3296 dam
397 3239 688 3310 detemplo
718 3235 1053 3292 Salomonis.
1080 3234 1230 3307 Popo
1258 3231 1570 3303 Eugepium
1601 3230 1669 3283 de
1689 3245 1852 3301 opus-

252 3332 392 3387 culis
412 3332 555 3400 Aag.
592 3328 833 3382 Silvinus
864 3324 1075 3381 Raban.
1112 3340 1233 3393 sup.
1273 3340 1390 3392 reg.
1416 3319 1717 3393 Signaldus
1749 3319 1852 3372 Ra-

252 3420 380 3474 ban.
428 3433 599 3491 super
633 3415 737 3470 XII
768 3414 973 3485 Proph.
1008 3413 1210 3465 Petrus
1234 3408 1524 3463 historiam
1553 3406 1662 3461 Titi
1688 3405 1848 3459 Livii.

254 3510 575 3583 Stephanus
610 3504 938 3576 exposition.
981 3500 1197 3555 Rabani
1237 3499 1293 3552 in
1327 3495 1576 3552 Machab.
1611 3494 1707 3548 lib.
1740 3494 1849 3548 Pe-

251 3608 374 3655 trus
408 3600 555 3667 Aug.
585 3612 755 3666 snper
782 3593 1045 3664 psalmos.
1080 3588 1413 3644 Benedictus
1445 3585 1741 3643 Aleuinum
1782 3584 1851 3637 de

254 3688 547 3744 Trinitate.
575 3683 870 3739 Girbertus
902 3679 1191 3734 historiam
1234 3677 1584 3747 angelorum.
1618 3674 1679 3728 F.
1713 3673 1850 3727 Ber-

257 3777 394 3830 nard
430 3773 713 3830 Orosium.
746 3772 807 3824 F.
838 3768 1081 3824 Ubertus
1127 3769 1269 3836 Aug.
1321 3766 1390 3819 de
1419 3764 1581 3818 Civit.
1618 3762 1741 3815 Dei.
1776 3763 1841 3818 F.

254 3864 532 3922 Martinus
577 3862 897 3933 Aymonem
929 3874 1099 3929 super
1125 3857 1288 3927 epist.
1323 3854 1504 3908 Pauli.
1551 3853 1612 3906 F.
1657 3851 1847 3921 Steph.

261 3959 576 4028 Aymonem
607 3967 778 4022 supra
808 3948 1111 4021 Abpocalyp.
1140 3946 1199 3999 F.
1232 3947 1507 4017 Arpertus
1540 3941 1744 3996 Bedam
1763 3956 1854 3993 su-

257 4062 355 4117 per
388 4040 586 4115 parab.
627 4036 943 4094 Salomonis
985 4036 1046 4090 ιδ’.
1081 4036 1346 4090 Otmarus
1375 4029 1732 4086 concordiam
1770 4044 1854 4082 re-

256 4135 453 4206 gularu
460 4149 515 4185 m
527 4171 539 4184 .

861 4216 1094 4272 CAPUT
1127 4214 1249 4271 LII.

265 4313 335 4368 De
367 4312 617 4380 inﬁrmis
647 4308 961 4380 fratribus,
985 4307 1228 4380 qualiter
1255 4305 1323 4357 ab
1354 4304 1486 4371 ipsis
1513 4303 1594 4354 vel
1622 4315 1658 4352 a
1690 4298 1857 4350 mini-

733 4378 1041 4432 strantibus
1067 4378 1142 4429 eis
1171 4379 1395 4441 agatur.

332 4470 553 4528 Inﬁrmi
580 4469 805 4528 fratres,
836 4472 902 4522 ut
928 4465 1085 4519 missi
1112 4463 1323 4518 fuerint
1348 4462 1407 4516 in
1436 4462 1669 4516 domum
1699 4458 1860 4512 inﬁr-

264 4578 487 4617 morum
542 4576 643 4630 pro
686 4574 790 4611 sua
834 4554 1186 4626 azgritudine,
1231 4551 1305 4606 ad
1351 4548 1681 4605 nocturnale
1705 4545 1862 4600 obse-

263 4652 481 4723 quium,
513 4665 643 4703 mox
655 4652 718 4702 ut
745 4646 969 4716 signum
1000 4642 1272 4705 sonuerit,
1300 4645 1538 4710 surgant
1555 4635 1751 4708 etipsi,
1771 4652 1861 4689 ve-

256 4739 536 4808 niantque
570 4735 628 4788 in
650 4732 960 4787 oratorium
984 4732 1208 4785 Sancta:
1233 4727 1446 4791 Mariae,
1493 4725 1705 4779 iaciant
1732 4738 1858 4776 ora-

255 4827 495 4889 tionem,
512 4828 695 4895 (prout
713 4821 987 4876 Dominus
1001 4818 1202 4873 melius
1222 4815 1457 4875 dederit.
1482 4812 1858 4868 residentibus

254 4917 487 4970 demum
518 4914 577 4967 in
608 4913 729 4966 loco
761 4927 881 4965 suo.
926 4911 1182 4979 Dumque
1219 4907 1424 4960 iterum
1452 4904 1710 4975 pulsatur
1741 4901 1857 4971 sig-

254 5020 419 5067 num,
466 5001 731 5055 muniant
759 5016 820 5053 se
855 4998 1014 5069 signo
1042 5000 1249 5050 sanctae
1276 4992 1475 5056 crucis,
1502 4998 1560 5045 et
1586 4989 1860 5061 incipiant

248 5092 546 5148 canticum
574 5090 875 5161 graduum.
897 5088 996 5143 'Illi
1025 5086 1251 5149 fratres,
1275 5083 1370 5155 qui
1398 5098 1511 5136 non
1535 5081 1721 5134 valent
1741 5096 1861 5132 sur-

250 5202 417 5259 gere,
445 5191 577 5238 eant
602 5182 802 5237 famuli
822 5180 1126 5235 servientes
1152 5179 1232 5233 eis
1263 5184 1321 5232 et
1338 5177 1581 5232 educant
1597 5175 1721 5228 illos
1740 5190 1860 5228 sus-

249 5280 550 5332 tentantes
574 5271 723 5325 ulnis
753 5269 870 5324 suis
906 5271 963 5323 in
994 5269 1242 5332 ecclesia,
1277 5272 1446 5337 atque
1474 5263 1763 5328 collocant,
1797 5268 1863 5316 ut

248 5363 467 5417 melius
515 5360 821 5432 potuerint.
863 5360 1156 5430 Ingratum
1206 5355 1346 5410 nulli
1398 5371 1669 5426 apparere
1698 5347 1883 5407 debet'

250 5454 377 5509 hoc
402 5452 613 5505 factum
636 5448 817 5520 ;.quia
843 5464 988 5519 saepe
1024 5447 1266 5505 vidimus
1311 5444 1597 5501 ineodem
1628 5443 1719 5497 die
1742 5442 1865 5498 .fra-

249 5552 415 5597 trem
465 5539 629 5594 ﬁnire
666 5555 733 5594 ex
760 5539 867 5593 hac
895 5537 1036 5605 luce,
1065 5542 1123 5592 et
1166 5534 1243 5590 ad
1266 5534 1571 5594 Christum
1599 5532 1861 5602 transire,

1869 4373 1927 4437 ,Β

1933 3172 1992 3226 in
2022 3171 2249 3227 basilica
2266 3169 2535 3240 ,glouiosae
2564 3166 2813 3236 Virginis
2836 3165 3047 3227 Menke,
3067 3162 3527 3237 etdebitumim-

1923 3277 2166 3332 pensum
2197 3260 2430 3317 solvant-
2464 3258 2742 3315 Exeuntes
2776 3254 2916 3315 inde
2946 3253 3041 3324 qui
3078 3253 3209 3308 .vult
3235 3252 3528 3311 comedere

1932 3349 2145 3420 aliquid
2167 3347 2328 3419 quasi
2349 3348 2472 3402 loco
2494 3344 2872 3410 mixti,taciat,
2904 3349 2961 3398 et
2991 3342 3042 3401 si
3071 3341 3530 3412 velint-possunt-

1934 3456 2043 3509 que
2073 3455 2239 3509 agere
2269 3442 2480 3493 sextam
2511 3435 2818 3493 insimulet
2835 3433 3003 3491 edere
3028 3431 3529 3502 priusquamsone-

1929 3534 2042 3586 tur.
2070 3529 2139 3585 Et
2158 3526 2381 3598 quando
2394 3528 2737 3595 exspectant
2751 3523 2821 3579 ad
2847 3527 3082 3582 sextam.
3106 3524 3323 3577 moxmt
3340 3518 3530 3588 pulsa.-

1930 3618 2337 3686 verit-signum,
2358 3614 2642 3673 accedant
2670 3619 2727 3666 et
2747 3611 2850 3682 ipsi
2889 3611 2960 3669 ad
2988 3611 3209 3665 horam.
3240 3608 3529 3666 .Exeuntes

1934 3707 2161 3761 veniant
2200 3710 2371 3774 atque
2416 3718 2616 3759 manus
2645 3718 2775 3755 suas
2803 3700 3009 3762 lavent,
3051 3704 3109 3752 et
3133 3703 3266 3751 eant
3293 3696 3531 3767 epulari.

1932 3796 2173 3850 Versum
2200 3793 2271 3847 ad
2298 3808 2548 3849 mensam
2593 3788 3017 3849 diceredebent
3042 3786 3189 3843 sicut
3208 3785 3279 3847 .in
3303 3785 3534 3842 refectos

1934 3886 2018 3939 rio
2045 3900 2144 3955 per
2170 3896 2627 3951 unamquamque
2657 3877 3245 3938 ministrationem..ut
3281 3874 3415 3929 data
3451 3872 3533 3935 eis

1938 3973 2133 4036 fuerit,
2148 3986 2372 4041 semper
2389 3969 2739 4025 benedicant.
2765 3968 3021 4036 Ipsosum
3042 3968 3374 4034 procurator
3393 3967 3532 4032 quot

1929 4063 2145 4118 .vicibus
2175 4078 2300 4117 cum
2328 4054 2962 4115 scutellulisintraverit
2985 4054 3251 4123 januam;
3277 4055 3365 4105 tot
3394 4048 3531 4105 vici-

1934 4153 2041 4208 bus
2083 4152 2396 4209 .Benedicite
2434 4162 2660 4217 semper
2692 4144 2862 4203 dicat.
2893 4142 3018 4203 aliis
3051 4136 3532 4210 respondentibus

1931 4244 2239 4301 Dominus;
2272 4254 2399 4297 cum
2421 4234 2575 4295 omni
2604 4231 2984 4304 gratulatione
3011 4234 3180 4299 atque
3207 4226 3528 4288 dilectione.

1943 4331 2181 4385 Versum
2204 4332 2335 4398 post
2348 4325 2529 4387 cibum
2550 4322 2627 4377 ibi
2648 4320 3086 4379 dicant..0mnes
3105 4332 3349 4386 namque
3362 4315 3532 4377 horas

1947 4420 2006 4473 in
2044 4417 2278 4474 ecclesia
2321 4430 2519 4469 canere
2574 4409 2795 4466 debent.
2850 4406 3131 4479 Quidquid
3174 4404 3530 4470 remanserit,

1943 4509 2017 4565 ad
2055 4504 2410 4563 cellerarium
2433 4502 2736 4565 .reddatur,
2780 4497 3127 4570 praeterilla,
3146 4511 3285 4567 .quaa
3309 4494 3534 4554 famulis

1943 4599 2049 4654 sibi
2085 4593 2457 4655 servientibus
2496 4608 2562 4646 ex
2588 4588 2863 4651 carnibus
2896 4584 3537 4657 vel,pulmentis.danda

1940 4690 2076 4743 sunt
2115 4684 2187 4740 ab
2234 4683 2328 4741 illo
2376 4682 2549 4741 fratre
2592 4678 2688 4749 qui
2734 4676 2864 4736 huic
2884 4674 3330 4743 .ofﬁciopraeest.
3362 4672 3537 4735 ,Inﬁr-

1941 4775 2050 4831 mis
2102 4772 2370 4829 fratribus
2404 4786 2532 4831 .non
2569 4765 2828 4839 lpertinet
2881 4763 2962 4819 eis
3000 4761 3325 4833 .quidquam
3364 4761 3534 4823 dare.

1941 4861 2428 4934 Eleemosynarius
2438 4874 2578 4913 vero
2604 4855 2716 4913 illis
2744 4853 2972 4918 diebus,
2986 4850 3205 4923 quibus.
3218 4850 3540 4913 exrefecto-

1943 4954 2028 5013 rio
2056 4952 2484 5023 recipit,panem
2514 4951 2572 5001 et
2594 4943 3006 5007 .vinum,,ita.et
3031 4938 3535 5003 exhacmansione

1939 5040 2198 5112 accipiat.

2013 5171 2297 5244 Quidquid
2310 5168 2518 5224 inﬁrmi
2530 5164 2902 5238 petierint,eis
2923 5161 3171 5217 dandum
3185 5163 3269 5213 est
3286 5177 3298 5223 ;
3314 5157 3536 5211 etiamsi

1942 5280 2130 5320 emere
2176 5243 2314 5332 opus
2351 5258 2439 5314 sit.
2474 5255 2698 5327 Regula
2724 5268 2969 5322 namque
3000 5247 3249 5321 praecipit
3283 5247 3418 5325 (cap.
3445 5243 3537 5317 36)

1944 5358 2076 5408 ante
2093 5349 2280 5405 omnia
2296 5355 2357 5404 et
2368 5363 2538 5419 super
2548 5342 2738 5399 omnia
2757 5334 3394 5396 adhibendaminﬁrmis
3416 5351 3536 5390 esse

1944 5455 2245 5503 curam-ac
2280 5434 2743 5498 sollicitudinem.
2785 5428 2867 5491 AI“
2913 5426 3051 5499 ipsis
3089 5424 3534 5496 quippecellulis

1944 5529 2154 5587 habeat
2175 5531 2523 5600 procurator
2568 5523 2747 5593 frater
2795 5516 3007 5584 omnia,
3047 5530 3393 5587 quaecunque
3428 5513 3540 5570 illis
