3972 6172
481 281 617 343 1287

1539 284 1890 342 GUIDONIS
1930 283 2236 340 ABBATIS
2273 285 2461 341 FARF
2470 286 2559 343 EN
2563 286 2673 343 SIS

3546 298 3658 358 1288

473 410 790 466 necessaria
819 408 1343 477 fuerint:videlicet,
1368 409 1650 476 utensilia,
1675 409 1912 465 bacciles
1944 408 2286 478 ma-Agant
2332 408 2607 464 laternam
2656 426 2847 465 secum
2891 411 3161 481 ferentes;
3198 419 3468 486 postquam
3502 434 3662 476 omnes

475 501 688 567 nuales,
731 500 911 555 situlae
957 499 1184 554 vinariae
1227 504 1396 570 atque
1455 500 1724 570 aquariae,
1783 501 2060 555 caldariae.
2139 498 2261 567 jam
2307 499 2665 570 requiescunt
2706 501 3022 572 perspicere
3059 501 3259 558 debent
3281 505 3496 575 qualiter
3520 524 3661 564 unus-

474 590 742 644 cremium
764 591 880 659 (8|)
912 590 983 644 ad
1013 590 1232 643 minora
1259 589 1501 660 agenda.
1540 590 1877 655 Scutellulaa,
1895 591 2065 660 justi-

472 679 564 733 tiae
609 679 831 733 illorum
872 679 988 733 suis
1027 678 1337 750 scyphulis.
1374 679 1608 743 Quando
1642 680 1845 733 fratres
1888 697 1947 733 se
1981 697 2067 733 ra-

475 769 633 832 dunt,
668 768 775 839 ipsi
821 784 935 822 uno
963 768 1053 822 die
1082 774 1212 822 ante
1239 784 1298 822 se
1328 768 1532 822 radant
1580 768 1637 823 Si
1667 768 1871 839 aliquis
1900 786 1965 822 ex
1986 768 2066 839 ip-

474 856 551 911 sis
582 858 833 912 exiturus
863 864 949 912 est
978 857 1035 912 in
1061 858 1303 912 crastino
1340 874 1467 912 cum
1509 857 1841 921 senioribus,
1874 858 2062 913 faciat.

476 946 848 1001 Sabbatorum
882 964 1012 1001 vero
1052 945 1249 1002 diebus
1278 964 1567 1018 vesperam
1594 947 1840 1001 habeant
1868 947 2067 1001 famuli

476 1053 680 1108 aquam
711 1035 1191 1107 calidam,utipsis
1217 1035 1453 1090 infirmis
1475 1036 1641 1107 pedes
1661 1037 1862 1090 lavent.
1890 1036 2067 1100 Quot-

478 1132 615 1196 quot
632 1142 663 1180 e
690 1124 959 1179 fratribus
978 1125 1178 1179 exituri
1201 1123 1309 1192 (82;
1330 1124 1555 1186 fuerint,
1579 1124 1653 1178 ibi
1682 1125 1889 1178 faciant
1907 1140 2069 1179 suam

476 1214 887 1269 necessitatem.
917 1214 1135 1268 Famuli
1166 1213 1341 1285 ipsius
1366 1213 1472 1267 loci
1491 1213 1624 1268 folia
1650 1219 2073 1285 praeparent,ta-

478 1320 608 1358 men
639 1304 696 1357 in
726 1320 838 1358 uno
868 1303 1078 1373 angulo
1109 1320 1237 1357 cum
1268 1319 1474 1374 magna
1503 1303 1741 1369 cautela,
1773 1308 1830 1356 et
1846 1303 2069 1374 quando

478 1393 838 1448 calefactoria
860 1392 965 1461 (83)
994 1392 1197 1447 facturi
1225 1399 1375 1459 sunt,
1407 1392 1605 1446 famuli
1624 1391 1897 1447 cellerarii
1928 1408 2071 1463 prte-

479 1487 681 1554 parata
699 1482 832 1536 folia
860 1481 1122 1536 habeant.

551 1571 951 1642 Undecumque
985 1570 1284 1625 revertitur
1311 1571 1552 1625 domnus
1581 1569 1753 1625 abbas
1778 1570 1944 1625 debet
1969 1569 2073 1625 ibi-

480 1659 606 1715 dem
640 1661 847 1725 venire,
894 1666 950 1714 et
979 1660 1260 1731 inquirere
1286 1677 1765 1731 unumquemque,
1795 1666 1931 1731 quot
1972 1660 2070 1714 ha-

2146 586 2382 659 quisque
2411 596 2558 658 agat.
2582 589 2828 645 Candela
2852 590 3023 660 igitur
3061 608 3159 662 per
3183 609 3588 666 unamquamque
3613 615 3667 652 ex

2146 675 2282 747 ipsis
2312 678 2524 731 cellulis
2544 679 2741 733 ardeat
2770 697 2949 751 usque
2969 697 3159 748 mane;
3192 683 3272 736 vel
3299 682 3374 737 sic
3392 691 3667 756 coaptentur

2147 764 2205 818 in
2233 765 2346 819 illis
2375 767 2586 821 cellulis
2619 784 2742 839 quae
2773 768 3065 824 viciniores
3095 776 3241 827 sunt.
3262 776 3322 826 ut
3340 773 3503 843 posita
3532 774 3667 829 lumi-

2146 855 2309 908 naria
2330 855 2387 908 in
2416 856 2741 912 fenestrulis
2771 858 3002 929 parietis
3022 858 3197 914 ambae
3225 859 3602 930 illuminentur;
3632 864 3669 918 si

2148 944 2336 999 minus
2357 946 2506 999 unde
2536 947 2726 1001 lumen
2747 949 3100 1013 accendatur,
3124 948 3430 1017 habuerint,
3456 956 3542 1006 aut
3557 952 3672 1007 inve-

2149 1033 2259 1087 niri
2292 1034 2523 1090 minime
2552 1036 2747 1107 possit.
2778 1043 2842 1091 ut
2865 1054 2965 1108 per
2992 1038 3213 1109 singula
3239 1039 3439 1093 ardeat-

2739 1126 2975 1182 CAPUT
3004 1127 3147 1185 LIII.

2223 1213 2482 1279 Inﬁrmos
2501 1215 2706 1280 fratres
2725 1218 2804 1268 sic
2823 1216 3012 1269 debent
3032 1219 3201 1270 visere
3222 1218 3366 1271 sodes
3384 1216 3615 1290 [sodales].

2224 1300 2430 1355 Multas
2449 1302 2708 1374 superius
2727 1321 2925 1358 causas
2946 1305 3545 1378 praetermisimus,quas
3560 1324 3673 1362 nunc

2152 1386 2398 1443 inserere
2428 1389 2660 1461 dignum
2690 1392 2966 1447 ducimus.
2986 1393 3045 1447 Si
3075 1394 3278 1465 aliquis
3303 1394 3466 1449 frater
3489 1396 3549 1450 de
3564 1397 3677 1450 clau-

2152 1482 2269 1531 stro
2287 1479 2526 1533 voluerit
2553 1479 2840 1535 infirmum
2872 1482 3117 1554 aliquem
3148 1482 3388 1547 visitare,
3423 1485 3635 1556 requirat
3654 1501 3679 1537 a

2152 1566 2338 1637 priore
2363 1567 2670 1635 licentiam,
2696 1569 2816 1625 sine
2832 1588 2944 1642 qua
2964 1572 3282 1628 nullatenus
3310 1572 3465 1628 debet
3480 1574 3681 1629 intrare:

2153 1673 2393 1727 cumque
2433 1657 2716 1713 licentiam
2753 1660 3016 1714 habuerit
3051 1660 3285 1732 incipiat
3311 1662 3580 1732 psalmum,
3607 1665 3685 1718 llo-

482 1749 610 1804 beat
636 1749 750 1803 sive
782 1766 1000 1803 morum
1031 1749 1234 1804 anima:
1266 1749 1381 1803 sive
1409 1750 1659 1821 corporis
1690 1750 2066 1818 valetudines;
2092 1738 2138 1798 Β
2158 1747 2322 1810 mine,
2358 1762 2424 1800 ne
2456 1749 2517 1800 in
2546 1749 2741 1815 furore
2776 1754 2867 1803 tuo
2896 1749 3163 1821 primum,
3189 1751 3473 1823 ipsumque
3499 1751 3623 1806 dicat
3642 1751 3686 1805 in

479 1837 566 1891 vel
595 1837 643 1891 si
670 1837 877 1909 aliquid
902 1838 1250 1892 necessitatis
1274 1844 1374 1892 aut
1395 1838 1748 1909 negligentiae
1779 1856 1812 1892 a
1840 1838 2074 1893 servito-

480 1925 634 1981 ribus
672 1928 758 1981 vel
799 1944 834 1980 a
861 1927 1166 1982 cellerariis
1196 1927 1500 1998 patiantur.
1542 1928 1609 1982 Et
1638 1932 1702 1982 ut
1727 1927 1991 1999 inspiciat
2026 1926 2074 1982 si

479 2014 683 2086 aliquis
699 2033 764 2070 ex
791 2016 860 2070 iis
891 2016 1033 2071 bene
1062 2017 1405 2071 convaluerit
1441 2017 1529 2071 cui
1557 2016 1841 2071 licentiam
1869 2017 1966 2071 det
1992 2034 2076 2071 re-

480 2103 688 2159 deundi
712 2105 769 2159 in
799 2106 1104 2160 claustrum
1129 2125 1141 2174 ;
1166 2106 1298 2176 quia
1321 2105 1443 2159 sine
1467 2105 1722 2176 jussione
1753 2106 1940 2160 nullus
1976 2123 2075 2160 nec

482 2193 790 2263 egreditur,
823 2211 924 2249 nec
942 2194 1273 2265 ingreditur.
1308 2194 1582 2249 Similiter
1601 2195 1769 2249 faciat
1795 2194 1966 2266 prior,
1990 2195 2074 2248 vel

478 2281 572 2337 ille
602 2285 699 2354 qui
733 2284 984 2338 ordinem
1004 2289 1177 2338 tenet.
1205 2284 1305 2339 Ille
1335 2284 1483 2338 enim
1517 2284 1709 2349 frater,
1727 2283 1896 2355 quiin
1924 2284 2077 2338 clau-

479 2376 661 2427 strum
695 2373 996 2428 revertitur
1023 2378 1157 2444 agat
1186 2373 1267 2427 ita
1302 2389 1312 2426 :
1342 2390 1470 2427 mox
1509 2379 1574 2426 ut
1618 2373 1840 2444 signum
1878 2373 2075 2444 prima:

478 2461 564 2515 vel
595 2463 851 2517 secundae
898 2463 1049 2517 horae
1080 2461 1404 2534 pulsaverit,
1442 2461 1749 2517 infantibus
1788 2462 1845 2516 in
1879 2462 2074 2533 primis

477 2551 902 2606 transeuntibus
946 2557 1081 2605 tunc
1108 2552 1294 2605 veniat
1330 2551 1424 2605 ille
1459 2557 1584 2622 post
1605 2568 1701 2605 eos
1732 2550 1790 2604 in
1816 2552 1985 2606 choro
2014 2552 2073 2605 in

477 2639 598 2695 loco
619 2657 743 2707 suo,
766 2646 824 2694 et
844 2640 1015 2695 faciat
1037 2639 1229 2695 omnia
1247 2646 1311 2695 ut
1337 2639 1458 2696 alii.
1495 2641 1559 2694 In
1579 2641 1823 2712 capitulo
1854 2658 1979 2695 mox
2011 2646 2076 2695 ut

479 2727 681 2782 dixerit
707 2746 771 2783 ex
798 2734 992 2784 nostro
1022 2729 1215 2784 ordine
1236 2731 1706 2794 Reminiscimini,
1733 2735 1930 2800 surgat
1955 2728 2069 2792 ille,

478 2816 651 2872 faciat
675 2817 1110 2873 satisfactionem
1143 2823 1200 2872 et
1217 2822 1440 2873 accuset
1468 2834 1527 2871 se
1548 2818 1616 2872 de
1642 2817 1757 2872 suis
1791 2818 2075 2889 negligen-

477 2906 590 2961 tiis.
624 2907 780 2961 Tunc
808 2907 1060 2961 absolvat
1087 2923 1216 2962 eum
1246 2907 1487 2961 domnus
1516 2906 1687 2961 abbas
1718 2913 1773 2961 et
1796 2907 1995 2978 jubeat
2021 2907 2073 2961 ei

479 2995 778 3050 decantare
802 3003 1016 3068 septem
1046 2996 1309 3067 psalmos,
1341 2996 1426 3050 vel
1455 2996 1805 3051 solummodo
1821 2998 2072 3051 Miserere

2156 1833 2394 1902 itinere;
2425 1842 2554 1907 post
2580 1837 2860 1908 psalmum
2891 1838 3059 1903 dicat,
3091 1842 3257 1895 Pater
3286 1845 3473 1894 noster.
3503 1841 3687 1896 Salvum

2156 1923 2245 1990 fac
2272 1940 2491 1979 servum
2514 1931 2653 1980 tum.
2678 1928 2829 1982 Mille
2848 1931 2916 1990 ei,
2952 1931 3200 1983 Domine.
3229 1929 3417 1984 Oratio
3448 1948 3458 1984 :
3485 1930 3691 1996 Omnipo-

2159 2015 2274 2065 tens
2313 2016 2641 2082 sempiterno
2688 2016 2845 2079 Deus,
2886 2019 3040 2071 salus
3067 2022 3297 2072 aeterna.
3327 2018 3459 2073 Cum
3489 2017 3691 2089 pervenit

2156 2099 2228 2153 ad
2265 2099 2551 2155 inﬁrmum
2601 2102 2770 2168 dicat,
2818 2105 3138 2159 Benedicite.
3188 2105 3396 2161 Deinde
3438 2105 3693 2176 interroget

2157 2204 2286 2242 eum
2319 2189 2389 2243 de
2412 2190 2740 2247 inlirmitate
2772 2210 2875 2247 sua
2898 2194 3145 2265 qualiter
3171 2195 3404 2257 laboret.
3440 2200 3492 2249 et
3515 2195 3693 2266 qualem

2156 2276 2487 2347 patientiam
2526 2280 2749 2344 habeat,
2784 2288 2840 2336 et
2863 2281 3068 2337 bonam
3105 2284 3541 2339 exercitationem
3564 2281 3694 2336 adhi-

2156 2365 2301 2420 beat.
2332 2366 2413 2421 De
2440 2370 2823 2441 corporalibus
2848 2388 2976 2427 vero
2996 2372 3139 2427 nihil
3158 2373 3531 2445 interrogetSi
3544 2376 3695 2426 autem

2155 2456 2333 2511 frater
2354 2457 2613 2513 infirmus
2640 2459 2711 2515 de
2739 2461 2929 2533 aliqua
2961 2464 3299 2518 necessitate
3326 2460 3693 2535 complanxerit.

2156 2545 2225 2599 ad
2244 2546 2489 2618 priorem
2520 2549 2744 2604 veniens
2763 2550 2913 2606 dicat
2936 2570 2947 2604 :
2980 2553 3087 2606 Per
3104 2560 3345 2607 vestram
3376 2551 3623 2607 licentiam
3641 2550 3696 2604 ad

2154 2633 2439 2690 infirmum
2466 2636 2625 2691 illum
2656 2638 2800 2703 veni,
2826 2640 2925 2693 sed
2946 2640 3016 2694 de
3036 2640 3249 2696 talibus
3282 2640 3443 2695 rebus
3468 2639 3698 2712 querimo-

2155 2723 2307 2778 niam
2337 2725 2543 2780 audivi-
2573 2727 2657 2781 Ad
2678 2727 2922 2798 priorem
2951 2735 3144 2784 autem
3174 2731 3417 2802 pertinet
3441 2731 3504 2785 de
3530 2728 3697 2783 talibus

2155 2813 2203 2867 si
2231 2812 2410 2868 visum
2437 2815 2606 2870 fuerit
2624 2817 3028 2887 providentiam
3059 2818 3288 2874 habere.

2226 2903 2386 2958 Item.
2418 2904 2615 2958 Frater
2637 2922 2764 2960 vero
2777 2906 2873 2977 qui
2896 2924 2995 2978 pro
3025 2924 3131 2962 sua
3154 2908 3478 2963 inﬁrmitate
3497 2906 3698 2961 mittitur

2154 2990 2212 3044 in
2240 2992 2594 3048 infirmorum
2623 2994 2789 3049 domo
2820 3000 2877 3049 et
2896 2995 2972 3050 ibi
2993 2996 3293 3052 dormierit
3315 3004 3476 3069 atque
3491 2995 3699 3050 comede-

482 3088 609 3146 mei,
636 3087 793 3148 Deus,
818 3086 940 3140 loco
971 3085 1332 3157 pmnitentize,
1368 3085 1623 3156 procidat
1644 3085 1847 3157 quippe
1871 3086 1964 3140 ille
2002 3086 2073 3140 ad
2095 3098 2137 3160 ο
2156 3080 2248 3144 rit,
2279 3098 2505 3136 carnem
2533 3088 2726 3138 tamen
2746 3101 2857 3139 non
2878 3085 3075 3151 ederit,
3103 3087 3153 3141 si
3178 3087 3417 3143 voluerit
3439 3084 3698 3159 pergerein

480 3173 603 3244 ejus
635 3175 885 3246 vestigia,
918 3174 1047 3229 dein
1068 3175 1331 3229 veniatin
1360 3175 1502 3242 loco,
1532 3174 1626 3229 ubi
1649 3176 1804 3246 prius
1832 3175 2070 3241 steterit,

480 3269 537 3317 et
566 3262 799 3318 inclinet
828 3281 887 3318 se
906 3263 1114 3319 iterum
1151 3263 1340 3318 abbati
1368 3281 1378 3315 :
1412 3280 1477 3317 ex
1517 3268 1651 3318 tunc
1684 3264 1917 3318 inclinet
1944 3263 2075 3319 hinc

480 3357 538 3406 et
561 3351 691 3406 inde
709 3358 907 3407 contra
930 3352 1197 3418 seniores,
1231 3352 1508 3423 imprimis
1527 3353 1699 3407 choro
1729 3352 1965 3419 abbatis,
1985 3369 2074 3407 ea-

480 3439 723 3510 demque
753 3447 808 3495 et
836 3440 945 3512 ipsi
973 3442 1200 3495 faciant.
1244 3440 1489 3495 Jubente
1530 3441 1729 3496 abbate
1761 3448 1854 3496 eat
1879 3442 2075 3496 sedere

480 3528 540 3582 in
566 3529 687 3583 loco
709 3546 831 3584 suo.
868 3530 1012 3585 Cum
1039 3530 1197 3600 pueri
1234 3529 1293 3583 in
1331 3531 1453 3601 ipsa
1481 3530 1649 3584 domo
1671 3531 1931 3585 conducti
1962 3531 2077 3585 fue-

480 3617 614 3678 rint,
648 3622 784 3671 tunc
812 3617 1080 3689 suscipiat
1101 3634 1250 3672 unus
1279 3634 1342 3671 ex
1374 3618 1508 3689 ipsis
1529 3618 1842 3674 senioribus
1871 3620 1969 3690 qui
1998 3620 2075 3674 ibi

478 3710 617 3759 sunt
643 3705 1231 3772 illorumcustodiam,
1263 3706 1361 3777 qui
1399 3723 1504 3760 sua
1531 3708 1822 3777 providere
1851 3709 1993 3763 sciat
2020 3715 2077 3764 et

483 3793 669 3848 aliena
687 3811 799 3849 non
828 3795 1130 3865 negligere.
1164 3796 1331 3850 Horis
1361 3811 1603 3867 namque
1630 3798 2076 3869 competentibus

483 3881 686 3952 quibus
716 3883 842 3938 aliis
871 3900 999 3937 cum
1023 3883 1241 3938 laterna
1269 3884 1570 3954 procedere
1590 3902 1711 3939 mos
1740 3891 1842 3950 est,
1875 3886 2073 3940 simili-

481 3980 570 4030 ter
592 3978 649 4027 et
668 3972 772 4044 ipsi
785 3972 992 4027 faciant
1014 3988 1211 4043 :prope
1228 3972 1531 4027 luminaria
1544 3974 1905 4044 jaceant,non
1913 3976 2076 4046 juxta

481 4081 559 4119 se.
592 4062 807 4118 Exinde
837 4067 1102 4117 exeuntes
1130 4079 1231 4133 pro
1262 4062 1367 4116 hoc
1392 4062 1829 4119 satisfactionem
1858 4081 1970 4119 non
1990 4064 2074 4118 fa-

480 4153 636 4208 ciunt
665 4153 739 4207 ad
775 4153 955 4223 majus
1000 4152 1308 4222 capitulum
1355 4168 1459 4206 nec
1504 4153 1574 4207 ad
1605 4170 1788 4208 suum.
1830 4153 2074 4225 Majores

478 4242 682 4297 fratres
703 4242 798 4313 qui
827 4258 1053 4296 carnem
1086 4241 1162 4295 ibi
1192 4257 1305 4295 non
1336 4242 1529 4304 edunt,
1562 4241 1822 4297 baculum
1851 4250 2074 4314 gestare

478 4331 740 4386 manibus
769 4330 1001 4385 minime
1022 4329 1229 4384 debent
1253 4347 1265 4382 :
1300 4330 1606 4385 satisfactio
1638 4331 1699 4386 in
1727 4332 1972 4403 capitulo
2002 4332 2073 4387 il-

480 4420 549 4475 lis
580 4437 692 4475 non
714 4420 1056 4476 conceditur.

552 4509 891 4564 Procurator
920 4509 1098 4563 frater
1128 4525 1256 4564 cum
1287 4508 1413 4562 aliis
1437 4508 1496 4562 in
1526 4508 1857 4564 dormitorio
1884 4509 2073 4581 quies-

480 4613 608 4652 cere
627 4597 794 4652 debet
820 4597 1244 4663 famulisQuiin
1257 4598 1361 4652 hoc
1388 4596 1654 4669 obsequio
1676 4599 1927 4670 deputati
1942 4605 2075 4655 sunt

481 4686 594 4740 illis
612 4686 996 4758 horis,quibus
1011 4686 1327 4741 senioresin
1339 4687 1584 4741 claustro
1598 4687 1796 4742 sedent
1813 4688 1932 4742 sine
1948 4706 2075 4744 con-

483 4774 715 4830 ductore
743 4793 808 4831 ex
832 4776 1117 4831 monachis
1143 4775 1386 4831 transire
1406 4792 1764 4848 nequaquam
1794 4778 2075 4849 permitti-

480 4869 593 4918 tur.
634 4865 962 4920 Discalceati
1010 4865 1181 4920 nullis
1209 4865 1364 4919 horis
1398 4865 1656 4921 incedere
1685 4866 1908 4923 debent.
1928 4870 2075 4924 Ante

480 4953 788 5008 luminaria
809 4955 1038 5025 jaceant
1064 4954 1122 5008 in
1151 4954 1343 5019 humo,
1369 4954 1465 5025 qui
1495 4955 1680 5026 ipsum
1708 4956 1901 5012 lumen
1921 4974 2074 5013 sem-

476 5059 579 5115 per
633 5048 937 5116 procurent
982 5042 1326 5098 reviviscere.
1382 5043 1661 5099 Exeuntes
1708 5046 2073 5118 completorio

475 5149 680 5205 aquam
697 5132 1047 5188 benedictam
1059 5132 1167 5204 ipsi
1186 5132 1318 5204 aegri
1331 5132 1579 5203 quotidie
1599 5134 2071 5207 accipiant,quam

474 5221 551 5277 ibi
579 5227 714 5278 ante
734 5224 970 5295 januam
996 5229 1368 5294 praeparatam
1398 5222 1704 5278 inveniant.
1737 5224 1804 5279 Et
1840 5224 2062 5280 illorum

2089 4381 2138 4441 D

2155 3169 2468 3237 ecclesiam,
2493 3178 2679 3243 potest
2712 3174 2956 3229 transire
2987 3192 3088 3247 per
3124 3183 3457 3232 conventum
3484 3176 3699 3238 fratrum,

2154 3257 2203 3312 si
2229 3263 2453 3331 tempus
2499 3261 2763 3332 loquendi
2794 3264 2967 3318 fuerit
2992 3264 3050 3319 in
3084 3265 3373 3335 claustro;
3410 3265 3521 3338 ipse
3549 3270 3702 3318 tamen

2154 3347 2287 3402 dum
2341 3349 2567 3404 veniens
2615 3353 2914 3407 Denaiicite
2960 3353 3130 3421 dicat,
3173 3361 3234 3410 et
3280 3361 3452 3411 exeat.
3500 3349 3700 3409 Sedendi

2156 3441 2257 3492 aut
2293 3438 2646 3510 colloquendi
2674 3457 2787 3496 non
2811 3447 2898 3496 est
2924 3442 2975 3496 ei
3003 3442 3225 3498 licitum
3252 3463 3265 3512 ;
3302 3461 3402 3500 nec
3418 3461 3522 3499 non
3548 3442 3607 3497 ad
3630 3457 3703 3496 ca-

2155 3526 2396 3598 pitulum
2410 3528 2492 3582 vel
2502 3530 2854 3585 collationem
2868 3531 3217 3588 introeundi.
3233 3534 3462 3589 Interim
3475 3532 3703 3587 illefrater

2157 3614 2252 3685 qui
2275 3631 2450 3687 usque
2479 3617 2550 3671 ad
2579 3618 2724 3672 diem
2756 3619 2843 3674 sui
2869 3620 3048 3674 exitus
3072 3622 3351 3677 manserit
3382 3621 3475 3689 ibi,
3510 3626 3560 3676 et
3582 3617 3704 3691 quid-

2158 3703 2294 3774 quid
2333 3706 2670 3775 regulariter
2696 3714 2899 3779 potest,
2933 3711 3119 3782 explet
3154 3712 3300 3767 illud
3338 3731 3352 3766 :
3391 3712 3437 3767 si
3460 3712 3509 3766 ei
3546 3715 3701 3781 aptum

2156 3792 2336 3847 visum
2368 3794 2540 3849 fuerit
2567 3795 2761 3851 sedere
2805 3798 2860 3852 in
2888 3799 3157 3866 claustro,
3186 3801 3359 3855 liceat
3384 3801 3456 3865 ei,
3486 3800 3632 3854 etiam
3660 3803 3703 3850 et

2157 3881 2225 3935 ad
2267 3883 2572 3954 capitulum
2619 3891 2789 3957 atque
2819 3888 3179 3943 collationem
3209 3891 3430 3956 venire;
3460 3906 3552 3962 per
3573 3900 3700 3942 usum

2155 3977 2347 4025 tamen
2375 3989 2487 4027 non
2502 3975 2818 4046 exquiritur
2836 3975 2906 4030 ab
2924 3976 3040 4039 illo,
3061 3978 3106 4032 si
3127 3978 3391 4035 defuerit.
3410 3980 3598 4034 Verum
3614 3977 3703 4046 ipse

2156 4059 2205 4113 si
2225 4061 2525 4132 perspiciat
2544 4064 2824 4135 undique;
2858 4065 2993 4137 quia
3020 4068 3089 4121 de
3120 4068 3389 4124 omnibus
3415 4069 3583 4131 bonis,
3611 4080 3704 4136 qua!

2154 4165 2451 4220 possumus
2470 4152 2797 4225 adimplere,
2817 4161 2874 4209 et
2900 4172 3012 4210 non
3037 4157 3300 4224 facimus,
3332 4160 3445 4233 Deo
3472 4157 3704 4212 rationem

2156 4238 2431 4295 reddituri
2473 4258 2688 4310 sumus,
2731 4244 2903 4299 etiam
2943 4262 3008 4299 ex
3053 4248 3504 4318 cogitationibus,
3536 4250 3708 4318 quanto

2156 4328 2337 4399 magis
2357 4329 2538 4385 factis.
2568 4333 2767 4388 Claudi
2787 4335 2869 4389 vel
2890 4352 3070 4401 senes,
3105 4337 3204 4408 qui
3234 4338 3587 4393 inhonestam
3601 4348 3708 4387 con-

2155 4423 2383 4472 ventum
2413 4426 2515 4474 aut
2541 4420 2752 4477 debiles
2778 4428 2930 4491 sunt,
2953 4424 3011 4479 in
3041 4424 3180 4497 ipsis
3216 4427 3436 4482 cellulis
3462 4426 3707 4482 maneant,

2154 4507 2456 4575 dormiant,
2481 4510 2669 4577 edant,
2695 4510 2861 4584 atque
2889 4530 3028 4584 opus
3057 4515 3160 4569 Dei
3189 4517 3444 4582 audiant,
3491 4520 3544 4569 et
3574 4510 3710 4584 quid-

2155 4597 2291 4668 quid
2318 4598 2398 4653 eis
2427 4616 2568 4671 opus
2596 4602 2786 4665 fuerit,
2818 4603 2896 4657 ibi
2924 4610 3114 4675 agant.
3147 4606 3352 4663 Frater
3384 4608 3593 4662 illarum
3619 4601 3715 4657 cel-

2156 4686 2398 4743 lularum
2420 4690 2676 4761 provisor
2693 4708 2819 4747 cum
2849 4692 2969 4748 suis
2993 4694 3226 4751 famulis
3255 4713 3449 4752 curam
3468 4706 3712 4766 superem

2157 4775 2225 4831 de
2253 4776 2514 4833 omnibus
2540 4785 2797 4835 exerceat
2826 4782 2975 4853 quod
3002 4782 3114 4837 illis
3135 4800 3279 4856 opus
3310 4790 3414 4854 est,
3445 4791 3507 4840 ut
3528 4799 3627 4838 non
3646 4779 3712 4834 in-

2156 4865 2405 4936 digeant.

2750 4960 2985 5017 CAPUT
3013 4962 3154 5017 LIV.

2154 5049 2406 5117 Qualiter
2423 5049 2700 5116 agendum
2719 5054 2796 5104 est
2823 5052 3043 5119 quando
3064 5054 3385 5120 ingreditur
3400 5048 3711 5120 congregatio

2550 5139 2623 5192 ad
2649 5140 2994 5194 uisitandum
3024 5142 3340 5208 inﬁrmum.

2217 5226 2382 5282 Prior
2407 5242 2653 5299 namque
2680 5232 2813 5282 ante
2839 5228 3149 5300 capitulum
3177 5229 3443 5300 inspiciat
3459 5229 3628 5300 ipsum
3642 5224 3711 5278 in-

473 5312 733 5368 custodes
748 5313 1098 5385 singulorum
1120 5311 1280 5367 lectis
1294 5327 1498 5383 aquam
1511 5310 1861 5368 benedictam
1881 5331 2067 5387 asper-
2148 5317 2378 5373 firmum
2403 5323 2461 5372 et
2484 5316 2794 5387 interroget
2818 5316 2869 5371 si
2893 5317 3027 5373 velit
3039 5319 3290 5390 accipere
3301 5334 3501 5391 corpus
3513 5308 3710 5372 Domini

539 5436 654 5508 (81)
681 5439 965 5494 Cremium
993 5455 1028 5492 a
1050 5452 1315 5499 cremare,
1337 5436 1737 5492 siccamentum
1760 5438 2064 5508 lignorum.

2218 5441 2323 5514 (83)
2347 5443 2713 5510 Calefactoria
2731 5441 2931 5514 facere,
2952 5447 3166 5499 certum
3189 5441 3377 5499 balnei
3399 5458 3589 5514 genus,
3611 5452 3705 5510 quo

537 5506 659 5586 (8'2)
692 5507 1015 5586 Legendum
1042 5512 1275 5586 exituri,
1309 5515 1374 5586 ut
1401 5524 1504 5586 nos
1533 5506 1904 5579 restituimus,
1949 5528 2063 5567 non
2144 5506 2331 5569 herbe
2351 5514 2411 5569 in
2431 5506 2580 5586 aqua
2606 5506 3009 5583 coquebantur.

469 5581 668 5646 exusti,
692 5584 757 5636 ut
778 5578 1074 5654 perperam
1102 5580 1162 5637 in
1190 5596 1322 5636 mss.
1353 5578 1581 5650 legitur.
