3972 6172
227 285 347 342 1289

228 415 309 462 aut
332 425 396 462 ex
426 411 548 463 oleo
578 417 773 464 sancto
796 412 930 481 ungi
967 431 978 464 :

227 516 366 551 suam
389 501 750 553 voluntatem.
774 511 828 553 et
851 503 1250 555 confessionem
1276 512 1404 568 agat
1438 519 1560 554 cum
1603 501 1803 552 abbate

227 589 292 639 vel
319 589 520 657 priore.
553 590 818 643 Veniente
840 593 1081 660 capitulo
1109 599 1230 660 post
1255 609 1567 642 sermonem
1595 593 1797 642 factum

227 677 433 730 studeat
487 679 709 732 ndicare
742 682 1160 747 eongregationi
1196 681 1400 732 infirmi
1435 679 1796 733 desiderium.

224 769 491 837 dicetque:
530 769 700 821 Nobis
733 779 942 822 rectum
975 771 1208 823 videtur.
1250 780 1310 822 ut
1347 787 1542 823 ennius
1575 767 1798 820 insimul

223 858 384 927 gratia
424 857 1091 927 invisendi.Congregatio
1124 860 1309 928 ilaquo
1345 878 1405 911 ex
1443 876 1565 911 vero
1597 860 1796 910 affectu

224 956 270 999 et
315 946 615 998 dilectione
669 949 1034 1017 reSpimdeat:
1102 950 1401 1018 f’o~tquam
1466 955 1644 1000 vestra
1704 963 1796 996 vo-

223 1036 389 1088 luntas
421 1044 504 1088 est
532 1053 563 1087 a
594 1038 748 1089 nobis
777 1055 900 1090 cum
933 1038 1242 1106 gratiarum
1265 1038 1481 1090 actione
1512 1037 1798 1104 luechssa

223 1141 273 1178 ex
303 1124 489 1177 fratris
520 1142 710 1179 amore
729 1136 786 1180 et
809 1138 991 1180 vestra
1008 1129 1377 1198 praeceptione
1400 1129 1634 1179 libenter
1657 1125 1797 1178 exci-

223 1214 404 1284 pimus.

283 1303 584 1373 Surgentes
599 1323 629 1358 e
644 1307 886 1376 capitulo
905 1314 1036 1360 eant
1053 1307 1105 1360 in
1126 1307 1654 1360 oratoriumSanrtzc
1677 1306 1795 1357 Ma-

222 1392 300 1445 ria:
315 1395 566 1446 canendo
595 1395 840 1465 quinque
862 1397 1102 1478 psal‘mos
1127 1413 1223 1465 pro
1260 1396 1551 1448 defunctis.
1585 1398 1795 1447 lixeun-

222 1482 474 1551 tes.prior
490 1493 651 1537 sonet
665 1485 909 1538 tabulam
936 1486 997 1538 (si
1022 1494 1242 1555 tempus
1268 1486 1433 1538 fuerit
1459 1486 1720 1554 loquendi
1743 1485 1794 1537 in

219 1571 442 1625 claustro
472 1573 684 1644 absque
717 1575 909 1627 morali
943 1575 1154 1644 [longo|
1186 1574 1480 1643 colloquio.
1507 1591 1797 1644 quousque

221 1679 272 1716 ex
299 1662 391 1715 illo
426 1664 705 1716 redierint.
748 1665 1109 1718 Venientibus
1142 1665 1195 1717 in
1221 1666 1390 1716 LIIIDI‘O
1415 1673 1506 1717 eat
1537 1667 1796 1717 sacerdos

1405 286 1820 341 DISCIPLINA
1857 285 2276 342 FARFENSIS.

1020 418 1155 466 tunc
1203 413 1459 466 inﬁrmus
1503 411 1800 482 patefaciat
1826 411 2174 479 ACapitula:
2238 413 2465 467 Ostende
2514 415 2706 476 nobis;
2740 417 2896 471 Mitte
2946 418 3016 475 ei.
3049 421 3161 474 etc.
3203 419 3338 472 Post
3363 419 3483 474 haec

3343 295 3368 353 1
3377 297 3481 352 290

1887 502 2170 553 Osi-aletur
2201 503 2371 553 isdem
2417 503 2675 555 infirn'ius
2713 522 2928 556 crucem
2964 513 3344 576 atqueomnes
3378 511 3482 563 fra-

1885 596 2018 645 tres.
2051 590 2218 640 etimn
2271 590 2534 645 infantes.
2594 591 2696 643 llis
2755 594 2986 662 expletis
3041 595 3268 664 incipiat
3310 595 3482 651 abbas

1887 679 2163 743 psalmum
2193 681 2445 733 dlis-crure
2471 684 2592 741 mei,
2634 684 2790 746 licus.
2828 690 2883 736 et
2914 684 2992 737 sic
3021 701 3215 738 omnes
3244 701 3371 738 cum
3403 686 3480 740 si-

1884 766 2054 819 lentio
2089 769 2372 822 recedant.

2484 875 2718 928 CAPUT
2749 876 2860 936 LV.

2043 984 2172 1034 Item
2204 986 2350 1035 olim
2376 985 2508 1036 ordo
2538 984 2609 1035 ad
2639 985 2928 1036 infirm-um
2958 990 3294 1053 ungendum,

1955 1071 2007 1123 Si
2036 1071 2346 1140 qnisl'i'atei-
2370 1071 2707 1124 Constrictus
2731 1072 2899 1124 errit
2931 1073 3000 1126 ab
3033 1076 3376 1138 infirmitate.
3414 1083 3480 1133 ut

1881 1176 2105 1212 ηρορςςω
2127 1161 2196 1211 δίε
2223 1162 2343 1212 oleo
2370 1171 2563 1212 sancto
2610 1161 2866 1229 perungi.
2901 1161 3066 1215 debet
3094 1175 3280 1220 custos
3327 1168 3480 1221 infir-

1883 1266 2100 1301 morum
2128 1250 2228 1301 hoc
2251 1250 2512 1302 intimare
2543 1249 2726 1302 abbati
2763 1252 2843 1302 vel
2879 1253 3064 1320 priori.
3097 1254 3142 1307 si
3165 1255 3335 1309 abbas
3366 1274 3478 1311 non

1880 1338 2059 1390 adest.
2091 1339 2246 1399 Quod
2283 1338 2328 1390 si
2362 1339 2562 1390 viderit
2607 1339 2758 1407 prior
2805 1357 3028 1394 necesse
3069 1359 3190 1395 esse
3229 1345 3381 1398 dicat
3418 1345 3476 1400 in

1880 1434 2151 1479 conventu
2171 1427 2426 1478 fratrum.
2464 1426 2560 1479 Ille
2589 1444 2714 1479 vero
2744 1428 3001 1482 infirmus
3031 1430 3075 1482 si
3133 1438 3346 1486 tantam
3376 1434 3481 1488 vir-

1881 1521 2056 1567 tutem
2081 1514 2333 1566 habuerit
2362 1522 2421 1568 ut
2448 1515 2736 1567 ambulare
2758 1517 2949 1585 possit.
2982 1519 3051 1571 ab
3073 1537 3181 1575 uno
3203 1521 3476 1587 videlicet,

1881 1602 1992 1654 sive
2025 1619 2053 1654 a
2078 1603 2296 1655 duobus
2324 1603 2589 1654 fratribus
2620 1613 2989 1660 sustentatus.
3012 1609 3176 1664 debet
3207 1611 3394 1664 venire
3420 1613 3480 1667 in

1881 1691 2184 1760 capitulum
2215 1697 2272 1744 et
2296 1697 2606 1760 prostratus
2639 1709 2824 1745 coram
2878 1694 3078 1750 abbate
3106 1705 3162 1751 et
3209 1701 3472 1754 omnibus

218 1752 434 1805 induere
451 1753 656 1809 albam.
683 1761 738 1807 et
768 1755 967 1807 stolam
1001 1762 1280 1824 supponat
1333 1755 1487 1807 Tunc
1517 1754 1629 1806 sint
1655 1771 1790 1823 qua-

1886 1752 2149 1830 fratribas
2175 1752 2328 1848 petat
2369 1779 2582 1832 veniam
2632 1781 2700 1832 de
2755 1783 3011 1836 omnibus
3040 1787 3395 1855 negligentiis
3422 1793 3480 1843 et

216 1843 328 1892 tuor
345 1841 864 1910 conversi.qum'um
885 1843 1276 1910 unusaccipiat
1291 1860 1492 1912 aquam
1516 1851 1793 1904 sanctam.

215 1928 342 1981 alius
373 1946 618 1985 crucem.
677 1932 877 1984 tertius
925 1931 1296 1986 thuiibnlum.
1331 1940 1567 2000 quartus
1607 1933 1791 1984 oleum

215 2019 640 2073 sacrum.Abbas
659 2037 899 2090 namque
919 2021 1171 2091 imponat
1201 2022 1498 2090 psalmum.
1542 2023 1796 2073 illisererc

213 2111 309 2161 mei
329 2110 490 2171 Deus,
514 2110 705 2178 sicque
750 2129 847 2180 per
895 2112 1143 2162 ordinem
1196 2111 1474 2164 incedant.
1507 2113 1565 2163 in
1602 2109 1793 2178 primis

215 2207 792 2266 aquasanctaetcrux.
814 2207 1013 2253 ettunc
1056 2199 1472 2270 subsequantur
1503 2201 1791 2252 incensum

209 2292 362 2353 atque
387 2305 483 2341 vas
514 2306 637 2342 cum
681 2290 818 2342 oleo.
868 2290 1076 2343 Deinde
1105 2291 1363 2343 saCerdos
1395 2300 1518 2360 post
1550 2291 1694 2352 illos.
1729 2307 1792 2342 ex

210 2375 323 2428 hinc
351 2377 614 2436 infantes.
650 2385 707 2431 et
735 2385 867 2432 tunc
897 2379 1136 2432 domnus
1165 2380 1336 2432 abbas
1361 2398 1370 2430 :
1429 2380 1518 2431 alii
1569 2381 1791 2432 veniant

210 2462 309 2517 bini
339 2484 404 2519 ac
448 2467 558 2519 bini
589 2468 732 2521 sicut
762 2479 894 2522 sunt
918 2452 1143 2537 priores.
1180 2472 1429 2538 Curaque
1468 2468 1538 2520 ibi
1586 2469 1794 2522 fuerint

207 2555 440 2624 primum
480 2557 631 2610 dicat
663 2559 922 2612 saec-.rdos
955 2562 1071 2612 Pax
1093 2562 1221 2611 huic
1251 2561 1458 2610 domui.
1490 2559 1653 2626 Resp.
1687 2576 1792 2610 cae-

205 2644 295 2696 teri
323 2665 333 2696 :
366 2648 562 2699 Amen.
611 2649 875 2701 [)ommuv
899 2650 1188 2701 t‘obixrmn.
1215 2650 1275 2700 Et
1299 2665 1420 2700 cum
1451 2653 1653 2712 spiritu
1678 2653 1785 2699 tuo.

207 2733 350 2787 Tunc
384 2736 552 2788 faciat
584 2736 871 2791 incensum
901 2747 958 2791 et
998 2755 1199 2808 aquam
1234 2745 1502 2790 sanctam.
1539 2737 1732 2789 txratio
1777 2754 1787 2788 :

213 2825 557 2891 (πηηὴ-υιειιδ
586 2831 909 2894 sempiterne
940 2829 1098 2891 Deus,
1137 2831 1237 2894 cui
1260 2843 1360 2894 per
1391 2829 1600 2880 beatum
1635 2843 1790 2893 apos-

209 2916 370 2966 tolum
403 2919 564 2966 tuum
594 2918 804 2969 dixisti.

273 3002 406 3056 Post
429 3004 571 3056 hanc
600 3006 910 3059 orationem
944 3005 1126 3058 omnis
1142 3006 1501 3075 congregatio
1550 3005 1793 3074 psalmos

203 3089 295 3144 hos
313 3093 915 3148 decantent.\'ideliret
945 3103 1154 3165 septem
1189 3097 1457 3165 speciales
1513 3113 1636 3148 cum
1686 3098 1793 3147 An-

202 3180 329 3250 tiph.
360 3183 730 3252 sequentibus
765 3203 860 3254 per
885 3202 1341 3254 unumquemque
1357 3185 1518 3238 sicuti
1551 3185 1605 3236 in
1632 3185 1792 3237 rolle-

201 3271 366 3323 ctario
387 3283 524 3325 sunt
554 3273 794 3327 insertae.
831 3283 888 3326 et
919 3275 1204 3326 ll'mdt’l‘tltt’.
1229 3275 1417 3327 omnia.
1439 3292 1558 3341 qua-
1589 3274 1793 3327 dicturi

201 3362 340 3412 sunt.
367 3356 582 3416 dicant.
609 3365 672 3410 ut
717 3359 976 3410 sacerdos
1035 3369 1230 3411 cuncta
1282 3375 1404 3427 quae
1434 3359 1599 3411 debet
1629 3375 1794 3427 agere

200 3447 500 3514 tranquille
528 3447 752 3516 explere
809 3457 1010 3518 queat;
1046 3449 1360 3501 astantibus
1393 3465 1489 3518 per
1537 3449 1787 3500 ordinem

197 3536 672 3602 quemadmodum
728 3536 783 3590 in
823 3539 991 3590 choro
1049 3539 1293 3591 Infantes
1326 3556 1449 3591 cum
1510 3539 1790 3606 inuigistris

195 3621 265 3674 ita
300 3631 573 3678 maneant
603 3626 768 3679 veluti
817 3644 933 3679 nios
982 3636 1068 3680 est
1124 3629 1190 3680 ad
1249 3629 1655 3698 processionem
1693 3645 1790 3697 pro

193 3727 314 3781 rege
343 3731 409 3766 as
438 3730 558 3766 are.
602 3715 872 3769 Sacerdos
904 3725 1088 3770 autem
1138 3717 1368 3785 incipiat
1398 3735 1607 3784 ungere
1640 3717 1786 3769 infir-

191 3816 334 3854 mum
369 3803 654 3874 imprimis
677 3805 873 3858 visum.
897 3807 1010 3860 sive
1043 3817 1271 3861 caeteros
1301 3825 1496 3861 sensus
1517 3807 1783 3877 corporis.

191 3899 237 3942 et
259 3893 418 3946 dicat
467 3895 768 3962 repetendo
821 3913 917 3965 per
967 3913 1450 3967 unumquemque.
1493 3900 1786 3949 l’crislam

190 3987 505 4036 unctionem
538 3988 584 4035 et
618 4001 776 4036 suam
807 3988 1575 4051 piimimam.miscricordiam
1606 3988 1789 4038 indut-

185 4077 295 4135 θεαί
320 4075 431 4124 tibi
466 4074 735 4126 Dominus
767 4076 1040 4142 quidquid
1062 4080 1293 4142 peccasti
1322 4093 1416 4142 per
1437 4079 1634 4127 risum.
1662 4076 1790 4127 Per-

187 4169 346 4213 uncto
377 4162 630 4230 denique.
661 4162 881 4216 infirmo
915 4164 1058 4216 lavet
1097 4165 1388 4235 presbyter
1416 4182 1613 4218 manus
1634 4181 1784 4226 suas.

183 4257 391 4303 ettunc
429 4261 760 4320 procurator
795 4254 998 4306 infirmi
1043 4255 1276 4325 accipiat
1327 4256 1501 4325 ipsam
1537 4255 1748 4307 ablutio
1773 4287 1786 4292 -

183 4352 325 4398 nem.
353 4349 410 4390 et
451 4340 505 4392 in
539 4341 723 4409 ignem
761 4343 1036 4412 projiriat.
1066 4354 1122 4396 et
1151 4346 1277 4396 dein
1329 4345 1488 4396 tollat
1514 4361 1605 4394 vas
1628 4352 1682 4396 et
1716 4344 1788 4395 la-

181 4437 266 4480 vet
293 4444 357 4480 os
393 4429 614 4482 infirmi
647 4439 704 4482 et
729 4431 916 4484 mittat
945 4431 998 4484 in
1025 4433 1295 4487 inl'usorio
1327 4433 1570 4486 ecclesia:
1603 4440 1701 4484 aut
1731 4432 1784 4484 in

180 4512 364 4569 focum
383 4562 394 4572 .

246 4605 397 4660 Dum
442 4607 558 4660 haec
590 4614 886 4677 patrantur
917 4611 1176 4664 saCerdos
1226 4628 1347 4664 cum
1384 4617 1625 4681 quatuor
1653 4629 1784 4664 con-

173 4694 350 4746 versis
385 4707 592 4765 pergat
653 4697 704 4750 in
747 4701 1060 4760 ecitlesiam.
1119 4709 1175 4753 et
1227 4703 1387 4754 tollat
1428 4703 1553 4754 inde
1587 4721 1787 4771 corpus

171 4777 406 4835 Domini
429 4793 484 4836 et
511 4785 740 4838 caliCem
759 4787 1268 4858 desuperopertum
1292 4791 1551 4859 mappula
1600 4801 1654 4844 et
1678 4793 1786 4845 duo

167 4872 439 4924 conversi
457 4874 730 4942 accipiant
755 4879 1107 4938 candelabra.
1127 4881 1326 4933 tertius
1354 4883 1699 4933 thuribulum
1733 4890 1789 4934 et

168 4972 421 5029 quartus
456 4964 761 5032 ampullam
791 4983 916 5018 cum
951 4968 1089 5020 vino.
1147 4981 1202 5021 et
1253 4976 1384 5020 tunc
1441 4981 1661 5022 venant
1689 4971 1788 5025 hos

162 5051 434 5118 psalmus
471 5052 841 5112 decantando.
895 5057 1150 5110 Miserere
1191 5061 1312 5117 nui,
1365 5059 1524 5111 [)cus.
1563 5065 1615 5111 Ui
1640 5077 1702 5112 us
1728 5064 1787 5114 in

165 5145 407 5193 nomine
437 5149 560 5201 tuo;
591 5144 729 5196 Deus
760 5148 1120 5207 mis-creatur;
1161 5151 1294 5201 Inus
1327 5151 1382 5200 in
1417 5149 1782 5214 adjutorimn.

160 5229 571 5284 Cunidmnmn
610 5232 821 5287 intrare
839 5237 1322 5306 tapperintomnes
1352 5239 1572 5289 flectant
1603 5257 1789 5309 genua

160 5329 368 5371 contra
412 5320 764 5375 U-miinicum
799 5342 1018 5394 corpus.
1045 5327 1212 5380 etiam
1266 5328 1381 5396 ipse
1443 5329 1699 5381 intirmus
1733 5332 1784 5384 in

156 5419 463 5478 quantum
488 5426 548 5463 se
577 5413 970 5482 valeterigere.
996 5424 1048 5468 et
1082 5424 1348 5469 tunccom
1391 5420 1601 5471 ‘unicet
1636 5437 1783 5477 eum.

157 5512 219 5549 ac
237 5499 828 5571 ριύῐυηι·1ειι‹]ἱςηιιςη
877 5522 1038 5558 δυιιιι]
1072 5522 1198 5559 εαξη
1227 5507 1364 5558 vino.
1411 5508 1661 5562 Psalmos
1691 5511 1790 5563 de-

153 5587 337 5663 nique
372 5590 658 5660 expletos,
711 5593 902 5649 dicant
931 5596 1100 5666 Kyric
1130 5599 1366 5661 etcison;
1391 5599 1556 5652 Pater
1583 5605 1785 5656 noster.

422 5689 694 5756 PATIOL.
737 5695 858 5758 CL.

1881 1868 2119 1935 peccatis
2153 1885 2274 1936 qua:
2297 1868 2597 1926 commisit.
2623 1875 2679 1920 et
2699 1868 2829 1921 data
2859 1870 3478 1944 absolutioneproster-

1880 1963 1978 2006 nat
2006 1972 2064 2008 se
2097 1956 2269 2008 abbas
2299 1965 2356 2008 et
2383 1974 2576 2010 omnes
2607 1958 2806 2010 fratres
2835 1975 3020 2013 coram
3051 1962 3142 2016 illo
3171 1964 3344 2016 fratre
3378 1981 3476 2034 pe-

1880 2051 2061 2096 tentes
2081 2045 2318 2102 veniam.
2336 2047 2379 2098 si
2414 2047 2543 2114 quid
2570 2047 2753 2100 delicti
2779 2057 2968 2102 contra
3007 2051 3157 2104 illum
3188 2053 3479 2106 commise-

1881 2139 2028 2188 runt.
2062 2141 2123 2184 ut
2151 2133 2241 2185 ille
2273 2134 2445 2185 frater
2475 2134 2738 2190 similiter
2795 2135 3204 2192 absolutionem
3251 2140 3320 2193 ad
3353 2140 3477 2194 illos

1876 2220 1943 2272 fa.
1971 2222 2064 2273 iat.
2087 2223 2350 2284 Quadata
2373 2223 2544 2275 frater
2567 2223 3022 2280 illeabsolutione
3055 2235 3369 2282 revertatur
3405 2231 3479 2284 ad

1878 2309 2080 2362 lectum
2107 2328 2267 2364 suum
2297 2331 2308 2368 ;
2345 2313 2543 2366 fratres
2575 2331 2702 2365 vero
2728 2331 2852 2367 cum
2878 2315 3114 2370 exierint
3143 2319 3210 2370 de
3231 2320 3477 2389 capitulo

1880 2408 2110 2468 pergant
2134 2401 2584 2454 simulomnesin
2621 2404 2888 2471 majorem
2932 2406 3306 2466 ecclesiam.si
3340 2419 3478 2463 tem-

1877 2504 1982 2556 pus
2014 2488 2273 2556 loquendi
2303 2506 2354 2541 In
2383 2490 2625 2542 claustro
2659 2507 2765 2542 non
2808 2491 2996 2557 fuerit,
3027 2496 3304 2548 cantando
3334 2497 3480 2565 psal-

1882 2592 2000 2627 mos
2031 2577 2124 2645 qui
2155 2587 2277 2645 post
2299 2578 2605 2644 capitulum
2654 2579 2871 2632 dicendi
2914 2589 3080 2636 sunt:
3117 2582 3479 2639 introducant

1876 2677 1924 2716 et
1965 2666 2205 2730 psalmos
2235 2668 2286 2718 in
2309 2667 2566 2722 clioro.et
2593 2669 2854 2722 revestiat
2891 2688 2949 2722 se
2980 2673 3240 2726 sacerdos
3273 2675 3475 2728 hebdo-

1878 2753 2230 2806 madarinsin
2256 2756 2378 2806 alba
2404 2757 2601 2808 stolam
2640 2757 2848 2809 habens
2870 2759 2938 2809 ad
2956 2760 3159 2812 Collum
3190 2780 3202 2823 ;
3236 2771 3476 2816 secreta-

1881 2842 1995 2894 rius
2040 2854 2314 2913 pramaret
2362 2845 2642 2896 urceolum
2687 2863 2810 2898 cum
2859 2863 3004 2914 aqua
3063 2847 3370 2909 benedicta.
3415 2857 3473 2906 et

1876 2948 2118 2986 crucem.
2154 2943 2207 2985 et
2240 2936 2350 2985 duo
2381 2934 2734 2992 candelabra.
2769 2941 2825 2988 et
2854 2937 3158 3004 ampullam
3192 2956 3316 2992 cum
3351 2942 3474 2996 oleo

1876 3029 2088 3079 sancto.
2124 3031 2178 3073 et
2211 3031 2440 3091 pergant
2479 3033 2550 3076 ita
2585 3041 2780 3077 omnes
2834 3027 3043 3093 pariter
3084 3029 3151 3079 ad
3186 3027 3472 3085 infirmum

1879 3111 2214 3163 visitandum
2248 3112 2364 3163 sive
2398 3112 2802 3181 inungendum.
2848 3115 3126 3168 cantando
3169 3119 3467 3186 psalmum,

1878 3201 2131 3252 Miserere
2165 3203 2289 3265 mei,
2328 3205 2484 3263 Deus,
2517 3218 2626 3271 quo
2675 3203 2893 3272 expleto
2931 3203 3098 3270 dicat,
3134 3207 3300 3274 Kyrie
3347 3213 3474 3264 etei-

1876 3305 1992 3354 son,
2017 3296 2136 3348 etc.

2482 3381 2714 3437 CAPUT
2740 3381 2876 3435 LVI.

2123 3471 2373 3536 Qualiter
2400 3473 2472 3524 αθ(
2500 3475 2707 3524 exitum
2740 3475 2942 3525 animae
2971 3478 3192 3540 agatur.

1947 3555 2074 3610 Mox
2109 3566 2170 3610 ut
2191 3559 2375 3612 anima
2411 3561 2476 3612 ad
2499 3560 2706 3613 exitum
2731 3561 3107 3632 prepinquare
3130 3565 3246 3618 visa
3274 3566 3464 3633 fuerit,

1875 3649 2374 3702 conmmnicandus
2400 3657 2483 3702 est
2516 3649 2680 3702 homo
2715 3651 2830 3719 ipse
2860 3667 3092 3721 Corpore
3113 3661 3171 3707 et
3197 3657 3470 3725 sanguine

1873 3735 2118 3795 Domini.
2145 3738 2364 3790 etiamsi
2386 3739 2418 3803 i5
2444 3757 2505 3792 sa
2535 3739 2624 3791 die
2654 3740 2978 3793 comederit.
3013 3742 3142 3809 quia
3166 3743 3284 3814 ipsa
3314 3763 3469 3800 com—

1875 3825 2064 3876 munio
2085 3833 2171 3878 est
2192 3827 2239 3877 ei
2270 3826 2336 3877 ad
2369 3829 2714 3894 adJutorium
2749 3837 2945 3881 contra
2994 3830 3276 3885 diabolum
3302 3841 3358 3887 et
3389 3834 3470 3890 in-

1873 3913 2047 3965 sidias
2076 3915 2292 3981 ejus.Si
2320 3924 2507 3968 autem
2535 3917 2798 3985 quiddam
2831 3919 3197 3988 supervixerit
3218 3923 3469 3991 legenda

1873 4011 2004 4053 sunt
2037 4003 2340 4069 passiones.
2371 4013 2573 4071 agatur
2601 4006 2793 4058 litania
2819 4007 2888 4058 ab
2914 4008 3190 4066 omnibus.
3225 4028 3323 4081 pro
3345 4011 3470 4082 ipsa

1873 4089 2078 4142 anima.
2108 4092 2485 4145 Decantantnr
2503 4093 2718 4162 psalmi.
2745 4101 2800 4147 et
2817 4095 3466 4153 celebrenturorationes

1873 4177 2106 4240 intente.
2144 4188 2200 4232 et
2228 4180 2420 4232 famuli
2453 4181 2542 4233 die
2576 4191 2852 4251 noctuque
2883 4183 3203 4238 custodiant
3248 4203 3377 4240 eum
3411 4193 3466 4242 et

1873 4267 2179 4337 aspiciatur
2209 4256 2327 4321 sine
2361 4270 2776 4322 intermissione
2818 4279 2930 4324 tam
2963 4273 3032 4324 ab
3069 4274 3203 4344 ipsis
3243 4293 3408 4346 quam
3431 4295 3467 4331 a

1874 4358 2038 4409 fratre
2062 4357 2153 4426 qui
2178 4375 2347 4427 super
2386 4359 2534 4429 ipsos
2559 4368 2986 4429 procuratorest
3053 4363 3194 4416 Dum
3228 4365 3468 4420 viderint

1872 4462 1995 4498 eum
2027 4447 2141 4514 jam
2181 4465 2347 4517 prope
2385 4448 2594 4502 exitum
2629 4467 2769 4504 esse.
2800 4451 2979 4504 levent
3010 4469 3136 4505 eum
3180 4453 3248 4506 de
3284 4460 3466 4510 stratu

1881 4535 1936 4587 in
1975 4553 2082 4604 quo
2108 4537 2276 4605 jacet.
2302 4549 2352 4589 et
2389 4538 2629 4591 habeant
2653 4548 2970 4606 cooptatum
3003 4550 3166 4594 antea
3202 4542 3256 4596 in
3299 4544 3468 4600 Immo

1873 4625 2074 4676 lectum
2101 4635 2150 4675 et
2183 4627 2422 4694 positum
2445 4643 2638 4696 sagum
2671 4629 2950 4681 cilicinum
2985 4640 3040 4684 et
3059 4632 3198 4684 cinis
3229 4634 3471 4705 desuper

1873 4712 2042 4765 missa
2073 4715 2160 4766 sit.
2193 4715 2346 4767 Tunc
2375 4716 2656 4784 accipiant
2708 4735 2918 4787 aegrum
2972 4729 3029 4772 et
3076 4720 3150 4773 ibi
3200 4724 3472 4780 collocent

1875 4813 2035 4870 prout
2058 4802 2256 4855 melius
2289 4805 2574 4873 potuerint
2613 4825 2623 4856 :
2659 4809 2798 4872 Quia
2828 4810 2980 4873 [ilius
3016 4809 3328 4866 Christian-1'
3358 4831 3470 4869 non

1871 4893 2014 4943 (habet
2052 4907 2297 4957 aug/rare
2330 4897 2438 4945 nisi
2475 4899 2534 4947 in
2569 4897 2750 4947 cinere.
2777 4903 2824 4947 et
2872 4899 3072 4961 cilicio.
3097 4899 3243 4953 sicut
3265 4902 3383 4972 jam
3411 4902 3472 4956 in

1873 4980 2067 5032 multis
2099 4983 2365 5049 exemplis
2391 4992 2712 5037 sanctorum
2747 4986 2956 5054 experti
2987 5004 3201 5042 sumus.

1943 5075 2079 5121 Cum
2101 5072 2359 5137 verojam
2385 5072 2570 5124 anima
2598 5073 2737 5125 viam
2769 5075 3039 5129 universae
3067 5078 3248 5130 carnis
3281 5077 3468 5148 ingre-

1872 5155 2042 5211 ditur.
2079 5165 2131 5210 et
2166 5157 2217 5209 in
2251 5160 2515 5212 extremis
2542 5161 2702 5214 ’sicut
2742 5165 3087 5217 consuetudo
3145 5173 3253 5229 est)
3280 5167 3470 5221 tabula

1873 5247 2145 5299 senuerit.
2171 5265 2503 5320 quocunque
2532 5251 2776 5304 [morum
2807 5255 3008 5306 fratres
3036 5253 3336 5312 audierint.
3361 5262 3471 5309 sta-

1873 5337 1972 5387 tim
2001 5337 2208 5389 debent
2240 5339 2500 5407 incipere.
2536 5341 2702 5394 Credo
2733 5344 2793 5392 in
2837 5357 3012 5394 unum
3044 5344 3232 5402 Deum,
3265 5345 3472 5401 etilluc

1875 5441 1999 5478 cum
2033 5426 2183 5477 omni
2219 5426 2575 5482 festinatione
2633 5429 2818 5480 venire
2869 5428 2982 5481 sive
3025 5430 3075 5482 in
3117 5430 3468 5501 dormitorio,

1876 5513 1990 5566 sive
2023 5512 2077 5566 in
2112 5515 2204 5565 ref.
2227 5517 2403 5569 ctorio
2437 5519 2658 5570 fuerint.
2732 5515 2786 5570 Si
2848 5534 2973 5572 vero
3005 5520 3279 5590 regularis
3336 5525 3478 5581 hora

1871 5602 1990 5674 jam
2022 5611 2282 5660 cantatur
2328 5605 2388 5660 in
2431 5605 2682 5673 ecclesia,
2712 5622 2854 5681 quos
2878 5605 3122 5666 domnus
3159 5608 3353 5682 abbas,
3385 5616 3474 5672 vel

3154 5709 3230 5775 H
