3950 6168
509 263 649 321 1295

1802 264 2154 321 GUIDONIS
2187 265 2499 322 ABBATIS

3575 270 3687 328 12%

503 390 652 446 stulo
689 389 893 454 carnis,
938 406 1116 444 unum
1156 389 1405 444 ofﬁcium
1446 389 1694 443 efﬁciant
1730 405 1831 460 pro
1865 406 1949 451 eo,
1985 389 2090 444 nisi
2111 390 2162 451 Α
2250 391 2315 444 ln
2343 388 2726 444 anniversario
2744 406 2961 455 eorum,
2983 390 3106 461 ipse
3123 389 3304 454 frater,
3323 393 3466 462 cujus
3482 398 3691 465 parentes

502 481 688 536 abbati
716 481 896 534 visum
928 480 1097 534 fuerit
1125 488 1354 551 prollter
1383 479 1821 533 misericordiam
1857 481 1978 552 plus
2001 483 2095 550 ju.

503 569 655 624 bere.
690 570 961 623 Similiter
986 570 1055 623 de
1078 570 1367 622 monachis
1386 569 1478 639 qui
1510 569 1578 621 de
1614 569 1750 623 furis
1772 570 2003 623 veniunt
2032 587 2096 623 ex

501 659 614 712 alio
647 658 986 713 monasterio
1016 675 1116 728 pro
1141 659 1330 728 aliqua
1358 658 1638 727 legatione
1670 659 1748 711 vel
1780 676 1883 712 sua
1904 676 2097 713 neces-

502 747 770 813 situdine,
815 748 1067 819 quamvis
1108 755 1355 801 nostram
1406 747 1729 801 societatem
1776 748 2095 812 habuerint,

501 837 691 893 nullus
724 837 894 891 debet
923 837 1158 908 prodere
1186 836 1392 891 dilecta
1439 853 1542 891 sua
1588 837 1670 891 eis
1704 854 1717 889 :
1768 837 1900 907 quia
1951 854 2097 909 saepe

500 927 689 985 evenit
716 932 779 982 ut
801 927 1046 999 plurima
1069 926 1376 980 destructio
1406 926 1505 979 ﬁat
1535 926 1592 980 in
1623 926 1742 996 ipso
1769 926 2094 981 loco.Etiam

498 1019 561 1073 in
589 1017 895 1090 capitulum
927 1032 1039 1070 non
1069 1022 1201 1070 sunt
1230 1014 1498 1086 pergendi
1540 1011 1949 1088 [admittendi].
1986 1014 2095 1070 nisi

499 1106 674 1163 abbas
696 1104 952 1178 jusserit,
987 1104 1074 1159 vel
1124 1104 1295 1177 prior,
1329 1103 1377 1158 si
1424 1101 1596 1157 abbas
1648 1120 1760 1158 non
1802 1104 1977 1159 adest.
2026 1103 2093 1159 In

498 1197 746 1252 claustro
768 1196 1005 1266 juvenes
1045 1193 1140 1265 qui
1170 1192 1275 1247 sub
1321 1192 1571 1247 custodia
1603 1200 1737 1247 sunt
1778 1193 1862 1247 vel
1901 1193 2095 1249 novitii

496 1286 702 1341 fratres
730 1284 947 1339 nullum
979 1282 1319 1353 colloquium
1351 1281 1557 1336 habere
1585 1281 1791 1335 debent
1818 1299 1943 1337 cum
1976 1282 2091 1337 illo.

571 1374 651 1428 Ex
680 1373 793 1427 illis
816 1389 1058 1443 namque
1089 1371 1394 1433 monachis,
1428 1371 1523 1441 qui
1552 1370 1607 1424 in
1630 1372 1836 1426 nostris
1863 1372 2096 1427 societa-

499 1463 655 1547 tibug
686 1467 820 1516 sunt
849 1461 1115 1530 suscepti,
1135 1477 1260 1514 cum
1287 1461 1502 1530 legatus
1530 1460 1817 1514 advenerit
1838 1461 1895 1514 in
1914 1478 2096 1515 cumo-

2179 489 2329 543 sunt,
2360 480 2583 551 quando
2614 480 2887 534 invenerit
2928 480 3242 535 sacerdotes
3269 484 3606 537 tantummodo
3626 500 3693 537 m-

2176 576 2275 639 get
2303 570 2583 640 privatim,
2610 575 2670 623 ut
2696 575 2859 623 orent
2888 587 2987 640 pro
3017 570 3116 625 eis.

2781 677 3017 732 CAPUT
3053 677 3189 731 LIX.

2178 766 2251 820 De
2274 768 2437 833 pleno
2471 766 2649 833 ofﬁcio
2678 767 2901 834 quando
2926 767 3269 890 [celebratturi
3287 772 3424 828 sunt,
3468 767 3551 821 hoc
3572 769 3693 823 modo

2766 852 2906 890 aaen
2946 853 3040 890 um
3082 853 3135 890 es
3166 877 3179 889 .

2766 852 2906 904 agen
2926 852 3040 890 tum
3082 852 3179 891 est.

2249 923 2330 978 Ad
2363 923 2580 994 vigilias
2610 924 2844 994 pulsatis
2863 924 3077 979 cunctis
3105 924 3279 982 sienis
3306 924 3407 978 tria
3425 924 3694 980 candelabra

2175 1021 2458 1084 ponantur
2487 1020 2619 1068 ante
2635 1014 2813 1068 altare
2839 1020 2896 1069 et
2919 1013 2989 1067 ad
3025 1012 3356 1069 missam.Ad
3371 1014 3691 1069 matutinalem
3784 1044 3792 1053 θ

2175 1101 2405 1156 missam
2428 1102 2614 1157 denuo
2644 1102 2939 1174 pulsentur
2964 1103 3155 1157 omnia
3176 1102 3349 1173 signa.
3381 1102 3493 1157 Sint
3509 1110 3695 1173 quatuor

2176 1189 2419 1245 infantes
2448 1192 2730 1247 revestiti:
2767 1208 2914 1246 unus
2953 1191 3012 1246 in
3038 1192 3209 1246 choro
3230 1207 3357 1245 cum
3395 1207 3564 1262 cappa,
3587 1191 3696 1247 alius

2176 1279 2327 1351 legat
2359 1280 2652 1352 epistolam
2669 1298 2797 1336 cum
2819 1282 3025 1336 casula.
3059 1282 3145 1336 Ad
3176 1282 3340 1349 Kyric
3364 1283 3540 1335 eleison
3567 1298 3695 1334 exua-

2175 1375 2306 1427 tur:
2341 1370 2486 1425 lecta
2505 1371 2743 1442 epistola
2769 1388 2997 1426 rursum
3025 1370 3244 1434 induat.
3278 1375 3334 1424 et
3362 1376 3465 1425 stet
3494 1369 3544 1423 in
3567 1370 3695 1424 choro

2175 1458 2233 1513 in
2256 1458 2376 1512 loco
2397 1476 2499 1513 suo
2529 1476 2709 1530 usque
2731 1459 2865 1514 dum
2900 1459 3133 1514 ﬁniatur
3170 1458 3361 1513 missa.
3407 1459 3512 1512 Duo
3532 1474 3631 1511 vero
3652 1458 3696 1511 in

495 1549 673 1616 bium,
705 1551 901 1605 tandiu
928 1551 1237 1621 proteletur
1261 1566 1551 1621 quousque
1577 1550 1633 1603 in
1662 1551 1903 1620 capitulo
1924 1551 2093 1607 fuerit
2173 1547 2318 1601 albis
2354 1555 2416 1601 ut
2435 1555 2664 1602 cantent
2694 1566 2821 1620 resp
2872 1557 2930 1603 et
2959 1556 3075 1603 tres
3105 1548 3370 1609 conversi,
3407 1547 3506 1601 duo
3531 1547 3699 1601 adcan-

496 1641 820 1696 nuntiatum
844 1640 932 1693 die
962 1639 1299 1698 crastino.et
1320 1644 1457 1692 tunc
1487 1638 1737 1693 absolvat
1768 1657 1894 1693 eum
1926 1641 2090 1694 dom-
2171 1636 2402 1691 delubra
2429 1647 2480 1692 et
2514 1638 2716 1692 tertius
2745 1639 2814 1692 ad
2868 1638 3219 1693 tlmribulum
3260 1636 3585 1691 deferendum
3624 1653 3697 1707 per

494 1747 603 1785 nus
632 1729 805 1782 abbas
835 1728 906 1782 ab
931 1728 1081 1781 omni
1113 1727 1331 1781 vinculo
1362 1728 1715 1789 delictorum,
1747 1730 1827 1782 vel
1852 1729 2019 1799 prior.
2041 1730 2083 1783 si
2109 1728 2421 1807 Bchorum,
2458 1726 2513 1780 in
2544 1727 2740 1798 primis
2778 1728 2844 1781 ad
2881 1728 3152 1782 infantem
3207 1727 3302 1798 qui
3346 1727 3398 1780 in
3428 1725 3573 1779 choro
3615 1729 3700 1778 stat

491 1818 666 1874 abbas
698 1834 807 1871 non
838 1823 940 1870 est.
992 1816 1364 1886 Surgentibus
1393 1817 1447 1870 in
1478 1818 1723 1889 capitulo
1754 1826 1886 1872 eant
1916 1818 1969 1872 in
1998 1836 2088 1872 ec-
2172 1818 2683 1888 propterofﬁrium,
2705 1816 2907 1870 deinde
2932 1834 3241 1888 perornnes
3259 1817 3449 1870 fratres
3485 1815 3700 1870 Diaconus

490 1907 741 1971 clesiam,
762 1923 906 1966 mox,
930 1913 992 1960 ut
1018 1906 1230 1959 fuerint
1256 1906 1391 1959 dicti
1427 1906 1622 1976 psalmi
1660 1923 1757 1976 pro
1787 1907 2085 1962 defunctis.
2172 1906 2228 1959 in
2244 1906 2432 1959 casula
2460 1906 2528 1959 ad
2552 1907 2899 1976 evangelium
2925 1906 3225 1977 legendum
3247 1930 3259 1960 ;
3285 1906 3562 1976 perlectum
3578 1918 3703 1955 evan-

491 1996 777 2051 Sonentur
806 1995 997 2049 omnia
1024 1998 1204 2065 signa,
1239 2001 1296 2048 et
1314 1995 1576 2048 dicantur
1607 2012 1704 2065 pro
1734 2012 1799 2048 eo
1841 1996 2089 2066 quinque
2168 1995 2377 2065 gelium
2407 1994 2589 2048 infans
2614 1996 2833 2049 deferat
2853 2012 3163 2064 perumnes
3184 1995 3278 2066 qui
3308 1995 3364 2048 in
3392 1994 3542 2048 choro
3567 1996 3697 2045 stant.

488 2084 693 2156 psalmi
724 2091 782 2139 et
825 2083 1044 2137 ﬁniant.
1078 2084 1186 2137 Pro
1220 2083 1423 2137 abbate
1468 2100 1597 2138 vero
1625 2090 1807 2138 totum
1860 2087 2087 2156 plenum
2171 2084 2442 2138 Sacerdos
2491 2084 2767 2154 imprimis
2794 2084 2943 2138 dicat
2970 2085 3262 2139 collectam
3306 2084 3466 2141 illius.
3511 2098 3593 2152 pro
3616 2095 3697 2151 quo

489 2174 735 2229 ofﬁcium
767 2174 1033 2237 efﬁciant,
2168 2172 2413 2227 ofﬁcium
2446 2173 2652 2227 dicitur
2692 2191 2704 2227 :
2751 2174 2953 2227 deinde
2992 2174 3133 2228 alias
3161 2173 3438 2229 orationes
3469 2187 3574 2241 quae
3596 2185 3701 2223 con-

557 2261 625 2317 In
655 2262 1039 2317 anniversario
1063 2265 1111 2315 si
1157 2277 1335 2332 cappa
1358 2260 1526 2316 fuerit
1566 2262 1623 2316 in
1667 2263 1855 2325 choro.
1897 2268 1951 2318 et
1978 2264 2089 2318 tria
2168 2270 2341 2317 suetae
2370 2268 2518 2317 sunt.
2548 2261 2614 2317 In
2638 2263 2756 2333 ipso
2776 2263 2866 2317 die
2896 2263 3105 2318 debent
3126 2262 3332 2318 fratres
3357 2260 3546 2315 habere
3571 2259 3615 2312 in
3634 2275 3699 2311 re.

486 2352 825 2406 candelabra
843 2357 975 2405 ante
1004 2351 1205 2414 altare,
1238 2356 1294 2404 et
1321 2350 1589 2405 diaconus
1618 2357 1675 2406 et
1708 2351 2086 2406 subdiaconus
2169 2350 2395 2405 fectorio
2425 2359 2587 2406 terna
2616 2352 2906 2423 pulmenta
2944 2352 3012 2405 ad
3045 2353 3326 2408 edendum
3363 2349 3702 2422 qualiscunque

485 2441 707 2496 casulas
728 2439 994 2506 habeant,
1025 2439 1430 2511 qualiscunque
1460 2440 1636 2493 frater
1662 2440 1851 2498 fuerit.
1875 2440 1955 2494 sic
1982 2441 2083 2495 ha-
2165 2440 2287 2495 dies
2316 2441 2504 2503 fuerit,
2539 2448 2596 2496 et
2626 2441 2779 2512 potio
2825 2440 3159 2513 propinetur
3186 2459 3290 2514 per
3335 2456 3515 2495 omnes
3542 2438 3701 2492 fratres

480 2528 694 2585 bebunt
704 2529 1026 2601 generalem
1047 2535 1102 2583 et
1119 2529 1187 2581 ad
1218 2528 1496 2599 potionem
1518 2528 1835 2599 pulsabitur
1856 2530 2077 2600 squilla.

552 2619 722 2691 JEger
750 2624 909 2673 extra
940 2617 1345 2672 monasterium
1368 2618 1645 2688 accipiens
1669 2618 1943 2681 habitum,
1960 2625 2016 2673 et
2036 2619 2084 2674 si

483 2708 563 2764 ibi
603 2708 835 2771 ﬁnierit,
886 2707 1027 2761 nihil
1071 2707 1351 2778 agendum
1383 2712 1470 2761 est
1499 2723 1598 2777 pro
1623 2724 1689 2761 eo
1718 2724 1753 2761 a
1791 2708 2081 2774 fratribus,

478 2798 590 2854 nisi
619 2796 1015 2852 tantummodo
1036 2812 1238 2866 corpus
1259 2796 1383 2866 ejus
1411 2795 1469 2850 in
1499 2796 1821 2852 coemeterio
1840 2798 2079 2852 fratrum

479 2886 874 2950 condiendum,
906 2885 992 2939 vel
1021 2885 1079 2940 in
1100 2885 1199 2939 tali
1227 2886 1346 2939 loco
1372 2885 1805 2956 disponendum,
1832 2887 1923 2941 ubi
1951 2887 2080 2941 talis

2166 2546 2291 2585 cum
2319 2530 2507 2585 sonitu
2526 2531 2761 2602 squillae.

2790 2619 3025 2676 CAPUT
3051 2619 3165 2675 LX.

2615 2710 2724 2765 Pro
2750 2710 2940 2763 abbate
2966 2711 3142 2777 ipsius
3173 2712 3308 2768 loci.

2233 2797 2315 2853 Ad
2346 2814 2602 2869 vesperas
2635 2804 2763 2869 post
2797 2798 3390 2853 commemorationem
3427 2802 3699 2852 sanctorum

2162 2888 2457 2958 pulsentur
2483 2888 2672 2942 omnia
2694 2888 2876 2958 signa,
2916 2893 2974 2942 et
3002 2893 3307 2942 cantentur
3335 2903 3557 2959 vespera:
3583 2900 3700 2939 mor-

479 2977 776 3033 delunctus
807 2976 1085 3032 mittatur.
1112 2975 1266 3029 nullo
1298 2974 1463 3028 modo
1497 2975 1553 3029 in
1588 2976 1843 3047 populari
1874 2992 2081 3031 cmme-
2100 3022 2142 3048 η
2162 2976 2661 3048 tuorum,quinque
2688 2976 3023 3032 candelabra
3039 2978 3157 3032 sint
3192 2986 3328 3034 ante
3354 2979 3517 3033 altare
3535 2978 3584 3031 in
3607 2976 3699 3045 ipsa

476 3067 623 3123 terio
652 3072 912 3139 ponatur.
946 3066 1088 3122 Nam
1127 3064 1174 3119 si
1204 3063 1260 3118 in
1296 3063 1463 3118 domo
1491 3063 1845 3120 inﬁrmorum
1875 3065 2078 3134 depor-

475 3160 631 3212 tatus
660 3155 849 3217 fuerit,
900 3160 959 3209 et
1006 3153 1080 3207 ibi
1136 3153 1365 3212 ﬁnierit.
1398 3160 1532 3207 tunc
1564 3163 1804 3227 agantur
1856 3172 1957 3225 pro
2011 3172 2077 3209 eo

476 3245 670 3301 omnia
690 3243 853 3299 sicuti
874 3243 943 3298 de
972 3242 1084 3297 alio
1108 3242 1301 3307 fratre,
1337 3241 1506 3295 etiam
1566 3242 1683 3296 Voce
1717 3258 1834 3297 mea
1870 3260 1972 3314 pro
2009 3260 2076 3298 eo

477 3341 733 3391 canatur.

547 3426 688 3480 Item
714 3440 840 3478 cum
863 3421 1094 3477 nuntius
1114 3421 1183 3475 de
1203 3420 1451 3491 quolibet
1470 3419 1732 3473 defuncto
1752 3420 1925 3475 fratre
1942 3438 2072 3491 pro-

473 3513 619 3568 fesso
650 3512 883 3576 venerit,
925 3510 1115 3564 statim
1146 3509 1402 3580 pulsetur
1428 3507 1638 3571 tabula,
1666 3516 1722 3562 et
1741 3518 1872 3564 eant
1900 3511 1955 3564 in
1987 3528 2072 3565 ec-

474 3601 721 3663 clesiam,
750 3601 1045 3671 pulsentur
1075 3604 1279 3652 cuncta
1308 3598 1470 3668 signa
1506 3605 1563 3651 et
1592 3605 1796 3667 agatur
1821 3599 2065 3654 ofﬁcium

474 3689 990 3744 mortuorum.Tres
1003 3687 1247 3742 candela
1277 3689 1390 3740 sint
1417 3695 1548 3741 ante
1574 3687 1753 3741 altare
1786 3688 1903 3758 ipsa
1930 3689 2068 3743 hora

472 3778 544 3834 ad
567 3778 805 3849 primam
832 3777 1080 3839 missam,
1110 3792 1278 3846 quam
1312 3792 1411 3845 pro
1442 3791 1507 3828 eo
1526 3776 1802 3829 cantaturi
1825 3785 1975 3837 sunt.
1995 3778 2069 3832 sit

468 3883 618 3921 unus
649 3866 835 3920 infans
863 3865 919 3919 in
940 3864 1109 3919 choro
1135 3880 1260 3917 cum
1283 3880 1475 3934 cappa.
1515 3862 1689 3917 Dictis
1728 3865 1955 3934 psalmis
1986 3866 2063 3919 fa-

468 3954 850 4010 miliaribuset
876 3955 1261 4007 Itenedz'ramus
1288 3953 1537 4011 [)onn'no.
1566 3957 1755 4006 statim
1783 3954 2074 4023 pulsentur

469 4046 662 4102 omnia
680 4045 842 4116 signa
862 4084 874 4097 .
892 4043 986 4096 alii
1009 4042 1121 4096 duo
1138 4041 1294 4113 pueri
1314 4048 1446 4095 ante
1466 4042 1643 4096 altare
1660 4041 1800 4096 albis
1828 4044 2071 4098 vestibus

464 4135 649 4191 induti
670 4134 861 4188 dicant
878 4149 1023 4203 resp.
1050 4132 1329 4185 Diaconus
1344 4138 1401 4184 et
1420 4131 1798 4185 subdiaconus
1826 4132 1881 4186 in
1904 4150 2068 4188 casu-

461 4224 538 4289 la,
568 4230 624 4278 et
656 4229 771 4278 tres
799 4220 1049 4277 conversi
1080 4237 1319 4291 quorum
1342 4220 1454 4274 duo
1483 4220 1838 4286 candelabra,
1867 4229 2067 4277 tertius

460 4312 834 4368 thuribulum.

2099 3022 2144 3084 C

2164 3065 2321 3127 liora,
2345 3072 2398 3120 et
2428 3072 2543 3121 tam
2573 3065 2643 3120 ad
2669 3066 2883 3136 vigilias
2913 3083 3080 3137 quam
3113 3066 3181 3120 ad
3220 3067 3461 3122 missam.
3489 3063 3702 3121 Ollicium

2161 3155 2327 3226 quale
2355 3154 2568 3209 feriatis
2597 3154 2796 3210 diebus
2822 3155 3090 3210 evenerit.
3111 3155 3265 3228 Resp
3309 3158 3372 3213 Si
3390 3158 3649 3211 ambulem.
3674 3166 3702 3204 a

2159 3242 2377 3298 duobus
2397 3243 2704 3299 infantibus
2720 3244 2777 3299 in
2800 3245 2945 3300 albis
2975 3245 3187 3300 vestitis
3210 3243 3702 3300 decantetur.Tract.

2161 3334 2228 3388 De
2246 3334 2566 3401 profundis,
2607 3350 2640 3387 a
2670 3333 2887 3389 duobus
2916 3333 3184 3389 fratribus
3218 3334 3277 3389 in
3304 3335 3441 3389 albis
3473 3352 3484 3364 ·
3528 3331 3700 3401 reliqua

2153 3421 2263 3475 alia
2299 3421 2513 3490 omnia,
2550 3433 2612 3476 ut
2638 3440 2807 3494 supra
2839 3423 3080 3494 positum
3114 3430 3224 3483 est.
3268 3425 3347 3479 sic
3375 3422 3693 3478 celebrentur.

2226 3512 2286 3566 In
2320 3511 2702 3566 anniversaria
2732 3512 3138 3583 imperatorum
3167 3513 3438 3569 ofﬁcium.
3471 3510 3701 3568 Netradas

2152 3599 2358 3658 bestiis.
2399 3600 2562 3671 Resp.
2593 3601 2657 3656 Si
2682 3602 2961 3655 ambutrm
2980 3604 3041 3655 in
3070 3603 3466 3658 medio.Tract.
3502 3602 3699 3655 Commo-

2150 3692 2298 3743 visti.
2328 3689 2523 3745 Oll'ert.
2546 3691 2710 3768 Erue,
2737 3691 2985 3745 Domine.
3020 3691 3244 3747 Comm.
3287 3692 3395 3759 Ego
3408 3707 3525 3744 sum
3552 3701 3699 3741 resur-

2156 3782 2322 3832 rectio

2227 3867 2284 3922 Si
2316 3869 2661 3923 occurrerint
2689 3868 2891 3922 fratres
2939 3868 3107 3922 alicui
3158 3869 3384 3941 corpori
3421 3862 3633 3923 defuncti
3657 3862 3698 3915 in

2155 3957 2359 4019 eundo,
2394 3958 2494 4012 hos
2525 3958 2769 4029 psalmos
2799 3958 3118 4021 decantent,
3161 3960 3436 4019 Miserere,
3478 3959 3614 4012 Deus.
3652 3953 3697 4003 in

2154 4049 2374 4099 nomine
2406 4053 2497 4101 tuo
2540 4048 2795 4101 Miserere
2825 4050 2952 4106 mai,
2985 4048 3144 4107 Ileus,
3172 4051 3431 4102 miserere
3460 4047 3572 4103 mei.
3600 4048 3697 4103 etes

2152 4151 2327 4205 usque
2348 4134 2403 4189 in
2422 4136 2588 4190 ﬁnem
2615 4135 2863 4208 psalterii
2890 4135 2971 4201 ;si
2995 4142 3215 4190 tantum
3246 4134 3591 4207 perstiterint
3622 4130 3701 4183 Per

2149 4224 2373 4278 ordines
2393 4231 2543 4283 eant,
2566 4225 2822 4295 juniores
2842 4231 3030 4287 antea,
3052 4225 3271 4295 priores
3300 4220 3699 4296 posterius.Cum

2150 4320 2515 4381 pervenerent
2535 4314 2604 4367 ad
2632 4314 2815 4385 ipsum
2837 4315 3395 4386 corpus,incensetur
3417 4321 3471 4368 et
3491 4323 3703 4383 asperga-

532 4402 771 4467 Quando
819 4399 1021 4454 obierit
1058 4399 1264 4470 aliquis
1309 4398 1380 4452 de
1431 4397 1756 4469 parentibus
1805 4401 2059 4455 monac-hi
2079 4381 2130 4442 Β
2151 4414 2243 4455 tur
2271 4418 2418 4472 aqua
2439 4381 2733 4457 benedicta
2752 4411 2810 4457 et
2829 4381 3156 4473 pronuntiet
3176 4404 3515 4473 prior,Pater
3537 4381 3687 4452 noster

474 4492 633 4565 psius
653 4489 778 4554 loci,
821 4497 1004 4560 pater.
1041 4496 1141 4543 aut
1171 4495 1369 4547 mater.
1404 4488 1488 4541 vel
1527 4505 1704 4549 soror.
1738 4496 1795 4543 et
1835 4489 1884 4543 ei
1918 4508 2061 4544 nun-

460 4580 662 4635 tiatum
695 4577 882 4639 fuerit.
926 4577 983 4632 in
1017 4576 1264 4631 crastino
1285 4576 1723 4631 satisfactionem
1747 4577 1915 4634 faciat
1963 4578 2061 4634 In-

456 4674 778 4739 terrogatus
798 4683 946 4730 vero,
986 4666 1131 4734 Quid
1154 4669 1341 4735 petitis
1365 4672 1389 4719 ?
1414 4664 1515 4719 Ille
1536 4668 1875 4738 respondeat
1904 4686 1921 4721 :
1957 4671 2061 4724 Do-

2148 4492 2281 4563 Cap.
2323 4495 2361 4547 .4
2390 4499 2554 4560 porta
2583 4494 2777 4560 inferi.
2824 4492 2966 4547 Orat
3025 4494 3270 4547 Absolve.
3309 4492 3529 4560 Exlulela
3557 4489 3703 4556 impo-

2144 4587 2284 4634 nant
2312 4581 2783 4653 rcsp.Subvenite,
2817 4584 3000 4635 sancti
3014 4582 3126 4644 Dei,
3144 4590 3201 4635 et
3230 4581 3312 4637 sic
3339 4582 3637 4652 deportetur
3656 4572 3702 4626 in

2144 4670 2456 4724 ecclesiam.
2498 4670 2682 4725 Finito
2733 4687 2878 4741 resp.
2914 4676 3046 4724 eant
3083 4686 3140 4724 in
3170 4671 3476 4726 claustrum
3503 4667 3566 4721 ad
3593 4663 3702 4719 elle-

455 4760 606 4814 mini
634 4757 1072 4827 misericordium
1096 4756 1393 4809 mercedem
1424 4761 1664 4810 vestram
1682 4759 2059 4825 precor.Tunc
2141 4759 2378 4813 rendum
2405 4759 2472 4813 ad
2499 4761 2849 4831 sepulturam
2884 4778 2897 4813 :
2928 4759 3061 4814 dum
3093 4759 3301 4815 dixerit
3329 4754 3700 4814 sacerdosoral-

452 4853 652 4919 surgat
678 4853 736 4901 et
749 4844 997 4899 absolvat
1026 4844 1179 4916 prior
1207 4843 1388 4916 ipsum
1412 4844 1761 4911 defunctum,
1795 4853 1856 4901 et
1881 4848 2060 4904 frater
2140 4848 2263 4903 Non
2294 4851 2466 4904 intres
2495 4851 2555 4902 in
2564 4851 2870 4919 judicium,
2910 4848 3025 4904 sint
3053 4866 3252 4905 omnes
3281 4845 3549 4905 inclinati.

449 4935 707 5010 procidat
730 4934 799 4988 ad
824 4933 1052 5005 vestigia
1104 4934 1244 5003 ejus.
1298 4932 1477 4988 Debet
1518 4933 1718 5005 jubere
1750 4935 1923 4991 abbas
1974 4939 2058 4994 vel
2736 4937 2971 4993 CAPUT
3001 4936 3140 4993 LXI.

448 5027 625 5099 prior,
654 5024 701 5079 si
743 5023 915 5079 abbas
963 5039 1072 5077 non
1102 5028 1209 5085 est,
1236 5028 1301 5077 ut
1330 5039 1530 5077 omnes
1553 5023 1745 5079 dicant
1785 5026 2059 5098 quinqua—
2138 5026 2214 5081 De
2242 5028 2439 5094 ofﬁciis
2458 5028 2847 5094 defunctorum
2867 5029 3111 5096 qualiter
3130 5027 3433 5094 deﬁniendi
3457 5025 3563 5079 sint
3583 5016 3698 5095 (85).

440 5116 600 5189 ginta
627 5114 872 5188 psalmos
902 5130 913 5165 :
938 5112 1033 5185 qui
1064 5128 1176 5166 non
1218 5112 1323 5166 scit
1354 5112 1597 5182 psalmos
1626 5130 1754 5168 cum
1810 5115 1928 5169 solo
1956 5118 2058 5172 Μί-
2211 5117 2260 5170 Α
2310 5116 2577 5171 Kalendis
2616 5114 2949 5172 Novembris
2980 5132 3157 5187 usque
3175 5114 3637 5187 Septuagesimam
3661 5106 3699 5161 si

435 5222 613 5262 serere
634 5207 760 5265 mei.
799 5204 960 5265 Deus,
1013 5206 1197 5273 potest
1240 5218 1306 5255 ea
1335 5200 1663 5273 adimplere,
1698 5208 1757 5259 et
1790 5206 1884 5276 qui
1925 5212 2043 5261 tam
2137 5205 2582 5261 anniversarium
2624 5204 2841 5260 abbatis
2873 5204 2973 5260 loci
3005 5205 3181 5277 ipsius
3218 5202 3482 5263 evenerit.
3508 5200 3571 5256 ad
3598 5214 3698 5253 ves-

436 5295 703 5351 insciolus
730 5296 833 5353 est.
869 5291 1037 5346 faciat
1064 5308 1190 5346 cum
1220 5291 1383 5345 Pater
1410 5296 1611 5346 noster.
2128 5312 2291 5367 peras
2337 5302 2463 5366 post
2507 5301 2736 5366 peracta
2758 5294 3025 5365 sull‘ragia
3058 5304 3384 5350 sanctorum
3430 5291 3690 5365 pulsentur

587 5413 690 5488 (85)
713 5413 828 5469 Sub
858 5413 963 5488 hoc
990 5412 1155 5468 titulo
1177 5412 1266 5468 hic
1295 5430 1487 5468 versus
1514 5414 1757 5469 habetur
1783 5435 1795 5469 ε

931 5487 1255 5540 Justitiatus
1278 5490 1418 5549 erat,
1452 5501 1581 5541 cum
1611 5490 1905 5557 scripserat
1932 5493 2038 5546 ista
2063 5493 2323 5550 Joannes.

504 5557 705 5613 eadem
739 5573 913 5613 manu
926 5597 944 5617 .
