3972 6172
258 361 406 426 1297

1475 370 1887 430 DISCIPLINA
1920 369 2338 428 FARFENSIS.

3405 373 3540 432 1298

258 494 468 548 cuncta
495 489 682 564 signa.
709 496 835 550 tum
867 511 1110 568 vesperae
1139 500 1490 553 mortuorum
1524 516 1536 552 :
1569 495 1774 552 dehinc
1801 495 1874 552 ad
1896 501 1934 556 Α
1953 496 2208 553 santibus
2249 499 2466 554 cunctis
2509 499 2688 570 signis
2731 514 2911 571 usque
2954 499 3088 554 dum
3116 500 3194 554 sit
3221 499 3281 556 in
3321 501 3560 559 ecclesia

257 583 678 654 processionem
733 591 868 638 eant
903 601 1030 640 cum
1077 602 1307 657 vespera
1351 586 1602 641 omnium
1653 594 1874 641 sancto-

257 687 413 726 rum.
448 673 510 727 ln
541 672 785 726 crastino
817 680 942 744 post
968 675 1298 730 nocturnale
1327 675 1657 747 obsequium
1686 675 1871 729 denuo

258 761 566 834 pulsentur
581 761 746 832 signa
766 771 824 816 et
837 763 1080 818 Ofﬁrle
1108 773 1456 819 mortuorum
1479 771 1768 836 peragant.
1783 765 1869 818 Ad

257 851 495 906 missam
519 850 713 906 eadem
744 851 970 907 faciant.
998 854 1104 908 Pro
1127 853 1296 908 nullis
1324 854 1450 908 aliis
1475 861 1736 908 cantatur
1760 860 1872 907 tra-

256 945 386 994 ctus
425 940 578 1012 apud
607 957 730 1006 nos,
767 941 876 996 nisi
917 958 1018 1014 pro
1049 943 1249 996 horum
1283 941 1623 1007 nominibus,
1653 959 1778 1014 qua:
1811 941 1869 998 in

253 1029 529 1101 praesenti
563 1029 938 1101 patescimus;
979 1047 1082 1102 pro
1125 1031 1328 1086 abbate
1378 1032 1556 1104 ipsius
1601 1031 1727 1097 loci,
1769 1047 1869 1102 pro
1910 1083 1916 1090 .

253 1134 399 1189 rege
455 1124 626 1190 atque
681 1119 896 1191 regina,
951 1120 1212 1192 episcopo
1268 1122 1391 1192 ipso
1457 1121 1548 1176 die
1612 1137 1645 1176 e
1699 1135 1869 1175 carne

255 1208 474 1273 evulso,
521 1212 578 1263 et
620 1207 724 1262 loci
781 1207 959 1280 ipsius
1007 1212 1238 1270 factore.
1285 1215 1343 1264 et
1396 1215 1642 1280 quatuor
1684 1209 1868 1265 officia

254 1295 429 1368 plena
472 1312 597 1368 quae
639 1299 978 1368 praesignata
1022 1298 1144 1368 jam
1199 1296 1494 1353 habemus.
1545 1298 1618 1353 Ex
1649 1313 1866 1354 nuncu-

253 1391 394 1457 pato
431 1387 553 1456 jam
601 1385 803 1441 abbate
831 1384 1204 1458 qualicunque
1235 1386 1375 1442 feria
1416 1387 1664 1442 evenerit
1689 1405 1866 1458 gene-

254 1474 438 1528 ralem
479 1481 540 1529 et
583 1474 911 1546 pietantiam
954 1475 1199 1530 habeant
1225 1476 1284 1530 in
1314 1476 1606 1530 refectorio
1635 1477 1858 1543 fratres,

255 1563 430 1618 etiam
480 1570 539 1618 et
583 1563 868 1634 potionem
914 1580 1041 1618 cum
1099 1565 1287 1619 sonitu
1335 1565 1551 1638 squillas
1595 1585 1607 1620 :
1657 1566 1861 1622 tabulae

253 1667 370 1706 non
397 1651 812 1722 cooperiantur.
844 1654 890 1706 Α
921 1653 1350 1725 Septuagesima
1374 1671 1553 1724 usque
1581 1655 1862 1710 Kalendas

253 1739 612 1798 Novembris.
658 1741 704 1796 si
755 1742 858 1795 hoc
899 1744 1149 1798 evenerit
1201 1759 1310 1798 non
1345 1743 1640 1814 pulsentur
1678 1746 1858 1816 signa,

251 1829 363 1883 nisi
386 1836 608 1884 tantum
637 1830 706 1884 ad
737 1829 981 1886 officium
1007 1811 1358 1886 mortuorum
1404 1827 1550 1904 quod
1575 1833 1640 1888 fit
1662 1811 1854 1888 invves-
1877 1811 1924 1872 Β

251 1934 410 1988 pere.
437 1926 495 1972 et
521 1918 594 1972 ad
625 1919 854 1972 missam
887 1919 944 1972 in
969 1920 1232 1974 crastino.
1268 1922 1330 1974 In
1359 1920 1742 1976 anniversario
1767 1922 1862 1976 de-

249 2006 434 2062 functi
465 2020 575 2061 mn
607 2007 761 2074 prius
787 2015 872 2062 est
915 2009 1279 2064 celebrandra
1313 2009 1503 2066 inissa.
1535 2027 1702 2080 quam
1735 2012 1858 2064 offi-

251 2095 428 2149 cium.
447 2095 494 2148 si
513 2093 844 2150 studeamus
861 2096 1008 2150 hunc
1028 2097 1252 2151 modum
1272 2097 1350 2150 illi
1368 2098 1676 2168 impertire.
1692 2115 1856 2169 quem

249 2183 377 2237 vult
407 2183 662 2254 adipisci,
702 2184 955 2239 vidi-licet
983 2203 1018 2240 ει
1062 2185 1218 2240 festis
1246 2186 1495 2240 omnium
1531 2197 1854 2242 sanctorum

247 2287 437 2342 usque
486 2273 969 2344 Septuagesimum
1019 2275 1242 2346 quando
1272 2274 1462 2345 vigilia
1503 2283 1854 2332 mortuorum

249 2361 513 2416 noctibus
535 2361 742 2432 agitur.
779 2368 965 2434 potest
992 2381 1040 2417 v.
1079 2381 1135 2434 g.
1173 2363 1222 2417 si
1253 2364 1419 2418 hodie
1447 2365 1740 2420 duodecim
1775 2366 1856 2420 le-

246 2449 470 2505 ctiones
491 2452 650 2513 fiunt,
677 2451 734 2506 in
755 2452 1001 2508 crastino
1027 2459 1150 2524 post
1172 2453 1500 2508 nocturnale
1521 2454 1853 2526 obsequium

245 2537 348 2609 agi
376 2547 728 2595 mortuorum
761 2539 967 2611 vigilia.
992 2540 1244 2612 Denique
1273 2548 1330 2596 et
1360 2541 1588 2596 missam
1620 2559 1683 2596 ex
1713 2543 1856 2614 ipso-

244 2644 381 2683 rum
401 2629 785 2685 anniversario
808 2629 1094 2685 celebrant
1115 2630 1524 2685 matutinalem.
1545 2631 1687 2685 Nam
1721 2632 1853 2702 Sep-

237 2718 576 2788 tuagesimze
594 2727 848 2790 tempore
877 2735 1059 2790 usque
1086 2727 1409 2774 sanctorum
1439 2719 1688 2774 omnium
1712 2719 1852 2775 festa

234 2822 362 2878 quo
402 2807 466 2861 fit
493 2807 684 2878 vigilia
730 2813 856 2880 post
907 2808 1162 2880 synaxim
1211 2809 1586 2880 vespertinam
1619 2825 1649 2861 v
1699 2825 1739 2880 g
1791 2809 1850 2866 Si

235 2894 415 2950 hodie
461 2895 755 2951 duodecim
801 2906 1051 2969 aguntur
1079 2896 1364 2956 lectiones.
1413 2897 1469 2951 in
1508 2896 1755 2951 crastino
1781 2915 1846 2952 ex

231 2983 370 3056 ipso
389 2985 771 3040 anniversario
794 2985 1020 3050 missam
1039 2985 1322 3040 celebrare
1341 2985 1647 3041 secundum
1673 2986 1844 3041 ritum

1953 586 2268 658 depositum
2313 589 2606 650 feretrum,
2661 596 2874 660 septem
2920 589 3259 644 candelabra
3311 596 3426 645 tam
3484 593 3558 648 ad

1953 686 2123 747 caput
2165 694 2332 748 quam
2381 679 2447 730 ad
2496 680 2666 747 pedes
2711 684 3008 748 ponantur.
3041 677 3199 732 Tunc
3233 679 3560 737 incensetur

1954 765 2065 819 alia
2097 765 2212 820 vicc
2237 785 2248 820 :
2273 765 2478 820 deinde
2497 765 2812 820 celebretur
2841 782 2940 836 pro
2961 781 3027 821 eo
3050 767 3220 822 missa
3237 784 3362 822 cum
3393 769 3558 840 pleno

1952 854 2155 920 ofﬁcio,
2179 855 2543 909 oll'erentibus
2572 854 2852 908 Omnibus.
2882 854 3108 926 Expleta
3131 855 3298 911 missa
3321 866 3558 914 sonatur

1951 943 2172 1014 signum
2205 959 2378 998 unum
2415 945 2560 1015 quod
2604 945 2788 1012 majus
2816 953 2903 998 est
2930 949 3048 998 tres
3075 944 3242 1012 vices,
3263 953 3322 1000 et
3345 945 3557 1002 dentur

1949 1032 2095 1087 cerei
2130 1049 2230 1105 per
2252 1049 2448 1087 omnes
2471 1053 2484 1094 ;
2517 1032 2791 1104 incipiant
2817 1033 2929 1088 duo
2957 1033 3196 1090 fratres:
3221 1034 3392 1105 Kyrie
3421 1037 3554 1091 elei-

1947 1137 2066 1175 son.
2091 1120 2258 1176 Dom.
2283 1119 2472 1176 Abbas
2501 1120 2670 1184 dicat,
2697 1122 2944 1176 Oremus.
2969 1121 3092 1176 Non
3119 1127 3314 1192 intres.
3339 1123 3554 1180 Deinde

1947 1209 2200 1264 incenset
2231 1211 2410 1264 altare
2433 1209 2616 1265 tribus
2643 1209 2876 1272 vicibus.
2899 1226 3103 1281 corpus
3122 1211 3370 1266 defuncti
3391 1213 3553 1268 simi-

1948 1299 2092 1354 liter.
2127 1298 2251 1354 Hoc
2294 1307 2519 1372 peracto
2565 1310 2841 1354 sonentur
2885 1299 3078 1354 omnia
3117 1299 3300 1371 signa.
3333 1301 3550 1358 Deinde

1947 1389 2278 1460 antiphona,
2297 1391 2361 1445 In
2377 1390 2732 1458 paradisum.
2745 1387 2919 1443 Debet
2937 1405 3061 1443 esse
3075 1389 3256 1443 omnis
3268 1391 3552 1461 processio

1947 1477 2094 1532 sicut
2125 1494 2316 1549 supra,
2361 1483 2590 1549 excepto
2620 1478 2880 1548 phanone
2913 1496 2926 1530 :
2957 1477 3176 1548 reliqua
3205 1479 3398 1533 omnia
3427 1495 3552 1550 quae

1943 1566 2258 1621 faciendum
2289 1574 2440 1626 sunt.
2465 1567 2675 1622 faciant
2699 1566 2844 1623 sicut
2873 1582 2996 1623 mos
3014 1574 3102 1622 est
3119 1567 3191 1622 ad
3219 1567 3549 1624 defunctum

1946 1657 2284 1711 monachum
2319 1656 2534 1710 faciend
2543 1673 2657 1711 um.

2513 1745 2747 1801 CAPUT
2783 1744 2986 1801 LXIII.

2179 1834 2252 1887 De
2292 1835 2450 1886 laicis
2478 1835 2753 1900 defunctis
2797 1836 3042 1902 qualiter
3073 1839 3301 1902 agatur.

2013 1920 2249 1984 Quando
2279 1921 2486 1992 aliquis
2517 1922 2689 1976 laicus
2719 1921 2921 1976 obierit
2951 1929 3004 1976 et
3035 1923 3102 1976 ad
3138 1924 3547 1980 monasterium

1941 2009 2208 2068 defertur.
2237 2027 2434 2064 omnes
2461 2011 2666 2065 fratres
2690 2011 2744 2064 in
2777 2011 3008 2065 ecclesia
3037 2011 3280 2075 obvient,
3317 2018 3376 2067 et
3397 2013 3545 2068 acci-

1943 2097 2100 2168 piant
2127 2099 2378 2152 conversi
2407 2099 2766 2164 candelabra,
2801 2116 3005 2170 aquam
3055 2110 3328 2165 sanctam,
3360 2101 3550 2157 incen-

1938 2203 2085 2242 sum.
2115 2193 2172 2240 et
2196 2203 2416 2241 crucem
2456 2205 2468 2240 :
2505 2188 2728 2242 inchoet
2759 2189 2913 2259 prior
2941 2188 2997 2242 in
3029 2188 3200 2242 choro
3237 2191 3540 2260 psalmum,

1939 2277 2194 2330 Miserere
2233 2279 2358 2336 mei,
2396 2278 2548 2339 Deus,
2590 2284 2647 2331 et
2673 2277 2836 2340 alios,
2867 2283 2926 2331 et
2955 2283 3088 2332 eant
3127 2287 3324 2333 contra
3351 2279 3547 2334 defun-

1938 2372 2088 2419 ctum
2125 2365 2182 2419 in
2213 2364 2458 2422 obviam.
2511 2365 2674 2420 Dicat
2703 2365 2856 2436 prior
2886 2369 3045 2421 Pater
3082 2372 3282 2427 noster,
3317 2373 3448 2436 etc.,
3481 2373 3546 2424 ut

1937 2470 2128 2524 supra.
2152 2453 2310 2508 Tunc
2333 2461 2606 2508 sonentur
2623 2453 2784 2524 signa
2805 2460 2863 2508 et
2882 2454 3276 2526 ingrediantur
3294 2455 3351 2511 in
3373 2457 3544 2512 eccle-

1935 2542 2076 2596 siam
2107 2561 2122 2597 :
2153 2541 2416 2596 sacerdos
2434 2542 2510 2596 sit
2531 2542 2587 2596 in
2609 2541 2738 2595 alba.
2766 2543 3064 2597 revestitus
3083 2560 3210 2598 cum
3231 2544 3397 2598 stola.
3418 2545 3541 2601 Duo

1934 2630 2137 2685 fratres
2179 2630 2464 2694 inchoent,
2493 2631 2660 2699 Kyrie
2687 2631 2905 2684 εἰθίσθη.
2930 2631 3202 2686 Sacerdos
3221 2631 3374 2686 dicat
3391 2639 3534 2690 orat.

1931 2720 2088 2775 Tunc
2114 2719 2365 2773 incenset
2393 2719 2572 2772 altare
2597 2723 2804 2773 sanctae
2825 2719 3020 2774 Crucis
3039 2727 3098 2774 et
3121 2736 3324 2792 corpus
3341 2721 3539 2778 defun-

1930 2808 2006 2864 cti
2043 2807 2225 2862 tribus
2252 2805 2464 2862 vicibus
2501 2825 2515 2860 :
2548 2807 2652 2860 hoc
2687 2814 2913 2878 peracto
2945 2807 3178 2880 incipiat
3208 2808 3424 2880 antiph.
3466 2811 3537 2866 In

1924 2899 2278 2965 paradisum,
2315 2902 2376 2950 et
2417 2903 2552 2950 eant
2594 2895 2666 2949 ad
2705 2895 3090 2950 coemeterium
3129 2896 3210 2951 sic
3252 2913 3354 2969 per
3379 2897 3534 2952 ordi-

1928 3002 2056 3040 nem
2081 2999 2093 3032 :
2129 3001 2275 3054 aqua
2309 2998 2507 3038 sancta
2538 2993 2724 3048 antea,
2750 2984 2952 3038 deinde
2975 3001 3131 3046 crux.
3154 2985 3535 3058 subsequatur

235 3087 362 3126 non
383 3089 681 3143 possumus
722 3074 830 3129 nisi
857 3074 1190 3130 adveniente
1211 3074 1302 3129 die
1320 3073 1613 3146 sequenti:
1646 3091 1712 3128 ex
1741 3074 1846 3128 hoc
1860 3127 1902 3154 η
1929 3075 2217 3154 incensum
2271 3089 2396 3126 cum
2455 3071 2675 3128 duobus
2730 3072 3119 3139 candelabris;
3179 3074 3426 3130 infantes
3474 3081 3533 3131 et

1859 3127 1904 3188 C

233 3177 369 3232 quae
395 3163 672 3234 cupimus.
706 3163 898 3218 omnia
920 3164 1166 3218 valemus
1193 3163 1432 3219 efficere.
1457 3163 1841 3234 Similiterque
1859 3161 1904 3188 υ
1923 3163 2173 3220 conversi
2198 3181 2210 3216 :
2237 3162 2419 3218 caeteri
2443 3161 2709 3216 incedant
2724 3161 2870 3217 sicut
2893 3169 3025 3217 sunt
3049 3163 3301 3234 priores:
3325 3164 3530 3220 deinde

233 3257 594 3306 mortuorum
627 3252 918 3308 matutina:
937 3251 1052 3307 sive
1080 3251 1359 3314 dicantur,
1394 3252 1577 3310 sive...
1606 3258 1662 3306 et
1681 3253 1838 3307 sicin

231 3338 352 3394 alio
375 3340 469 3394 die
498 3357 599 3412 pro
623 3341 705 3396 eis
730 3341 1000 3397 celebrari
1029 3357 1155 3396 cum
1185 3341 1511 3413 antiphonis
1540 3347 1724 3412 potest

307 3429 509 3484 Solent
549 3446 679 3485 vero
718 3429 972 3486 nonnulli
1019 3430 1368 3501 interrogare
1413 3430 1456 3484 si
1497 3429 1664 3484 liceat
1705 3446 1840 3501 quo-

228 3517 376 3572 tidie
404 3535 589 3582 orare,
611 3527 711 3574 aut
727 3519 1064 3574 sacrificium
1090 3520 1202 3574 Deo
1222 3518 1421 3573 offerre.
1444 3535 1542 3589 pro
1561 3518 1838 3572 mortuis?

229 3605 453 3672 Quibus
508 3608 878 3679 respondetur
915 3623 926 3657 :
969 3607 1104 3678 quia
1135 3607 1386 3678 plerique
1433 3605 1492 3660 in
1531 3605 1836 3662 Dominicis

227 3694 431 3750 diebus
457 3697 794 3751 sacrificium
818 3713 918 3768 pro
940 3696 1176 3750 mortuis
1197 3711 1306 3749 non
1337 3695 1580 3749 offerunt
1609 3705 1838 3765 prapter

226 3784 578 3856 singularem
623 3787 990 3840 reverentiam
1024 3785 1324 3839 Dominicae
1372 3783 1828 3852 resurrectionis;

159 3870 164 3874 ’
225 3873 490 3928 videlicet
527 3874 661 3945 quia
689 3874 783 3929 ille
829 3874 982 3929 solus
1025 3876 1171 3928 inter
1211 3880 1464 3928 mortuos
1501 3872 1642 3926 liber
1676 3872 1826 3927 fuit:

225 3960 355 4015 ideo
387 3962 552 4017 valde
579 3963 864 4026 condecet,
897 3969 964 4018 ut
1005 3963 1128 4034 ejus
1155 3961 1460 4032 singularis
1497 3961 1831 4016 resurrectio

223 4049 627 4106 venerabiliter
673 4051 744 4107 ab
786 4051 1048 4107 omnibus
1093 4059 1149 4106 et
1199 4051 1323 4107 sine
1363 4051 1601 4122 alicujus
1644 4051 1828 4106 admi-

224 4137 409 4195 stione
436 4139 686 4196 defuncti
713 4141 1047 4196 celebretur.

809 4248 1046 4304 CAPUT
1081 4245 1255 4302 LXII.

332 4337 407 4391 De
434 4339 695 4406 episcopis
723 4338 997 4406 defunctis
1020 4339 1262 4461 qzaliter
1287 4338 1642 4406 excipiantur
1664 4338 1730 4390 in

909 4422 1056 4461 anno
1091 4423 1166 4461 ιο.

909 4422 1166 4464 οωηοοιο.

295 4494 535 4560 Quando
561 4495 768 4568 aliquis
807 4497 1102 4569 episcopus
1133 4495 1477 4568 migraverit,
1511 4501 1568 4550 et
1600 4495 1671 4550 ad
1705 4511 1825 4550 mo-

214 4585 537 4640 nasterium
581 4585 750 4640 fuerit
788 4587 1114 4658 portandus,
1148 4602 1344 4640 omnes
1375 4585 1575 4640 fratres
1619 4583 1827 4640 debent

210 4688 346 4728 esse
372 4675 432 4729 in
463 4675 656 4746 cappis
687 4675 956 4735 revestiti.
998 4675 1240 4729 infantes
1291 4673 1350 4728 in
1378 4673 1522 4728 albis
1553 4687 1566 4721 :
1598 4673 1825 4728 inchoet

209 4761 396 4833 prior.
421 4763 677 4818 Miserere
704 4765 830 4824 mei,
859 4765 1016 4827 Deus,
1041 4769 1172 4822 etc..
1191 4769 1250 4818 et
1269 4771 1400 4816 eant
1423 4768 1580 4816 extra
1601 4767 1820 4832 portam

208 4866 348 4906 cum
383 4850 758 4924 phanonibus,
782 4851 1007 4915 famulis
1037 4851 1410 4924 portantibus,
1443 4850 1663 4905 duabus
1692 4867 1822 4906 cru-

205 4937 396 5007 cibus,
445 4947 693 5012 quatuor
731 4940 1100 5004 candelabris,
1138 4939 1441 4994 thuribulis
1478 4939 1716 5003 duobus,
1766 4946 1825 4996 et

205 5043 364 5100 aqua
392 5034 606 5084 sancta.
653 5031 793 5084 Cum
825 5029 1081 5085 venerint
1130 5029 1226 5085 ubi
1256 5029 1624 5086 constitutum
1655 5030 1826 5086 fuerit

202 5124 373 5172 stent
401 5133 503 5189 per
532 5117 784 5172 ordinem
813 5117 962 5172 sicut
1005 5119 1076 5172 ad
1125 5119 1560 5190 processionem,
1593 5125 1652 5172 et
1687 5135 1821 5173 can-

202 5211 342 5263 tent
351 5206 456 5261 hos
469 5207 735 5278 psalmos,
748 5206 833 5263 Ad
844 5208 1143 5262 Dominum
1156 5225 1185 5262 c
1212 5225 1282 5262 ’νη
1301 5212 1380 5262 tri
1384 5211 1628 5265 bularer.
1642 5223 1820 5278 usque

203 5295 280 5350 ad
330 5296 575 5350 Laudate
608 5297 912 5350 Dominum
941 5298 1004 5350 de
1043 5299 1206 5355 caelis.
1236 5297 1282 5350 si
1312 5303 1532 5352 tantum
1566 5297 1820 5366 perstite-

203 5385 353 5441 rint.
396 5383 506 5439 Sed
551 5401 672 5438 mox
703 5391 764 5439 ut
794 5384 1008 5439 venerit
1033 5403 1236 5457 corpus
1259 5386 1504 5442 defuncti
1531 5385 1820 5440 dimittant

202 5474 486 5546 psalmos,
511 5482 570 5527 et
603 5473 754 5528 dicat
779 5473 1060 5532 sacerdos.
1086 5478 1248 5530 Pater
1276 5483 1476 5530 uester.
1510 5477 1575 5530 Et
1605 5491 1672 5528 ne
1700 5491 1814 5530 nos.

202 5563 354 5634 Cap.
384 5563 515 5617 Non
542 5564 714 5616 intres
743 5567 804 5616 in
821 5567 1130 5632 judicium,
1163 5570 1293 5621 etc..
1327 5573 1385 5620 et
1413 5564 1665 5636 deposito
1693 5580 1818 5618 cr-r-

207 5667 362 5724 pore
385 5649 712 5709 incensetur
732 5668 802 5708 ac
827 5651 1124 5710 inchoetur
1157 5669 1306 5726 resp.
1339 5653 1652 5712 Subvenite.
1681 5651 1820 5708 Pul-

1838 4443 1890 4502 D

1925 3253 2192 3308 feretrum
2218 3258 2334 3322 post
2361 3267 2574 3305 omnes.
2600 3250 2840 3305 Psalmis
2860 3251 3096 3323 expletis
3115 3259 3174 3307 et
3191 3253 3522 3324 antiphona,

1924 3359 2048 3414 quia
2087 3347 2176 3396 est
2227 3340 2284 3394 in
2335 3339 2658 3409 Evangelio,
2705 3341 2946 3394 Absolve.
2989 3340 3148 3395 Tunc
3199 3342 3529 3414 pronuntiet

1919 3429 2199 3488 sacerdos.
2245 3431 2406 3482 Pater
2443 3433 2645 3482 noster.
2673 3428 2739 3482 Et
2766 3444 2832 3482 ne
2866 3443 2983 3483 nos.
3011 3429 3148 3500 Cap.
3171 3431 3212 3484 Α
3245 3435 3406 3499 porta
3429 3433 3525 3486 in-

1919 3522 2048 3588 feri,
2099 3524 2205 3572 etc.
2257 3515 2684 3571 Revertentibus
2729 3517 2944 3572 cunctis
2991 3524 3254 3573 cantatur
3303 3525 3522 3590 septem

1919 3605 2138 3677 psalrtii,
2164 3623 2339 3676 usque
2363 3605 2497 3660 dum
2526 3605 2641 3660 sint
2668 3606 2725 3660 in
2751 3606 3005 3668 ecclesia,
3035 3611 3092 3660 et
3118 3613 3316 3678 pergat
3345 3624 3524 3663 unus-

1918 3695 2156 3766 quisque
2173 3695 2243 3748 ad
2265 3695 2447 3748 officia
2479 3711 2602 3748 sua.
2628 3695 2745 3748 Nec
2768 3693 2973 3750 debent
2997 3694 3148 3765 loqui
3170 3695 3228 3750 in
3247 3697 3520 3763 claustro,

1918 3801 2094 3856 usque
2121 3785 2254 3839 dum
2286 3792 2487 3840 exeant
2510 3783 2772 3848 infantes,
2807 3793 2862 3838 et
2891 3783 3095 3838 dicant.
3127 3786 3448 3846 Benedicite,
3471 3785 3524 3840 si

1913 3880 2137 3946 tempus
2179 3873 2349 3928 fuerit
2396 3873 2682 3944 loquendi.
2737 3873 2794 3927 Si
2827 3873 2954 3944 quis
2984 3879 3173 3927 autem
3205 3889 3272 3927 ex
3301 3873 3519 3928 medio-

1915 3963 2102 4018 cribus
2131 3961 2496 4032 exspiraverit
2522 3967 2672 4022 eant,
2718 3957 2915 4031 quanti
2954 3961 3110 4032 prior
3131 3961 3384 4030 jusserit.
3417 3959 3518 4014 In-

1909 4052 2092 4106 fantes
2133 4051 2272 4106 nihil
2323 4055 2600 4122 peragunt
2641 4049 2700 4104 in
2743 4049 2849 4103 hac
2895 4049 3050 4104 hora.
3107 4049 3188 4103 De
3235 4048 3518 4104 conversis

1909 4146 2148 4212 pergant
2191 4139 2387 4210 quanti
2435 4155 2665 4192 necesse
2703 4145 2858 4202 sunt,
2909 4143 2974 4191 ut
3024 4143 3251 4208 portent
3296 4137 3511 4204 omnia,

1911 4245 2034 4301 quae
2084 4228 2174 4284 hic
2223 4243 2474 4299 congrua
2518 4232 2694 4282 sunt:
2737 4226 2808 4281 de
2847 4225 3066 4297 reliquo
3118 4225 3326 4280 faciant
3363 4225 3514 4280 sicut

1906 4335 2094 4390 supra.

2473 4403 2709 4462 CAPUT
2745 4401 2944 4460 LXIV.

1905 4517 1978 4570 De
2005 4513 2206 4585 officiis
2240 4513 2418 4582 plenis
2448 4528 2568 4581 qua
2601 4515 2729 4580 fieri
2765 4511 2956 4585 debent
2982 4515 3216 4585 propter
3250 4515 3508 4579 parentes

1979 4581 2398 4646 monachorum,
2421 4587 2533 4638 sive
2555 4599 2660 4654 pro
2687 4581 3076 4652 familiaribus
3096 4585 3301 4636 nostris
3331 4588 3415 4637 ter
3439 4585 3507 4638 in

1977 4673 2146 4712 anno.

1973 4759 2042 4816 In
2073 4760 2257 4833 capite
2285 4757 2740 4830 Quadragesimaz
2767 4757 2883 4812 sive
2925 4757 3105 4830 pridie
3133 4759 3326 4816 Nonas
3345 4759 3502 4830 Julii,

1901 4867 2003 4922 seu
2023 4850 2192 4906 tertio
2217 4849 2308 4904 die
2331 4855 2458 4921 post
2483 4847 2841 4902 festivitatem
2868 4847 3250 4920 apostolorum
3273 4849 3426 4905 Petri
3447 4855 3509 4906 et

1904 4940 2084 5003 Pauli,
2109 4939 2193 4994 vel
2222 4939 2554 4992 Sanctorum
2577 4937 2844 4992 Omnium
2874 4938 3045 4992 tertio
3065 4938 3176 5003 die,
3200 4938 3306 4993 hoc
3335 4939 3503 4993 modo

1904 5029 2221 5085 scribantur
2243 5027 2302 5082 in
2335 5027 2735 5098 Martyrologio
2768 5027 2826 5082 in
2848 5027 3031 5082 fronte
3052 5029 3288 5100 pagina.
3313 5029 3373 5082 ΙΙ
3390 5027 3502 5083 Νο-

1903 5134 2006 5174 nas
2050 5119 2196 5172 Julii
2248 5117 2495 5184 ofﬁcium
2538 5118 2769 5184 plenum
2806 5119 2905 5184 ﬁat
2933 5117 3122 5169 diebus
3165 5120 3364 5184 septem
3396 5127 3503 5182 pro

1901 5209 2112 5262 cunctis
2138 5205 2528 5275 familiaribus
2558 5207 2780 5268 nostris,
2813 5206 2983 5258 sicuti
3010 5205 3138 5271 ﬁeri
3159 5217 3274 5254 mos
3294 5206 3369 5254 est
3393 5216 3500 5269 pro

1899 5296 2175 5363 fratribus
2225 5295 2436 5348 noriter
2485 5293 2801 5360 defunctis;
2843 5297 2893 5346 et
2930 5305 3050 5344 una
3076 5291 3306 5358 justitia
3336 5290 3502 5342 detur

1901 5385 2138 5451 triginta
2163 5383 2371 5436 diebus.
2817 5367 2822 5372 ’

1973 5473 2080 5526 l’ro
2111 5471 2470 5543 imperatore.
2509 5469 2606 5541 qui
2627 5469 2830 5540 dignus
2857 5466 3047 5534 fuerit,
3071 5465 3151 5520 ita
3173 5464 3453 5520 scribatur
3485 5485 3500 5522 :

1908 5563 2084 5616 Tertio
2113 5564 2239 5616 ldus
2266 5563 2412 5615 Julii
2438 5562 2698 5627 depositio
2725 5559 2920 5610 damni
2940 5558 3166 5610 llrnrici
3199 5558 3501 5623 imperato-

1899 5654 1983 5707 ris
1999 5654 2144 5719 Aug.
2165 5655 2364 5707 nostra.v
2381 5649 2651 5705 societatis
2679 5651 2730 5702 et
2755 5647 3136 5715 fraternitatis
3157 5645 3506 5720 charissimi,
3541 5639 3544 5646 ’
