  <div class='ocr_page' id='page_1' title='image "/cluster/home/n/w/nwhite01/storage/ocr_20150623/150/hvd.32044054760087/657.png"; bbox 0 0 3950 6168; ppageno 0'>
   <div class='ocr_carea' id='block_1_1' title="bbox 468 306 603 364">
    <p class='ocr_par' dir='ltr' id='par_1_1' title="bbox 468 306 603 364">
     <span class='ocr_line' id='line_1_1' title="bbox 468 306 603 364; baseline -0.015 0"><span class='ocrx_word' id='word_1_1' title='bbox 468 306 603 364; x_wconf 75' lang='grc'><strong>1303</strong></span> 
     </span>
    </p>
   </div>
   <div class='ocr_carea' id='block_1_2' title="bbox 1631 311 2568 385">
    <p class='ocr_par' dir='ltr' id='par_1_2' title="bbox 1631 311 2568 385">
     <span class='ocr_line' id='line_1_2' title="bbox 1631 311 2568 385; baseline 0.002 -20"><span class='ocrx_word' id='word_1_2' title='bbox 1631 311 1996 370; x_wconf 84' lang='lat' dir='ltr'><strong>APPENDIX</strong></span> <span class='ocrx_word' id='word_1_3' title='bbox 2031 315 2128 372; x_wconf 85' lang='lat' dir='ltr'><strong>AD</strong></span> <span class='ocrx_word' id='word_1_4' title='bbox 2170 314 2447 371; x_wconf 83' lang='lat' dir='ltr'><strong>GUIDON</strong></span> <span class='ocrx_word' id='word_1_5' title='bbox 2451 312 2568 385; x_wconf 84' lang='grc' dir='ltr'><strong>ΕΜ.</strong></span> 
     </span>
    </p>
   </div>
   <div class='ocr_carea' id='block_1_3' title="bbox 3540 308 3652 368">
    <p class='ocr_par' dir='ltr' id='par_1_3' title="bbox 3540 308 3652 368">
     <span class='ocr_line' id='line_1_3' title="bbox 3540 308 3652 368; baseline 0.018 -2"><span class='ocrx_word' id='word_1_6' title='bbox 3540 308 3652 368; x_wconf 69' lang='grc'><strong>1304</strong></span> 
     </span>
    </p>
   </div>
   <div class='ocr_carea' id='block_1_4' title="bbox 455 434 3652 509">
    <p class='ocr_par' dir='ltr' id='par_1_4' title="bbox 455 434 3652 509">
     <span class='ocr_line' id='line_1_4' title="bbox 455 434 3652 509; baseline 0 -19"><span class='ocrx_word' id='word_1_7' title='bbox 455 451 582 490; x_wconf 90' lang='lat' dir='ltr'><strong>rum</strong></span> <span class='ocrx_word' id='word_1_8' title='bbox 613 434 799 506; x_wconf 79' lang='lat' dir='ltr'><strong>priora</strong></span> <span class='ocrx_word' id='word_1_9' title='bbox 828 438 1102 508; x_wconf 86' lang='lat' dir='ltr'><strong>tempora.</strong></span> <span class='ocrx_word' id='word_1_10' title='bbox 1141 439 1220 492; x_wconf 89' lang='lat' dir='ltr'><strong>vel</strong></span> <span class='ocrx_word' id='word_1_11' title='bbox 1263 455 1386 508; x_wconf 62' lang='lat' dir='ltr'><strong>qua;</strong></span> <span class='ocrx_word' id='word_1_12' title='bbox 1417 439 1818 496; x_wconf 86' lang='lat' dir='ltr'><strong>Romanorum.</strong></span> <span class='ocrx_word' id='word_1_13' title='bbox 1873 439 2048 509; x_wconf 88' lang='lat' dir='ltr'><strong>prius-</strong></span> <span class='ocrx_word' id='word_1_14' title='bbox 2075 448 2112 500; x_wconf 89' lang='grc' dir='ltr'>Λ</span> <span class='ocrx_word' id='word_1_15' title='bbox 2141 457 2258 496; x_wconf 89' lang='lat' dir='ltr'><strong>rem</strong></span> <span class='ocrx_word' id='word_1_16' title='bbox 2295 439 2664 494; x_wconf 72' lang='lat' dir='ltr'><strong>fastidiamus.</strong></span> <span class='ocrx_word' id='word_1_17' title='bbox 2689 454 2718 489; x_wconf 84' lang='lat' dir='ltr'><strong>a</strong></span> <span class='ocrx_word' id='word_1_18' title='bbox 2741 437 2951 508; x_wconf 82' lang='lat' dir='ltr'><strong>prolixa</strong></span> <span class='ocrx_word' id='word_1_19' title='bbox 2970 435 3282 489; x_wconf 86' lang='lat' dir='ltr'><strong>narratione</strong></span> <span class='ocrx_word' id='word_1_20' title='bbox 3299 434 3652 500; x_wconf 86' lang='lat' dir='ltr'><strong>sileamus.Quo</strong></span> 
     </span>
    </p>
   </div>
   <div class='ocr_carea' id='block_1_5' title="bbox 455 525 2048 597">
    <p class='ocr_par' dir='ltr' id='par_1_5' title="bbox 455 525 2048 597">
     <span class='ocr_line' id='line_1_5' title="bbox 455 525 2048 597; baseline 0.003 -19"><span class='ocrx_word' id='word_1_21' title='bbox 455 542 622 596; x_wconf 89' lang='lat' dir='ltr'><strong>quam</strong></span> <span class='ocrx_word' id='word_1_22' title='bbox 684 525 888 579; x_wconf 84' lang='lat' dir='ltr'><strong>Hitalia</strong></span> <span class='ocrx_word' id='word_1_23' title='bbox 933 528 1126 596; x_wconf 78' lang='lat' dir='ltr'><strong>gentili</strong></span> <span class='ocrx_word' id='word_1_24' title='bbox 1171 527 1359 597; x_wconf 82' lang='lat' dir='ltr'><strong>gladio</strong></span> <span class='ocrx_word' id='word_1_25' title='bbox 1406 526 1655 579; x_wconf 84' lang='lat' dir='ltr'><strong>ferienda</strong></span> <span class='ocrx_word' id='word_1_26' title='bbox 1712 528 2048 582; x_wconf 71' lang='lat' dir='ltr'><strong>traderetur.</strong></span> 
     </span>
    </p>
   </div>
   <div class='ocr_carea' id='block_1_6' title="bbox 455 613 2054 687">
    <p class='ocr_par' dir='ltr' id='par_1_6' title="bbox 455 613 2054 687">
     <span class='ocr_line' id='line_1_6' title="bbox 455 613 2054 687; baseline 0.001 -19"><span class='ocrx_word' id='word_1_27' title='bbox 455 614 690 668; x_wconf 88' lang='lat' dir='ltr'><strong>Constat</strong></span> <span class='ocrx_word' id='word_1_28' title='bbox 718 613 890 680; x_wconf 71' lang='lat' dir='ltr'><strong>igitur</strong></span> <span class='ocrx_word' id='word_1_29' title='bbox 915 632 1081 685; x_wconf 81' lang='lat' dir='ltr'><strong>qualn</strong></span> <span class='ocrx_word' id='word_1_30' title='bbox 1119 625 1249 669; x_wconf 88' lang='lat' dir='ltr'><strong>ante</strong></span> <span class='ocrx_word' id='word_1_31' title='bbox 1278 615 1470 686; x_wconf 83' lang='lat' dir='ltr'><strong>prefati</strong></span> <span class='ocrx_word' id='word_1_32' title='bbox 1495 615 1880 684; x_wconf 79' lang='lat' dir='ltr'><strong>gloriosissimi</strong></span> <span class='ocrx_word' id='word_1_33' title='bbox 1919 635 2054 687; x_wconf 90' lang='lat' dir='ltr'><strong>pon-</strong></span> 
     </span>
    </p>
   </div>
   <div class='ocr_carea' id='block_1_7' title="bbox 452 703 2055 774">
    <p class='ocr_par' dir='ltr' id='par_1_7' title="bbox 452 703 2055 774">
     <span class='ocr_line' id='line_1_7' title="bbox 452 703 2055 774; baseline -0.001 -17"><span class='ocrx_word' id='word_1_34' title='bbox 452 703 621 758; x_wconf 76' lang='lat' dir='ltr'><strong>tificis</strong></span> <span class='ocrx_word' id='word_1_35' title='bbox 650 719 762 756; x_wconf 91' lang='lat' dir='ltr'><strong>non</strong></span> <span class='ocrx_word' id='word_1_36' title='bbox 793 704 1070 758; x_wconf 88' lang='lat' dir='ltr'><strong>modicum</strong></span> <span class='ocrx_word' id='word_1_37' title='bbox 1095 703 1630 774; x_wconf 79' lang='lat' dir='ltr'><strong>tempus.Conditum</strong></span> <span class='ocrx_word' id='word_1_38' title='bbox 1665 711 1746 756; x_wconf 86' lang='lat' dir='ltr'><strong>est</strong></span> <span class='ocrx_word' id='word_1_39' title='bbox 1781 713 2055 758; x_wconf 83' lang='lat' dir='ltr'><strong>monaste-</strong></span> 
     </span>
    </p>
   </div>
   <div class='ocr_carea' id='block_1_8' title="bbox 451 791 2052 863">
    <p class='ocr_par' dir='ltr' id='par_1_8' title="bbox 451 791 2052 863">
     <span class='ocr_line' id='line_1_8' title="bbox 451 791 2052 863; baseline 0.002 -18"><span class='ocrx_word' id='word_1_40' title='bbox 451 791 597 846; x_wconf 87' lang='lat' dir='ltr'><strong>rium</strong></span> <span class='ocrx_word' id='word_1_41' title='bbox 629 791 798 856; x_wconf 85' lang='lat' dir='ltr'><strong>istud,</strong></span> <span class='ocrx_word' id='word_1_42' title='bbox 834 809 932 860; x_wconf 87' lang='lat' dir='ltr'><strong>pro</strong></span> <span class='ocrx_word' id='word_1_43' title='bbox 963 810 1028 846; x_wconf 90' lang='lat' dir='ltr'><strong>eo</strong></span> <span class='ocrx_word' id='word_1_44' title='bbox 1061 793 1206 863; x_wconf 91' lang='lat' dir='ltr'><strong>quod</strong></span> <span class='ocrx_word' id='word_1_45' title='bbox 1243 791 1574 844; x_wconf 82' lang='lat' dir='ltr'><strong>venerabilis</strong></span> <span class='ocrx_word' id='word_1_46' title='bbox 1609 794 1874 847; x_wconf 87' lang='lat' dir='ltr'><strong>memorie</strong></span> <span class='ocrx_word' id='word_1_47' title='bbox 1914 793 2052 848; x_wconf 79' lang='lat' dir='ltr'><strong>Bea-</strong></span> 
     </span>
    </p>
   </div>
   <div class='ocr_carea' id='block_1_9' title="bbox 449 881 2051 952">
    <p class='ocr_par' dir='ltr' id='par_1_9' title="bbox 449 881 2051 952">
     <span class='ocr_line' id='line_1_9' title="bbox 449 881 2051 952; baseline 0.001 -18"><span class='ocrx_word' id='word_1_48' title='bbox 449 884 571 934; x_wconf 86' lang='lat' dir='ltr'><strong>tum</strong></span> <span class='ocrx_word' id='word_1_49' title='bbox 611 881 809 944; x_wconf 84' lang='lat' dir='ltr'><strong>Ysaac,</strong></span> <span class='ocrx_word' id='word_1_50' title='bbox 844 882 1113 952; x_wconf 83' lang='lat' dir='ltr'><strong>collegam</strong></span> <span class='ocrx_word' id='word_1_51' title='bbox 1151 881 1488 934; x_wconf 78' lang='lat' dir='ltr'><strong>sanctissimi</strong></span> <span class='ocrx_word' id='word_1_52' title='bbox 1535 881 1697 949; x_wconf 86' lang='lat' dir='ltr'><strong>hujus</strong></span> <span class='ocrx_word' id='word_1_53' title='bbox 1727 885 2051 937; x_wconf 76' lang='lat' dir='ltr'><strong>monasterii</strong></span> 
     </span>
    </p>
   </div>
   <div class='ocr_carea' id='block_1_10' title="bbox 449 969 2051 1040">
    <p class='ocr_par' dir='ltr' id='par_1_10' title="bbox 449 969 2051 1040">
     <span class='ocr_line' id='line_1_10' title="bbox 449 969 2051 1040; baseline 0.001 -16"><span class='ocrx_word' id='word_1_54' title='bbox 449 969 742 1024; x_wconf 80' lang='lat' dir='ltr'><strong>Laurentii</strong></span> <span class='ocrx_word' id='word_1_55' title='bbox 773 987 884 1024; x_wconf 92' lang='lat' dir='ltr'><strong>non</strong></span> <span class='ocrx_word' id='word_1_56' title='bbox 915 987 974 1024; x_wconf 92' lang='lat' dir='ltr'><strong>se</strong></span> <span class='ocrx_word' id='word_1_57' title='bbox 1007 971 1228 1028; x_wconf 84' lang='lat' dir='ltr'><strong>vidisse.</strong></span> <span class='ocrx_word' id='word_1_58' title='bbox 1265 987 1363 1022; x_wconf 76' lang='lat' dir='ltr'><strong>nec</strong></span> <span class='ocrx_word' id='word_1_59' title='bbox 1389 969 1505 1022; x_wconf 87' lang='lat' dir='ltr'><strong>suis</strong></span> <span class='ocrx_word' id='word_1_60' title='bbox 1533 971 1878 1040; x_wconf 77' lang='lat' dir='ltr'><strong>temporibus</strong></span> <span class='ocrx_word' id='word_1_61' title='bbox 1913 973 2051 1025; x_wconf 83' lang='lat' dir='ltr'><strong>exti-</strong></span> 
     </span>
    </p>
   </div>
   <div class='ocr_carea' id='block_1_11' title="bbox 448 1059 2054 1132">
    <p class='ocr_par' dir='ltr' id='par_1_11' title="bbox 448 1059 2054 1132">
     <span class='ocr_line' id='line_1_11' title="bbox 448 1059 2054 1132; baseline 0.002 -19"><span class='ocrx_word' id='word_1_62' title='bbox 448 1059 584 1114; x_wconf 85' lang='lat' dir='ltr'><strong>tisse</strong></span> <span class='ocrx_word' id='word_1_63' title='bbox 608 1060 1025 1130; x_wconf 84' lang='lat' dir='ltr'><strong>descripsit.sed</strong></span> <span class='ocrx_word' id='word_1_64' title='bbox 1054 1059 1499 1130; x_wconf 88' lang='lat' dir='ltr'><strong>prioribusillum</strong></span> <span class='ocrx_word' id='word_1_65' title='bbox 1518 1060 1825 1114; x_wconf 79' lang='lat' dir='ltr'><strong>Gothorum</strong></span> <span class='ocrx_word' id='word_1_66' title='bbox 1842 1069 2054 1132; x_wconf 88' lang='lat' dir='ltr'><strong>tempo-</strong></span> 
     </span>
    </p>
   </div>
   <div class='ocr_carea' id='block_1_12' title="bbox 449 1149 2049 1212">
    <p class='ocr_par' dir='ltr' id='par_1_12' title="bbox 449 1149 2049 1212">
     <span class='ocr_line' id='line_1_12' title="bbox 449 1149 2049 1212; baseline 0.003 -10"><span class='ocrx_word' id='word_1_67' title='bbox 449 1149 606 1203; x_wconf 83' lang='lat' dir='ltr'><strong>ribus</strong></span> <span class='ocrx_word' id='word_1_68' title='bbox 647 1149 816 1203; x_wconf 86' lang='lat' dir='ltr'><strong>fuisse</strong></span> <span class='ocrx_word' id='word_1_69' title='bbox 859 1149 1096 1202; x_wconf 83' lang='lat' dir='ltr'><strong>veridica</strong></span> <span class='ocrx_word' id='word_1_70' title='bbox 1140 1149 1410 1202; x_wconf 73' lang='lat' dir='ltr'><strong>relatione</strong></span> <span class='ocrx_word' id='word_1_71' title='bbox 1451 1149 1725 1212; x_wconf 54' lang='lat' dir='ltr'><strong>professus</strong></span> <span class='ocrx_word' id='word_1_72' title='bbox 1775 1161 1875 1204; x_wconf 88' lang='lat' dir='ltr'><strong>est.</strong></span> <span class='ocrx_word' id='word_1_73' title='bbox 1912 1155 2049 1206; x_wconf 67' lang='lat' dir='ltr'><strong>Nam</strong></span> 
     </span>
    </p>
   </div>
   <div class='ocr_carea' id='block_1_13' title="bbox 449 1220 2053 1309">
    <p class='ocr_par' dir='ltr' id='par_1_13' title="bbox 449 1220 2053 1309">
     <span class='ocr_line' id='line_1_13' title="bbox 449 1220 2053 1309; baseline 0.002 -19"><span class='ocrx_word' id='word_1_74' title='bbox 449 1235 635 1309; x_wconf 75' lang='lat' dir='ltr'><strong>priora</strong></span> <span class='ocrx_word' id='word_1_75' title='bbox 671 1237 980 1292; x_wconf 87' lang='lat' dir='ltr'><strong>Gothorum</strong></span> <span class='ocrx_word' id='word_1_76' title='bbox 1007 1245 1353 1308; x_wconf 87' lang='lat' dir='ltr'><strong>tempora.ut</strong></span> <span class='ocrx_word' id='word_1_77' title='bbox 1374 1237 1556 1290; x_wconf 72' lang='lat' dir='ltr'><strong>verius</strong></span> <span class='ocrx_word' id='word_1_78' title='bbox 1574 1239 1720 1290; x_wconf 89' lang='lat' dir='ltr'><strong>credi</strong></span> <span class='ocrx_word' id='word_1_79' title='bbox 1747 1220 2053 1309; x_wconf 62' lang='lat' dir='ltr'><strong>poto&#39;st.illa</strong></span> 
     </span>
    </p>
   </div>
   <div class='ocr_carea' id='block_1_14' title="bbox 445 1327 2052 1398">
    <p class='ocr_par' dir='ltr' id='par_1_14' title="bbox 445 1327 2052 1398">
     <span class='ocr_line' id='line_1_14' title="bbox 445 1327 2052 1398; baseline 0.001 -16"><span class='ocrx_word' id='word_1_80' title='bbox 445 1327 674 1382; x_wconf 83' lang='lat' dir='ltr'><strong>fuerunt</strong></span> <span class='ocrx_word' id='word_1_81' title='bbox 731 1327 869 1382; x_wconf 90' lang='lat' dir='ltr'><strong>utin</strong></span> <span class='ocrx_word' id='word_1_82' title='bbox 899 1327 1122 1398; x_wconf 83' lang='lat' dir='ltr'><strong>scriptis</strong></span> <span class='ocrx_word' id='word_1_83' title='bbox 1151 1327 1408 1380; x_wconf 84' lang='lat' dir='ltr'><strong>chrontce</strong></span> <span class='ocrx_word' id='word_1_84' title='bbox 1435 1327 1662 1378; x_wconf 83' lang='lat' dir='ltr'><strong>bistorie</strong></span> <span class='ocrx_word' id='word_1_85' title='bbox 1684 1327 1862 1381; x_wconf 84' lang='lat' dir='ltr'><strong>Orosii</strong></span> <span class='ocrx_word' id='word_1_86' title='bbox 1891 1347 2052 1398; x_wconf 66' lang='lat' dir='ltr'><strong>praes-</strong></span> 
     </span>
    </p>
   </div>
   <div class='ocr_carea' id='block_1_15' title="bbox 443 1415 2054 1487">
    <p class='ocr_par' dir='ltr' id='par_1_15' title="bbox 443 1415 2054 1487">
     <span class='ocr_line' id='line_1_15' title="bbox 443 1415 2054 1487; baseline 0.002 -17"><span class='ocrx_word' id='word_1_87' title='bbox 443 1415 629 1487; x_wconf 89' lang='lat' dir='ltr'><strong>byteri</strong></span> <span class='ocrx_word' id='word_1_88' title='bbox 651 1420 949 1486; x_wconf 89' lang='lat' dir='ltr'><strong>reperitur.</strong></span> <span class='ocrx_word' id='word_1_89' title='bbox 973 1415 1195 1487; x_wconf 86' lang='lat' dir='ltr'><strong>quando</strong></span> <span class='ocrx_word' id='word_1_90' title='bbox 1221 1422 1490 1485; x_wconf 82' lang='lat' dir='ltr'><strong>regnante</strong></span> <span class='ocrx_word' id='word_1_91' title='bbox 1513 1416 1790 1469; x_wconf 75' lang='lat' dir='ltr'><strong>Art-hadio</strong></span> <span class='ocrx_word' id='word_1_92' title='bbox 1818 1419 2054 1487; x_wconf 88' lang='lat' dir='ltr'><strong>impera-</strong></span> 
     </span>
    </p>
   </div>
   <div class='ocr_carea' id='block_1_16' title="bbox 444 1504 2052 1578">
    <p class='ocr_par' dir='ltr' id='par_1_16' title="bbox 444 1504 2052 1578">
     <span class='ocr_line' id='line_1_16' title="bbox 444 1504 2052 1578; baseline 0.002 -20"><span class='ocrx_word' id='word_1_93' title='bbox 444 1507 588 1568; x_wconf 82' lang='lat' dir='ltr'><strong>tore,</strong></span> <span class='ocrx_word' id='word_1_94' title='bbox 605 1521 716 1575; x_wconf 89' lang='lat' dir='ltr'><strong>quo</strong></span> <span class='ocrx_word' id='word_1_95' title='bbox 740 1511 996 1578; x_wconf 75' lang='lat' dir='ltr'><strong>tempore</strong></span> <span class='ocrx_word' id='word_1_96' title='bbox 1011 1504 1344 1558; x_wconf 77' lang='lat' dir='ltr'><strong>Ambrosius</strong></span> <span class='ocrx_word' id='word_1_97' title='bbox 1373 1505 2052 1562; x_wconf 66' lang='lat' dir='ltr'><strong>MediolanumMartinus</strong></span> 
     </span>
    </p>
   </div>
   <div class='ocr_carea' id='block_1_17' title="bbox 444 1592 2048 1664">
    <p class='ocr_par' dir='ltr' id='par_1_17' title="bbox 444 1592 2048 1664">
     <span class='ocr_line' id='line_1_17' title="bbox 444 1592 2048 1664; baseline 0.003 -18"><span class='ocrx_word' id='word_1_98' title='bbox 444 1609 577 1647; x_wconf 87' lang='lat' dir='ltr'><strong>vero</strong></span> <span class='ocrx_word' id='word_1_99' title='bbox 637 1594 818 1664; x_wconf 87' lang='lat' dir='ltr'><strong>(cujus</strong></span> <span class='ocrx_word' id='word_1_100' title='bbox 869 1593 1150 1664; x_wconf 85' lang='lat' dir='ltr'><strong>gloriosus</strong></span> <span class='ocrx_word' id='word_1_101' title='bbox 1201 1592 1382 1648; x_wconf 85' lang='lat' dir='ltr'><strong>extitit</strong></span> <span class='ocrx_word' id='word_1_102' title='bbox 1428 1594 1702 1648; x_wconf 87' lang='lat' dir='ltr'><strong>transitus</strong></span> <span class='ocrx_word' id='word_1_103' title='bbox 1748 1611 1780 1648; x_wconf 91' lang='lat' dir='ltr'><strong>a</strong></span> <span class='ocrx_word' id='word_1_104' title='bbox 1831 1597 2048 1652; x_wconf 90' lang='lat' dir='ltr'><strong>Domini</strong></span> 
     </span>
    </p>
   </div>
   <div class='ocr_carea' id='block_1_18' title="bbox 442 1681 2044 1753">
    <p class='ocr_par' dir='ltr' id='par_1_18' title="bbox 442 1681 2044 1753">
     <span class='ocr_line' id='line_1_18' title="bbox 442 1681 2044 1753; baseline 0.003 -17"><span class='ocrx_word' id='word_1_105' title='bbox 442 1682 706 1753; x_wconf 84' lang='lat' dir='ltr'><strong>passione</strong></span> <span class='ocrx_word' id='word_1_106' title='bbox 763 1699 911 1736; x_wconf 89' lang='lat' dir='ltr'><strong>anno</strong></span> <span class='ocrx_word' id='word_1_107' title='bbox 958 1697 1186 1742; x_wconf 81' lang='lat' dir='ltr'><strong>ccccxtt.</strong></span> <span class='ocrx_word' id='word_1_108' title='bbox 1235 1681 1418 1736; x_wconf 67' lang='lat' dir='ltr'><strong>aetatis</strong></span> <span class='ocrx_word' id='word_1_109' title='bbox 1464 1688 1653 1736; x_wconf 83' lang='lat' dir='ltr'><strong>autem</strong></span> <span class='ocrx_word' id='word_1_110' title='bbox 1709 1701 1807 1738; x_wconf 90' lang='lat' dir='ltr'><strong>sue</strong></span> <span class='ocrx_word' id='word_1_111' title='bbox 1862 1701 2044 1750; x_wconf 77' lang='lat' dir='ltr'><strong>LXXXI,</strong></span> 
     </span>
    </p>
   </div>
   <div class='ocr_carea' id='block_1_19' title="bbox 2137 524 3655 598">
    <p class='ocr_par' dir='ltr' id='par_1_19' title="bbox 2137 524 3655 598">
     <span class='ocr_line' id='line_1_19' title="bbox 2137 524 3655 598; baseline -0.003 -16"><span class='ocrx_word' id='word_1_112' title='bbox 2137 538 2324 582; x_wconf 87' lang='lat' dir='ltr'><strong>autem</strong></span> <span class='ocrx_word' id='word_1_113' title='bbox 2355 536 2608 598; x_wconf 87' lang='lat' dir='ltr'><strong>tempore</strong></span> <span class='ocrx_word' id='word_1_114' title='bbox 2652 527 2806 596; x_wconf 89' lang='lat' dir='ltr'><strong>prius</strong></span> <span class='ocrx_word' id='word_1_115' title='bbox 2842 527 3184 579; x_wconf 73' lang='lat' dir='ltr'><strong>destructum</strong></span> <span class='ocrx_word' id='word_1_116' title='bbox 3219 527 3312 576; x_wconf 89' lang='lat' dir='ltr'><strong>hoc</strong></span> <span class='ocrx_word' id='word_1_117' title='bbox 3337 524 3484 577; x_wconf 87' lang='lat' dir='ltr'><strong>fuerit</strong></span> <span class='ocrx_word' id='word_1_118' title='bbox 3505 541 3655 578; x_wconf 82' lang='lat' dir='ltr'><strong>mona-</strong></span> 
     </span>
    </p>
   </div>
   <div class='ocr_carea' id='block_1_20' title="bbox 2136 612 3655 677">
    <p class='ocr_par' dir='ltr' id='par_1_20' title="bbox 2136 612 3655 677">
     <span class='ocr_line' id='line_1_20' title="bbox 2136 612 3655 677; baseline -0.002 -6"><span class='ocrx_word' id='word_1_119' title='bbox 2136 619 2391 677; x_wconf 85' lang='lat' dir='ltr'><strong>sterium.</strong></span> <span class='ocrx_word' id='word_1_120' title='bbox 2433 617 2574 669; x_wconf 86' lang='lat' dir='ltr'><strong>sicut</strong></span> <span class='ocrx_word' id='word_1_121' title='bbox 2603 625 2660 668; x_wconf 88' lang='lat' dir='ltr'><strong>et</strong></span> <span class='ocrx_word' id='word_1_122' title='bbox 2694 623 3100 672; x_wconf 86' lang='lat' dir='ltr'><strong>constructum.</strong></span> <span class='ocrx_word' id='word_1_123' title='bbox 3133 612 3455 666; x_wconf 70' lang='lat' dir='ltr'><strong>manifestius</strong></span> <span class='ocrx_word' id='word_1_124' title='bbox 3472 614 3655 668; x_wconf 83' lang='lat' dir='ltr'><strong>clarius-</strong></span> 
     </span>
    </p>
   </div>
   <div class='ocr_carea' id='block_1_21' title="bbox 2137 701 3654 777">
    <p class='ocr_par' dir='ltr' id='par_1_21' title="bbox 2137 701 3654 777">
     <span class='ocr_line' id='line_1_21' title="bbox 2137 701 3654 777; baseline -0.002 -19"><span class='ocrx_word' id='word_1_125' title='bbox 2137 725 2244 777; x_wconf 89' lang='lat' dir='ltr'><strong>que</strong></span> <span class='ocrx_word' id='word_1_126' title='bbox 2288 705 2517 758; x_wconf 87' lang='lat' dir='ltr'><strong>minime</strong></span> <span class='ocrx_word' id='word_1_127' title='bbox 2564 704 2790 762; x_wconf 88' lang='lat' dir='ltr'><strong>scimus.</strong></span> <span class='ocrx_word' id='word_1_128' title='bbox 2838 704 2940 757; x_wconf 86' lang='lat' dir='ltr'><strong>nisi</strong></span> <span class='ocrx_word' id='word_1_129' title='bbox 2990 710 3203 756; x_wconf 81' lang='lat' dir='ltr'><strong>tantum</strong></span> <span class='ocrx_word' id='word_1_130' title='bbox 3236 701 3368 770; x_wconf 90' lang='lat' dir='ltr'><strong>quod</strong></span> <span class='ocrx_word' id='word_1_131' title='bbox 3409 701 3582 769; x_wconf 80' lang='lat' dir='ltr'><strong>legitur</strong></span> <span class='ocrx_word' id='word_1_132' title='bbox 3611 702 3654 755; x_wconf 90' lang='lat' dir='ltr'><strong>in</strong></span> 
     </span>
    </p>
   </div>
   <div class='ocr_carea' id='block_1_22' title="bbox 2135 789 3654 862">
    <p class='ocr_par' dir='ltr' id='par_1_22' title="bbox 2135 789 3654 862">
     <span class='ocr_line' id='line_1_22' title="bbox 2135 789 3654 862; baseline -0.003 -14"><span class='ocrx_word' id='word_1_133' title='bbox 2135 796 2384 862; x_wconf 80' lang='lat' dir='ltr'><strong>ejusdem</strong></span> <span class='ocrx_word' id='word_1_134' title='bbox 2440 795 2579 847; x_wconf 89' lang='lat' dir='ltr'><strong>libro</strong></span> <span class='ocrx_word' id='word_1_135' title='bbox 2619 791 3050 846; x_wconf 84' lang='lat' dir='ltr'><strong>ronstructionis</strong></span> <span class='ocrx_word' id='word_1_136' title='bbox 3101 809 3112 843; x_wconf 93' lang='lat'>:</span> <span class='ocrx_word' id='word_1_137' title='bbox 3160 791 3287 860; x_wconf 91' lang='lat' dir='ltr'><strong>quia</strong></span> <span class='ocrx_word' id='word_1_138' title='bbox 3341 796 3450 859; x_wconf 84' lang='lat' dir='ltr'><strong>post</strong></span> <span class='ocrx_word' id='word_1_139' title='bbox 3484 789 3654 844; x_wconf 84' lang='lat' dir='ltr'><strong>obitum</strong></span> 
     </span>
    </p>
   </div>
   <div class='ocr_carea' id='block_1_23' title="bbox 2136 879 3656 945">
    <p class='ocr_par' dir='ltr' id='par_1_23' title="bbox 2136 879 3656 945">
     <span class='ocr_line' id='line_1_23' title="bbox 2136 879 3656 945; baseline -0.003 -8"><span class='ocrx_word' id='word_1_140' title='bbox 2136 883 2280 938; x_wconf 84' lang='lat' dir='ltr'><strong>beati</strong></span> <span class='ocrx_word' id='word_1_141' title='bbox 2315 884 2410 938; x_wconf 90' lang='lat' dir='ltr'><strong>viri</strong></span> <span class='ocrx_word' id='word_1_142' title='bbox 2441 883 2776 936; x_wconf 67' lang='lat' dir='ltr'><strong>sanctissimi</strong></span> <span class='ocrx_word' id='word_1_143' title='bbox 2813 880 3114 936; x_wconf 82' lang='lat' dir='ltr'><strong>Laurentii.</strong></span> <span class='ocrx_word' id='word_1_144' title='bbox 3139 896 3168 932; x_wconf 86' lang='lat' dir='ltr'><strong>a</strong></span> <span class='ocrx_word' id='word_1_145' title='bbox 3198 879 3540 945; x_wconf 76' lang='lat' dir='ltr'><strong>Longobardis</strong></span> <span class='ocrx_word' id='word_1_146' title='bbox 3569 879 3656 932; x_wconf 72' lang='lat' dir='ltr'><strong>cir-</strong></span> 
     </span>
    </p>
   </div>
   <div class='ocr_carea' id='block_1_24' title="bbox 2134 967 3653 1044">
    <p class='ocr_par' dir='ltr' id='par_1_24' title="bbox 2134 967 3653 1044">
     <span class='ocr_line' id='line_1_24' title="bbox 2134 967 3653 1044; baseline -0.003 -17"><span class='ocrx_word' id='word_1_147' title='bbox 2134 991 2487 1044; x_wconf 83' lang='lat' dir='ltr'><strong>cumquaque</strong></span> <span class='ocrx_word' id='word_1_148' title='bbox 2531 973 2844 1041; x_wconf 79' lang='lat' dir='ltr'><strong>interjectis</strong></span> <span class='ocrx_word' id='word_1_149' title='bbox 2891 971 3255 1040; x_wconf 78' lang='lat' dir='ltr'><strong>ell&#39;ugatisquc</strong></span> <span class='ocrx_word' id='word_1_150' title='bbox 3295 967 3653 1032; x_wconf 61' lang='lat' dir='ltr'><strong>habitatoribus,</strong></span> 
     </span>
    </p>
   </div>
   <div class='ocr_carea' id='block_1_25' title="bbox 2134 1057 3650 1132">
    <p class='ocr_par' dir='ltr' id='par_1_25' title="bbox 2134 1057 3650 1132">
     <span class='ocr_line' id='line_1_25' title="bbox 2134 1057 3650 1132; baseline -0.003 -19"><span class='ocrx_word' id='word_1_151' title='bbox 2134 1065 2290 1116; x_wconf 81' lang='lat' dir='ltr'><strong>locus</strong></span> <span class='ocrx_word' id='word_1_152' title='bbox 2312 1064 2429 1132; x_wconf 88' lang='lat' dir='ltr'><strong>ipse</strong></span> <span class='ocrx_word' id='word_1_153' title='bbox 2450 1063 2734 1115; x_wconf 83' lang='lat' dir='ltr'><strong>desolatus</strong></span> <span class='ocrx_word' id='word_1_154' title='bbox 2764 1069 2820 1114; x_wconf 86' lang='lat' dir='ltr'><strong>et</strong></span> <span class='ocrx_word' id='word_1_155' title='bbox 2851 1061 2906 1114; x_wconf 91' lang='lat' dir='ltr'><strong>in</strong></span> <span class='ocrx_word' id='word_1_156' title='bbox 2929 1059 3283 1114; x_wconf 78' lang='lat' dir='ltr'><strong>solitudinem</strong></span> <span class='ocrx_word' id='word_1_157' title='bbox 3314 1065 3392 1110; x_wconf 88' lang='lat' dir='ltr'><strong>est</strong></span> <span class='ocrx_word' id='word_1_158' title='bbox 3417 1057 3650 1116; x_wconf 71' lang='lat' dir='ltr'><strong>redactus;</strong></span> 
     </span>
    </p>
   </div>
   <div class='ocr_carea' id='block_1_26' title="bbox 2134 1146 3656 1223">
    <p class='ocr_par' dir='ltr' id='par_1_26' title="bbox 2134 1146 3656 1223">
     <span class='ocr_line' id='line_1_26' title="bbox 2134 1146 3656 1223; baseline -0.003 -19"><span class='ocrx_word' id='word_1_159' title='bbox 2134 1161 2303 1223; x_wconf 85' lang='lat' dir='ltr'><strong>atque</strong></span> <span class='ocrx_word' id='word_1_160' title='bbox 2340 1169 2438 1222; x_wconf 83' lang='lat' dir='ltr'><strong>per</strong></span> <span class='ocrx_word' id='word_1_161' title='bbox 2465 1152 2641 1204; x_wconf 89' lang='lat' dir='ltr'><strong>multa</strong></span> <span class='ocrx_word' id='word_1_162' title='bbox 2671 1166 2946 1203; x_wconf 84' lang='lat' dir='ltr'><strong>annorum</strong></span> <span class='ocrx_word' id='word_1_163' title='bbox 2978 1148 3257 1202; x_wconf 70' lang='lat' dir='ltr'><strong>curricula</strong></span> <span class='ocrx_word' id='word_1_164' title='bbox 3284 1146 3472 1216; x_wconf 82' lang='lat' dir='ltr'><strong>absque</strong></span> <span class='ocrx_word' id='word_1_165' title='bbox 3492 1146 3656 1200; x_wconf 82' lang='lat' dir='ltr'><strong>habita-</strong></span> 
     </span>
    </p>
   </div>
   <div class='ocr_carea' id='block_1_27' title="bbox 2134 1235 3658 1307">
    <p class='ocr_par' dir='ltr' id='par_1_27' title="bbox 2134 1235 3658 1307">
     <span class='ocr_line' id='line_1_27' title="bbox 2134 1235 3658 1307; baseline -0.008 -13"><span class='ocrx_word' id='word_1_166' title='bbox 2134 1247 2254 1294; x_wconf 88' lang='lat' dir='ltr'><strong>tore</strong></span> <span class='ocrx_word' id='word_1_167' title='bbox 2289 1241 2612 1307; x_wconf 72' lang='lat' dir='ltr'><strong>permansit.</strong></span> <span class='ocrx_word' id='word_1_168' title='bbox 2645 1239 2852 1293; x_wconf 72' lang='lat' dir='ltr'><strong>scilicet</strong></span> <span class='ocrx_word' id='word_1_169' title='bbox 2883 1239 3060 1291; x_wconf 72' lang='lat' dir='ltr'><strong>donec</strong></span> <span class='ocrx_word' id='word_1_170' title='bbox 3103 1253 3135 1289; x_wconf 93' lang='lat' dir='ltr'><strong>a</strong></span> <span class='ocrx_word' id='word_1_171' title='bbox 3183 1235 3358 1288; x_wconf 82' lang='lat' dir='ltr'><strong>Gallia</strong></span> <span class='ocrx_word' id='word_1_172' title='bbox 3406 1235 3658 1303; x_wconf 65' lang='lat' dir='ltr'><strong>taurigena</strong></span> 
     </span>
    </p>
   </div>
   <div class='ocr_carea' id='block_1_28' title="bbox 2137 1323 3656 1402">
    <p class='ocr_par' dir='ltr' id='par_1_28' title="bbox 2137 1323 3656 1402">
     <span class='ocr_line' id='line_1_28' title="bbox 2137 1323 3656 1402; baseline -0.004 -20"><span class='ocrx_word' id='word_1_173' title='bbox 2137 1330 2417 1402; x_wconf 85' lang='lat' dir='ltr'><strong>prminria</strong></span> <span class='ocrx_word' id='word_1_174' title='bbox 2483 1329 2563 1382; x_wconf 82' lang='lat' dir='ltr'><strong>vir</strong></span> <span class='ocrx_word' id='word_1_175' title='bbox 2627 1329 2734 1382; x_wconf 82' lang='lat' dir='ltr'><strong>vite</strong></span> <span class='ocrx_word' id='word_1_176' title='bbox 2793 1325 3125 1380; x_wconf 78' lang='lat' dir='ltr'><strong>venerabilis</strong></span> <span class='ocrx_word' id='word_1_177' title='bbox 3181 1325 3417 1382; x_wconf 76' lang='lat' dir='ltr'><strong>veniens.</strong></span> <span class='ocrx_word' id='word_1_178' title='bbox 3463 1323 3656 1376; x_wconf 74' lang='lat' dir='ltr'><strong>Thomas</strong></span> 
     </span>
    </p>
   </div>
   <div class='ocr_carea' id='block_1_29' title="bbox 2136 1411 3657 1490">
    <p class='ocr_par' dir='ltr' id='par_1_29' title="bbox 2136 1411 3657 1490">
     <span class='ocr_line' id='line_1_29' title="bbox 2136 1411 3657 1490; baseline -0.006 -18"><span class='ocrx_word' id='word_1_179' title='bbox 2136 1421 2428 1490; x_wconf 71' lang='lat' dir='ltr'><strong>presbyter</strong></span> <span class='ocrx_word' id='word_1_180' title='bbox 2449 1418 2515 1470; x_wconf 88' lang='lat' dir='ltr'><strong>ad</strong></span> <span class='ocrx_word' id='word_1_181' title='bbox 2548 1417 2904 1486; x_wconf 82' lang='lat' dir='ltr'><strong>sepulchrum</strong></span> <span class='ocrx_word' id='word_1_182' title='bbox 2945 1413 3162 1470; x_wconf 91' lang='lat' dir='ltr'><strong>Domini</strong></span> <span class='ocrx_word' id='word_1_183' title='bbox 3187 1413 3558 1470; x_wconf 74' lang='lat' dir='ltr'><strong>demat-aretur.</strong></span> <span class='ocrx_word' id='word_1_184' title='bbox 3587 1411 3657 1463; x_wconf 90' lang='lat' dir='ltr'><strong>ubi</strong></span> 
     </span>
    </p>
   </div>
   <div class='ocr_carea' id='block_1_30' title="bbox 2133 1489 3656 1575">
    <p class='ocr_par' dir='ltr' id='par_1_30' title="bbox 2133 1489 3656 1575">
     <span class='ocr_line' id='line_1_30' title="bbox 2133 1489 3656 1575; baseline -0.007 -13"><span class='ocrx_word' id='word_1_185' title='bbox 2133 1489 2454 1562; x_wconf 72' lang='lat' dir='ltr'><strong>admonitus</strong></span> <span class='ocrx_word' id='word_1_186' title='bbox 2473 1524 2503 1560; x_wconf 89' lang='lat' dir='ltr'><strong>a</strong></span> <span class='ocrx_word' id='word_1_187' title='bbox 2527 1507 2702 1560; x_wconf 84' lang='lat' dir='ltr'><strong>Maria</strong></span> <span class='ocrx_word' id='word_1_188' title='bbox 2729 1489 2954 1575; x_wconf 80' lang='lat' dir='ltr'><strong>semper</strong></span> <span class='ocrx_word' id='word_1_189' title='bbox 2971 1501 3182 1572; x_wconf 77' lang='lat' dir='ltr'><strong>virgine</strong></span> <span class='ocrx_word' id='word_1_190' title='bbox 3206 1501 3406 1570; x_wconf 81' lang='lat' dir='ltr'><strong>Deique</strong></span> <span class='ocrx_word' id='word_1_191' title='bbox 3425 1499 3656 1570; x_wconf 80' lang='lat' dir='ltr'><strong>genitrice,</strong></span> 
     </span>
    </p>
   </div>
   <div class='ocr_carea' id='block_1_31' title="bbox 2105 1588 3658 1659">
    <p class='ocr_par' dir='ltr' id='par_1_31' title="bbox 2105 1588 3658 1659">
     <span class='ocr_line' id='line_1_31' title="bbox 2105 1588 3658 1659; baseline -0.005 -9"><span class='ocrx_word' id='word_1_192' title='bbox 2105 1597 2202 1650; x_wconf 40' lang='lat' dir='ltr'><strong>‘ad</strong></span> <span class='ocrx_word' id='word_1_193' title='bbox 2231 1597 2448 1651; x_wconf 84' lang='lat' dir='ltr'><strong>Italiam</strong></span> <span class='ocrx_word' id='word_1_194' title='bbox 2480 1611 2735 1650; x_wconf 80' lang='lat' dir='ltr'><strong>reversus</strong></span> <span class='ocrx_word' id='word_1_195' title='bbox 2761 1600 2866 1658; x_wconf 81' lang='lat' dir='ltr'><strong>est,</strong></span> <span class='ocrx_word' id='word_1_196' title='bbox 2897 1603 2954 1646; x_wconf 86' lang='lat' dir='ltr'><strong>et</strong></span> <span class='ocrx_word' id='word_1_197' title='bbox 2982 1593 3085 1646; x_wconf 89' lang='lat' dir='ltr'><strong>hoc</strong></span> <span class='ocrx_word' id='word_1_198' title='bbox 3114 1607 3230 1644; x_wconf 60' lang='lat' dir='ltr'><strong>sane</strong></span> <span class='ocrx_word' id='word_1_199' title='bbox 3249 1596 3364 1644; x_wconf 90' lang='lat' dir='ltr'><strong>tum</strong></span> <span class='ocrx_word' id='word_1_200' title='bbox 3404 1589 3508 1659; x_wconf 86' lang='lat' dir='ltr'><strong>jam</strong></span> <span class='ocrx_word' id='word_1_201' title='bbox 3533 1588 3658 1642; x_wconf 85' lang='lat' dir='ltr'><strong>deso-</strong></span> 
     </span>
    </p>
   </div>
   <div class='ocr_carea' id='block_1_32' title="bbox 2132 1676 3661 1756">
    <p class='ocr_par' dir='ltr' id='par_1_32' title="bbox 2132 1676 3661 1756">
     <span class='ocr_line' id='line_1_32' title="bbox 2132 1676 3661 1756; baseline -0.006 -18"><span class='ocrx_word' id='word_1_202' title='bbox 2132 1685 2307 1739; x_wconf 87' lang='lat' dir='ltr'><strong>latum</strong></span> <span class='ocrx_word' id='word_1_203' title='bbox 2353 1685 2585 1756; x_wconf 88' lang='lat' dir='ltr'><strong>reperiit</strong></span> <span class='ocrx_word' id='word_1_204' title='bbox 2627 1681 3048 1738; x_wconf 84' lang='lat' dir='ltr'><strong>monasterium.</strong></span> <span class='ocrx_word' id='word_1_205' title='bbox 3088 1681 3263 1750; x_wconf 86' lang='lat' dir='ltr'><strong>Cujus</strong></span> <span class='ocrx_word' id='word_1_206' title='bbox 3292 1678 3488 1732; x_wconf 81' lang='lat' dir='ltr'><strong>scilicet</strong></span> <span class='ocrx_word' id='word_1_207' title='bbox 3508 1676 3661 1730; x_wconf 85' lang='lat' dir='ltr'><strong>beatis-</strong></span> 
     </span>
    </p>
   </div>
   <div class='ocr_carea' id='block_1_33' title="bbox 443 1759 3663 1846">
    <p class='ocr_par' dir='ltr' id='par_1_33' title="bbox 443 1759 3663 1846">
     <span class='ocr_line' id='line_1_33' title="bbox 443 1759 3663 1846; baseline -0.002 -20"><span class='ocrx_word' id='word_1_208' title='bbox 443 1771 800 1842; x_wconf 89' lang='lat' dir='ltr'><strong>episcopatus</strong></span> <span class='ocrx_word' id='word_1_209' title='bbox 851 1788 980 1826; x_wconf 86' lang='lat' dir='ltr'><strong>vero</strong></span> <span class='ocrx_word' id='word_1_210' title='bbox 1039 1772 1186 1831; x_wconf 74' lang='lat' dir='ltr'><strong>xxvr)</strong></span> <span class='ocrx_word' id='word_1_211' title='bbox 1233 1771 1288 1826; x_wconf 89' lang='lat' dir='ltr'><strong>in</strong></span> <span class='ocrx_word' id='word_1_212' title='bbox 1342 1771 1540 1825; x_wconf 86' lang='lat' dir='ltr'><strong>Galliis</strong></span> <span class='ocrx_word' id='word_1_213' title='bbox 1585 1773 1732 1842; x_wconf 88' lang='lat' dir='ltr'><strong>apud</strong></span> <span class='ocrx_word' id='word_1_214' title='bbox 1771 1775 2044 1839; x_wconf 85' lang='lat' dir='ltr'><strong>Turonos,</strong></span> <span class='ocrx_word' id='word_1_215' title='bbox 2071 1759 2257 1829; x_wconf 87' lang='lat' dir='ltr'><strong>Bsimi</strong></span> <span class='ocrx_word' id='word_1_216' title='bbox 2285 1775 2514 1830; x_wconf 67' lang='lat' dir='ltr'><strong>Thomaa</strong></span> <span class='ocrx_word' id='word_1_217' title='bbox 2531 1773 2729 1846; x_wconf 86' lang='lat' dir='ltr'><strong>pretati</strong></span> <span class='ocrx_word' id='word_1_218' title='bbox 2763 1771 2983 1826; x_wconf 86' lang='lat' dir='ltr'><strong>abbatis</strong></span> <span class='ocrx_word' id='word_1_219' title='bbox 3009 1769 3134 1824; x_wconf 72' lang='lat' dir='ltr'><strong>felix</strong></span> <span class='ocrx_word' id='word_1_220' title='bbox 3166 1776 3225 1823; x_wconf 91' lang='lat' dir='ltr'><strong>et</strong></span> <span class='ocrx_word' id='word_1_221' title='bbox 3254 1767 3533 1837; x_wconf 83' lang='lat' dir='ltr'><strong>gloriosum</strong></span> <span class='ocrx_word' id='word_1_222' title='bbox 3558 1774 3663 1820; x_wconf 85' lang='lat' dir='ltr'><strong>tem-</strong></span> 
     </span>
    </p>
   </div>
   <div class='ocr_carea' id='block_1_34' title="bbox 441 1859 2046 1931">
    <p class='ocr_par' dir='ltr' id='par_1_34' title="bbox 441 1859 2046 1931">
     <span class='ocr_line' id='line_1_34' title="bbox 441 1859 2046 1931; baseline 0.002 -17"><span class='ocrx_word' id='word_1_223' title='bbox 441 1859 592 1931; x_wconf 87' lang='lat' dir='ltr'><strong>apud</strong></span> <span class='ocrx_word' id='word_1_224' title='bbox 629 1859 920 1914; x_wconf 81' lang='lat' dir='ltr'><strong>Bethleem</strong></span> <span class='ocrx_word' id='word_1_225' title='bbox 969 1859 1365 1931; x_wconf 84' lang='lat' dir='ltr'><strong>Hieronymus.</strong></span> <span class='ocrx_word' id='word_1_226' title='bbox 1401 1860 1494 1930; x_wconf 90' lang='lat' dir='ltr'><strong>qui</strong></span> <span class='ocrx_word' id='word_1_227' title='bbox 1543 1861 1778 1930; x_wconf 71' lang='lat' dir='ltr'><strong>eXpletis</strong></span> <span class='ocrx_word' id='word_1_228' title='bbox 1819 1877 1908 1916; x_wconf 83' lang='lat' dir='ltr'><strong>XCI</strong></span> <span class='ocrx_word' id='word_1_229' title='bbox 1938 1865 2046 1918; x_wconf 89' lang='lat' dir='ltr'><strong>vite</strong></span> 
     </span>
    </p>
   </div>
   <div class='ocr_carea' id='block_1_35' title="bbox 440 1948 2042 2018">
    <p class='ocr_par' dir='ltr' id='par_1_35' title="bbox 440 1948 2042 2018">
     <span class='ocr_line' id='line_1_35' title="bbox 440 1948 2042 2018; baseline 0.002 -16"><span class='ocrx_word' id='word_1_230' title='bbox 440 1948 622 2006; x_wconf 89' lang='lat' dir='ltr'><strong>annis.</strong></span> <span class='ocrx_word' id='word_1_231' title='bbox 655 1949 724 2002; x_wconf 89' lang='lat' dir='ltr'><strong>ad</strong></span> <span class='ocrx_word' id='word_1_232' title='bbox 751 1949 1038 2004; x_wconf 84' lang='lat' dir='ltr'><strong>Christum</strong></span> <span class='ocrx_word' id='word_1_233' title='bbox 1057 1949 1498 2018; x_wconf 84' lang='lat' dir='ltr'><strong>migravit.velut</strong></span> <span class='ocrx_word' id='word_1_234' title='bbox 1519 1949 1702 2002; x_wconf 86' lang='lat' dir='ltr'><strong>sidera</strong></span> <span class='ocrx_word' id='word_1_235' title='bbox 1727 1951 2042 2008; x_wconf 83' lang='lat' dir='ltr'><strong>radiabant.</strong></span> 
     </span>
    </p>
   </div>
   <div class='ocr_carea' id='block_1_36' title="bbox 440 2037 2046 2108">
    <p class='ocr_par' dir='ltr' id='par_1_36' title="bbox 440 2037 2046 2108">
     <span class='ocr_line' id='line_1_36' title="bbox 440 2037 2046 2108; baseline 0.003 -17"><span class='ocrx_word' id='word_1_236' title='bbox 440 2037 788 2106; x_wconf 83' lang='lat' dir='ltr'><strong>Radagisius</strong></span> <span class='ocrx_word' id='word_1_237' title='bbox 837 2055 931 2092; x_wconf 84' lang='lat' dir='ltr'><strong>rex</strong></span> <span class='ocrx_word' id='word_1_238' title='bbox 981 2038 1314 2092; x_wconf 85' lang='lat' dir='ltr'><strong>Gothorum.</strong></span> <span class='ocrx_word' id='word_1_239' title='bbox 1348 2037 1441 2108; x_wconf 91' lang='lat' dir='ltr'><strong>qui</strong></span> <span class='ocrx_word' id='word_1_240' title='bbox 1489 2039 1692 2092; x_wconf 89' lang='lat' dir='ltr'><strong>virtute</strong></span> <span class='ocrx_word' id='word_1_241' title='bbox 1735 2046 1793 2092; x_wconf 89' lang='lat' dir='ltr'><strong>et</strong></span> <span class='ocrx_word' id='word_1_242' title='bbox 1841 2049 2046 2097; x_wconf 87' lang='lat' dir='ltr'><strong>natura</strong></span> 
     </span>
    </p>
   </div>
   <div class='ocr_carea' id='block_1_37' title="bbox 439 2125 2040 2196">
    <p class='ocr_par' dir='ltr' id='par_1_37' title="bbox 439 2125 2040 2196">
     <span class='ocr_line' id='line_1_37' title="bbox 439 2125 2040 2196; baseline 0.004 -17"><span class='ocrx_word' id='word_1_243' title='bbox 439 2125 716 2180; x_wconf 87' lang='lat' dir='ltr'><strong>barbarus</strong></span> <span class='ocrx_word' id='word_1_244' title='bbox 761 2133 884 2180; x_wconf 88' lang='lat' dir='ltr'><strong>erat</strong></span> <span class='ocrx_word' id='word_1_245' title='bbox 931 2133 989 2181; x_wconf 92' lang='lat' dir='ltr'><strong>et</strong></span> <span class='ocrx_word' id='word_1_246' title='bbox 1036 2127 1243 2196; x_wconf 80' lang='lat' dir='ltr'><strong>Scytha</strong></span> <span class='ocrx_word' id='word_1_247' title='bbox 1313 2127 1522 2180; x_wconf 81' lang='lat' dir='ltr'><strong>habens</strong></span> <span class='ocrx_word' id='word_1_248' title='bbox 1567 2144 1753 2181; x_wconf 89' lang='lat' dir='ltr'><strong>secum</strong></span> <span class='ocrx_word' id='word_1_249' title='bbox 1813 2145 1941 2184; x_wconf 83' lang='lat' dir='ltr'><strong>ccxc</strong></span> <span class='ocrx_word' id='word_1_250' title='bbox 1982 2149 2040 2186; x_wconf 73' lang='grc' dir='ltr'><strong>Μ.</strong></span> 
     </span>
    </p>
   </div>
   <div class='ocr_carea' id='block_1_38' title="bbox 441 2213 2038 2289">
    <p class='ocr_par' dir='ltr' id='par_1_38' title="bbox 441 2213 2038 2289">
     <span class='ocr_line' id='line_1_38' title="bbox 441 2213 2038 2289; baseline 0.003 -21"><span class='ocrx_word' id='word_1_251' title='bbox 441 2213 721 2270; x_wconf 86' lang='lat' dir='ltr'><strong>homines.</strong></span> <span class='ocrx_word' id='word_1_252' title='bbox 757 2217 936 2286; x_wconf 89' lang='lat' dir='ltr'><strong>primo</strong></span> <span class='ocrx_word' id='word_1_253' title='bbox 973 2215 1237 2269; x_wconf 86' lang='lat' dir='ltr'><strong>Hitaliam</strong></span> <span class='ocrx_word' id='word_1_254' title='bbox 1261 2215 1584 2270; x_wconf 87' lang='lat' dir='ltr'><strong>devastavit.</strong></span> <span class='ocrx_word' id='word_1_255' title='bbox 1624 2217 1876 2284; x_wconf 79' lang='lat' dir='ltr'><strong>Itemque</strong></span> <span class='ocrx_word' id='word_1_256' title='bbox 1897 2228 2038 2289; x_wconf 82' lang='lat' dir='ltr'><strong>post.</strong></span> 
     </span>
    </p>
   </div>
   <div class='ocr_carea' id='block_1_39' title="bbox 441 2303 2044 2374">
    <p class='ocr_par' dir='ltr' id='par_1_39' title="bbox 441 2303 2044 2374">
     <span class='ocr_line' id='line_1_39' title="bbox 441 2303 2044 2374; baseline 0.002 -16"><span class='ocrx_word' id='word_1_257' title='bbox 441 2311 716 2374; x_wconf 82' lang='lat' dir='ltr'><strong>regnante</strong></span> <span class='ocrx_word' id='word_1_258' title='bbox 746 2303 920 2358; x_wconf 82' lang='lat' dir='ltr'><strong>fratre</strong></span> <span class='ocrx_word' id='word_1_259' title='bbox 948 2305 1070 2373; x_wconf 87' lang='lat' dir='ltr'><strong>ejus</strong></span> <span class='ocrx_word' id='word_1_260' title='bbox 1105 2305 1367 2360; x_wconf 80' lang='lat' dir='ltr'><strong>Honorio.</strong></span> <span class='ocrx_word' id='word_1_261' title='bbox 1389 2305 1680 2360; x_wconf 85' lang='lat' dir='ltr'><strong>llalaricus</strong></span> <span class='ocrx_word' id='word_1_262' title='bbox 1717 2323 1805 2360; x_wconf 88' lang='lat' dir='ltr'><strong>rex</strong></span> <span class='ocrx_word' id='word_1_263' title='bbox 1837 2308 2044 2362; x_wconf 83' lang='lat' dir='ltr'><strong>Gotho-</strong></span> 
     </span>
    </p>
   </div>
   <div class='ocr_carea' id='block_1_40' title="bbox 441 2393 2042 2464">
    <p class='ocr_par' dir='ltr' id='par_1_40' title="bbox 441 2393 2042 2464">
     <span class='ocr_line' id='line_1_40' title="bbox 441 2393 2042 2464; baseline 0.002 -18"><span class='ocrx_word' id='word_1_264' title='bbox 441 2409 568 2446; x_wconf 87' lang='lat' dir='ltr'><strong>rum</strong></span> <span class='ocrx_word' id='word_1_265' title='bbox 600 2393 834 2447; x_wconf 86' lang='lat' dir='ltr'><strong>Romam</strong></span> <span class='ocrx_word' id='word_1_266' title='bbox 866 2393 1087 2449; x_wconf 82' lang='lat' dir='ltr'><strong>invasit.</strong></span> <span class='ocrx_word' id='word_1_267' title='bbox 1125 2400 1456 2464; x_wconf 84' lang='lat' dir='ltr'><strong>partemque</strong></span> <span class='ocrx_word' id='word_1_268' title='bbox 1501 2395 1624 2463; x_wconf 82' lang='lat' dir='ltr'><strong>ejus</strong></span> <span class='ocrx_word' id='word_1_269' title='bbox 1675 2395 1802 2462; x_wconf 75' lang='lat' dir='ltr'><strong>igne</strong></span> <span class='ocrx_word' id='word_1_270' title='bbox 1833 2413 2042 2450; x_wconf 81' lang='lat' dir='ltr'><strong>crema-</strong></span> 
     </span>
    </p>
   </div>
   <div class='ocr_carea' id='block_1_41' title="bbox 439 2481 2039 2554">
    <p class='ocr_par' dir='ltr' id='par_1_41' title="bbox 439 2481 2039 2554">
     <span class='ocr_line' id='line_1_41' title="bbox 439 2481 2039 2554; baseline 0.004 -20"><span class='ocrx_word' id='word_1_271' title='bbox 439 2481 521 2536; x_wconf 82' lang='lat' dir='ltr'><strong>vit</strong></span> <span class='ocrx_word' id='word_1_272' title='bbox 549 2492 674 2535; x_wconf 82' lang='lat' dir='ltr'><strong>VIII°</strong></span> <span class='ocrx_word' id='word_1_273' title='bbox 705 2482 943 2535; x_wconf 87' lang='lat' dir='ltr'><strong>Kalend.</strong></span> <span class='ocrx_word' id='word_1_274' title='bbox 999 2483 1285 2553; x_wconf 79' lang='lat' dir='ltr'><strong>Septemb.</strong></span> <span class='ocrx_word' id='word_1_275' title='bbox 1337 2499 1484 2536; x_wconf 90' lang='lat' dir='ltr'><strong>anno</strong></span> <span class='ocrx_word' id='word_1_276' title='bbox 1532 2484 1868 2538; x_wconf 90' lang='lat' dir='ltr'><strong>conditionis</strong></span> <span class='ocrx_word' id='word_1_277' title='bbox 1917 2488 2039 2554; x_wconf 87' lang='lat' dir='ltr'><strong>ejus</strong></span> 
     </span>
    </p>
   </div>
   <div class='ocr_carea' id='block_1_42' title="bbox 446 2567 2044 2643">
    <p class='ocr_par' dir='ltr' id='par_1_42' title="bbox 446 2567 2044 2643">
     <span class='ocr_line' id='line_1_42' title="bbox 446 2567 2044 2643; baseline 0.001 -17"><span class='ocrx_word' id='word_1_278' title='bbox 446 2567 580 2626; x_wconf 80' lang='lat' dir='ltr'><strong>1l6&#39;l</strong></span> <span class='ocrx_word' id='word_1_279' title='bbox 609 2588 622 2633; x_wconf 88' lang='lat'><strong>;</strong></span> <span class='ocrx_word' id='word_1_280' title='bbox 654 2585 720 2622; x_wconf 90' lang='lat' dir='ltr'><strong>ac</strong></span> <span class='ocrx_word' id='word_1_281' title='bbox 751 2569 840 2624; x_wconf 90' lang='lat' dir='ltr'><strong>die</strong></span> <span class='ocrx_word' id='word_1_282' title='bbox 868 2575 1025 2624; x_wconf 85' lang='lat' dir='ltr'><strong>sexta</strong></span> <span class='ocrx_word' id='word_1_283' title='bbox 1057 2579 1351 2642; x_wconf 81' lang='lat' dir='ltr'><strong>postquam</strong></span> <span class='ocrx_word' id='word_1_284' title='bbox 1385 2571 1568 2625; x_wconf 84' lang='lat' dir='ltr'><strong>fuerat</strong></span> <span class='ocrx_word' id='word_1_285' title='bbox 1597 2572 1652 2625; x_wconf 89' lang='lat' dir='ltr'><strong>in</strong></span> <span class='ocrx_word' id='word_1_286' title='bbox 1684 2591 1806 2626; x_wconf 86' lang='lat' dir='ltr'><strong>eam</strong></span> <span class='ocrx_word' id='word_1_287' title='bbox 1834 2573 2044 2643; x_wconf 77' lang='lat' dir='ltr'><strong>ingres-</strong></span> 
     </span>
    </p>
   </div>
   <div class='ocr_carea' id='block_1_43' title="bbox 441 2658 2043 2730">
    <p class='ocr_par' dir='ltr' id='par_1_43' title="bbox 441 2658 2043 2730">
     <span class='ocr_line' id='line_1_43' title="bbox 441 2658 2043 2730; baseline 0.003 -18"><span class='ocrx_word' id='word_1_288' title='bbox 441 2675 557 2723; x_wconf 85' lang='lat' dir='ltr'><strong>sus,</strong></span> <span class='ocrx_word' id='word_1_289' title='bbox 601 2658 907 2730; x_wconf 88' lang='lat' dir='ltr'><strong>depredata</strong></span> <span class='ocrx_word' id='word_1_290' title='bbox 939 2659 1074 2713; x_wconf 89' lang='lat' dir='ltr'><strong>urbe</strong></span> <span class='ocrx_word' id='word_1_291' title='bbox 1101 2677 1360 2728; x_wconf 71' lang='lat' dir='ltr'><strong>egressus</strong></span> <span class='ocrx_word' id='word_1_292' title='bbox 1385 2666 1489 2723; x_wconf 86' lang='lat' dir='ltr'><strong>est.</strong></span> <span class='ocrx_word' id='word_1_293' title='bbox 1531 2678 1655 2714; x_wconf 88' lang='lat' dir='ltr'><strong>cum</strong></span> <span class='ocrx_word' id='word_1_294' title='bbox 1691 2660 2043 2718; x_wconf 86' lang='lat' dir='ltr'><strong>Incarnatio-</strong></span> 
     </span>
    </p>
   </div>
   <div class='ocr_carea' id='block_1_44' title="bbox 440 2747 1492 2818">
    <p class='ocr_par' dir='ltr' id='par_1_44' title="bbox 440 2747 1492 2818">
     <span class='ocr_line' id='line_1_44' title="bbox 440 2747 1492 2818; baseline 0 -16"><span class='ocrx_word' id='word_1_295' title='bbox 440 2747 529 2802; x_wconf 86' lang='lat' dir='ltr'><strong>nis</strong></span> <span class='ocrx_word' id='word_1_296' title='bbox 558 2748 845 2802; x_wconf 83' lang='lat' dir='ltr'><strong>Dominice</strong></span> <span class='ocrx_word' id='word_1_297' title='bbox 873 2755 1138 2818; x_wconf 69' lang='lat' dir='ltr'><strong>ageretur</strong></span> <span class='ocrx_word' id='word_1_298' title='bbox 1161 2765 1342 2803; x_wconf 89' lang='lat' dir='ltr'><strong>annus</strong></span> <span class='ocrx_word' id='word_1_299' title='bbox 1375 2748 1492 2804; x_wconf 67' lang='lat' dir='ltr'><strong>illi.</strong></span> 
     </span>
    </p>
   </div>
   <div class='ocr_carea' id='block_1_45' title="bbox 513 2837 2040 2912">
    <p class='ocr_par' dir='ltr' id='par_1_45' title="bbox 513 2837 2040 2912">
     <span class='ocr_line' id='line_1_45' title="bbox 513 2837 2040 2912; baseline 0.002 -20"><span class='ocrx_word' id='word_1_300' title='bbox 513 2838 654 2892; x_wconf 92' lang='lat' dir='ltr'><strong>Tum</strong></span> <span class='ocrx_word' id='word_1_301' title='bbox 689 2837 857 2892; x_wconf 90' lang='lat' dir='ltr'><strong>etiam</strong></span> <span class='ocrx_word' id='word_1_302' title='bbox 900 2839 1046 2906; x_wconf 90' lang='lat' dir='ltr'><strong>apud</strong></span> <span class='ocrx_word' id='word_1_303' title='bbox 1089 2838 1526 2909; x_wconf 66' lang='lat' dir='ltr'><strong>Ypponiregium</strong></span> <span class='ocrx_word' id='word_1_304' title='bbox 1578 2840 2040 2912; x_wconf 76' lang='lat' dir='ltr'><strong>fulgentissimus.</strong></span> 
     </span>
    </p>
   </div>
   <div class='ocr_carea' id='block_1_46' title="bbox 439 2917 2041 3008">
    <p class='ocr_par' dir='ltr' id='par_1_46' title="bbox 439 2917 2041 3008">
     <span class='ocr_line' id='line_1_46' title="bbox 439 2917 2041 3008; baseline 0.003 -28"><span class='ocrx_word' id='word_1_305' title='bbox 439 2927 724 2997; x_wconf 87' lang='lat' dir='ltr'><strong>totiusque</strong></span> <span class='ocrx_word' id='word_1_306' title='bbox 749 2926 982 2980; x_wconf 85' lang='lat' dir='ltr'><strong>ﬂorebat</strong></span> <span class='ocrx_word' id='word_1_307' title='bbox 1016 2927 1284 2995; x_wconf 79' lang='lat' dir='ltr'><strong>magister</strong></span> <span class='ocrx_word' id='word_1_308' title='bbox 1302 2927 1542 2982; x_wconf 82' lang='lat' dir='ltr'><strong>Ecclesie</strong></span> <span class='ocrx_word' id='word_1_309' title='bbox 1581 2930 1912 3008; x_wconf 36' lang='lat' dir='ltr'><strong>\ugustinu’s</strong></span> <span class='ocrx_word' id='word_1_310' title='bbox 1951 2917 2041 3002; x_wconf 83' lang='lat' dir='ltr'><strong>qui</strong></span> 
     </span>
    </p>
   </div>
   <div class='ocr_carea' id='block_1_47' title="bbox 438 3014 2046 3086">
    <p class='ocr_par' dir='ltr' id='par_1_47' title="bbox 438 3014 2046 3086">
     <span class='ocr_line' id='line_1_47' title="bbox 438 3014 2046 3086; baseline 0.004 -20"><span class='ocrx_word' id='word_1_311' title='bbox 438 3014 608 3068; x_wconf 79' lang='lat' dir='ltr'><strong>tertio</strong></span> <span class='ocrx_word' id='word_1_312' title='bbox 657 3015 831 3086; x_wconf 86' lang='lat' dir='ltr'><strong>ipsius</strong></span> <span class='ocrx_word' id='word_1_313' title='bbox 879 3015 1120 3070; x_wconf 80' lang='lat' dir='ltr'><strong>civitatis</strong></span> <span class='ocrx_word' id='word_1_314' title='bbox 1183 3016 1489 3070; x_wconf 81' lang='lat' dir='ltr'><strong>obsidionis</strong></span> <span class='ocrx_word' id='word_1_315' title='bbox 1539 3034 1748 3074; x_wconf 84' lang='lat' dir='ltr'><strong>mense.</strong></span> <span class='ocrx_word' id='word_1_316' title='bbox 1780 3036 1825 3070; x_wconf 87' lang='lat' dir='ltr'><strong>Vl</strong></span> <span class='ocrx_word' id='word_1_317' title='bbox 1859 3028 1915 3072; x_wconf 87' lang='lat' dir='ltr'><strong>et</strong></span> <span class='ocrx_word' id='word_1_318' title='bbox 1943 3035 2046 3073; x_wconf 81' lang='lat' dir='ltr'><strong>Lxx</strong></span> 
     </span>
    </p>
   </div>
   <div class='ocr_carea' id='block_1_48' title="bbox 2128 1861 3662 1936">
    <p class='ocr_par' dir='ltr' id='par_1_48' title="bbox 2128 1861 3662 1936">
     <span class='ocr_line' id='line_1_48' title="bbox 2128 1861 3662 1936; baseline -0.006 -18"><span class='ocrx_word' id='word_1_319' title='bbox 2128 1882 2232 1936; x_wconf 92' lang='lat' dir='ltr'><strong>pus</strong></span> <span class='ocrx_word' id='word_1_320' title='bbox 2261 1882 2362 1918; x_wconf 89' lang='lat' dir='ltr'><strong>nos</strong></span> <span class='ocrx_word' id='word_1_321' title='bbox 2391 1881 2490 1934; x_wconf 91' lang='lat' dir='ltr'><strong>per</strong></span> <span class='ocrx_word' id='word_1_322' title='bbox 2532 1880 2712 1916; x_wconf 86' lang='lat' dir='ltr'><strong>annos</strong></span> <span class='ocrx_word' id='word_1_323' title='bbox 2757 1861 3085 1932; x_wconf 66' lang='lat' dir='ltr'><strong>pontificum</strong></span> <span class='ocrx_word' id='word_1_324' title='bbox 3133 1865 3193 1913; x_wconf 88' lang='lat' dir='ltr'><strong>et</strong></span> <span class='ocrx_word' id='word_1_325' title='bbox 3244 1866 3481 1928; x_wconf 88' lang='lat' dir='ltr'><strong>tempora</strong></span> <span class='ocrx_word' id='word_1_326' title='bbox 3509 1873 3662 1926; x_wconf 85' lang='lat' dir='ltr'><strong>regum</strong></span> 
     </span>
    </p>
   </div>
   <div class='ocr_carea' id='block_1_49' title="bbox 2125 1946 3662 2022">
    <p class='ocr_par' dir='ltr' id='par_1_49' title="bbox 2125 1946 3662 2022">
     <span class='ocr_line' id='line_1_49' title="bbox 2125 1946 3662 2022; baseline -0.006 -15"><span class='ocrx_word' id='word_1_327' title='bbox 2125 1954 2618 2022; x_wconf 82' lang='lat' dir='ltr'><strong>successionesque</strong></span> <span class='ocrx_word' id='word_1_328' title='bbox 2671 1951 2958 2011; x_wconf 85' lang='lat' dir='ltr'><strong>abbatum,</strong></span> <span class='ocrx_word' id='word_1_329' title='bbox 3010 1965 3227 2002; x_wconf 88' lang='lat' dir='ltr'><strong>necnon</strong></span> <span class='ocrx_word' id='word_1_330' title='bbox 3279 1954 3334 2001; x_wconf 89' lang='lat' dir='ltr'><strong>et</strong></span> <span class='ocrx_word' id='word_1_331' title='bbox 3376 1946 3662 2000; x_wconf 83' lang='lat' dir='ltr'><strong>cartularum</strong></span> 
     </span>
    </p>
   </div>
   <div class='ocr_carea' id='block_1_50' title="bbox 2127 2035 3663 2112">
    <p class='ocr_par' dir='ltr' id='par_1_50' title="bbox 2127 2035 3663 2112">
     <span class='ocr_line' id='line_1_50' title="bbox 2127 2035 3663 2112; baseline -0.005 -18"><span class='ocrx_word' id='word_1_332' title='bbox 2127 2042 2567 2112; x_wconf 74' lang='lat' dir='ltr'><strong>subscriptarum</strong></span> <span class='ocrx_word' id='word_1_333' title='bbox 2620 2040 2952 2094; x_wconf 82' lang='lat' dir='ltr'><strong>indictiones</strong></span> <span class='ocrx_word' id='word_1_334' title='bbox 2981 2037 3328 2092; x_wconf 80' lang='lat' dir='ltr'><strong>enucleatius</strong></span> <span class='ocrx_word' id='word_1_335' title='bbox 3355 2043 3408 2090; x_wconf 88' lang='lat' dir='ltr'><strong>et</strong></span> <span class='ocrx_word' id='word_1_336' title='bbox 3435 2035 3663 2104; x_wconf 77' lang='lat' dir='ltr'><strong>perspica-</strong></span> 
     </span>
    </p>
   </div>
   <div class='ocr_carea' id='block_1_51' title="bbox 2125 2122 3666 2198">
    <p class='ocr_par' dir='ltr' id='par_1_51' title="bbox 2125 2122 3666 2198">
     <span class='ocr_line' id='line_1_51' title="bbox 2125 2122 3666 2198; baseline -0.005 -14"><span class='ocrx_word' id='word_1_337' title='bbox 2125 2131 2246 2184; x_wconf 86' lang='lat' dir='ltr'><strong>cius</strong></span> <span class='ocrx_word' id='word_1_338' title='bbox 2275 2131 2620 2198; x_wconf 77' lang='lat' dir='ltr'><strong>colligentes.</strong></span> <span class='ocrx_word' id='word_1_339' title='bbox 2655 2128 2966 2182; x_wconf 79' lang='lat' dir='ltr'><strong>invenimus</strong></span> <span class='ocrx_word' id='word_1_340' title='bbox 2995 2126 3165 2180; x_wconf 85' lang='lat' dir='ltr'><strong>fuisse</strong></span> <span class='ocrx_word' id='word_1_341' title='bbox 3210 2125 3354 2179; x_wconf 89' lang='lat' dir='ltr'><strong>circa</strong></span> <span class='ocrx_word' id='word_1_342' title='bbox 3382 2122 3666 2179; x_wconf 69' lang='lat' dir='ltr'><strong>locat-natio-</strong></span> 
     </span>
    </p>
   </div>
   <div class='ocr_carea' id='block_1_52' title="bbox 2127 2211 3664 2282">
    <p class='ocr_par' dir='ltr' id='par_1_52' title="bbox 2127 2211 3664 2282">
     <span class='ocr_line' id='line_1_52' title="bbox 2127 2211 3664 2282; baseline -0.005 -11"><span class='ocrx_word' id='word_1_343' title='bbox 2127 2219 2212 2271; x_wconf 88' lang='lat' dir='ltr'><strong>nis</strong></span> <span class='ocrx_word' id='word_1_344' title='bbox 2272 2219 2552 2272; x_wconf 90' lang='lat' dir='ltr'><strong>Dominice</strong></span> <span class='ocrx_word' id='word_1_345' title='bbox 2593 2234 2770 2271; x_wconf 85' lang='lat' dir='ltr'><strong>annos</strong></span> <span class='ocrx_word' id='word_1_346' title='bbox 2813 2217 2935 2282; x_wconf 91' lang='lat' dir='ltr'><strong>plus</strong></span> <span class='ocrx_word' id='word_1_347' title='bbox 3003 2215 3190 2268; x_wconf 87' lang='lat' dir='ltr'><strong>minus</strong></span> <span class='ocrx_word' id='word_1_348' title='bbox 3241 2211 3362 2278; x_wconf 79' lang='grc'><strong>680,</strong></span> <span class='ocrx_word' id='word_1_349' title='bbox 3415 2212 3664 2266; x_wconf 74' lang='lat' dir='ltr'><strong>indit-tione</strong></span> 
     </span>
    </p>
   </div>
   <div class='ocr_carea' id='block_1_53' title="bbox 2125 2301 3664 2375">
    <p class='ocr_par' dir='ltr' id='par_1_53' title="bbox 2125 2301 3664 2375">
     <span class='ocr_line' id='line_1_53' title="bbox 2125 2301 3664 2375; baseline -0.005 -15"><span class='ocrx_word' id='word_1_350' title='bbox 2125 2321 2245 2369; x_wconf 88' lang='lat' dir='ltr'><strong>vut.</strong></span> <span class='ocrx_word' id='word_1_351' title='bbox 2281 2314 2449 2375; x_wconf 74' lang='lat' dir='ltr'><strong>atque</strong></span> <span class='ocrx_word' id='word_1_352' title='bbox 2479 2306 2688 2360; x_wconf 87' lang='lat' dir='ltr'><strong>domini</strong></span> <span class='ocrx_word' id='word_1_353' title='bbox 2728 2303 2998 2358; x_wconf 79' lang='lat' dir='ltr'><strong>Adeodati</strong></span> <span class='ocrx_word' id='word_1_354' title='bbox 3032 2303 3310 2374; x_wconf 83' lang='lat' dir='ltr'><strong>pontiﬁcis</strong></span> <span class='ocrx_word' id='word_1_355' title='bbox 3335 2301 3520 2354; x_wconf 87' lang='lat' dir='ltr'><strong>summi</strong></span> <span class='ocrx_word' id='word_1_356' title='bbox 3549 2316 3664 2352; x_wconf 87' lang='lat' dir='ltr'><strong>anno</strong></span> 
     </span>
    </p>
   </div>
   <div class='ocr_carea' id='block_1_54' title="bbox 2124 2387 3664 2461">
    <p class='ocr_par' dir='ltr' id='par_1_54' title="bbox 2124 2387 3664 2461">
     <span class='ocr_line' id='line_1_54' title="bbox 2124 2387 3664 2461; baseline -0.005 -11"><span class='ocrx_word' id='word_1_357' title='bbox 2124 2411 2196 2458; x_wconf 79' lang='lat' dir='ltr'><strong>tv.</strong></span> <span class='ocrx_word' id='word_1_358' title='bbox 2229 2405 2283 2448; x_wconf 86' lang='lat' dir='ltr'><strong>et</strong></span> <span class='ocrx_word' id='word_1_359' title='bbox 2311 2395 2662 2449; x_wconf 81' lang='lat' dir='ltr'><strong>Constantini</strong></span> <span class='ocrx_word' id='word_1_360' title='bbox 2707 2402 2764 2450; x_wconf 89' lang='lat' dir='ltr'><strong>et</strong></span> <span class='ocrx_word' id='word_1_361' title='bbox 2818 2393 3105 2446; x_wconf 80' lang='lat' dir='ltr'><strong>Iustiniani</strong></span> <span class='ocrx_word' id='word_1_362' title='bbox 3143 2407 3211 2444; x_wconf 84' lang='lat' dir='ltr'><strong>ac</strong></span> <span class='ocrx_word' id='word_1_363' title='bbox 3236 2391 3449 2461; x_wconf 67' lang='lat' dir='ltr'><strong>Tyherii</strong></span> <span class='ocrx_word' id='word_1_364' title='bbox 3473 2387 3664 2459; x_wconf 69' lang='lat' dir='ltr'><strong>Augusti</strong></span> 
     </span>
    </p>
   </div>
   <div class='ocr_carea' id='block_1_55' title="bbox 2125 2479 3664 2555">
    <p class='ocr_par' dir='ltr' id='par_1_55' title="bbox 2125 2479 3664 2555">
     <span class='ocr_line' id='line_1_55' title="bbox 2125 2479 3664 2555; baseline -0.006 -17"><span class='ocrx_word' id='word_1_365' title='bbox 2125 2485 2218 2555; x_wconf 90' lang='lat' dir='ltr'><strong>qui</strong></span> <span class='ocrx_word' id='word_1_366' title='bbox 2248 2485 2502 2538; x_wconf 79' lang='lat' dir='ltr'><strong>TiberiUs</strong></span> <span class='ocrx_word' id='word_1_367' title='bbox 2529 2485 2925 2551; x_wconf 82' lang='lat' dir='ltr'><strong>imperatorem</strong></span> <span class='ocrx_word' id='word_1_368' title='bbox 2958 2483 3220 2541; x_wconf 84' lang='lat' dir='ltr'><strong>Leonem.</strong></span> <span class='ocrx_word' id='word_1_369' title='bbox 3238 2479 3664 2550; x_wconf 82' lang='lat' dir='ltr'><strong>quiJustinianum</strong></span> 
     </span>
    </p>
   </div>
   <div class='ocr_carea' id='block_1_56' title="bbox 2124 2566 3665 2644">
    <p class='ocr_par' dir='ltr' id='par_1_56' title="bbox 2124 2566 3665 2644">
     <span class='ocr_line' id='line_1_56' title="bbox 2124 2566 3665 2644; baseline -0.016 0"><span class='ocrx_word' id='word_1_370' title='bbox 2124 2578 2436 2642; x_wconf 54' lang='grc' dir='ltr'><strong>Αυὲξυδῖυιη</strong></span> <span class='ocrx_word' id='word_1_371' title='bbox 2487 2573 2815 2644; x_wconf 78' lang='lat' dir='ltr'><strong>pl&#39;njecerat.</strong></span> <span class='ocrx_word' id='word_1_372' title='bbox 2871 2571 3034 2640; x_wconf 82' lang='lat' dir='ltr'><strong>Cepit.</strong></span> <span class='ocrx_word' id='word_1_373' title='bbox 3084 2578 3140 2622; x_wconf 89' lang='lat' dir='ltr'><strong>et</strong></span> <span class='ocrx_word' id='word_1_374' title='bbox 3188 2587 3316 2622; x_wconf 90' lang='lat' dir='ltr'><strong>eum</strong></span> <span class='ocrx_word' id='word_1_375' title='bbox 3361 2569 3589 2638; x_wconf 82' lang='lat' dir='ltr'><strong>deinceps</strong></span> <span class='ocrx_word' id='word_1_376' title='bbox 3622 2566 3665 2620; x_wconf 91' lang='lat' dir='ltr'><strong>in</strong></span> 
     </span>
    </p>
   </div>
   <div class='ocr_carea' id='block_1_57' title="bbox 2123 2656 3666 2730">
    <p class='ocr_par' dir='ltr' id='par_1_57' title="bbox 2123 2656 3666 2730">
     <span class='ocr_line' id='line_1_57' title="bbox 2123 2656 3666 2730; baseline -0.006 -13"><span class='ocrx_word' id='word_1_377' title='bbox 2123 2663 2374 2717; x_wconf 70' lang='lat' dir='ltr'><strong>custodia</strong></span> <span class='ocrx_word' id='word_1_378' title='bbox 2407 2664 2608 2716; x_wconf 84' lang='lat' dir='ltr'><strong>tenuit.</strong></span> <span class='ocrx_word' id='word_1_379' title='bbox 2659 2662 2895 2730; x_wconf 68' lang='lat' dir='ltr'><strong>ejusque</strong></span> <span class='ocrx_word' id='word_1_380' title='bbox 2947 2675 3179 2728; x_wconf 88' lang='lat' dir='ltr'><strong>regnum</strong></span> <span class='ocrx_word' id='word_1_381' title='bbox 3230 2657 3439 2711; x_wconf 76' lang='lat' dir='ltr'><strong>invasit.</strong></span> <span class='ocrx_word' id='word_1_382' title='bbox 3470 2656 3560 2709; x_wconf 84' lang='lat' dir='ltr'><strong>Sed</strong></span> <span class='ocrx_word' id='word_1_383' title='bbox 3593 2671 3666 2708; x_wconf 87' lang='lat' dir='ltr'><strong>eos</strong></span> 
     </span>
    </p>
   </div>
   <div class='ocr_carea' id='block_1_58' title="bbox 2126 2744 3668 2820">
    <p class='ocr_par' dir='ltr' id='par_1_58' title="bbox 2126 2744 3668 2820">
     <span class='ocr_line' id='line_1_58' title="bbox 2126 2744 3668 2820; baseline -0.004 -18"><span class='ocrx_word' id='word_1_384' title='bbox 2126 2749 2479 2820; x_wconf 81' lang='lat' dir='ltr'><strong>po.-tmodum</strong></span> <span class='ocrx_word' id='word_1_385' title='bbox 2511 2749 2717 2802; x_wconf 81' lang='lat' dir='ltr'><strong>.lustini</strong></span> <span class='ocrx_word' id='word_1_386' title='bbox 2742 2766 2864 2802; x_wconf 57' lang='lat' dir='ltr'><strong>unus</strong></span> <span class='ocrx_word' id='word_1_387' title='bbox 2905 2749 3193 2818; x_wconf 83' lang='lat' dir='ltr'><strong>Augustus</strong></span> <span class='ocrx_word' id='word_1_388' title='bbox 3221 2745 3460 2818; x_wconf 74' lang='lat' dir='ltr'><strong>jugulati</strong></span> <span class='ocrx_word' id='word_1_389' title='bbox 3487 2744 3597 2798; x_wconf 87' lang='lat' dir='ltr'><strong>fecit</strong></span> <span class='ocrx_word' id='word_1_390' title='bbox 3623 2750 3668 2796; x_wconf 90' lang='lat' dir='ltr'><strong>et</strong></span> 
     </span>
    </p>
   </div>
   <div class='ocr_carea' id='block_1_59' title="bbox 2127 2838 2752 2909">
    <p class='ocr_par' dir='ltr' id='par_1_59' title="bbox 2127 2838 2752 2909">
     <span class='ocr_line' id='line_1_59' title="bbox 2127 2838 2752 2909; baseline -0.002 -18"><span class='ocrx_word' id='word_1_391' title='bbox 2127 2839 2501 2909; x_wconf 87' lang='lat' dir='ltr'><strong>principatum</strong></span> <span class='ocrx_word' id='word_1_392' title='bbox 2529 2855 2648 2892; x_wconf 88' lang='lat' dir='ltr'><strong>rcce</strong></span> <span class='ocrx_word' id='word_1_393' title='bbox 2655 2838 2752 2908; x_wconf 89' lang='lat' dir='ltr'><strong>pit.</strong></span> 
     </span>
    </p>
   </div>
   <div class='ocr_carea' id='block_1_60' title="bbox 2203 2927 2706 2996">
    <p class='ocr_par' dir='ltr' id='par_1_60' title="bbox 2203 2927 2706 2996">
     <span class='ocr_line' id='line_1_60' title="bbox 2203 2927 2706 2996; baseline -0.004 -16"><span class='ocrx_word' id='word_1_394' title='bbox 2203 2927 2403 2990; x_wconf 83' lang='lat' dir='ltr'><strong>Incipit</strong></span> <span class='ocrx_word' id='word_1_395' title='bbox 2434 2927 2706 2996; x_wconf 64' lang='lat' dir='ltr'><strong>praefat-io.</strong></span> 
     </span>
    </p>
   </div>
   <div class='ocr_carea' id='block_1_61' title="bbox 2199 3011 3671 3086">
    <p class='ocr_par' dir='ltr' id='par_1_61' title="bbox 2199 3011 3671 3086">
     <span class='ocr_line' id='line_1_61' title="bbox 2199 3011 3671 3086; baseline -0.004 -16"><span class='ocrx_word' id='word_1_396' title='bbox 2199 3017 2258 3070; x_wconf 90' lang='lat' dir='ltr'><strong>In</strong></span> <span class='ocrx_word' id='word_1_397' title='bbox 2292 3017 2414 3086; x_wconf 82' lang='lat' dir='ltr'><strong>lege</strong></span> <span class='ocrx_word' id='word_1_398' title='bbox 2438 3017 2604 3070; x_wconf 81' lang='lat' dir='ltr'><strong>veteri</strong></span> <span class='ocrx_word' id='word_1_399' title='bbox 2623 3015 2856 3086; x_wconf 87' lang='lat' dir='ltr'><strong>jubetur</strong></span> <span class='ocrx_word' id='word_1_400' title='bbox 2873 3021 2937 3068; x_wconf 89' lang='lat' dir='ltr'><strong>ut</strong></span> <span class='ocrx_word' id='word_1_401' title='bbox 2963 3031 3126 3068; x_wconf 89' lang='lat' dir='ltr'><strong>nemo</strong></span> <span class='ocrx_word' id='word_1_402' title='bbox 3155 3014 3368 3068; x_wconf 85' lang='lat' dir='ltr'><strong>sterilis</strong></span> <span class='ocrx_word' id='word_1_403' title='bbox 3387 3018 3440 3066; x_wconf 88' lang='lat' dir='ltr'><strong>et</strong></span> <span class='ocrx_word' id='word_1_404' title='bbox 3465 3012 3513 3066; x_wconf 87' lang='lat' dir='ltr'><strong>in</strong></span> <span class='ocrx_word' id='word_1_405' title='bbox 3531 3011 3671 3066; x_wconf 82' lang='lat' dir='ltr'><strong>Israel</strong></span> 
     </span>
    </p>
   </div>
   <div class='ocr_carea' id='block_1_62' title="bbox 440 3101 3672 3177">
    <p class='ocr_par' dir='ltr' id='par_1_62' title="bbox 440 3101 3672 3177">
     <span class='ocr_line' id='line_1_62' title="bbox 440 3101 3672 3177; baseline -0.001 -21"><span class='ocrx_word' id='word_1_406' title='bbox 440 3102 566 3157; x_wconf 70' lang='lat' dir='ltr'><strong>vita:</strong></span> <span class='ocrx_word' id='word_1_407' title='bbox 586 3119 751 3160; x_wconf 87' lang='lat' dir='ltr'><strong>anno.</strong></span> <span class='ocrx_word' id='word_1_408' title='bbox 780 3104 837 3158; x_wconf 90' lang='lat' dir='ltr'><strong>in</strong></span> <span class='ocrx_word' id='word_1_409' title='bbox 867 3105 1092 3158; x_wconf 88' lang='lat' dir='ltr'><strong>Christo</strong></span> <span class='ocrx_word' id='word_1_410' title='bbox 1122 3103 1350 3175; x_wconf 87' lang='lat' dir='ltr'><strong>quievit.</strong></span> <span class='ocrx_word' id='word_1_411' title='bbox 1390 3106 1598 3159; x_wconf 90' lang='lat' dir='ltr'><strong>Deinde</strong></span> <span class='ocrx_word' id='word_1_412' title='bbox 1622 3115 1824 3172; x_wconf 72' lang='lat' dir='ltr'><strong>agente</strong></span> <span class='ocrx_word' id='word_1_413' title='bbox 1857 3115 2104 3177; x_wconf 76' lang='lat' dir='ltr'><strong>prosu-C</strong></span> <span class='ocrx_word' id='word_1_414' title='bbox 2128 3121 2316 3158; x_wconf 89' lang='lat' dir='ltr'><strong>semen</strong></span> <span class='ocrx_word' id='word_1_415' title='bbox 2352 3121 2458 3158; x_wconf 91' lang='lat' dir='ltr'><strong>non</strong></span> <span class='ocrx_word' id='word_1_416' title='bbox 2507 3105 2830 3174; x_wconf 88' lang='lat' dir='ltr'><strong>relinquens</strong></span> <span class='ocrx_word' id='word_1_417' title='bbox 2872 3103 3221 3165; x_wconf 77' lang='lat' dir='ltr'><strong>inveniatur.</strong></span> <span class='ocrx_word' id='word_1_418' title='bbox 3271 3119 3340 3158; x_wconf 88' lang='lat' dir='ltr'><strong>ne</strong></span> <span class='ocrx_word' id='word_1_419' title='bbox 3377 3119 3504 3174; x_wconf 83' lang='lat' dir='ltr'><strong>pane</strong></span> <span class='ocrx_word' id='word_1_420' title='bbox 3531 3101 3672 3154; x_wconf 90' lang='lat' dir='ltr'><strong>male-</strong></span> 
     </span>
    </p>
   </div>
   <div class='ocr_carea' id='block_1_63' title="bbox 439 3192 2038 3256">
    <p class='ocr_par' dir='ltr' id='par_1_63' title="bbox 439 3192 2038 3256">
     <span class='ocr_line' id='line_1_63' title="bbox 439 3192 2038 3256; baseline 0.003 -10"><span class='ocrx_word' id='word_1_421' title='bbox 439 3192 618 3246; x_wconf 90' lang='lat' dir='ltr'><strong>latum</strong></span> <span class='ocrx_word' id='word_1_422' title='bbox 651 3209 882 3248; x_wconf 89' lang='lat' dir='ltr'><strong>romane</strong></span> <span class='ocrx_word' id='word_1_423' title='bbox 909 3193 1142 3248; x_wconf 83' lang='lat' dir='ltr'><strong>ecclesie</strong></span> <span class='ocrx_word' id='word_1_424' title='bbox 1188 3195 1389 3250; x_wconf 87' lang='lat' dir='ltr'><strong>Leone.</strong></span> <span class='ocrx_word' id='word_1_425' title='bbox 1435 3210 1466 3246; x_wconf 89' lang='lat' dir='ltr'><strong>a</strong></span> <span class='ocrx_word' id='word_1_426' title='bbox 1515 3194 1836 3256; x_wconf 28' lang='lat' dir='ltr'><strong>Genserit-o.</strong></span> <span class='ocrx_word' id='word_1_427' title='bbox 1863 3197 2038 3250; x_wconf 84' lang='lat' dir='ltr'><strong>Roma</strong></span> 
     </span>
    </p>
   </div>
   <div class='ocr_carea' id='block_1_64' title="bbox 441 3282 2046 3354">
    <p class='ocr_par' dir='ltr' id='par_1_64' title="bbox 441 3282 2046 3354">
     <span class='ocr_line' id='line_1_64' title="bbox 441 3282 2046 3354; baseline 0.003 -19"><span class='ocrx_word' id='word_1_428' title='bbox 441 3288 607 3353; x_wconf 84' lang='lat' dir='ltr'><strong>capta</strong></span> <span class='ocrx_word' id='word_1_429' title='bbox 637 3289 742 3346; x_wconf 83' lang='lat' dir='ltr'><strong>est.</strong></span> <span class='ocrx_word' id='word_1_430' title='bbox 763 3289 1057 3354; x_wconf 88' lang='lat' dir='ltr'><strong>postquam</strong></span> <span class='ocrx_word' id='word_1_431' title='bbox 1092 3282 1272 3354; x_wconf 92' lang='lat' dir='ltr'><strong>primo</strong></span> <span class='ocrx_word' id='word_1_432' title='bbox 1291 3299 1413 3336; x_wconf 90' lang='lat' dir='ltr'><strong>eam</strong></span> <span class='ocrx_word' id='word_1_433' title='bbox 1441 3283 1732 3337; x_wconf 85' lang='lat' dir='ltr'><strong>Halaricus</strong></span> <span class='ocrx_word' id='word_1_434' title='bbox 1766 3284 2046 3340; x_wconf 80' lang='lat' dir='ltr'><strong>invaserat</strong></span> 
     </span>
    </p>
   </div>
   <div class='ocr_carea' id='block_1_65' title="bbox 442 3371 2044 3442">
    <p class='ocr_par' dir='ltr' id='par_1_65' title="bbox 442 3371 2044 3442">
     <span class='ocr_line' id='line_1_65' title="bbox 442 3371 2044 3442; baseline 0.002 -18"><span class='ocrx_word' id='word_1_435' title='bbox 442 3371 690 3425; x_wconf 89' lang='lat' dir='ltr'><strong>secunda</strong></span> <span class='ocrx_word' id='word_1_436' title='bbox 728 3371 846 3440; x_wconf 87' lang='lat' dir='ltr'><strong>jam</strong></span> <span class='ocrx_word' id='word_1_437' title='bbox 897 3371 1033 3434; x_wconf 89' lang='lat' dir='ltr'><strong>vice.</strong></span> <span class='ocrx_word' id='word_1_438' title='bbox 1084 3371 1317 3442; x_wconf 82' lang='lat' dir='ltr'><strong>expletis</strong></span> <span class='ocrx_word' id='word_1_439' title='bbox 1363 3371 1434 3424; x_wconf 86' lang='lat' dir='ltr'><strong>ab</strong></span> <span class='ocrx_word' id='word_1_440' title='bbox 1483 3387 1548 3425; x_wconf 92' lang='lat' dir='ltr'><strong>eo</strong></span> <span class='ocrx_word' id='word_1_441' title='bbox 1591 3378 1843 3442; x_wconf 89' lang='lat' dir='ltr'><strong>tempore</strong></span> <span class='ocrx_word' id='word_1_442' title='bbox 1880 3375 2044 3428; x_wconf 86' lang='lat' dir='ltr'><strong>annis</strong></span> 
     </span>
    </p>
   </div>
   <div class='ocr_carea' id='block_1_66' title="bbox 441 3459 2042 3530">
    <p class='ocr_par' dir='ltr' id='par_1_66' title="bbox 441 3459 2042 3530">
     <span class='ocr_line' id='line_1_66' title="bbox 441 3459 2042 3530; baseline 0.002 -18"><span class='ocrx_word' id='word_1_443' title='bbox 441 3473 588 3518; x_wconf 69' lang='grc' dir='ltr'><strong>κων.</strong></span> <span class='ocrx_word' id='word_1_444' title='bbox 614 3475 648 3512; x_wconf 86' lang='lat' dir='ltr'><strong>a</strong></span> <span class='ocrx_word' id='word_1_445' title='bbox 675 3459 992 3513; x_wconf 85' lang='lat' dir='ltr'><strong>conditione</strong></span> <span class='ocrx_word' id='word_1_446' title='bbox 1029 3475 1131 3513; x_wconf 85' lang='lat' dir='ltr'><strong>sua</strong></span> <span class='ocrx_word' id='word_1_447' title='bbox 1160 3473 1272 3513; x_wconf 77' lang='lat' dir='ltr'><strong>MCC</strong></span> <span class='ocrx_word' id='word_1_448' title='bbox 1301 3466 1470 3530; x_wconf 76' lang='lat' dir='ltr'><strong>atque</strong></span> <span class='ocrx_word' id='word_1_449' title='bbox 1501 3475 1613 3520; x_wconf 87' lang='lat' dir='ltr'><strong>vnt.</strong></span> <span class='ocrx_word' id='word_1_450' title='bbox 1661 3467 1717 3514; x_wconf 90' lang='lat' dir='ltr'><strong>et</strong></span> <span class='ocrx_word' id='word_1_451' title='bbox 1753 3461 1822 3514; x_wconf 88' lang='lat' dir='ltr'><strong>ab</strong></span> <span class='ocrx_word' id='word_1_452' title='bbox 1858 3463 2042 3516; x_wconf 84' lang='lat' dir='ltr'><strong>incar-</strong></span> 
     </span>
    </p>
   </div>
   <div class='ocr_carea' id='block_1_67' title="bbox 442 3547 2044 3620">
    <p class='ocr_par' dir='ltr' id='par_1_67' title="bbox 442 3547 2044 3620">
     <span class='ocr_line' id='line_1_67' title="bbox 442 3547 2044 3620; baseline 0.002 -19"><span class='ocrx_word' id='word_1_453' title='bbox 442 3547 673 3601; x_wconf 81' lang='lat' dir='ltr'><strong>natione</strong></span> <span class='ocrx_word' id='word_1_454' title='bbox 705 3547 911 3600; x_wconf 59' lang='lat' dir='ltr'><strong>t‘hristi</strong></span> <span class='ocrx_word' id='word_1_455' title='bbox 949 3562 1208 3602; x_wconf 76' lang='lat' dir='ltr'><strong>CCCCLVII.</strong></span> <span class='ocrx_word' id='word_1_456' title='bbox 1245 3548 1371 3602; x_wconf 86' lang='lat' dir='ltr'><strong>Post</strong></span> <span class='ocrx_word' id='word_1_457' title='bbox 1391 3549 1492 3602; x_wconf 88' lang='lat' dir='ltr'><strong>hcc</strong></span> <span class='ocrx_word' id='word_1_458' title='bbox 1524 3565 1672 3613; x_wconf 81' lang='lat' dir='ltr'><strong>vero,</strong></span> <span class='ocrx_word' id='word_1_459' title='bbox 1695 3551 2044 3620; x_wconf 81' lang='lat' dir='ltr'><strong>temporibus</strong></span> 
     </span>
    </p>
   </div>
   <div class='ocr_carea' id='block_1_68' title="bbox 442 3635 2043 3706">
    <p class='ocr_par' dir='ltr' id='par_1_68' title="bbox 442 3635 2043 3706">
     <span class='ocr_line' id='line_1_68' title="bbox 442 3635 2043 3706; baseline 0.004 -16"><span class='ocrx_word' id='word_1_460' title='bbox 442 3635 669 3706; x_wconf 81' lang='lat' dir='ltr'><strong>Agapiti</strong></span> <span class='ocrx_word' id='word_1_461' title='bbox 717 3651 878 3705; x_wconf 89' lang='lat' dir='ltr'><strong>pape,</strong></span> <span class='ocrx_word' id='word_1_462' title='bbox 934 3652 1080 3689; x_wconf 91' lang='lat' dir='ltr'><strong>anno</strong></span> <span class='ocrx_word' id='word_1_463' title='bbox 1137 3637 1422 3690; x_wconf 80' lang='lat' dir='ltr'><strong>Dominice</strong></span> <span class='ocrx_word' id='word_1_464' title='bbox 1479 3636 1890 3692; x_wconf 82' lang='lat' dir='ltr'><strong>Incarnationis</strong></span> <span class='ocrx_word' id='word_1_465' title='bbox 1940 3639 2043 3696; x_wconf 76' lang='lat'><strong>539</strong></span> 
     </span>
    </p>
   </div>
   <div class='ocr_carea' id='block_1_69' title="bbox 445 3723 2044 3798">
    <p class='ocr_par' dir='ltr' id='par_1_69' title="bbox 445 3723 2044 3798">
     <span class='ocr_line' id='line_1_69' title="bbox 445 3723 2044 3798; baseline 0.004 -22"><span class='ocrx_word' id='word_1_466' title='bbox 445 3723 613 3777; x_wconf 89' lang='lat' dir='ltr'><strong>Gothi</strong></span> <span class='ocrx_word' id='word_1_467' title='bbox 643 3724 836 3778; x_wconf 90' lang='lat' dir='ltr'><strong>urbem</strong></span> <span class='ocrx_word' id='word_1_468' title='bbox 857 3725 1160 3794; x_wconf 78' lang='lat' dir='ltr'><strong>possident.</strong></span> <span class='ocrx_word' id='word_1_469' title='bbox 1182 3726 1437 3780; x_wconf 82' lang='lat' dir='ltr'><strong>universa</strong></span> <span class='ocrx_word' id='word_1_470' title='bbox 1464 3745 1562 3798; x_wconf 87' lang='lat' dir='ltr'><strong>per</strong></span> <span class='ocrx_word' id='word_1_471' title='bbox 1589 3729 1880 3782; x_wconf 82' lang='lat' dir='ltr'><strong>circuitum</strong></span> <span class='ocrx_word' id='word_1_472' title='bbox 1899 3731 2044 3783; x_wconf 86' lang='lat' dir='ltr'><strong>dire-</strong></span> 
     </span>
    </p>
   </div>
   <div class='ocr_carea' id='block_1_70' title="bbox 446 3811 2042 3887">
    <p class='ocr_par' dir='ltr' id='par_1_70' title="bbox 446 3811 2042 3887">
     <span class='ocr_line' id='line_1_70' title="bbox 446 3811 2042 3887; baseline 0.004 -21"><span class='ocrx_word' id='word_1_473' title='bbox 446 3811 731 3882; x_wconf 89' lang='lat' dir='ltr'><strong>ptionibus</strong></span> <span class='ocrx_word' id='word_1_474' title='bbox 777 3820 834 3867; x_wconf 92' lang='lat' dir='ltr'><strong>et</strong></span> <span class='ocrx_word' id='word_1_475' title='bbox 871 3812 1145 3867; x_wconf 78' lang='lat' dir='ltr'><strong>incendiis</strong></span> <span class='ocrx_word' id='word_1_476' title='bbox 1183 3814 1506 3877; x_wconf 89' lang='lat' dir='ltr'><strong>absumunt.</strong></span> <span class='ocrx_word' id='word_1_477' title='bbox 1543 3817 1744 3887; x_wconf 83' lang='lat' dir='ltr'><strong>quibus</strong></span> <span class='ocrx_word' id='word_1_478' title='bbox 1775 3817 2042 3885; x_wconf 68' lang='lat' dir='ltr'><strong>Guittigis</strong></span> 
     </span>
    </p>
   </div>
   <div class='ocr_carea' id='block_1_71' title="bbox 443 3901 2040 3973">
    <p class='ocr_par' dir='ltr' id='par_1_71' title="bbox 443 3901 2040 3973">
     <span class='ocr_line' id='line_1_71' title="bbox 443 3901 2040 3973; baseline 0.004 -19"><span class='ocrx_word' id='word_1_479' title='bbox 443 3901 733 3972; x_wconf 79' lang='lat' dir='ltr'><strong>regnabat.</strong></span> <span class='ocrx_word' id='word_1_480' title='bbox 773 3901 894 3966; x_wconf 86' lang='lat' dir='ltr'><strong>Quo</strong></span> <span class='ocrx_word' id='word_1_481' title='bbox 921 3909 1171 3973; x_wconf 87' lang='lat' dir='ltr'><strong>tempore</strong></span> <span class='ocrx_word' id='word_1_482' title='bbox 1199 3903 1254 3957; x_wconf 91' lang='lat' dir='ltr'><strong>in</strong></span> <span class='ocrx_word' id='word_1_483' title='bbox 1287 3904 1515 3958; x_wconf 78' lang='lat' dir='ltr'><strong>Oriente</strong></span> <span class='ocrx_word' id='word_1_484' title='bbox 1539 3906 1890 3960; x_wconf 81' lang='lat' dir='ltr'><strong>Justinianus</strong></span> <span class='ocrx_word' id='word_1_485' title='bbox 1933 3907 2040 3961; x_wconf 89' lang='lat' dir='ltr'><strong>im-</strong></span> 
     </span>
    </p>
   </div>
   <div class='ocr_carea' id='block_1_72' title="bbox 443 3979 2044 4063">
    <p class='ocr_par' dir='ltr' id='par_1_72' title="bbox 443 3979 2044 4063">
     <span class='ocr_line' id='line_1_72' title="bbox 443 3979 2044 4063; baseline 0.004 -20"><span class='ocrx_word' id='word_1_486' title='bbox 443 3989 698 4062; x_wconf 86' lang='lat' dir='ltr'><strong>perabat.</strong></span> <span class='ocrx_word' id='word_1_487' title='bbox 733 3991 1004 4063; x_wconf 84' lang='lat' dir='ltr'><strong>Denique.</strong></span> <span class='ocrx_word' id='word_1_488' title='bbox 1021 4009 1120 4045; x_wconf 89' lang='lat' dir='ltr'><strong>can</strong></span> <span class='ocrx_word' id='word_1_489' title='bbox 1131 4001 1222 4062; x_wconf 87' lang='lat' dir='ltr'><strong>pto</strong></span> <span class='ocrx_word' id='word_1_490' title='bbox 1239 3992 1508 4062; x_wconf 84' lang='lat' dir='ltr'><strong>Guittige.</strong></span> <span class='ocrx_word' id='word_1_491' title='bbox 1533 3995 1699 4048; x_wconf 89' lang='lat' dir='ltr'><strong>Gothi</strong></span> <span class='ocrx_word' id='word_1_492' title='bbox 1718 3979 2044 4050; x_wconf 83' lang='lat' dir='ltr'><strong>llildebran-</strong></span> 
     </span>
    </p>
   </div>
   <div class='ocr_carea' id='block_1_73' title="bbox 444 4080 2044 4155">
    <p class='ocr_par' dir='ltr' id='par_1_73' title="bbox 444 4080 2044 4155">
     <span class='ocr_line' id='line_1_73' title="bbox 444 4080 2044 4155; baseline 0.003 -21"><span class='ocrx_word' id='word_1_493' title='bbox 444 4080 577 4134; x_wconf 89' lang='lat' dir='ltr'><strong>dum</strong></span> <span class='ocrx_word' id='word_1_494' title='bbox 593 4081 941 4135; x_wconf 91' lang='lat' dir='ltr'><strong>constituunt</strong></span> <span class='ocrx_word' id='word_1_495' title='bbox 956 4081 1264 4152; x_wconf 85' lang='lat' dir='ltr'><strong>regem.qui</strong></span> <span class='ocrx_word' id='word_1_496' title='bbox 1280 4082 1446 4136; x_wconf 87' lang='lat' dir='ltr'><strong>etiam</strong></span> <span class='ocrx_word' id='word_1_497' title='bbox 1461 4083 1653 4136; x_wconf 88' lang='lat' dir='ltr'><strong>eodem</strong></span> <span class='ocrx_word' id='word_1_498' title='bbox 1668 4101 1812 4137; x_wconf 87' lang='lat' dir='ltr'><strong>anno</strong></span> <span class='ocrx_word' id='word_1_499' title='bbox 1828 4085 2044 4155; x_wconf 89' lang='lat' dir='ltr'><strong>perimi-</strong></span> 
     </span>
    </p>
   </div>
   <div class='ocr_carea' id='block_1_74' title="bbox 442 4171 2044 4241">
    <p class='ocr_par' dir='ltr' id='par_1_74' title="bbox 442 4171 2044 4241">
     <span class='ocr_line' id='line_1_74' title="bbox 442 4171 2044 4241; baseline 0.004 -19"><span class='ocrx_word' id='word_1_500' title='bbox 442 4173 540 4223; x_wconf 87' lang='lat' dir='ltr'><strong>tur</strong></span> <span class='ocrx_word' id='word_1_501' title='bbox 559 4175 640 4234; x_wconf 89' lang='lat' dir='ltr'><strong>;et</strong></span> <span class='ocrx_word' id='word_1_502' title='bbox 655 4186 888 4240; x_wconf 83' lang='lat' dir='ltr'><strong>regnum</strong></span> <span class='ocrx_word' id='word_1_503' title='bbox 912 4171 1121 4239; x_wconf 87' lang='lat' dir='ltr'><strong>accepit</strong></span> <span class='ocrx_word' id='word_1_504' title='bbox 1149 4171 1393 4228; x_wconf 84' lang='lat' dir='ltr'><strong>Erarius.</strong></span> <span class='ocrx_word' id='word_1_505' title='bbox 1421 4172 1513 4241; x_wconf 81' lang='lat' dir='ltr'><strong>qui</strong></span> <span class='ocrx_word' id='word_1_506' title='bbox 1537 4173 1769 4226; x_wconf 79' lang='lat' dir='ltr'><strong>necdum</strong></span> <span class='ocrx_word' id='word_1_507' title='bbox 1793 4190 2044 4228; x_wconf 84' lang='lat' dir='ltr'><strong>annoex-</strong></span> 
     </span>
    </p>
   </div>
   <div class='ocr_carea' id='block_1_75' title="bbox 443 4258 2041 4330">
    <p class='ocr_par' dir='ltr' id='par_1_75' title="bbox 443 4258 2041 4330">
     <span class='ocr_line' id='line_1_75' title="bbox 443 4258 2041 4330; baseline 0.003 -18"><span class='ocrx_word' id='word_1_508' title='bbox 443 4258 596 4329; x_wconf 88' lang='lat' dir='ltr'><strong>pleto</strong></span> <span class='ocrx_word' id='word_1_509' title='bbox 620 4259 1224 4329; x_wconf 76' lang='lat' dir='ltr'><strong>jugulatur.’l‘uncsibi</strong></span> <span class='ocrx_word' id='word_1_510' title='bbox 1244 4259 1501 4328; x_wconf 82' lang='lat' dir='ltr'><strong>inregem</strong></span> <span class='ocrx_word' id='word_1_511' title='bbox 1529 4263 1822 4330; x_wconf 82' lang='lat' dir='ltr'><strong>pretiriuut</strong></span> <span class='ocrx_word' id='word_1_512' title='bbox 1850 4263 2041 4316; x_wconf 66' lang='lat' dir='ltr'><strong>liadoi—</strong></span> 
     </span>
    </p>
   </div>
   <div class='ocr_carea' id='block_1_76' title="bbox 442 4347 2042 4420">
    <p class='ocr_par' dir='ltr' id='par_1_76' title="bbox 442 4347 2042 4420">
     <span class='ocr_line' id='line_1_76' title="bbox 442 4347 2042 4420; baseline 0.002 -20"><span class='ocrx_word' id='word_1_513' title='bbox 442 4347 575 4407; x_wconf 87' lang='lat' dir='ltr'><strong>lam.</strong></span> <span class='ocrx_word' id='word_1_514' title='bbox 597 4347 692 4418; x_wconf 88' lang='lat' dir='ltr'><strong>qui</strong></span> <span class='ocrx_word' id='word_1_515' title='bbox 713 4347 1212 4402; x_wconf 89' lang='lat' dir='ltr'><strong>dicebaturTotila.</strong></span> <span class='ocrx_word' id='word_1_516' title='bbox 1229 4349 1320 4418; x_wconf 90' lang='lat' dir='ltr'><strong>qui</strong></span> <span class='ocrx_word' id='word_1_517' title='bbox 1337 4349 1739 4420; x_wconf 71' lang='lat' dir='ltr'><strong>undiqueexer;</strong></span> <span class='ocrx_word' id='word_1_518' title='bbox 1755 4351 2042 4404; x_wconf 84' lang='lat' dir='ltr'><strong>itucollec-</strong></span> 
     </span>
    </p>
   </div>
   <div class='ocr_carea' id='block_1_77' title="bbox 2125 3190 3673 3263">
    <p class='ocr_par' dir='ltr' id='par_1_77' title="bbox 2125 3190 3673 3263">
     <span class='ocr_line' id='line_1_77' title="bbox 2125 3190 3673 3263; baseline -0.003 -18"><span class='ocrx_word' id='word_1_519' title='bbox 2125 3193 2387 3246; x_wconf 87' lang='lat' dir='ltr'><strong>dictionis</strong></span> <span class='ocrx_word' id='word_1_520' title='bbox 2419 3193 2692 3247; x_wconf 85' lang='lat' dir='ltr'><strong>multetur</strong></span> <span class='ocrx_word' id='word_1_521' title='bbox 2750 3191 2814 3246; x_wconf 91' lang='lat' dir='ltr'><strong>In</strong></span> <span class='ocrx_word' id='word_1_522' title='bbox 2851 3209 2986 3246; x_wconf 81' lang='lat' dir='ltr'><strong>nova</strong></span> <span class='ocrx_word' id='word_1_523' title='bbox 3013 3209 3238 3263; x_wconf 89' lang='lat' dir='ltr'><strong>quoque</strong></span> <span class='ocrx_word' id='word_1_524' title='bbox 3267 3192 3444 3262; x_wconf 89' lang='lat' dir='ltr'><strong>gratia</strong></span> <span class='ocrx_word' id='word_1_525' title='bbox 3473 3190 3673 3260; x_wconf 84' lang='lat' dir='ltr'><strong>idipsutn</strong></span> 
     </span>
    </p>
   </div>
   <div class='ocr_carea' id='block_1_78' title="bbox 2126 3278 3672 3352">
    <p class='ocr_par' dir='ltr' id='par_1_78' title="bbox 2126 3278 3672 3352">
     <span class='ocr_line' id='line_1_78' title="bbox 2126 3278 3672 3352; baseline -0.002 -19"><span class='ocrx_word' id='word_1_526' title='bbox 2126 3282 2496 3352; x_wconf 88' lang='lat' dir='ltr'><strong>spiritualiter</strong></span> <span class='ocrx_word' id='word_1_527' title='bbox 2517 3283 2768 3338; x_wconf 85' lang='lat' dir='ltr'><strong>docetur.</strong></span> <span class='ocrx_word' id='word_1_528' title='bbox 2803 3299 2872 3335; x_wconf 82' lang='lat' dir='ltr'><strong>ne.</strong></span> <span class='ocrx_word' id='word_1_529' title='bbox 2902 3282 3070 3335; x_wconf 89' lang='lat' dir='ltr'><strong>arbor</strong></span> <span class='ocrx_word' id='word_1_530' title='bbox 3100 3282 3441 3336; x_wconf 79' lang='lat' dir='ltr'><strong>infructuosa</strong></span> <span class='ocrx_word' id='word_1_531' title='bbox 3471 3278 3672 3350; x_wconf 84' lang='lat' dir='ltr'><strong>reperia-</strong></span> 
     </span>
    </p>
   </div>
   <div class='ocr_carea' id='block_1_79' title="bbox 2124 3369 3674 3438">
    <p class='ocr_par' dir='ltr' id='par_1_79' title="bbox 2124 3369 3674 3438">
     <span class='ocr_line' id='line_1_79' title="bbox 2124 3369 3674 3438; baseline -0.004 -14"><span class='ocrx_word' id='word_1_532' title='bbox 2124 3377 2237 3428; x_wconf 89' lang='lat' dir='ltr'><strong>tur.</strong></span> <span class='ocrx_word' id='word_1_533' title='bbox 2273 3380 2329 3424; x_wconf 89' lang='lat' dir='ltr'><strong>et</strong></span> <span class='ocrx_word' id='word_1_534' title='bbox 2360 3387 2430 3424; x_wconf 89' lang='lat' dir='ltr'><strong>ne</strong></span> <span class='ocrx_word' id='word_1_535' title='bbox 2467 3388 2500 3424; x_wconf 88' lang='lat' dir='ltr'><strong>a</strong></span> <span class='ocrx_word' id='word_1_536' title='bbox 2537 3372 2769 3424; x_wconf 87' lang='lat' dir='ltr'><strong>Domino</strong></span> <span class='ocrx_word' id='word_1_537' title='bbox 2799 3371 3070 3424; x_wconf 83' lang='lat' dir='ltr'><strong>talentum</strong></span> <span class='ocrx_word' id='word_1_538' title='bbox 3105 3387 3268 3423; x_wconf 87' lang='lat' dir='ltr'><strong>servo</strong></span> <span class='ocrx_word' id='word_1_539' title='bbox 3307 3369 3554 3424; x_wconf 83' lang='lat' dir='ltr'><strong>traditum</strong></span> <span class='ocrx_word' id='word_1_540' title='bbox 3580 3382 3674 3438; x_wconf 88' lang='lat' dir='ltr'><strong>pre-</strong></span> 
     </span>
    </p>
   </div>
   <div class='ocr_carea' id='block_1_80' title="bbox 2125 3455 3672 3520">
    <p class='ocr_par' dir='ltr' id='par_1_80' title="bbox 2125 3455 3672 3520">
     <span class='ocr_line' id='line_1_80' title="bbox 2125 3455 3672 3520; baseline -0.003 -8"><span class='ocrx_word' id='word_1_541' title='bbox 2125 3460 2375 3513; x_wconf 87' lang='lat' dir='ltr'><strong>sentibus</strong></span> <span class='ocrx_word' id='word_1_542' title='bbox 2403 3461 2474 3512; x_wconf 90' lang='lat' dir='ltr'><strong>ah</strong></span> <span class='ocrx_word' id='word_1_543' title='bbox 2503 3477 2567 3513; x_wconf 92' lang='lat' dir='ltr'><strong>eo</strong></span> <span class='ocrx_word' id='word_1_544' title='bbox 2599 3459 2994 3520; x_wconf 84' lang='lat' dir='ltr'><strong>abscondatur.</strong></span> <span class='ocrx_word' id='word_1_545' title='bbox 3043 3459 3140 3513; x_wconf 85' lang='lat' dir='ltr'><strong>sed</strong></span> <span class='ocrx_word' id='word_1_546' title='bbox 3173 3468 3241 3513; x_wconf 90' lang='lat' dir='ltr'><strong>ut</strong></span> <span class='ocrx_word' id='word_1_547' title='bbox 3283 3459 3338 3512; x_wconf 90' lang='lat' dir='ltr'><strong>in</strong></span> <span class='ocrx_word' id='word_1_548' title='bbox 3381 3459 3602 3512; x_wconf 90' lang='lat' dir='ltr'><strong>futurum</strong></span> <span class='ocrx_word' id='word_1_549' title='bbox 3629 3455 3672 3508; x_wconf 87' lang='lat' dir='ltr'><strong>in</strong></span> 
     </span>
    </p>
   </div>
   <div class='ocr_carea' id='block_1_81' title="bbox 2125 3547 3674 3619">
    <p class='ocr_par' dir='ltr' id='par_1_81' title="bbox 2125 3547 3674 3619">
     <span class='ocr_line' id='line_1_81' title="bbox 2125 3547 3674 3619; baseline -0.003 -17"><span class='ocrx_word' id='word_1_550' title='bbox 2125 3549 2444 3619; x_wconf 73' lang='lat' dir='ltr'><strong>augmentis</strong></span> <span class='ocrx_word' id='word_1_551' title='bbox 2477 3549 2587 3602; x_wconf 87' lang='lat' dir='ltr'><strong>Deo</strong></span> <span class='ocrx_word' id='word_1_552' title='bbox 2619 3549 2837 3619; x_wconf 79' lang='lat' dir='ltr'><strong>placitis</strong></span> <span class='ocrx_word' id='word_1_553' title='bbox 2866 3548 2985 3602; x_wconf 88' lang='lat' dir='ltr'><strong>utili</strong></span> <span class='ocrx_word' id='word_1_554' title='bbox 3028 3549 3288 3618; x_wconf 83' lang='lat' dir='ltr'><strong>proﬁciat</strong></span> <span class='ocrx_word' id='word_1_555' title='bbox 3329 3547 3579 3601; x_wconf 85' lang='lat' dir='ltr'><strong>doctrina.</strong></span> <span class='ocrx_word' id='word_1_556' title='bbox 3611 3560 3674 3598; x_wconf 83' lang='lat' dir='ltr'><strong>re-</strong></span> 
     </span>
    </p>
   </div>
   <div class='ocr_carea' id='block_1_82' title="bbox 2125 3633 3673 3708">
    <p class='ocr_par' dir='ltr' id='par_1_82' title="bbox 2125 3633 3673 3708">
     <span class='ocr_line' id='line_1_82' title="bbox 2125 3633 3673 3708; baseline -0.003 -18"><span class='ocrx_word' id='word_1_557' title='bbox 2125 3637 2430 3708; x_wconf 77' lang='lat' dir='ltr'><strong>linquatur.</strong></span> <span class='ocrx_word' id='word_1_558' title='bbox 2465 3640 2664 3690; x_wconf 77' lang='lat' dir='ltr'><strong>Beatus</strong></span> <span class='ocrx_word' id='word_1_559' title='bbox 2699 3654 2830 3706; x_wconf 83' lang='lat' dir='ltr'><strong>ergo</strong></span> <span class='ocrx_word' id='word_1_560' title='bbox 2857 3636 2948 3706; x_wconf 90' lang='lat' dir='ltr'><strong>qui</strong></span> <span class='ocrx_word' id='word_1_561' title='bbox 2979 3637 3098 3689; x_wconf 88' lang='lat' dir='ltr'><strong>dies</strong></span> <span class='ocrx_word' id='word_1_562' title='bbox 3137 3653 3275 3691; x_wconf 90' lang='lat' dir='ltr'><strong>suos</strong></span> <span class='ocrx_word' id='word_1_563' title='bbox 3320 3653 3426 3690; x_wconf 89' lang='lat' dir='ltr'><strong>non</strong></span> <span class='ocrx_word' id='word_1_564' title='bbox 3472 3633 3673 3704; x_wconf 81' lang='lat' dir='ltr'><strong>segniter</strong></span> 
     </span>
    </p>
   </div>
   <div class='ocr_carea' id='block_1_83' title="bbox 2125 3725 3674 3796">
    <p class='ocr_par' dir='ltr' id='par_1_83' title="bbox 2125 3725 3674 3796">
     <span class='ocr_line' id='line_1_83' title="bbox 2125 3725 3674 3796; baseline -0.002 -19"><span class='ocrx_word' id='word_1_565' title='bbox 2125 3735 2220 3784; x_wconf 89' lang='lat' dir='ltr'><strong>aut</strong></span> <span class='ocrx_word' id='word_1_566' title='bbox 2263 3743 2413 3779; x_wconf 82' lang='lat' dir='ltr'><strong>vane</strong></span> <span class='ocrx_word' id='word_1_567' title='bbox 2461 3727 2554 3780; x_wconf 84' lang='lat' dir='ltr'><strong>sed</strong></span> <span class='ocrx_word' id='word_1_568' title='bbox 2599 3727 2835 3778; x_wconf 87' lang='lat' dir='ltr'><strong>sollicite</strong></span> <span class='ocrx_word' id='word_1_569' title='bbox 2880 3727 3296 3796; x_wconf 86' lang='lat' dir='ltr'><strong>pertransierit,</strong></span> <span class='ocrx_word' id='word_1_570' title='bbox 3345 3736 3400 3778; x_wconf 90' lang='lat' dir='ltr'><strong>et</strong></span> <span class='ocrx_word' id='word_1_571' title='bbox 3441 3725 3491 3778; x_wconf 90' lang='lat' dir='ltr'><strong>itt</strong></span> <span class='ocrx_word' id='word_1_572' title='bbox 3520 3729 3674 3778; x_wconf 79' lang='lat' dir='ltr'><strong>sancta</strong></span> 
     </span>
    </p>
   </div>
   <div class='ocr_carea' id='block_1_84' title="bbox 2127 3811 3673 3884">
    <p class='ocr_par' dir='ltr' id='par_1_84' title="bbox 2127 3811 3673 3884">
     <span class='ocr_line' id='line_1_84' title="bbox 2127 3811 3673 3884; baseline -0.003 -16"><span class='ocrx_word' id='word_1_573' title='bbox 2127 3815 2366 3868; x_wconf 75' lang='lat' dir='ltr'><strong>Ecclesia</strong></span> <span class='ocrx_word' id='word_1_574' title='bbox 2400 3815 2710 3868; x_wconf 86' lang='lat' dir='ltr'><strong>doctrinam</strong></span> <span class='ocrx_word' id='word_1_575' title='bbox 2737 3813 2904 3884; x_wconf 84' lang='lat' dir='ltr'><strong>digne</strong></span> <span class='ocrx_word' id='word_1_576' title='bbox 2934 3813 3190 3866; x_wconf 85' lang='lat' dir='ltr'><strong>utilitatis</strong></span> <span class='ocrx_word' id='word_1_577' title='bbox 3224 3823 3277 3868; x_wconf 91' lang='lat' dir='ltr'><strong>et</strong></span> <span class='ocrx_word' id='word_1_578' title='bbox 3310 3815 3536 3868; x_wconf 83' lang='lat' dir='ltr'><strong>fructum</strong></span> <span class='ocrx_word' id='word_1_579' title='bbox 3564 3811 3673 3864; x_wconf 70' lang='lat' dir='ltr'><strong>boue</strong></span> 
     </span>
    </p>
   </div>
   <div class='ocr_carea' id='block_1_85' title="bbox 2125 3903 3675 3974">
    <p class='ocr_par' dir='ltr' id='par_1_85' title="bbox 2125 3903 3675 3974">
     <span class='ocr_line' id='line_1_85' title="bbox 2125 3903 3675 3974; baseline 0.001 -21"><span class='ocrx_word' id='word_1_580' title='bbox 2125 3903 2466 3974; x_wconf 81' lang='lat' dir='ltr'><strong>operationis</strong></span> <span class='ocrx_word' id='word_1_581' title='bbox 2505 3920 2810 3974; x_wconf 85' lang='lat' dir='ltr'><strong>semenque</strong></span> <span class='ocrx_word' id='word_1_582' title='bbox 2853 3920 2976 3956; x_wconf 77' lang='lat' dir='ltr'><strong>vere</strong></span> <span class='ocrx_word' id='word_1_583' title='bbox 3010 3903 3342 3957; x_wconf 83' lang='lat' dir='ltr'><strong>hereditatis</strong></span> <span class='ocrx_word' id='word_1_584' title='bbox 3372 3903 3584 3974; x_wconf 87' lang='lat' dir='ltr'><strong>posteris</strong></span> <span class='ocrx_word' id='word_1_585' title='bbox 3612 3918 3675 3954; x_wconf 83' lang='lat' dir='ltr'><strong>re-</strong></span> 
     </span>
    </p>
   </div>
   <div class='ocr_carea' id='block_1_86' title="bbox 2126 3991 3676 4063">
    <p class='ocr_par' dir='ltr' id='par_1_86' title="bbox 2126 3991 3676 4063">
     <span class='ocr_line' id='line_1_86' title="bbox 2126 3991 3676 4063; baseline -0.002 -18"><span class='ocrx_word' id='word_1_586' title='bbox 2126 3993 2366 4063; x_wconf 88' lang='lat' dir='ltr'><strong>liquerit.</strong></span> <span class='ocrx_word' id='word_1_587' title='bbox 2413 3993 2465 4046; x_wconf 91' lang='lat' dir='ltr'><strong>in</strong></span> <span class='ocrx_word' id='word_1_588' title='bbox 2499 3992 2700 4062; x_wconf 86' lang='lat' dir='ltr'><strong>quibus</strong></span> <span class='ocrx_word' id='word_1_589' title='bbox 2729 3992 2951 4046; x_wconf 77' lang='lat' dir='ltr'><strong>assidue</strong></span> <span class='ocrx_word' id='word_1_590' title='bbox 2994 3999 3216 4045; x_wconf 86' lang='lat' dir='ltr'><strong>creator</strong></span> <span class='ocrx_word' id='word_1_591' title='bbox 3243 3994 3486 4046; x_wconf 91' lang='lat' dir='ltr'><strong>omnium</strong></span> <span class='ocrx_word' id='word_1_592' title='bbox 3511 3991 3676 4044; x_wconf 79' lang='lat' dir='ltr'><strong>Collau-</strong></span> 
     </span>
    </p>
   </div>
   <div class='ocr_carea' id='block_1_87' title="bbox 2125 4081 3675 4150">
    <p class='ocr_par' dir='ltr' id='par_1_87' title="bbox 2125 4081 3675 4150">
     <span class='ocr_line' id='line_1_87' title="bbox 2125 4081 3675 4150; baseline -0.001 -17"><span class='ocrx_word' id='word_1_593' title='bbox 2125 4082 2290 4134; x_wconf 87' lang='lat' dir='ltr'><strong>detur</strong></span> <span class='ocrx_word' id='word_1_594' title='bbox 2323 4082 2484 4134; x_wconf 87' lang='lat' dir='ltr'><strong>Deus.</strong></span> <span class='ocrx_word' id='word_1_595' title='bbox 2517 4091 2572 4134; x_wconf 89' lang='lat' dir='ltr'><strong>et</strong></span> <span class='ocrx_word' id='word_1_596' title='bbox 2599 4081 2804 4134; x_wconf 84' lang='lat' dir='ltr'><strong>bonum</strong></span> <span class='ocrx_word' id='word_1_597' title='bbox 2839 4081 3122 4150; x_wconf 81' lang='lat' dir='ltr'><strong>cperantis</strong></span> <span class='ocrx_word' id='word_1_598' title='bbox 3161 4098 3381 4136; x_wconf 83' lang='lat' dir='ltr'><strong>merces</strong></span> <span class='ocrx_word' id='word_1_599' title='bbox 3406 4083 3457 4136; x_wconf 93' lang='lat' dir='ltr'><strong>in</strong></span> <span class='ocrx_word' id='word_1_600' title='bbox 3477 4082 3581 4134; x_wconf 79' lang='lat' dir='ltr'><strong>celo</strong></span> <span class='ocrx_word' id='word_1_601' title='bbox 3601 4095 3675 4132; x_wconf 58' lang='lat' dir='ltr'><strong>auo</strong></span> 
     </span>
    </p>
   </div>
   <div class='ocr_carea' id='block_1_88' title="bbox 2124 4169 3674 4240">
    <p class='ocr_par' dir='ltr' id='par_1_88' title="bbox 2124 4169 3674 4240">
     <span class='ocr_line' id='line_1_88' title="bbox 2124 4169 3674 4240; baseline -0.002 -17"><span class='ocrx_word' id='word_1_602' title='bbox 2124 4170 2352 4239; x_wconf 83' lang='lat' dir='ltr'><strong>geaturl</strong></span> <span class='ocrx_word' id='word_1_603' title='bbox 2405 4171 2581 4239; x_wconf 84' lang='lat' dir='ltr'><strong>llujus</strong></span> <span class='ocrx_word' id='word_1_604' title='bbox 2630 4169 2720 4222; x_wconf 78' lang='lat' dir='ltr'><strong>ltei</strong></span> <span class='ocrx_word' id='word_1_605' title='bbox 2761 4169 2944 4237; x_wconf 76' lang='lat' dir='ltr'><strong>gratia</strong></span> <span class='ocrx_word' id='word_1_606' title='bbox 2985 4169 3172 4222; x_wconf 87' lang='lat' dir='ltr'><strong>divina</strong></span> <span class='ocrx_word' id='word_1_607' title='bbox 3211 4170 3516 4240; x_wconf 87' lang='lat' dir='ltr'><strong>inspirante</strong></span> <span class='ocrx_word' id='word_1_608' title='bbox 3541 4177 3674 4238; x_wconf 84' lang='lat' dir='ltr'><strong>atque</strong></span> 
     </span>
    </p>
   </div>
   <div class='ocr_carea' id='block_1_89' title="bbox 2127 4257 3676 4326">
    <p class='ocr_par' dir='ltr' id='par_1_89' title="bbox 2127 4257 3676 4326">
     <span class='ocr_line' id='line_1_89' title="bbox 2127 4257 3676 4326; baseline -0.001 -16"><span class='ocrx_word' id='word_1_609' title='bbox 2127 4258 2556 4310; x_wconf 71' lang='lat' dir='ltr'><strong>administrmte</strong></span> <span class='ocrx_word' id='word_1_610' title='bbox 2593 4257 2907 4315; x_wconf 82' lang='lat' dir='ltr'><strong>clementia.</strong></span> <span class='ocrx_word' id='word_1_611' title='bbox 2936 4275 3038 4326; x_wconf 85' lang='lat' dir='ltr'><strong>ego</strong></span> <span class='ocrx_word' id='word_1_612' title='bbox 3061 4258 3290 4312; x_wconf 85' lang='lat' dir='ltr'><strong>inﬁmus</strong></span> <span class='ocrx_word' id='word_1_613' title='bbox 3325 4259 3676 4314; x_wconf 87' lang='lat' dir='ltr'><strong>monachorum</strong></span> 
     </span>
    </p>
   </div>
   <div class='ocr_carea' id='block_1_90' title="bbox 2127 4345 3676 4418">
    <p class='ocr_par' dir='ltr' id='par_1_90' title="bbox 2127 4345 3676 4418">
     <span class='ocr_line' id='line_1_90' title="bbox 2127 4345 3676 4418; baseline -0.002 -20"><span class='ocrx_word' id='word_1_614' title='bbox 2127 4354 2184 4398; x_wconf 90' lang='lat' dir='ltr'><strong>et</strong></span> <span class='ocrx_word' id='word_1_615' title='bbox 2213 4357 2466 4416; x_wconf 80' lang='lat' dir='ltr'><strong>peccator</strong></span> <span class='ocrx_word' id='word_1_616' title='bbox 2495 4347 2893 4415; x_wconf 86' lang='lat' dir='ltr'><strong>Gregorius.ut</strong></span> <span class='ocrx_word' id='word_1_617' title='bbox 2922 4348 3020 4400; x_wconf 88' lang='lat' dir='ltr'><strong>hoc</strong></span> <span class='ocrx_word' id='word_1_618' title='bbox 3039 4349 3361 4416; x_wconf 78' lang='lat' dir='ltr'><strong>perficerent</strong></span> <span class='ocrx_word' id='word_1_619' title='bbox 3393 4365 3522 4418; x_wconf 83' lang='lat' dir='ltr'><strong>opus</strong></span> <span class='ocrx_word' id='word_1_620' title='bbox 3542 4345 3676 4400; x_wconf 88' lang='lat' dir='ltr'><strong>nimis</strong></span> 
     </span>
    </p>
   </div>
   <div class='ocr_carea' id='block_1_91' title="bbox 441 4428 3677 4508">
    <p class='ocr_par' dir='ltr' id='par_1_91' title="bbox 441 4428 3677 4508">
     <span class='ocr_line' id='line_1_91' title="bbox 441 4428 3677 4508; baseline 0 -18"><span class='ocrx_word' id='word_1_621' title='bbox 441 4441 502 4490; x_wconf 83' lang='lat' dir='ltr'><strong>to</strong></span> <span class='ocrx_word' id='word_1_622' title='bbox 521 4453 742 4490; x_wconf 88' lang='lat' dir='ltr'><strong>rursum</strong></span> <span class='ocrx_word' id='word_1_623' title='bbox 757 4437 1072 4490; x_wconf 79' lang='lat' dir='ltr'><strong>universam</strong></span> <span class='ocrx_word' id='word_1_624' title='bbox 1098 4437 1312 4491; x_wconf 85' lang='lat' dir='ltr'><strong>Italiam</strong></span> <span class='ocrx_word' id='word_1_625' title='bbox 1335 4439 1734 4501; x_wconf 78' lang='lat' dir='ltr'><strong>in\&#39;adunt.utb</strong></span> <span class='ocrx_word' id='word_1_626' title='bbox 1760 4440 2044 4508; x_wconf 69' lang='lat' dir='ltr'><strong>‘tlttjuenb-</strong></span> <span class='ocrx_word' id='word_1_627' title='bbox 2065 4428 2104 4482; x_wconf 78' lang='grc' dir='ltr'><strong>Ιὶ</strong></span> <span class='ocrx_word' id='word_1_628' title='bbox 2129 4436 2407 4488; x_wconf 83' lang='lat' dir='ltr'><strong>utilimum</strong></span> <span class='ocrx_word' id='word_1_629' title='bbox 2447 4441 2561 4495; x_wconf 73' lang='lat' dir='ltr'><strong>(sic)</strong></span> <span class='ocrx_word' id='word_1_630' title='bbox 2593 4435 2843 4503; x_wconf 73' lang='lat' dir='ltr'><strong>saggessi</strong></span> <span class='ocrx_word' id='word_1_631' title='bbox 2875 4435 3079 4488; x_wconf 90' lang='lat' dir='ltr'><strong>domno</strong></span> <span class='ocrx_word' id='word_1_632' title='bbox 3114 4437 3360 4490; x_wconf 87' lang='lat' dir='ltr'><strong>Berardo</strong></span> <span class='ocrx_word' id='word_1_633' title='bbox 3387 4436 3561 4491; x_wconf 86' lang='lat' dir='ltr'><strong>abbati</strong></span> <span class='ocrx_word' id='word_1_634' title='bbox 3597 4449 3677 4504; x_wconf 85' lang='lat' dir='ltr'><strong>p0-</strong></span> 
     </span>
    </p>
   </div>
   <div class='ocr_carea' id='block_1_92' title="bbox 442 4559 936 4666">
    <p class='ocr_par' dir='ltr' id='par_1_92' title="bbox 442 4559 936 4666">
     <span class='ocr_line' id='line_1_92' title="bbox 442 4559 936 4666; baseline 0 -36"><span class='ocrx_word' id='word_1_635' title='bbox 442 4591 592 4630; x_wconf 84' lang='lat' dir='ltr'><strong>sessa</strong></span> <span class='ocrx_word' id='word_1_636' title='bbox 603 4593 654 4629; x_wconf 90' lang='lat' dir='ltr'><strong>m</strong></span> <span class='ocrx_word' id='word_1_637' title='bbox 692 4583 816 4646; x_wconf 90' lang='lat' dir='ltr'><strong>post</strong></span> <span class='ocrx_word' id='word_1_638' title='bbox 847 4559 936 4666; x_wconf 54' lang='grc' dir='ltr'>λίξξι</span> 
     </span>
    </p>
   </div>
   <div class='ocr_carea' id='block_1_93' title="bbox 442 4691 2034 4766">
    <p class='ocr_par' dir='ltr' id='par_1_93' title="bbox 442 4691 2034 4766">
     <span class='ocr_line' id='line_1_93' title="bbox 442 4691 2034 4766; baseline 0.003 -22"><span class='ocrx_word' id='word_1_639' title='bbox 442 4706 586 4761; x_wconf 88' lang='lat' dir='ltr'><strong>pape</strong></span> <span class='ocrx_word' id='word_1_640' title='bbox 601 4697 658 4744; x_wconf 91' lang='lat' dir='ltr'><strong>et</strong></span> <span class='ocrx_word' id='word_1_641' title='bbox 675 4691 977 4746; x_wconf 82' lang='lat' dir='ltr'><strong>Justiniani</strong></span> <span class='ocrx_word' id='word_1_642' title='bbox 997 4693 1368 4764; x_wconf 89' lang='lat' dir='ltr'><strong>imperatoris.</strong></span> <span class='ocrx_word' id='word_1_643' title='bbox 1390 4695 1600 4748; x_wconf 76' lang='lat' dir='ltr'><strong>scilicet</strong></span> <span class='ocrx_word' id='word_1_644' title='bbox 1635 4705 1757 4766; x_wconf 84' lang='lat' dir='ltr'><strong>post</strong></span> <span class='ocrx_word' id='word_1_645' title='bbox 1774 4697 2034 4750; x_wconf 85' lang='lat' dir='ltr'><strong>lncarna-</strong></span> 
     </span>
    </p>
   </div>
   <div class='ocr_carea' id='block_1_94' title="bbox 439 4777 2039 4844">
    <p class='ocr_par' dir='ltr' id='par_1_94' title="bbox 439 4777 2039 4844">
     <span class='ocr_line' id='line_1_94' title="bbox 439 4777 2039 4844; baseline 0.004 -12"><span class='ocrx_word' id='word_1_646' title='bbox 439 4777 610 4832; x_wconf 89' lang='lat' dir='ltr'><strong>tionis</strong></span> <span class='ocrx_word' id='word_1_647' title='bbox 634 4777 918 4834; x_wconf 90' lang='lat' dir='ltr'><strong>Dominice</strong></span> <span class='ocrx_word' id='word_1_648' title='bbox 939 4798 1117 4836; x_wconf 86' lang='lat' dir='ltr'><strong>annos</strong></span> <span class='ocrx_word' id='word_1_649' title='bbox 1159 4780 1279 4840; x_wconf 64' lang='grc' dir='ltr'><strong>ΜΟ.</strong></span> <span class='ocrx_word' id='word_1_650' title='bbox 1309 4783 1500 4836; x_wconf 90' lang='lat' dir='ltr'><strong>indict.</strong></span> <span class='ocrx_word' id='word_1_651' title='bbox 1553 4799 1650 4838; x_wconf 82' lang='lat' dir='ltr'><strong>xm</strong></span> <span class='ocrx_word' id='word_1_652' title='bbox 1712 4785 1796 4838; x_wconf 85' lang='lat' dir='ltr'><strong>Ab</strong></span> <span class='ocrx_word' id='word_1_653' title='bbox 1827 4786 2039 4844; x_wconf 73' lang='lat' dir='ltr'><strong>Archa-</strong></span> 
     </span>
    </p>
   </div>
   <div class='ocr_carea' id='block_1_95' title="bbox 441 4865 2038 4942">
    <p class='ocr_par' dir='ltr' id='par_1_95' title="bbox 441 4865 2038 4942">
     <span class='ocr_line' id='line_1_95' title="bbox 441 4865 2038 4942; baseline 0.004 -23"><span class='ocrx_word' id='word_1_654' title='bbox 441 4866 536 4920; x_wconf 91' lang='lat' dir='ltr'><strong>dio</strong></span> <span class='ocrx_word' id='word_1_655' title='bbox 579 4865 770 4937; x_wconf 89' lang='lat' dir='ltr'><strong>itaque</strong></span> <span class='ocrx_word' id='word_1_656' title='bbox 817 4886 948 4940; x_wconf 85' lang='lat' dir='ltr'><strong>rege</strong></span> <span class='ocrx_word' id='word_1_657' title='bbox 995 4887 1173 4942; x_wconf 87' lang='lat' dir='ltr'><strong>usque</strong></span> <span class='ocrx_word' id='word_1_658' title='bbox 1211 4889 1274 4925; x_wconf 86' lang='lat' dir='ltr'><strong>ac</strong></span> <span class='ocrx_word' id='word_1_659' title='bbox 1301 4873 1582 4926; x_wconf 89' lang='lat' dir='ltr'><strong>Justinum</strong></span> <span class='ocrx_word' id='word_1_660' title='bbox 1619 4873 1910 4933; x_wconf 80' lang='lat' dir='ltr'><strong>minorem.</strong></span> <span class='ocrx_word' id='word_1_661' title='bbox 1936 4874 2038 4928; x_wconf 88' lang='lat' dir='ltr'><strong>sub</strong></span> 
     </span>
    </p>
   </div>
   <div class='ocr_carea' id='block_1_96' title="bbox 438 4956 2036 5032">
    <p class='ocr_par' dir='ltr' id='par_1_96' title="bbox 438 4956 2036 5032">
     <span class='ocr_line' id='line_1_96' title="bbox 438 4956 2036 5032; baseline 0.004 -22"><span class='ocrx_word' id='word_1_662' title='bbox 438 4972 550 5027; x_wconf 89' lang='lat' dir='ltr'><strong>quo</strong></span> <span class='ocrx_word' id='word_1_663' title='bbox 582 4956 789 5010; x_wconf 81' lang='lat' dir='ltr'><strong>Narses</strong></span> <span class='ocrx_word' id='word_1_664' title='bbox 819 4957 1198 5016; x_wconf 85' lang='lat' dir='ltr'><strong>Romanorum</strong></span> <span class='ocrx_word' id='word_1_665' title='bbox 1231 4961 1500 5032; x_wconf 86' lang='lat' dir='ltr'><strong>patricius</strong></span> <span class='ocrx_word' id='word_1_666' title='bbox 1545 4979 1669 5016; x_wconf 92' lang='lat' dir='ltr'><strong>cum</strong></span> <span class='ocrx_word' id='word_1_667' title='bbox 1699 4963 1901 5019; x_wconf 84' lang='lat' dir='ltr'><strong>&#39;l‘otila.</strong></span> <span class='ocrx_word' id='word_1_668' title='bbox 1934 4979 2036 5016; x_wconf 86' lang='lat' dir='ltr'><strong>no-</strong></span> 
     </span>
    </p>
   </div>
   <div class='ocr_carea' id='block_1_97' title="bbox 434 5044 2040 5123">
    <p class='ocr_par' dir='ltr' id='par_1_97' title="bbox 434 5044 2040 5123">
     <span class='ocr_line' id='line_1_97' title="bbox 434 5044 2040 5123; baseline 0.004 -25"><span class='ocrx_word' id='word_1_669' title='bbox 434 5044 664 5100; x_wconf 79' lang='lat' dir='ltr'><strong>vissimo</strong></span> <span class='ocrx_word' id='word_1_670' title='bbox 687 5046 998 5102; x_wconf 89' lang='lat' dir='ltr'><strong>Gothorum</strong></span> <span class='ocrx_word' id='word_1_671' title='bbox 1020 5067 1170 5121; x_wconf 86' lang='lat' dir='ltr'><strong>rege.</strong></span> <span class='ocrx_word' id='word_1_672' title='bbox 1201 5051 1473 5105; x_wconf 87' lang='lat' dir='ltr'><strong>dimicans</strong></span> <span class='ocrx_word' id='word_1_673' title='bbox 1490 5067 1875 5123; x_wconf 83' lang='lat' dir='ltr'><strong>superansque</strong></span> <span class='ocrx_word' id='word_1_674' title='bbox 1906 5053 2040 5105; x_wconf 83' lang='lat' dir='ltr'><strong>etl&#39;u-</strong></span> 
     </span>
    </p>
   </div>
   <div class='ocr_carea' id='block_1_98' title="bbox 431 5133 2034 5210">
    <p class='ocr_par' dir='ltr' id='par_1_98' title="bbox 431 5133 2034 5210">
     <span class='ocr_line' id='line_1_98' title="bbox 431 5133 2034 5210; baseline 0.002 -22"><span class='ocrx_word' id='word_1_675' title='bbox 431 5133 602 5203; x_wconf 75' lang='lat' dir='ltr'><strong>gavit.</strong></span> <span class='ocrx_word' id='word_1_676' title='bbox 628 5134 760 5188; x_wconf 86' lang='lat' dir='ltr'><strong>anni</strong></span> <span class='ocrx_word' id='word_1_677' title='bbox 793 5143 923 5190; x_wconf 88' lang='lat' dir='ltr'><strong>sunt</strong></span> <span class='ocrx_word' id='word_1_678' title='bbox 967 5137 1082 5192; x_wconf 87' lang='lat' dir='ltr'><strong>fere</strong></span> <span class='ocrx_word' id='word_1_679' title='bbox 1113 5153 1388 5193; x_wconf 72' lang='lat' dir='ltr'><strong>ccxxxvut</strong></span> <span class='ocrx_word' id='word_1_680' title='bbox 1465 5139 1577 5192; x_wconf 87' lang='lat' dir='ltr'><strong>llec</strong></span> <span class='ocrx_word' id='word_1_681' title='bbox 1611 5140 1734 5193; x_wconf 87' lang='lat' dir='ltr'><strong>ideo</strong></span> <span class='ocrx_word' id='word_1_682' title='bbox 1767 5139 2034 5210; x_wconf 83' lang='lat' dir='ltr'><strong>prolixius</strong></span> 
     </span>
    </p>
   </div>
   <div class='ocr_carea' id='block_1_99' title="bbox 431 5223 2034 5299">
    <p class='ocr_par' dir='ltr' id='par_1_99' title="bbox 431 5223 2034 5299">
     <span class='ocr_line' id='line_1_99' title="bbox 431 5223 2034 5299; baseline 0.001 -23"><span class='ocrx_word' id='word_1_683' title='bbox 431 5223 804 5288; x_wconf 83' lang='lat' dir='ltr'><strong>narravimus.</strong></span> <span class='ocrx_word' id='word_1_684' title='bbox 839 5231 902 5278; x_wconf 92' lang='lat' dir='ltr'><strong>ut</strong></span> <span class='ocrx_word' id='word_1_685' title='bbox 939 5225 1125 5296; x_wconf 80' lang='lat' dir='ltr'><strong>priora</strong></span> <span class='ocrx_word' id='word_1_686' title='bbox 1154 5227 1463 5282; x_wconf 89' lang='lat' dir='ltr'><strong>Gothorum</strong></span> <span class='ocrx_word' id='word_1_687' title='bbox 1512 5235 1784 5299; x_wconf 86' lang='lat' dir='ltr'><strong>tempora.</strong></span> <span class='ocrx_word' id='word_1_688' title='bbox 1819 5245 1926 5298; x_wconf 87' lang='lat' dir='ltr'><strong>que</strong></span> <span class='ocrx_word' id='word_1_689' title='bbox 1963 5225 2034 5279; x_wconf 91' lang='lat' dir='ltr'><strong>ob</strong></span> 
     </span>
    </p>
   </div>
   <div class='ocr_carea' id='block_1_100' title="bbox 431 5313 2033 5386">
    <p class='ocr_par' dir='ltr' id='par_1_100' title="bbox 431 5313 2033 5386">
     <span class='ocr_line' id='line_1_100' title="bbox 431 5313 2033 5386; baseline 0.002 -20"><span class='ocrx_word' id='word_1_690' title='bbox 431 5313 814 5368; x_wconf 84' lang='lat' dir='ltr'><strong>narrationem</strong></span> <span class='ocrx_word' id='word_1_691' title='bbox 847 5313 989 5368; x_wconf 88' lang='lat' dir='ltr'><strong>beati</strong></span> <span class='ocrx_word' id='word_1_692' title='bbox 1021 5317 1328 5377; x_wconf 85' lang='lat' dir='ltr'><strong>Laurentii.</strong></span> <span class='ocrx_word' id='word_1_693' title='bbox 1370 5319 1532 5386; x_wconf 85' lang='lat' dir='ltr'><strong>hujus</strong></span> <span class='ocrx_word' id='word_1_694' title='bbox 1567 5319 1890 5372; x_wconf 78' lang='lat' dir='ltr'><strong>monasterii</strong></span> <span class='ocrx_word' id='word_1_695' title='bbox 1933 5319 2033 5370; x_wconf 86' lang='lat' dir='ltr'><strong>ab-</strong></span> 
     </span>
    </p>
   </div>
   <div class='ocr_carea' id='block_1_101' title="bbox 428 5398 2030 5480">
    <p class='ocr_par' dir='ltr' id='par_1_101' title="bbox 428 5398 2030 5480">
     <span class='ocr_line' id='line_1_101' title="bbox 428 5398 2030 5480; baseline 0.008 -28"><span class='ocrx_word' id='word_1_696' title='bbox 428 5398 594 5462; x_wconf 82' lang='lat' dir='ltr'><strong>batis.</strong></span> <span class='ocrx_word' id='word_1_697' title='bbox 627 5402 839 5474; x_wconf 80' lang='lat' dir='ltr'><strong>college</strong></span> <span class='ocrx_word' id='word_1_698' title='bbox 867 5406 1041 5458; x_wconf 80' lang='lat' dir='ltr'><strong>sancti</strong></span> <span class='ocrx_word' id='word_1_699' title='bbox 1070 5406 1260 5462; x_wconf 71' lang='lat' dir='ltr'><strong>Ysaac.</strong></span> <span class='ocrx_word' id='word_1_700' title='bbox 1279 5408 1440 5476; x_wconf 83' lang='lat' dir='ltr'><strong>cujus</strong></span> <span class='ocrx_word' id='word_1_701' title='bbox 1471 5407 1856 5462; x_wconf 74' lang='lat' dir='ltr'><strong>sanctissimus</strong></span> <span class='ocrx_word' id='word_1_702' title='bbox 1889 5428 2030 5480; x_wconf 85' lang='lat' dir='ltr'><strong>papa</strong></span> 
     </span>
    </p>
   </div>
   <div class='ocr_carea' id='block_1_102' title="bbox 428 5488 2027 5567">
    <p class='ocr_par' dir='ltr' id='par_1_102' title="bbox 428 5488 2027 5567">
     <span class='ocr_line' id='line_1_102' title="bbox 428 5488 2027 5567; baseline 0.008 -25"><span class='ocrx_word' id='word_1_703' title='bbox 428 5488 735 5560; x_wconf 85' lang='lat' dir='ltr'><strong>Gregorius</strong></span> <span class='ocrx_word' id='word_1_704' title='bbox 779 5494 1119 5548; x_wconf 87' lang='lat' dir='ltr'><strong>mentionem</strong></span> <span class='ocrx_word' id='word_1_705' title='bbox 1169 5495 1301 5550; x_wconf 84' lang='lat' dir='ltr'><strong>fecit</strong></span> <span class='ocrx_word' id='word_1_706' title='bbox 1341 5513 1508 5566; x_wconf 87' lang='lat' dir='ltr'><strong>quam</strong></span> <span class='ocrx_word' id='word_1_707' title='bbox 1570 5497 2027 5567; x_wconf 83' lang='lat' dir='ltr'><strong>interposuimus,</strong></span> 
     </span>
    </p>
   </div>
   <div class='ocr_carea' id='block_1_103' title="bbox 418 5580 2026 5654">
    <p class='ocr_par' dir='ltr' id='par_1_103' title="bbox 418 5580 2026 5654">
     <span class='ocr_line' id='line_1_103' title="bbox 418 5580 2026 5654; baseline 0.008 -22"><span class='ocrx_word' id='word_1_708' title='bbox 418 5580 644 5649; x_wconf 80' lang='lat' dir='ltr'><strong>tempus</strong></span> <span class='ocrx_word' id='word_1_709' title='bbox 665 5587 838 5652; x_wconf 85' lang='lat' dir='ltr'><strong>prout</strong></span> <span class='ocrx_word' id='word_1_710' title='bbox 860 5584 1148 5654; x_wconf 84' lang='lat' dir='ltr'><strong>potuimus</strong></span> <span class='ocrx_word' id='word_1_711' title='bbox 1176 5585 1576 5654; x_wconf 83' lang='lat' dir='ltr'><strong>edisseramus,</strong></span> <span class='ocrx_word' id='word_1_712' title='bbox 1606 5585 1706 5641; x_wconf 85' lang='lat' dir='ltr'><strong>sed</strong></span> <span class='ocrx_word' id='word_1_713' title='bbox 1748 5602 1818 5640; x_wconf 86' lang='lat' dir='ltr'><strong>ne</strong></span> <span class='ocrx_word' id='word_1_714' title='bbox 1849 5589 2026 5644; x_wconf 84' lang='lat' dir='ltr'><strong>lecto-</strong></span> 
     </span>
    </p>
   </div>
   <div class='ocr_carea' id='block_1_104' title="bbox 968 4579 2036 4651">
    <p class='ocr_par' dir='ltr' id='par_1_104' title="bbox 968 4579 2036 4651">
     <span class='ocr_line' id='line_1_104' title="bbox 968 4579 2036 4651; baseline 0.002 -19"><span class='ocrx_word' id='word_1_715' title='bbox 968 4579 1088 4633; x_wconf 87' lang='lat' dir='ltr'><strong>dies</strong></span> <span class='ocrx_word' id='word_1_716' title='bbox 1108 4579 1463 4635; x_wconf 89' lang='lat' dir='ltr'><strong>introierunt.</strong></span> <span class='ocrx_word' id='word_1_717' title='bbox 1483 4581 1829 4651; x_wconf 90' lang='lat' dir='ltr'><strong>temporibus</strong></span> <span class='ocrx_word' id='word_1_718' title='bbox 1853 4581 2036 4651; x_wconf 73' lang='lat' dir='ltr'><strong>Vigilii</strong></span> 
     </span>
    </p>
   </div>
   <div class='ocr_carea' id='block_1_105' title="bbox 2125 4524 3676 4597">
    <p class='ocr_par' dir='ltr' id='par_1_105' title="bbox 2125 4524 3676 4597">
     <span class='ocr_line' id='line_1_105' title="bbox 2125 4524 3676 4597; baseline 0.001 -24"><span class='ocrx_word' id='word_1_719' title='bbox 2125 4524 2344 4576; x_wconf 66' lang='lat' dir='ltr'><strong>stet‘iori</strong></span> <span class='ocrx_word' id='word_1_720' title='bbox 2375 4535 2430 4576; x_wconf 85' lang='lat' dir='ltr'><strong>et</strong></span> <span class='ocrx_word' id='word_1_721' title='bbox 2457 4525 2634 4593; x_wconf 48' lang='lat' dir='ltr'><strong>ptumi.</strong></span> <span class='ocrx_word' id='word_1_722' title='bbox 2665 4525 2749 4577; x_wconf 87' lang='lat' dir='ltr'><strong>uis</strong></span> <span class='ocrx_word' id='word_1_723' title='bbox 2783 4525 3131 4590; x_wconf 85' lang='lat' dir='ltr'><strong>senioribus;</strong></span> <span class='ocrx_word' id='word_1_724' title='bbox 3175 4535 3236 4579; x_wconf 83' lang='lat' dir='ltr'><strong>et</strong></span> <span class='ocrx_word' id='word_1_725' title='bbox 3281 4539 3472 4597; x_wconf 78' lang='lat' dir='ltr'><strong>(quum</strong></span> <span class='ocrx_word' id='word_1_726' title='bbox 3499 4526 3676 4595; x_wconf 82' lang='lat' dir='ltr'><strong>optima</strong></span> 
     </span>
    </p>
   </div>
   <div class='ocr_carea' id='block_1_106' title="bbox 2123 4613 3674 4684">
    <p class='ocr_par' dir='ltr' id='par_1_106' title="bbox 2123 4613 3674 4684">
     <span class='ocr_line' id='line_1_106' title="bbox 2123 4613 3674 4684; baseline -0.001 -19"><span class='ocrx_word' id='word_1_727' title='bbox 2123 4614 2676 4682; x_wconf 71' lang='lat' dir='ltr'><strong>QUtBtlllt‘sltil&#39;itUtlitS</strong></span> <span class='ocrx_word' id='word_1_728' title='bbox 2696 4613 3146 4682; x_wconf 71' lang='lat' dir='ltr'><strong>patt’isdemeUs&#39;</strong></span> <span class='ocrx_word' id='word_1_729' title='bbox 3161 4613 3674 4684; x_wconf 59' lang='lat' dir='ltr'><strong>perﬂuererSsione.</strong></span> 
     </span>
    </p>
   </div>
   <div class='ocr_carea' id='block_1_107' title="bbox 2120 4698 3676 4772">
    <p class='ocr_par' dir='ltr' id='par_1_107' title="bbox 2120 4698 3676 4772">
     <span class='ocr_line' id='line_1_107' title="bbox 2120 4698 3676 4772; baseline -0.001 -19"><span class='ocrx_word' id='word_1_730' title='bbox 2120 4709 2288 4772; x_wconf 80' lang='lat' dir='ltr'><strong>atque</strong></span> <span class='ocrx_word' id='word_1_731' title='bbox 2321 4703 2397 4754; x_wconf 89' lang='lat' dir='ltr'><strong>uti</strong></span> <span class='ocrx_word' id='word_1_732' title='bbox 2434 4712 2690 4754; x_wconf 83' lang='lat' dir='ltr'><strong>tenemus</strong></span> <span class='ocrx_word' id='word_1_733' title='bbox 2717 4702 3059 4760; x_wconf 80' lang='lat' dir='ltr'><strong>ﬁrmissime.</strong></span> <span class='ocrx_word' id='word_1_734' title='bbox 3079 4711 3136 4755; x_wconf 86' lang='lat' dir='ltr'><strong>et</strong></span> <span class='ocrx_word' id='word_1_735' title='bbox 3157 4703 3437 4757; x_wconf 80' lang='lat' dir='ltr'><strong>intellectu</strong></span> <span class='ocrx_word' id='word_1_736' title='bbox 3461 4719 3604 4772; x_wconf 86' lang='lat' dir='ltr'><strong>quem</strong></span> <span class='ocrx_word' id='word_1_737' title='bbox 3630 4698 3676 4752; x_wconf 87' lang='lat' dir='ltr'><strong>in</strong></span> 
     </span>
    </p>
   </div>
   <div class='ocr_carea' id='block_1_108' title="bbox 2121 4783 3676 4862">
    <p class='ocr_par' dir='ltr' id='par_1_108' title="bbox 2121 4783 3676 4862">
     <span class='ocr_line' id='line_1_108' title="bbox 2121 4783 3676 4862; baseline -0.002 -19"><span class='ocrx_word' id='word_1_738' title='bbox 2121 4806 2222 4843; x_wconf 83' lang='lat' dir='ltr'><strong>nos</strong></span> <span class='ocrx_word' id='word_1_739' title='bbox 2261 4792 2404 4843; x_wconf 82' lang='lat' dir='ltr'><strong>Deus</strong></span> <span class='ocrx_word' id='word_1_740' title='bbox 2437 4791 2792 4860; x_wconf 85' lang='lat' dir='ltr'><strong>omnipotens</strong></span> <span class='ocrx_word' id='word_1_741' title='bbox 2827 4791 3094 4845; x_wconf 76' lang='lat' dir='ltr'><strong>divinitus</strong></span> <span class='ocrx_word' id='word_1_742' title='bbox 3123 4783 3676 4862; x_wconf 59' lang='lat' dir='ltr'><strong>inspiravitrrédimus</strong></span> 
     </span>
    </p>
   </div>
   <div class='ocr_carea' id='block_1_109' title="bbox 2121 4879 3678 4950">
    <p class='ocr_par' dir='ltr' id='par_1_109' title="bbox 2121 4879 3678 4950">
     <span class='ocr_line' id='line_1_109' title="bbox 2121 4879 3678 4950; baseline 0.001 -22"><span class='ocrx_word' id='word_1_743' title='bbox 2121 4879 2426 4936; x_wconf 85' lang='lat' dir='ltr'><strong>verissime.</strong></span> <span class='ocrx_word' id='word_1_744' title='bbox 2465 4880 2662 4933; x_wconf 85' lang='lat' dir='ltr'><strong>melius</strong></span> <span class='ocrx_word' id='word_1_745' title='bbox 2697 4889 2784 4933; x_wconf 90' lang='lat' dir='ltr'><strong>est</strong></span> <span class='ocrx_word' id='word_1_746' title='bbox 2829 4879 3056 4934; x_wconf 88' lang='lat' dir='ltr'><strong>obedire</strong></span> <span class='ocrx_word' id='word_1_747' title='bbox 3083 4897 3250 4950; x_wconf 85' lang='lat' dir='ltr'><strong>quam</strong></span> <span class='ocrx_word' id='word_1_748' title='bbox 3291 4881 3601 4938; x_wconf 81' lang='lat' dir='ltr'><strong>sacriﬁcare.</strong></span> <span class='ocrx_word' id='word_1_749' title='bbox 3630 4881 3678 4930; x_wconf 81' lang='lat' dir='ltr'><strong>et</strong></span> 
     </span>
    </p>
   </div>
   <div class='ocr_carea' id='block_1_110' title="bbox 2121 4967 3676 5040">
    <p class='ocr_par' dir='ltr' id='par_1_110' title="bbox 2121 4967 3676 5040">
     <span class='ocr_line' id='line_1_110' title="bbox 2121 4967 3676 5040; baseline -0.014 -2"><span class='ocrx_word' id='word_1_750' title='bbox 2121 4967 2216 5038; x_wconf 83' lang='lat' dir='ltr'><strong>qui</strong></span> <span class='ocrx_word' id='word_1_751' title='bbox 2249 4968 2387 5038; x_wconf 68' lang='lat' dir='ltr'><strong>patri</strong></span> <span class='ocrx_word' id='word_1_752' title='bbox 2423 4985 2530 5021; x_wconf 85' lang='lat' dir='ltr'><strong>nnn</strong></span> <span class='ocrx_word' id='word_1_753' title='bbox 2561 4967 2747 5022; x_wconf 86' lang='lat' dir='ltr'><strong>obedit</strong></span> <span class='ocrx_word' id='word_1_754' title='bbox 2777 4969 3078 5037; x_wconf 89' lang='lat' dir='ltr'><strong>spirituuli.</strong></span> <span class='ocrx_word' id='word_1_755' title='bbox 3115 4970 3414 5024; x_wconf 86' lang='lat' dir='ltr'><strong>Samuhele</strong></span> <span class='ocrx_word' id='word_1_756' title='bbox 3441 4967 3676 5040; x_wconf 75' lang='lat' dir='ltr'><strong>propheta</strong></span> 
     </span>
    </p>
   </div>
   <div class='ocr_carea' id='block_1_111' title="bbox 2120 5055 3667 5128">
    <p class='ocr_par' dir='ltr' id='par_1_111' title="bbox 2120 5055 3667 5128">
     <span class='ocr_line' id='line_1_111' title="bbox 2120 5055 3667 5128; baseline -0.002 -19"><span class='ocrx_word' id='word_1_757' title='bbox 2120 5057 2373 5119; x_wconf 80' lang='lat' dir='ltr'><strong>docente,</strong></span> <span class='ocrx_word' id='word_1_758' title='bbox 2405 5056 2702 5111; x_wconf 87' lang='lat' dir='ltr'><strong>didicimus</strong></span> <span class='ocrx_word' id='word_1_759' title='bbox 2734 5057 2868 5128; x_wconf 89' lang='lat' dir='ltr'><strong>quia</strong></span> <span class='ocrx_word' id='word_1_760' title='bbox 2901 5058 3070 5111; x_wconf 85' lang='lat' dir='ltr'><strong>thura</strong></span> <span class='ocrx_word' id='word_1_761' title='bbox 3110 5059 3362 5112; x_wconf 86' lang='lat' dir='ltr'><strong>immolat</strong></span> <span class='ocrx_word' id='word_1_762' title='bbox 3391 5058 3492 5111; x_wconf 85' lang='lat' dir='ltr'><strong>diis</strong></span> <span class='ocrx_word' id='word_1_763' title='bbox 3521 5055 3667 5116; x_wconf 81' lang='lat' dir='ltr'><strong>vanis,</strong></span> 
     </span>
    </p>
   </div>
   <div class='ocr_carea' id='block_1_112' title="bbox 2117 5145 3674 5218">
    <p class='ocr_par' dir='ltr' id='par_1_112' title="bbox 2117 5145 3674 5218">
     <span class='ocr_line' id='line_1_112' title="bbox 2117 5145 3674 5218; baseline -0.001 -22"><span class='ocrx_word' id='word_1_764' title='bbox 2117 5146 2266 5216; x_wconf 91' lang='lat' dir='ltr'><strong>quod</strong></span> <span class='ocrx_word' id='word_1_765' title='bbox 2288 5156 2370 5199; x_wconf 87' lang='lat' dir='ltr'><strong>est</strong></span> <span class='ocrx_word' id='word_1_766' title='bbox 2389 5147 2557 5199; x_wconf 90' lang='lat' dir='ltr'><strong>etiam</strong></span> <span class='ocrx_word' id='word_1_767' title='bbox 2575 5156 2892 5217; x_wconf 83' lang='lat' dir='ltr'><strong>apostatare</strong></span> <span class='ocrx_word' id='word_1_768' title='bbox 2909 5165 2940 5198; x_wconf 81' lang='lat' dir='ltr'><strong>a</strong></span> <span class='ocrx_word' id='word_1_769' title='bbox 2969 5153 3072 5200; x_wconf 69' lang='lat' dir='ltr'><strong>Iteo</strong></span> <span class='ocrx_word' id='word_1_770' title='bbox 3090 5154 3143 5200; x_wconf 88' lang='lat' dir='ltr'><strong>et</strong></span> <span class='ocrx_word' id='word_1_771' title='bbox 3163 5154 3445 5218; x_wconf 90' lang='lat' dir='ltr'><strong>peccatum</strong></span> <span class='ocrx_word' id='word_1_772' title='bbox 3462 5145 3674 5198; x_wconf 85' lang='lat' dir='ltr'><strong>ariolan-</strong></span> 
     </span>
    </p>
   </div>
   <div class='ocr_carea' id='block_1_113' title="bbox 2117 5231 3676 5305">
    <p class='ocr_par' dir='ltr' id='par_1_113' title="bbox 2117 5231 3676 5305">
     <span class='ocr_line' id='line_1_113' title="bbox 2117 5231 3676 5305; baseline -0.002 -18"><span class='ocrx_word' id='word_1_773' title='bbox 2117 5235 2168 5287; x_wconf 90' lang='lat' dir='ltr'><strong>di</strong></span> <span class='ocrx_word' id='word_1_774' title='bbox 2195 5253 2206 5292; x_wconf 89' lang='lat'><strong>:</strong></span> <span class='ocrx_word' id='word_1_775' title='bbox 2235 5266 2290 5274; x_wconf 86' lang='lat'><strong>-</strong></span> <span class='ocrx_word' id='word_1_776' title='bbox 2315 5235 2438 5288; x_wconf 87' lang='lat' dir='ltr'><strong>ideo</strong></span> <span class='ocrx_word' id='word_1_777' title='bbox 2467 5235 2707 5305; x_wconf 81' lang='lat' dir='ltr'><strong>denique.</strong></span> <span class='ocrx_word' id='word_1_778' title='bbox 2752 5236 2854 5288; x_wconf 89' lang='lat' dir='ltr'><strong>hoc</strong></span> <span class='ocrx_word' id='word_1_779' title='bbox 2884 5235 3116 5305; x_wconf 88' lang='lat' dir='ltr'><strong>impium</strong></span> <span class='ocrx_word' id='word_1_780' title='bbox 3147 5246 3204 5290; x_wconf 88' lang='lat' dir='ltr'><strong>et</strong></span> <span class='ocrx_word' id='word_1_781' title='bbox 3225 5235 3543 5290; x_wconf 73' lang='lat' dir='ltr'><strong>detestabile</strong></span> <span class='ocrx_word' id='word_1_782' title='bbox 3569 5231 3676 5286; x_wconf 79' lang='lat' dir='ltr'><strong>faci-</strong></span> 
     </span>
    </p>
   </div>
   <div class='ocr_carea' id='block_1_114' title="bbox 2117 5322 3673 5394">
    <p class='ocr_par' dir='ltr' id='par_1_114' title="bbox 2117 5322 3673 5394">
     <span class='ocr_line' id='line_1_114' title="bbox 2117 5322 3673 5394; baseline -0.004 -17"><span class='ocrx_word' id='word_1_783' title='bbox 2117 5341 2223 5377; x_wconf 86' lang='lat' dir='ltr'><strong>nus</strong></span> <span class='ocrx_word' id='word_1_784' title='bbox 2270 5324 2607 5376; x_wconf 81' lang='lat' dir='ltr'><strong>omnimodis</strong></span> <span class='ocrx_word' id='word_1_785' title='bbox 2653 5340 2848 5378; x_wconf 78' lang='lat' dir='ltr'><strong>cavere</strong></span> <span class='ocrx_word' id='word_1_786' title='bbox 2899 5326 3150 5394; x_wconf 87' lang='lat' dir='ltr'><strong>cupiens.</strong></span> <span class='ocrx_word' id='word_1_787' title='bbox 3191 5333 3485 5394; x_wconf 83' lang='lat' dir='ltr'><strong>sancteque</strong></span> <span class='ocrx_word' id='word_1_788' title='bbox 3511 5322 3673 5390; x_wconf 80' lang='lat' dir='ltr'><strong>aliquo</strong></span> 
     </span>
    </p>
   </div>
   <div class='ocr_carea' id='block_1_115' title="bbox 2118 5411 3670 5486">
    <p class='ocr_par' dir='ltr' id='par_1_115' title="bbox 2118 5411 3670 5486">
     <span class='ocr_line' id='line_1_115' title="bbox 2118 5411 3670 5486; baseline -0.001 -22"><span class='ocrx_word' id='word_1_789' title='bbox 2118 5413 2380 5486; x_wconf 55' lang='lat' dir='ltr'><strong>modoyel</strong></span> <span class='ocrx_word' id='word_1_790' title='bbox 2411 5413 2802 5482; x_wconf 84' lang='lat' dir='ltr'><strong>cooperationc</strong></span> <span class='ocrx_word' id='word_1_791' title='bbox 2831 5413 3156 5467; x_wconf 49' lang='lat' dir='ltr'><strong>t‘lesiderans</strong></span> <span class='ocrx_word' id='word_1_792' title='bbox 3199 5422 3252 5467; x_wconf 89' lang='lat' dir='ltr'><strong>et</strong></span> <span class='ocrx_word' id='word_1_793' title='bbox 3278 5430 3402 5466; x_wconf 81' lang='lat' dir='ltr'><strong>vere</strong></span> <span class='ocrx_word' id='word_1_794' title='bbox 3437 5411 3670 5465; x_wconf 89' lang='lat' dir='ltr'><strong>meritum</strong></span> 
     </span>
    </p>
   </div>
   <div class='ocr_carea' id='block_1_116' title="bbox 2111 5499 3673 5574">
    <p class='ocr_par' dir='ltr' id='par_1_116' title="bbox 2111 5499 3673 5574">
     <span class='ocr_line' id='line_1_116' title="bbox 2111 5499 3673 5574; baseline -0.003 -20"><span class='ocrx_word' id='word_1_795' title='bbox 2111 5499 2468 5563; x_wconf 50' lang='lat' dir='ltr'><strong>obedientieu.</strong></span> <span class='ocrx_word' id='word_1_796' title='bbox 2497 5503 2849 5572; x_wconf 81' lang='lat' dir='ltr'><strong>postmodum</strong></span> <span class='ocrx_word' id='word_1_797' title='bbox 2885 5503 3098 5572; x_wconf 86' lang='lat' dir='ltr'><strong>prefato</strong></span> <span class='ocrx_word' id='word_1_798' title='bbox 3117 5512 3270 5574; x_wconf 86' lang='lat' dir='ltr'><strong>patre</strong></span> <span class='ocrx_word' id='word_1_799' title='bbox 3290 5509 3346 5556; x_wconf 89' lang='lat' dir='ltr'><strong>et</strong></span> <span class='ocrx_word' id='word_1_800' title='bbox 3359 5500 3572 5570; x_wconf 70' lang='lat' dir='ltr'><strong>reliquis</strong></span> <span class='ocrx_word' id='word_1_801' title='bbox 3597 5513 3673 5550; x_wconf 86' lang='lat' dir='ltr'><strong>se-</strong></span> 
     </span>
    </p>
   </div>
   <div class='ocr_carea' id='block_1_117' title="bbox 2109 5588 3669 5664">
    <p class='ocr_par' dir='ltr' id='par_1_117' title="bbox 2109 5588 3669 5664">
     <span class='ocr_line' id='line_1_117' title="bbox 2109 5588 3669 5664; baseline -0.003 -19"><span class='ocrx_word' id='word_1_802' title='bbox 2109 5590 2380 5658; x_wconf 83' lang='lat' dir='ltr'><strong>nioribus,</strong></span> <span class='ocrx_word' id='word_1_803' title='bbox 2436 5591 2659 5664; x_wconf 85' lang='lat' dir='ltr'><strong>suscepi</strong></span> <span class='ocrx_word' id='word_1_804' title='bbox 2704 5591 3076 5648; x_wconf 83' lang='lat' dir='ltr'><strong>libentissime</strong></span> <span class='ocrx_word' id='word_1_805' title='bbox 3113 5592 3282 5663; x_wconf 54' lang='lat' dir='ltr'><strong>huius</strong></span> <span class='ocrx_word' id='word_1_806' title='bbox 3322 5588 3503 5662; x_wconf 80' lang='lat' dir='ltr'><strong>operis</strong></span> <span class='ocrx_word' id='word_1_807' title='bbox 3541 5599 3669 5642; x_wconf 74' lang='lat' dir='ltr'><strong>onus</strong></span> 
     </span>
    </p>
   </div>
  </div>
