3972 6172
270 307 406 367 1ω5

729 304 1081 363 GREGORII
1118 301 1451 360 MONACHI
1488 302 2009 373 PREFATIONES
2045 302 2144 359 AD
2181 302 2659 359 CHARTABIUM
2694 301 3087 361 FARFENSE.

3409 302 3548 362 1306

264 432 610 506 jnbentibus.
643 432 800 497 Quod
831 431 961 485 licet
1009 429 1142 485 mihi
1191 427 1535 500 impossibile
1582 428 2032 488 videatur.Avel
2075 399 2411 500 ubicumque
2454 429 2758 499 acquisitas
2805 429 3167 491 inseruimus.
3232 434 3289 485 et
3328 446 3423 484 eas
3471 429 3544 485 ad

268 533 452 576 tamen
480 521 611 592 quia
639 528 838 575 cunrta
872 537 1031 589 posse
1071 518 1349 572 credimus
1382 516 1579 577 Deum.
1611 516 1705 587 qui
1739 532 1862 569 mu-

267 617 385 664 tum
418 611 626 664 animal
655 610 784 662 olim
819 609 1062 663 humana
1096 608 1196 662 fari
1243 608 1503 679 praecepit
1533 606 1730 671 verba;
1762 622 1863 659 sue

268 701 383 772 ipse
405 717 577 755 causa
608 699 801 755 Matris
838 699 1220 769 integerrime.
1266 699 1409 752 valet
1462 698 1595 751 mihi
1644 696 1862 751 miseri-

269 791 510 845 corditer
530 790 794 848 tribuere.
824 795 889 843 vt
907 791 974 842 ad
1008 790 1128 859 ejus
1155 790 1356 842 domus
1380 786 1860 858 recuperationem

269 880 546 951 peﬂiciam
598 879 855 932 utillime.
912 878 1062 932 Nihil
1117 878 1618 948 quippevmearum
1673 875 1859 929 sentio

267 968 488 1030 virium,
530 969 625 1021 sed
657 984 719 1020 ex
747 966 840 1020 Dei
873 967 1106 1020 caritate
1136 968 1184 1036 ej
1216 984 1371 1037 -sque
1390 966 1668 1036 adjutorio
1694 964 1862 1018 conli-

268 1056 421 1113 dens.
467 1073 565 1127 per
595 1056 823 1109 domine
854 1063 1046 1109 nostre
1071 1056 1475 1125 gloriosissime
1506 1054 1862 1109 intercessio-

268 1161 413 1206 nem,
450 1152 510 1199 ut
540 1146 698 1198 valde
718 1144 976 1197 devotum
1003 1144 1280 1215 nimisque
1313 1146 1617 1214 proﬁcuum
1644 1144 1862 1197 lidelius

268 1240 324 1290 et
345 1235 531 1288 verius
564 1236 833 1304 perlicere.
867 1233 1187 1287 studuimus
1225 1250 1364 1305 Opus
1413 1234 1701 1288 attentius.
1738 1233 1860 1287 Non

269 1324 411 1395 quod
425 1325 530 1378 sim
552 1324 834 1378 sufﬁciens
860 1323 913 1377 in
934 1324 1302 1378 emendandis
1318 1324 1571 1394 partibus
1583 1322 1862 1393 corruptis

268 1413 590 1473 rhetorices.
624 1413 722 1467 sed
741 1414 905 1482 juxta
935 1430 1057 1466 mee
1078 1413 1367 1467 scientiole
1393 1413 1863 1483 parvitatem.que

269 1502 414 1556 ultra
448 1502 676 1556 modum
710 1503 935 1555 contusa
958 1501 1292 1557 videbantur
1334 1501 1523 1556 studui
1560 1501 1858 1571 corrigere,
1891 1576 1895 1581 Ι

270 1604 376 1643 non
416 1594 635 1643 tantum
658 1589 895 1660 plenius,
926 1606 992 1642 ne
1018 1589 1162 1643 forte
1188 1590 1467 1645 videretur
1494 1589 1860 1661 simplicibus,

272 1679 415 1749 quod
461 1678 783 1733 chartarum
829 1678 1265 1733 confunderetur
1311 1679 1491 1749 prime
1538 1695 1648 1750 qua
1714 1681 1859 1735 edita

269 1777 399 1821 sunt
447 1766 710 1822 editionis
757 1774 1062 1839 respectus.
1110 1768 1177 1822 Et
1225 1768 1465 1822 maxime
1504 1768 1637 1838 quia
1676 1785 1785 1823 non
1828 1786 1860 1823 a

267 1856 445 1911 turbis
477 1865 726 1911 remotus
754 1857 1007 1911 clanculo
1038 1857 1154 1911 sedi
1181 1858 1353 1922 solus,
1388 1865 1453 1912 ut
1473 1858 1744 1912 attentius
1774 1858 1860 1911 in-

269 1948 525 2002 sisterem
548 1948 735 2019 quiete
767 1947 1059 2011 vacationi,
1091 1948 1185 2001 sed
1218 1947 1275 2001 in
1318 1948 1611 2018 propatulo
1650 1948 1858 2001 consti-

261 2040 439 2101 tutus,
472 2037 555 2090 vix
577 2038 990 2107 aliquantulum
1013 2054 1134 2090 esse
1164 2036 1307 2090 valui
1338 2037 1581 2106 quietus.
1599 2045 1654 2090 ut
1676 2038 1860 2107 gratia

260 2124 585 2179 solitudinis
610 2125 770 2179 decet
798 2126 901 2178 hoc
928 2142 1087 2196 opus.
1122 2127 1315 2197 Neque
1346 2126 1493 2179 enim
1525 2126 1593 2179 ad
1628 2127 1732 2180 hoc
1773 2144 1860 2182 me

262 2213 526 2266 idoneum
567 2213 706 2266 satis
745 2215 861 2266 tore
904 2213 1198 2284 perspicio.
1234 2214 1362 2284 quia
1410 2230 1519 2267 non
1558 2213 1613 2267 in
1658 2215 1861 2269 scholis

264 2301 522 2356 eruditus
544 2319 668 2355 sum
703 2310 1011 2372 p0etarum.
1047 2319 1227 2373 neque
1257 2302 1634 2373 profunditate
1663 2304 1858 2358 doctus

261 2408 383 2445 sum
413 2391 930 2461 grammaticorum.
966 2391 1057 2445 sed
1099 2392 1169 2444 ab
1216 2390 1349 2462 ipsis
1398 2408 1537 2462 pene
1585 2393 1859 2446 cunabilis

258 2480 313 2534 in
346 2481 514 2549 hujus
550 2480 701 2533 scola
731 2480 909 2534 sancti
933 2480 1166 2533 cmnobii
1193 2480 1394 2534 divinis
1420 2481 1664 2535 solertiis
1686 2481 1860 2535 nutri-

261 2573 382 2626 tus.
425 2569 635 2639 Deique
675 2569 832 2623 lactis
853 2569 1155 2624 Genitricis
1204 2570 1482 2640 sapientia
1518 2587 1643 2623 sum
1692 2570 1860 2624 alitus

263 2658 438 2711 ﬁdeli.
472 2656 669 2729 Itaque
693 2658 855 2711 sicuti
898 2659 1031 2712 mihi
1062 2675 1094 2711 a
1117 2659 1363 2729 predicto
1397 2658 1599 2712 abbate
1633 2666 1690 2713 et
1727 2659 1859 2712 reli-

263 2748 390 2818 quis
414 2747 633 2815 jussum
668 2757 753 2801 est
778 2747 1055 2817 religiosis
1082 2748 1413 2807 senioribus.
1435 2748 1650 2801 nihilex
1669 2765 1858 2818 respe-

264 2842 461 2905 spectu
488 2835 809 2889 chartarum
844 2853 906 2889 ex
940 2836 1025 2889 his
1053 2852 1173 2901 quae
1192 2835 1297 2888 vidi
1316 2836 1510 2899 minui,
1530 2836 1782 2907 nihilque
1803 2837 1860 2891 in

260 2940 453 2978 rerum
486 2925 855 2978 translatione
884 2924 1087 2979 adauxi
1113 2943 1126 2991 ;
1158 2924 1253 2979 sed
1285 2925 1365 2979 uti
1406 2933 1539 2979 tunc
1565 2943 1689 2980 cum
1720 2927 1860 2980 scri-

262 3011 455 3067 berem
502 3013 676 3067 oculis
733 3013 1007 3085 perspexi.
1043 3020 1099 3067 et
1144 3024 1396 3086 respectu
1435 3031 1634 3086 capere
1679 3015 1856 3069 veraci

257 3102 439 3174 potui.
476 3102 782 3156 rescribere
817 3103 1024 3158 studui.
1060 3111 1248 3173 preter
1276 3103 1567 3157 verborum
1616 3104 1858 3175 prolian

258 3190 607 3261 inutilesque
637 3191 1102 3262 reciprocationes
1141 3199 1199 3246 et
1233 3200 1545 3247 transactas
1588 3210 1858 3264 quorum-

256 3279 386 3334 dam
428 3279 838 3349 obligationes.
892 3280 1147 3335 videlicet
1191 3298 1261 3335 ne
1302 3281 1559 3351 plurimis
1610 3282 1855 3353 partium

254 3368 712 3439 corruptionibus
740 3369 832 3423 diu
850 3369 1135 3440 fatigatus.
1155 3374 1213 3424 et
1240 3370 1296 3423 in
1326 3370 1619 3424 scribendo
1637 3370 1857 3440 longius

254 3456 614 3521 immoratus,
648 3459 904 3512 volumen
943 3459 1220 3513 efﬁcerem
1253 3459 1471 3514 tardius
1504 3460 1555 3513 ei
1602 3460 1855 3515 fastidio—

254 3563 401 3611 sum,
436 3546 804 3617 ineptumque
831 3547 900 3600 ad
936 3548 1854 3615 perscrutandum,etimmensum.

252 3634 511 3689 Veritate
540 3651 672 3705 ergo
704 3652 888 3689 rerum
922 3651 1332 3705 causarumque
1373 3636 1595 3690 utilium
1646 3635 1860 3689 solum-

253 3725 422 3779 modo
444 3733 762 3779 contentus.
797 3725 988 3779 solerti
1022 3725 1324 3796 subtilique
1353 3725 1657 3795 sagacitate
1704 3743 1857 3779 vera—

251 3814 545 3868 cissimum
586 3814 797 3884 absque
846 3814 1034 3885 aliqua
1070 3814 1285 3870 fraude.
1318 3815 1541 3868 Christo
1592 3814 1855 3885 propitio,

251 3905 492 3974 ejusque
526 3901 828 3957 Genitricis
861 3890 1141 3974 perpetuae
1174 3903 1405 3973 virginis
1433 3906 1593 3973 cujus
1615 3912 1672 3957 et
1693 3920 1861 3957 causa

250 3992 541 4061 suffragiis
572 3992 818 4061 adjutus.
851 3992 954 4045 hoc
986 3993 1251 4063 perﬁcere
1306 3992 1495 4046 studui
1538 4009 1679 4059 opus
1733 3992 1861 4046 Sin-

251 4081 403 4151 gulis
426 4079 600 4134 etiam
623 4078 803 4133 scedis
842 4081 1186 4134 cartularum
1230 4081 1459 4134 nomina
1495 4082 1721 4135 testium
1774 4082 1860 4134 in-

249 4184 444 4223 serere
482 4168 819 4223 curavimus.
864 4168 1011 4222 sicut
1051 4168 1106 4222 in
1154 4168 1492 4222 authenticis
1539 4169 1749 4239 scripta
1777 4186 1861 4223 re-

249 4256 748 4327 perivimus.Quas
798 4274 924 4311 vero
968 4257 1361 4327 antiquissima
1409 4264 1685 4311 vetustate
1733 4274 1861 4311 con-

248 4353 483 4415 sumpta
509 4355 565 4397 et
590 4360 624 4397 a
651 4345 928 4398 vermibus
968 4346 1367 4425 peispeximus.
1393 4363 1637 4400 col-rosa.
1690 4356 1859 4417 atque

246 4434 319 4487 ad
350 4433 692 4502 capiendum
728 4434 1075 4493 difﬁcillima.
1130 4452 1272 4504 equo
1311 4435 1525 4505 judicio
1567 4436 1857 4490 «mnsimus

245 4521 491 4584 intacta,
526 4522 778 4575 nolentes
810 4522 916 4575 nisi
936 4539 1043 4593 que
1064 4522 1239 4576 oculis
1267 4524 1474 4577 clarius
1517 4523 1855 4578 decerneba-

244 4625 402 4673 mus,
442 4611 525 4662 vel
568 4611 855 4664 intellectu
898 4627 1098 4682 capere
1143 4613 1321 4666 veraci
1372 4621 1713 4684 poteramus,
1747 4614 1857 4667 huc

241 4704 361 4752 tam
401 4699 764 4754 meritissimo
794 4700 1041 4755 inserere
1068 4702 1355 4772 opusculo.

315 4787 626 4852 Quatinus.
685 4789 830 4843 sicut
879 4789 1224 4844 verissimam
1292 4807 1478 4845 rerum
1521 4791 1856 4862 ﬁdelemque

238 4878 685 4932 translationem
718 4885 916 4932 nactus
945 4895 1069 4932 sum
1099 4880 1483 4939 transducere.
1505 4881 1585 4934 sic
1605 4898 1856 4935 meorum

239 4967 630 5023 certissimam
664 4984 697 5020 a
730 4968 840 5021 Deo
871 4968 1276 5039 omnipotente.
1302 4986 1399 5040 per
1425 4971 1650 5024 domine
1671 4977 1857 5025 nostre

235 5057 740 5122 intercessionem,
771 5074 990 5111 merear
1019 5058 1405 5112 remissionem
1422 5059 1751 5113 delictorum
1779 5078 1860 5115 re-

236 5148 463 5219 cipere.
501 5145 752 5215 meisque
797 5146 1121 5216 parentibus
1172 5155 1497 5219 perpetuam
1548 5149 1857 5203 mercedem

234 5236 566 5309 acquirere.
602 5236 772 5289 Porro
806 5236 933 5289 huic
965 5235 1104 5291 libro
1125 5238 1631 5308 gemniagraphum
1657 5255 1858 5294 nomrn

235 5326 654 5396 imposuimus,
698 5324 748 5377 id
782 5332 865 5379 est
898 5326 1223 5380 memoriam
1256 5326 1647 5398 descriptionis
1680 5334 1860 5381 terra-

235 5432 404 5482 rum,
436 5413 574 5485 quia
610 5415 669 5468 in
699 5431 765 5469 eo
795 5416 964 5488 hujus
980 5416 1197 5470 cenobii
1224 5425 1403 5472 terras
1430 5434 1466 5471 a
1487 5434 1857 5488 quocumque,

1945 535 2168 588 semper
2186 519 2605 571 memorandum
2626 518 2682 572 in
2700 535 2810 572 uno
2833 520 3111 573 volumine
3125 520 3547 590 comprehendi-

1946 624 2086 660 mus.
2128 607 2532 661 Placuitrtiam
2580 607 2735 660 nobis
2768 615 2823 661 et
2861 609 3318 663 cleronomialem
3361 609 3412 662 id
3458 614 3545 664 est

1945 696 2314 751 hereditatem
2378 697 2746 767 pharphensis
2793 701 2914 767 (sic)
2956 698 3186 752 ecclesie
3245 698 3539 769 appellari,

1945 786 2208 855 quoniam
2251 785 2503 856 proprias
2533 785 2706 856 ipsius
2735 787 3049 841 immobiles
3070 789 3139 841 ab
3173 788 3332 842 initio
3366 788 3540 842 libere

1943 874 2286 928 demonstrat
2322 875 2701 943 possessiones
2756 876 3186 947 Prescripsimus
3224 885 3411 931 autem
3445 893 3542 930 no-

1946 963 2097 1015 mina
2126 963 2371 1016 locorum
2405 964 2677 1027 omnium,
2701 965 3154 1035 quibussingulis
3189 966 3410 1037 propria
3442 983 3544 1021 nu-

1944 1069 2226 1105 merorum
2258 1053 2498 1123 capitula
2522 1052 2858 1111 addidimus.
2888 1055 3019 1108 etin
3040 1056 3300 1125 qualibus
3318 1055 3544 1125 Scriptis

1944 1158 2011 1195 ea
2054 1142 2302 1195 invenias
2344 1142 2707 1211 sagacissime
2756 1143 3087 1198 notavimus.
3143 1144 3303 1198 Prius
3343 1152 3537 1198 tamen

1945 1231 2133 1284 omnia
2163 1238 2422 1302 precepta
2450 1245 2513 1284 ac
2543 1232 2833 1303 privilegia
2861 1232 3112 1287 seriatim
3159 1233 3540 1288 ordinavimus

1946 1320 2049 1374 hoc
2072 1320 2233 1373 modo
2258 1337 2273 1372 :

2017 1409 2364 1463 Venerabilis
2415 1410 2590 1481 igitur
2624 1410 2708 1464 vir
2742 1410 3003 1465 dominus
3046 1412 3217 1480 hujus
3276 1410 3533 1477 coenobii,

1946 1499 2333 1553 sanctissimus
2350 1498 2522 1553 abbas
2566 1500 2927 1569 sagacissime
2967 1499 3025 1553 in
3076 1500 3163 1553 sui
3215 1508 3543 1571 augmenta-

1946 1586 2098 1641 tione
2146 1588 2492 1653 monasterii,
2551 1589 2923 1643 humanarum
2988 1605 3176 1642 rerum
3242 1587 3542 1659 divineque

1945 1692 2141 1729 norme
2186 1676 2465 1731 studebat.
2516 1678 2658 1731 Nam
2700 1694 2826 1731 cum
2890 1694 3016 1732 eum
3064 1677 3389 1741 Faroaldus,
3431 1677 3543 1731 dux

1878 1747 2285 1835 Bspoletanus,
2317 1766 2655 1821 admonente
2676 1766 2839 1821 beata
2884 1766 2983 1820 Dei
3027 1766 3298 1836 genitrice
3335 1764 3539 1834 Maria,

1944 1862 2136 1909 notum
2168 1854 2419 1917 haberet.
2452 1855 2524 1910 ad
2548 1872 2608 1909 se
2640 1856 2924 1927 Spoletum
2959 1855 3147 1909 venire
3186 1855 3420 1926 rogavit,
3448 1862 3542 1909 at-

1943 1959 2052 2013 que
2081 1944 2205 2014 ejus
2232 1944 2580 1998 orationibus
2608 1961 2669 1998 se
2713 1945 3109 1999 commendare
3156 1944 3394 2009 studuit,
3427 1944 3534 1999 ali-

1942 2037 2323 2101 quantamque
2349 2032 2706 2086 donationem
2738 2050 2837 2104 per
2863 2049 3027 2087 suum
3055 2039 3378 2104 preceptum
3408 2033 3540 2088 huic

1940 2119 2179 2172 contulit
2211 2121 2569 2174 monasterio.
2617 2123 2815 2192 Itaque
2860 2138 2986 2175 cum
3038 2121 3281 2192 plurima
3326 2120 3397 2175 ab
3441 2122 3538 2177 illo

1941 2208 2093 2261 edita
2124 2209 2251 2263 huic
2300 2210 2639 2265 monasterio
2693 2210 2997 2281 antiquiori
3044 2218 3378 2281 consumpta
3424 2210 3540 2266 sint

1941 2303 2217 2350 vetustate
2261 2306 2553 2369 praecepta.
2588 2305 2646 2353 et
2682 2317 2782 2370 per
2821 2300 3144 2353 monasterii
3191 2300 3538 2355 accidentem

1941 2384 2377 2441 destructionem
2410 2388 2670 2442 oblivioni
2713 2396 2847 2443 sunt
2890 2390 3116 2449 tradita.
3153 2390 3424 2444 hactenus
3454 2396 3538 2444 ta-

1943 2491 2071 2528 men
2097 2476 2379 2531 invenitur
2402 2494 2575 2531 unum
2608 2478 2887 2548 quoddam
2922 2496 3087 2549 parve
3113 2478 3400 2548 exemplar
3424 2478 3540 2550 epi-

1940 2564 2099 2625 stole,
2143 2565 2349 2619 domno
2391 2567 2632 2620 Johanni
2678 2565 2753 2619 VI
2794 2567 3050 2621 videlicet
3089 2567 3335 2637 pontiﬁci
3394 2567 3541 2623 dire-

1940 2660 2113 2711 ctum.
2143 2670 2253 2723 quo
2282 2670 2382 2708 sua
2415 2655 2717 2725 pontificali
2771 2656 3107 2709 auctoritate
3140 2656 3301 2710 istius
3340 2663 3543 2711 cuncta

1942 2741 2267 2794 monasterii
2295 2730 2653 2797 conﬁrmaret
2695 2758 2992 2813 praecepta,
3047 2743 3179 2797 olim
3221 2761 3254 2798 a
3300 2761 3360 2798 se
3408 2742 3540 2797 huic

1928 2831 2282 2885 monasterio
2307 2840 2364 2884 et
2385 2832 2599 2885 Thome
2627 2832 2929 2886 venerabili
2963 2832 3105 2903 patri
3154 2832 3327 2887 edita.
3356 2832 3533 2902 Cujus

1941 2916 2021 2971 ita
2049 2919 2335 2973 exordium
2368 2921 2557 2990 procul
2583 2920 2752 2975 dubio
2774 2921 2891 2974 fore
2910 2921 3176 2975 creditur.

2013 3008 2219 3075 Incipit
2247 3010 2483 3080 epistola
2498 3010 2721 3065 'domini
2755 3010 3009 3064 Faroaldi
3040 3010 3213 3064 ducis.

2012 3096 2249 3151 Domino
2277 3106 2470 3153 sancto
2491 3116 2556 3153 ac
2585 3106 2672 3153 ter
2699 3099 3039 3161 beatissimo,
3085 3104 3204 3153 toto
3243 3097 3363 3153 orbi
3398 3115 3538 3171 prae-

1940 3184 2182 3249 dicabili,
2215 3194 2272 3239 et
2302 3186 2462 3241 nobis
2510 3187 2565 3241 in
2607 3188 2827 3241 Christo
2884 3187 3036 3241 Patri
3081 3186 3298 3241 Domno
3335 3187 3537 3242 Jomm

1940 3290 2098 3344 papae
2127 3274 2457 3331 FAROALDUS
2481 3276 2631 3331 ﬁlius
2653 3288 2851 3330 vester.

2011 3365 2303 3418 credimus
2349 3374 2556 3421 sancta-3
2613 3366 2937 3437 paternitati
2986 3371 3167 3420 vestre
3208 3381 3320 3418 non
3357 3364 3534 3419 latere

1942 3451 2185 3520 qualiter
2206 3460 2433 3524 propter
2461 3454 2556 3508 hei
2588 3471 2861 3516 amorem,
2889 3454 2972 3508 vel
2995 3454 3362 3508 reverentiam
3404 3470 3536 3507 san-

1940 3548 2027 3592 cte
2049 3540 2223 3595 Marie
2251 3559 2474 3614 semper
2502 3542 2731 3613 virginis
2758 3543 3057 3597 Genitricis
3100 3542 3322 3596 Domini
3358 3541 3536 3596 nostri

1939 3626 1975 3681 J
1980 3645 2075 3682 esu
2107 3630 2334 3694 Christi,
2368 3632 2769 3687 monasterium
2799 3633 2853 3686 in
2870 3632 3153 3687 territorio
3171 3639 3361 3686 nostro
3384 3631 3540 3685 Sabi-

1939 3719 2096 3772 nensi
2120 3720 2450 3782 consistens,
2485 3739 2583 3792 per
2610 3722 2827 3793 aliquas
2867 3722 3198 3776 donationes
3225 3727 3447 3775 nostras
3477 3719 3538 3775 in

1940 3807 2262 3877 cespitibus,
2295 3810 2378 3862 vel
2403 3810 2597 3873 servis,
2630 3811 2713 3864 vel
2756 3811 2967 3864 colonis
2988 3811 3170 3867 locum
3213 3811 3395 3881 ipsum
3442 3825 3542 3881 per

1939 3896 2209 3951 Thomam
2257 3898 2537 3961 abbatem.
2583 3907 2640 3953 et
2676 3900 3116 3954 commenditum
3159 3909 3411 3954 nostrum
3456 3916 3541 3954 re-

1941 3975 2337 4050 stauravi'mus,
2369 3994 2427 4041 et
2457 3988 2527 4041 ibi
2560 4005 2658 4058 per
2684 3988 2941 4058 praecepti
2995 3988 3171 4042 nostri
3212 3989 3539 4042 firmitatem

1942 4074 2124 4128 locum
2153 4075 2336 4146 ipsum
2368 4076 2736 4131 venerabilem
2769 4076 3158 4130 stabilivimus.
3200 4075 3358 4130 Unde
3399 4076 3539 4131 utile

1945 4163 2318 4233 praavidimus,
2352 4172 2665 4235 presentem
2678 4174 2927 4219 nostram
2955 4164 3247 4235 epistolam
3266 4164 3336 4217 ad
3353 4171 3540 4219 vestra

1943 4267 2043 4320 per
2093 4252 2351 4306 eumdem
2403 4253 2676 4307 Thomam
2734 4252 3259 4323 dirigere'vestigia
3308 4258 3541 4323 propter

1874 4375 1924 4435 Β
1943 4339 2087 4409 quod
2130 4349 2410 4412 rogantes,
2441 4358 2505 4396 ac
2524 4342 2568 4396 si
2603 4342 3047 4412 praesentialiter.
3079 4341 3540 4396 obsecramus.ut

1940 4447 2039 4499 pro
2063 4431 2263 4484 tuturis
2281 4431 2627 4501 temporibus
2647 4439 2825 4485 vestra
2845 4430 3130 4485 beatitudo
3153 4447 3250 4502 pro
3264 4442 3539 4502 perpetua

1941 4519 2226 4585 ﬁrmitate,
2259 4520 2612 4591 privilegium
2641 4520 2694 4573 in
2721 4519 2947 4590 scriptis
2978 4519 3159 4574 eidem
3189 4520 3309 4574 loco
3351 4520 3537 4575 facere

1938 4609 2243 4679 praecipiat.
2276 4608 2379 4663 sub
2408 4626 2471 4663 ea
2512 4609 2723 4669 scilicet
2753 4609 2988 4669 ratione.
3021 4617 3085 4663 ut.
3110 4627 3231 4680 quze
3255 4626 3353 4664 nos
3374 4610 3540 4664 devo-

1938 4698 2159 4753 tissima
2190 4700 2472 4753 voluntate
2498 4709 2687 4752 sancte
2721 4697 2891 4753 Marie
2917 4698 3256 4752 monasterio
3289 4699 3534 4754 contuli-

1940 4805 2083 4844 mus.
2118 4787 2201 4842 vel
2234 4805 2332 4858 pro
2359 4788 2742 4842 consolatione
2773 4788 3218 4858 peregrinorum,
3255 4788 3339 4841 vel
3382 4787 3539 4843 utili-

1936 4883 2054 4932 tate
2096 4877 2300 4931 ibidem
2330 4877 2782 4937 deservientium.
2818 4877 3212 4939 con-:essimus,
3248 4878 3529 4948 inspectas

1938 4967 2089 5037 ipsas
2105 4965 2507 5037 perceptiones.
2539 4966 2634 5020 tali
2669 4966 2953 5036 privilegio
2996 4975 3177 5020 vestra
3224 4966 3536 5037 paternitas

1939 5065 2133 5110 sancta
2165 5057 2389 5110 firmare
2409 5056 2628 5126 jubeat.
2652 5062 2718 5110 ut
2739 5056 3047 5110 nullusalio
3069 5064 3319 5125 tempore
3343 5073 3392 5124 p'
3410 5070 3531 5107 esu-

1944 5154 2056 5198 mat
2087 5145 2304 5215 aliquas
2335 5144 2681 5205 insolentias.
2704 5151 2801 5198 aut
2821 5144 3211 5197 concussiones
3233 5143 3540 5202 facere.aut

1941 5235 2094 5305 ipsas
2125 5252 2213 5289 res
2250 5234 2319 5288 de
2349 5234 2468 5305 ipso
2511 5241 2703 5288 sam-to
2759 5234 2896 5294 loco.
2969 5240 3067 5285 aut
3111 5232 3180 5284 de
3232 5229 3535 5284 donatione

1944 5326 2190 5396 ipsorum
2215 5342 2500 5378 servorum
2531 5323 2625 5378 Dei
2653 5322 2905 5384 auferre;
2939 5327 2997 5374 et
3016 5320 3109 5389 qui
3155 5321 3254 5373 hec
3285 5335 3536 5388 presum-

1943 5416 2137 5490 pserit,
2168 5415 2272 5470 sub
2296 5412 2673 5470 anathematis
2704 5410 2921 5465 vinculo
2945 5419 3127 5463 vestra
3153 5408 3375 5462 almitas
3406 5424 3538 5463 eum
