3972 6172
263 244 412 303 1313

1759 247 2051 305 MUSIOA.

3402 247 3544 309 1314

256 367 1566 442 ﬁnaliumJIILgravium.IIII.ﬁnaIium.tertia
1582 380 1639 429 et
1651 379 1862 445 quarta
1879 374 1933 435 Α
1946 372 2394 443 gubernandum.
2425 372 2662 437 Quidam
2685 378 2917 427 cantant
2943 374 3096 428 illam
3121 375 3335 446 antiph.
3361 377 3547 445 Alliga

255 459 476 529 speciei
488 459 852 514 diatessaron.
868 461 1071 515 Eadem
1086 462 1434 517 diatessaron
1449 464 1697 534 specior-3
1709 482 1756 515 ’τέ
1775 480 1844 517 na

257 547 457 601 tivitas
474 561 557 603 est
581 550 632 603 in
647 551 1000 620 capulatione
1015 568 1078 604 su
1089 552 1367 621 periorum
1389 562 1444 606 et
1455 552 1840 607 excellentium
1852 595 1864 608 .

259 644 326 690 et.
347 643 461 690 tam
486 639 729 692 naturali
748 639 943 693 ordine
966 640 1131 701 idem,
1153 650 1207 695 ut
1232 640 1301 694 de
1319 642 1515 712 primis
1538 643 1559 695 Ι
1598 640 1675 696 ΙΙ.
1697 642 1766 695 de
1786 658 1869 695 se-

256 727 467 781 cundis
489 726 564 781 III
591 727 774 783 etlIll
821 728 891 782 de
925 729 1125 783 tertiis.
1146 746 1212 783 ac
1252 731 1448 800 martis
1489 732 1754 801 procedat
1780 750 1790 784 :
1812 738 1869 785 et

260 815 372 869 hoc
387 817 725 880 necessario.
743 817 872 887 quia
891 834 953 870 su
963 817 1243 888 periorum
1265 826 1322 874 et
1342 819 1730 874 excellentium
1752 821 1866 875 col-

258 903 405 958 latio
423 904 563 959 nihil
586 906 836 960 estaliud
861 923 1030 977 quam
1050 908 1364 963 collationis
1381 910 1636 979 gravium
1655 917 1712 963 et
1732 911 1866 963 fina-

257 993 407 1049 lium
433 994 711 1065 repetitio.
747 995 904 1050 Unde
934 1004 1020 1050 est
1054 1014 1297 1056 necesse.
1332 1008 1396 1053 ut
1420 998 1683 1069 quicquid
1718 999 1867 1053 inter

260 1100 469 1155 graves
487 1092 543 1138 et
563 1084 778 1145 finales.
796 1084 977 1156 idipsu
987 1103 1037 1138 m
1062 1086 1162 1140 fiat
1189 1085 1337 1141 inter
1355 1088 1673 1159 superiores
1694 1096 1750 1142 et
1769 1105 1864 1143 ex-

262 1174 569 1228 cellentes:
594 1174 730 1243 quia
742 1172 887 1228 sicut
902 1172 1114 1228 eadem
1134 1177 1453 1247 superiores
1487 1193 1613 1247 qua
1642 1193 1862 1247 graves,

263 1264 353 1317 ita
366 1273 499 1317 sunt
521 1263 731 1318 eadem
742 1264 1098 1331 excellentes,
1114 1282 1238 1336 qua
1257 1266 1290 1319 fi
1300 1266 1472 1321 nales.

268 1371 429 1436 Quod
454 1372 797 1425 diatessaron
836 1378 887 1423 et
930 1372 1183 1439 diapente
1206 1375 1356 1426 inter
1382 1374 1601 1427 diversa
1624 1378 1867 1427 constent

891 1444 1257 1497 tetrachorda.

310 1516 317 1520 ’
343 1528 558 1584 Omnes
577 1546 714 1601 ergo
742 1529 872 1585 IIII.
895 1532 1158 1603 diapente
1178 1533 1393 1603 species
1413 1533 1488 1586 ita
1510 1533 1659 1587 inter
1672 1535 1867 1588 ﬁnales

268 1625 539 1673 constant
552 1626 608 1673 et
627 1621 967 1690 superiores,
993 1622 1138 1675 sicut
1157 1639 1352 1676 omnes
1371 1623 1741 1679 diatessaron.
1768 1630 1868 1677 aut

1953 466 2181 517 Domine
2210 467 2265 515 in
2300 466 2555 526 vinculis,
2574 481 2761 517 secum
2788 464 2971 518 finalis
2994 465 3437 520 convenientiam
3469 466 3553 520 in-

1950 551 2220 621 cipientes
2250 569 2372 605 eam
2403 552 2458 605 in
2489 552 2536 606 G
2572 553 2667 607 sed
2687 554 2820 623 quia
2848 554 3094 608 defectus
3124 555 3368 609 occurrit
3381 556 3551 609 chor-

1948 641 2148 695 darum
2183 648 2243 695 ut
2272 644 2481 695 cantari
2509 659 2615 695 non
2650 642 2841 713 possit.
2860 644 3171 713 cogitemus
3200 661 3323 697 eam
3348 651 3447 698 aut
3462 661 3552 698 se-

1949 732 2193 786 cundum
2226 731 2397 785 alium
2421 732 2645 783 modum
2664 732 3036 801 jubilandam.
3062 739 3162 787 aut
3184 734 3405 804 penitus
3426 750 3548 788 esse

1951 820 2275 874 mendosam
2328 820 2435 874 Sed
2464 820 2660 874 falsam
2693 838 2814 875 esse
2845 822 3030 875 dicere
3063 824 3218 893 prius
3238 840 3349 877 non
3379 822 3547 878 debe-

1951 925 2093 967 mus.
2119 926 2286 979 quam
2309 909 2618 962 secundum
2652 910 2903 964 omnium
2938 913 3189 966 finalium
3216 913 3551 967 convenieno

1946 997 2083 1052 tiam
2118 998 2448 1069 incipientes
2496 999 2869 1069 exploremus.
2910 1000 2955 1054 si
2995 1000 3048 1054 in
3091 1000 3207 1055 ullo
3251 1001 3545 1055 modorum

1948 1088 2273 1142 inoffensam
2310 1087 2654 1158 reperiamus
2675 1105 2796 1142 eam
2823 1089 3177 1145 :sicutistam
3199 1092 3362 1158 juxta
3383 1091 3549 1162 primi

1946 1176 2131 1231 ﬁnalis
2165 1177 2609 1232 convenientiam
2643 1177 2969 1232 inchoantes
2992 1179 3046 1232 in
3074 1179 3130 1233 F.
3148 1180 3270 1235 sine
3285 1180 3549 1235 seandalo

1946 1266 2422 1338 percantabimus.
2462 1267 2554 1321 Est
2587 1284 2809 1338 quoque
2851 1268 3175 1338 principalis
3207 1269 3277 1322 ob
3317 1269 3420 1324 hoc
3459 1268 3548 1323 di-

1948 1354 2145 1418 cenda,
2169 1355 2315 1423 quod
2334 1354 2554 1409 initium
2578 1356 3241 1429 cantusprincipiumque
3268 1375 3379 1412 non
3410 1374 3551 1412 nun-

1950 1460 2117 1514 quam
2148 1444 2395 1514 procedit
2418 1461 2482 1498 ex
2517 1444 2633 1507 illa.
2673 1452 2751 1500 ut.
2774 1446 2901 1499 Ecce
2921 1463 3119 1501 nomen
3147 1449 3391 1501 Domini.
3425 1448 3553 1501 Ecce

1949 1534 2012 1585 in
2037 1534 2273 1586 nubi/ms
2297 1536 2432 1586 ca'li.
2465 1534 2588 1587 Ecce
2614 1537 2789 1587 veniet
2822 1536 2961 1588 Deus
2984 1541 3033 1588 et
3057 1535 3233 1596 homo,
3259 1539 3375 1589 leva
3392 1538 3552 1590 Jeru-

1948 1625 2139 1678 sa'em,
2174 1626 2232 1675 et
2250 1620 2361 1675 alia
2393 1620 2839 1685 innumerabilia.
2875 1640 2998 1690 qua
3039 1624 3109 1677 ad
3156 1624 3550 1694 reperiendum

265 1707 423 1762 inter
447 1725 648 1779 graves
689 1715 750 1763 et
792 1710 1008 1773 tinales,
1052 1718 1152 1764 aut
1195 1711 1343 1765 inter
1382 1712 1706 1782 superiores
1733 1730 1868 1767 con-
1891 1734 1928 1789 ις
1950 1717 2080 1763 sunt
2110 1710 2456 1779 planissima.
2495 1713 2587 1764 Est.
2615 1711 2937 1782 principalis
2962 1713 3092 1783 quia
3123 1712 3551 1769 distinctionum

267 1796 484 1851 sistunt
502 1798 923 1858 etexcellentes.
949 1799 1259 1868 eodemque
1290 1800 1486 1853 ordine
1520 1800 1868 1871 disponentis

268 1896 497 1940 natura
521 1891 586 1940 ut
614 1885 657 1940 Ι.
695 1888 765 1941 de
800 1887 1014 1958 primis.
1056 1894 1111 1942 et
1142 1889 1405 1960 qualibet
1433 1890 1648 1962 species
1680 1890 1750 1944 de
1781 1890 1869 1944 sui

270 1975 530 2030 nominis
557 1984 776 2030 constet
804 1977 1029 2031 chordis
1057 1995 1121 2032 ac
1146 1978 1369 2032 litteris.

272 2081 432 2147 Quod
470 2086 532 2136 in
562 2086 689 2138 locis
708 2086 1053 2139 diatessaron
1082 2086 1333 2153 diapente
1367 2102 1478 2140 non
1521 2088 1865 2147 inveniatur,

527 2170 624 2209 nec
647 2158 987 2210 diatessaron
1020 2159 1081 2209 in
1115 2158 1331 2211 sedibus
1349 2159 1619 2226 diapente.

348 2242 666 2297 Admodum
695 2244 951 2299 naturale
972 2262 1094 2299 esse.
1109 2246 1532 2316 generationem
1565 2247 1872 2318 specierum

270 2332 429 2386 inter
461 2349 661 2404 graves
682 2350 747 2388 ac
771 2335 986 2396 ﬁnales.
1010 2341 1067 2389 et
1084 2335 1232 2389 inter
1252 2336 1571 2407 superiores
1600 2353 1666 2391 ac
1693 2337 1873 2390 excel-

273 2422 495 2489 lentes;
524 2422 790 2494 diapente
817 2433 1007 2479 autem
1042 2425 1352 2496 specierum
1397 2425 1546 2479 inter
1590 2427 1786 2481 ﬂnales
1822 2431 1875 2480 et

275 2510 601 2581 superiores
619 2514 930 2567 naturalem
950 2529 1071 2567 esse
1090 2522 1298 2576 ortum,
1328 2530 1392 2567 ex
1419 2514 1521 2567 hoc
1550 2520 1734 2584 potest
1751 2531 1878 2585 per-

274 2599 451 2671 pendi
476 2618 489 2653 :
513 2601 658 2671 quod
686 2618 787 2655 nec
810 2602 1145 2656 naturaliter
1175 2603 1322 2657 inter
1344 2620 1545 2672 graves
1573 2613 1630 2657 et
1659 2604 1874 2665 finales,

278 2696 386 2741 aut
424 2688 744 2760 superiores
779 2707 844 2744 ex
880 2691 1215 2745 excellentes
1260 2692 1523 2762 diapente
1571 2692 1881 2762 procedunt.

278 2780 517 2850 species,
541 2780 635 2835 ubi
654 2780 1005 2835 diatessaron
1038 2782 1322 2836 naturales
1346 2781 1746 2837 habentsedes.
1776 2798 1878 2836 nec

277 2869 433 2923 inter
451 2870 1047 2941 ﬁnalesetsuperiores
1066 2871 1431 2925 inveniuntur
1445 2871 1730 2925 naturales
1753 2872 1876 2925 dia-

1952 1799 2235 1853 interdum
2266 1799 2558 1870 principia.
2583 1800 2865 1854 interdum
2900 1804 3039 1855 lines
3070 1809 3471 1857 conversantur
3493 1802 3553 1857 in

1953 1887 2067 1943 illa.
2101 1896 2201 1942 aut
2230 1888 2420 1958 aliqua
2449 1889 2660 1943 musica
2704 1890 3062 1960 proportione
3091 1890 3304 1944 distant
3329 1889 3400 1944 ab
3431 1891 3548 1955 illa,

1951 1976 2006 2031 id
2038 1984 2123 2032 est
2152 1983 2252 2032 aut
2288 1984 2421 2031 tono
2453 1979 2533 2031 vel
2565 1977 2880 2032 semitonio.
2914 1979 3027 2033 sive
3065 1980 3423 2040 semiditono,
3450 1996 3552 2034 seu
3630 2044 3637 2049 η

1953 2068 2165 2123 ditono.
2196 2069 2686 2132 autdiatessaron,
2720 2070 3070 2141 diapenteve.
3106 2070 3436 2141 Principalis
3468 2076 3554 2126 est

1958 2158 2181 2222 merito,
2226 2175 2352 2212 cum
2400 2158 2584 2212 omnis
2616 2159 2908 2214 cantilena
2940 2159 3067 2213 finis
3086 2164 3144 2213 et
3167 2159 3390 2231 requies
3406 2159 3554 2214 sitia

1957 2247 2081 2317 ejus
2114 2247 2379 2318 hospicio.

2030 2336 2360 2407 Superiores
2388 2336 2611 2390 chorda
2640 2336 2766 2390 ideo
2790 2322 3224 2408 principalitatis
3248 2338 3556 2410 dignantur

1959 2425 2200 2479 nomine.
2213 2424 2340 2496 quia
2359 2424 2691 2496 principales
2703 2432 3061 2481 autenturum
3089 2434 3276 2499 partes
3292 2428 3555 2500 diapente

1960 2514 2215 2568 videlicet
2234 2531 2298 2568 ac
2317 2514 2663 2568 diatessaron
2686 2515 3002 2570 medietatis
3023 2517 3241 2572 vinculo
3259 2519 3551 2590 copulant:

1960 2609 2020 2658 et
2044 2603 2189 2672 quod
2241 2602 2312 2655 ad
2356 2620 2451 2656 eas
2498 2619 2921 2673 nonnumquam
2965 2607 3285 2678 pertingant
3337 2624 3556 2665 neuma

1961 2692 2318 2762 principales.
2362 2692 2638 2764 principia
2680 2693 2803 2747 dico
2846 2693 3266 2751 distinctionum
3298 2714 3364 2752 ac
3393 2700 3552 2766 fines,

1958 2797 2024 2835 ac
2042 2786 2301 2835 tonorum
2333 2781 2680 2836 differentia.
2718 2781 3065 2838 Excellentes
3088 2786 3217 2855 jure
3247 2793 3381 2842 sunt
3409 2786 3558 2858 prin-

1958 2871 2186 2941 cipales,
2229 2888 2354 2942 qua
2389 2872 2468 2925 ita
2517 2871 2883 2926 dominantur
2910 2874 3178 2946 autentis,
3220 2881 3286 2930 ut
3319 2875 3379 2930 in
3417 2876 3554 2946 ipsis

278 2964 539 3014 tessaron
560 2960 740 3020 sedes.
763 2962 912 3015 sicut
925 2961 1188 3032 diapente
1207 2961 1420 3032 species
1450 2967 1583 3015 sunt
1612 2960 1747 3015 inibi
1774 2971 1936 3030 na-c
1955 2959 2031 3014 sit
2058 2959 2402 3015 ascensionis
2435 2976 2628 3013 eorum
2659 2960 2807 3015 finis.

277 3049 548 3104 turaliter
601 3050 986 3119 procedentes.
1038 3050 1339 3105 Naturales
1385 3050 1510 3104 dico
1552 3050 1764 3120 species
1815 3057 1879 3105 ut

276 3138 441 3210 prius
467 3138 580 3192 dixi
610 3138 680 3191 de
709 3139 795 3193 sui
819 3139 1064 3193 nominis
1092 3139 1297 3194 litteris
1326 3139 1716 3207 consistentes,
1739 3155 1802 3195 ut
1827 3141 1870 3195 Ι.

279 3226 356 3281 de
378 3226 596 3298 primis,
631 3233 687 3282 et
713 3232 936 3283 catera.

695 3318 768 3371 De
796 3318 1131 3385 forma'ibus
1160 3318 1458 3387 Speciebus.

354 3406 436 3462 De
458 3405 788 3461 formalibus
815 3406 1208 3478 tempestivum
1240 3414 1328 3462 est
1345 3408 1531 3461 dicere
1559 3406 1873 3478 speciebus.

276 3493 571 3550 Formales
597 3502 730 3548 sunt
748 3494 997 3549 dicenda
1016 3511 1140 3565 qua
1160 3495 1392 3548 formam
1425 3494 1634 3548 habent
1649 3511 1757 3549 non
1782 3511 1878 3549 na-

279 3590 493 3644 turam,
524 3583 673 3638 sicut
698 3591 784 3637 est
808 3601 842 3637 a
874 3583 936 3636 D.
965 3583 1018 3636 in
1041 3584 1105 3637 G.
1130 3584 1310 3637 forma
1344 3592 1429 3638 est
1452 3585 1645 3656 prima
1671 3585 1876 3656 speciei

282 3671 633 3727 diatessaron
666 3672 875 3725 habens
904 3672 1261 3726 semitonium
1285 3672 1342 3725 in
1376 3673 1557 3727 medio
1608 3672 1715 3727 Sed
1747 3673 1876 3744 quia

283 3777 399 3816 non
432 3760 580 3815 inter
602 3761 744 3815 duas
774 3768 995 3815 constat
1019 3762 1249 3832 primas.
1270 3761 1365 3815 sed
1397 3761 1545 3816 inter
1571 3763 1805 3832 primam
1821 3771 1875 3817 et

284 3850 822 3922 quartam.dicenda
841 3856 923 3904 est
944 3850 1124 3921 prima
1144 3850 1411 3915 formulis,
1438 3867 1545 3904 non
1569 3852 1746 3922 prima
1774 3869 1874 3905 na-

276 3940 485 3994 turalis
532 3939 815 3993 Naturalis
843 3947 1030 3991 autem
1055 3946 1140 3992 est
1163 3938 1361 4010 prima,
1406 3955 1528 4009 qua
1560 3956 1667 3993 non
1695 3940 1876 3994 solum

282 4029 346 4084 in
368 4029 554 4083 medio
580 4029 747 4083 habet
775 4028 1136 4083 semitonium
1187 4029 1282 4082 sed
1319 4029 1469 4083 inter
1496 4029 1636 4083 duas
1669 4030 1877 4100 primas

283 4118 559 4183 consistit,
585 4125 649 4174 ut
679 4118 770 4172 illa
794 4135 916 4189 qua
930 4127 1015 4172 est
1035 4118 1256 4173 interA.
1282 4125 1339 4173 et
1368 4119 1427 4171 Ι).
1444 4135 1680 4189 quarum
1700 4120 1878 4175 altera

283 4207 471 4280 prima
495 4214 578 4261 est
596 4208 851 4278 gravium
903 4208 1082 4262 altera
1115 4208 1387 4261 tinalium.
1414 4208 1505 4262 Sic
1525 4209 1734 4279 species
1755 4210 1876 4262 dia-

1960 3052 2085 3117 Qua
2098 3050 2309 3102 chordae
2338 3051 2452 3102 sint
2477 3052 2813 3117 principales
2838 3053 2901 3104 in
2931 3054 3185 3107 cantibus
3214 3057 3549 3123 plagalibus.

2029 3135 2093 3192 In
2112 3136 2424 3209 plagalibus
2438 3154 2660 3208 quoque
2675 3138 2869 3194 eadem
2888 3142 3104 3197 ratione
3116 3142 3384 3200 dicuntur
3402 3146 3553 3217 prin-

1956 3226 2165 3297 cipales
2186 3244 2404 3297 graves.
2440 3227 2653 3288 ﬁnales.
2688 3231 3026 3299 superiores.
3061 3231 3417 3305 Quapropter
3442 3252 3556 3291 non

1958 3314 2182 3385 difﬁcile
2219 3314 2350 3369 inde
2382 3315 2489 3369 huc
2515 3315 2942 3373 similitudinem
2972 3321 3301 3377 transferre.

2030 3406 2181 3473 Quod
2208 3407 2603 3473 principalitas
2632 3407 2971 3462 chordarum
3001 3412 3359 3467 discernenda
3388 3416 3480 3467 sit.

2034 3493 2421 3564 Principalitas
2450 3494 2785 3549 chordarum
2819 3497 2993 3568 accipi
3032 3499 3327 3554 discretive
3367 3501 3552 3569 debet,

1959 3597 2070 3635 non
2100 3582 2275 3635 ubivis
2305 3581 2399 3635 illa
2430 3582 2811 3653 principalitas
2828 3585 2924 3639 sed
2950 3585 3006 3640 in
3027 3604 3129 3641 sua
3158 3590 3342 3659 specie
3371 3591 3557 3646 consi-

1958 3669 2371 3725 deretur.Sicut
2384 3671 2567 3741 prima
2584 3673 2863 3742 gravium.
2882 3676 3063 3745 prima
3082 3678 3355 3739 finalium.
3379 3681 3559 3750 prima

1959 3761 2308 3828 superiorum
2338 3761 2672 3832 principales
2710 3769 2845 3817 sunt
2867 3765 2921 3818 in
2944 3765 3124 3835 prima
3161 3769 3346 3838 specie
3366 3770 3555 3840 plaga-

1959 3848 2095 3902 Iium
2126 3857 2412 3903 cantuum.
2441 3849 2493 3903 id
2525 3859 2607 3904 est
2640 3850 2694 3904 in
2726 3853 2972 3906 secundo
3012 3862 3164 3920 tono,
3198 3873 3321 3927 qua
3349 3858 3560 3927 princi-

1960 3938 2164 4008 paliter
2183 3937 2429 4004 ejusdem
2458 3945 2591 3992 sunt
2610 3940 3554 4015 constitutiva.Principaliterdico,

1959 4025 2090 4097 quia
2129 4025 2252 4079 alia
2294 4025 2513 4081 chorda
2560 4035 2952 4099 coeperantur,
2985 4030 3091 4084 iste
3132 4038 3196 4085 ut
3232 4034 3559 4103 pradictum

1961 4123 2046 4169 est
2076 4114 2482 4185 principantur,
2507 4116 2652 4169 sicut
2672 4116 2726 4169 in
2750 4118 2898 4171 aula
2918 4119 3331 4176 constructione
3351 4122 3560 4192 princi-

1961 4204 2113 4275 pales
2144 4211 2332 4273 partes
2354 4211 2484 4258 sunt
2506 4206 2778 4260 columna
2812 4206 3160 4278 Principales
3181 4227 3402 4281 quoque
3428 4219 3561 4269 sunt

281 4305 456 4370 pente
480 4296 776 4351 interA.et
797 4296 835 4350 Ε
880 4296 1159 4367 primaest
1173 4298 1426 4351 formalis
1442 4314 1550 4351 non
1583 4298 1874 4362 naturalis,
1900 4293 2018 4385 Din
2050 4293 2297 4385 secunda
2324 4293 2507 4385 specie
2539 4294 2863 4385 plagalium.
2896 4296 2952 4349 id
2980 4303 3068 4351 est
3096 4298 3151 4352 in
3182 4298 3313 4355 IIII.
3347 4308 3481 4357 tono
3508 4303 3561 4358 II

284 4387 422 4459 quia
436 4387 567 4440 licet
582 4393 644 4440 ut
660 4386 836 4457 prima
852 4386 1127 4440 naturalis
1147 4387 1379 4441 scandat
1399 4386 1876 4453 tono.semitonio,

282 4481 444 4541 tono,
471 4482 524 4530 et
555 4481 688 4530 tono
730 4492 838 4529 non
865 4482 1057 4530 tamen
1087 4476 1394 4529 interduas
1412 4474 1641 4545 primas.
1673 4476 1768 4529 sed
1796 4494 1882 4530 1n-

284 4572 377 4620 ter
403 4565 641 4636 primam
661 4571 880 4619 constat
905 4581 970 4618 ac
997 4565 1322 4626 secundam,
1350 4563 1493 4618 sicut
1524 4564 1619 4619 illa
1649 4583 1773 4636 qua
1801 4574 1883 4620 est

286 4655 439 4710 inter
462 4654 507 4710 D
560 4654 783 4709 finalem
806 4661 858 4710 et
891 4654 1258 4725 superiorem,

288 4763 443 4830 Quod
466 4764 806 4832 principales
843 4764 1058 4817 chorda
1083 4763 1351 4816 dicantur
1369 4779 1489 4832 qua
1524 4765 1890 4820 constitutirz

250 4844 267 4850 ’
852 4838 986 4888 sunt
1008 4838 1315 4902 troporum.

360 4920 708 4994 Principales
726 4922 947 4978 chorda
960 4923 1226 4978 dicuntur
1245 4940 1370 4993 qua
1390 4922 1446 4977 in
1465 4928 1756 4993 troporum
1778 4923 1888 4978 dis-

284 5011 660 5086 positionibus
674 5011 1047 5083 principatum
1069 5013 1401 5068 sortiuntur.
1418 5012 1563 5066 sicut
1582 5011 1636 5066 in
1655 5017 1888 5067 autento

282 5107 450 5175 proto
477 5100 813 5172 principales
841 5107 974 5156 sunt
1006 5100 1124 5156 ista
1150 5120 1161 5154 :
1198 5101 1374 5171 prima
1397 5100 1674 5161 finalium,
1708 5101 1891 5171 prima

284 5190 664 5263 superiorum.
691 5190 871 5261 prima
898 5190 1307 5245 excellentium.
1342 5190 1549 5245 Finalis
1578 5196 1664 5244 est
1687 5190 1887 5245 merito

286 5279 618 5353 principalis
649 5279 705 5334 in
736 5279 933 5350 primis
964 5297 978 5332 :
1015 5296 1149 5349 quia
1196 5278 1502 5334 secundum
1551 5279 1889 5333 convenien-

285 5370 449 5429 tiam.
483 5386 654 5439 quam
703 5368 824 5440 ipsa
868 5369 1162 5439 pradocet,
1202 5375 1429 5423 cantum
1480 5368 1798 5439 incipimus.
1833 5375 1889 5423 et

287 5476 472 5531 usque
500 5459 570 5514 ad
594 5459 761 5513 tinem
794 5458 1095 5530 procedere
1137 5474 1247 5512 non
1297 5474 1610 5529 possumus,
1643 5458 1893 5512 ostendit

289 5549 458 5606 illum
483 5565 611 5605 esse
638 5554 741 5605 aut
781 5549 1065 5614 vitiosum,
1100 5553 1201 5604 aut
1238 5548 1402 5621 juxta
1444 5546 1619 5605 alium
1658 5547 1893 5604 modum

1960 4383 2215 4453 gravium
2251 4383 2317 4436 II.
2342 4382 2591 4436 finalium
2611 4382 2682 4437 Il.
2706 4385 3081 4455 superiorum.
3107 4404 3231 4458 qua
3249 4389 3563 4461 principali-

1964 4479 2052 4525 ter
2066 4472 2223 4526 illum
2255 4472 2622 4526 constituunt.
2649 4472 2739 4527 Sic
2750 4474 3077 4530 constituva
3096 4486 3230 4532 sunt
3245 4476 3411 4533 lIl.et
3430 4480 3558 4536 IllI.

1962 4562 2236 4633 gravium,
2293 4560 2567 4625 ﬁnalium,
2618 4563 2968 4633 superiorum
3025 4566 3206 4620 tertia
3247 4573 3304 4622 et
3349 4576 3565 4640 quarta

1964 4650 2169 4721 speciei
2199 4650 2503 4723 plagalium
2534 4662 2849 4722 troporum,
2889 4652 2945 4706 id
2995 4662 3081 4709 est
3118 4656 3261 4711 sexti
3298 4664 3356 4713 et
3384 4660 3567 4716 octavi

1971 4739 2114 4795 toni.

2455 4831 2523 4886 De
2559 4835 2856 4889 autenticis
2893 4836 3086 4903 pratis.

2042 4919 2230 4974 Prima
2254 4921 2719 4993 finalium.prima
2736 4924 3367 4995 superiorum.secunda
3385 4933 3569 4988 excel-

1970 5007 2206 5063 lentium
2220 5016 2353 5064 sunt
2376 5008 2715 5080 principales
2730 5011 2784 5065 in
2809 5013 2986 5084 prima
3004 5016 3190 5086 specie
3208 5025 3568 5076 autentorum

1972 5104 2259 5156 cantuum.
2285 5096 2341 5151 id
2374 5104 2459 5151 est
2494 5097 2548 5151 in
2581 5099 2763 5169 primo
2808 5107 2942 5154 tono
2990 5119 3155 5172 quem
3188 5106 3571 5176 principaliter

1974 5187 2325 5241 Constituunt
2342 5211 2353 5245 ε
2370 5187 2614 5242 secunda
2638 5189 2912 5243 ﬁnalium.
2932 5193 3174 5246 secunda
3191 5194 3565 5265 superiorum,

1972 5277 2217 5331 secunda
2256 5277 2670 5339 excellentium.
2706 5278 3041 5348 principales
3078 5289 3212 5336 sunt
3240 5284 3295 5337 in
3323 5287 3572 5343 secunda

1973 5367 2258 5420 autentica
2284 5367 2469 5437 specie
2492 5366 2779 5436 diapason.
2807 5367 2859 5419 id
2884 5377 2967 5422 est
2994 5367 3049 5421 in
3071 5371 3237 5424 tertio
3258 5379 3390 5428 tono
3410 5378 3572 5447 cujus

1978 5456 2360 5528 principaliter
2391 5462 2523 5510 sunt
2550 5454 2922 5511 constitutiva
2955 5474 2968 5511 :
3003 5457 3081 5511 sic
3100 5459 3169 5513 de
3194 5462 3375 5518 tertiis
3405 5468 3577 5524 tertia

1974 5546 2263 5604 autentica
2290 5544 2563 5620 diapason
2583 5543 2969 5619 constituitur,
3003 5555 3206 5623 quarta
3233 5550 3305 5609 de
3332 5559 3572 5632 quartis.
