3972 6172
514 204 652 290 ίὲιὲι

654 329 806 398 Quod
835 329 1179 398 principium
1207 326 1605 385 similitudinis
1629 331 1704 378 est
1732 325 1791 390 in
1823 327 1959 381 illis.

582 399 924 486 Pﬁncipziles
948 403 1168 485 quoque
1199 413 1461 467 dicuntur
1482 413 1722 472 chordae.
1742 400 1872 483 quia
1904 412 2104 482 princi-

510 505 663 578 pium
687 514 817 557 suut
839 505 1086 573 ejusdem
1109 503 1450 555 habitudinis
1496 502 1889 556 llahitudinem
1912 508 2101 554 autem

509 595 747 665 appello.
774 593 1116 647 ascensionis
1139 593 1221 644 vel
1247 592 1640 648 descensionis.
1680 599 1778 645 aut
1811 589 2103 659 utriusque

507 683 960 743 similitudinem,
993 683 1176 751 qualis
1206 691 1289 734 est
1314 681 1554 734 iutensio
1585 680 1654 733 ab
1689 684 1749 732 A.
1789 681 1842 732 in
1878 681 1942 732 υ.
1979 679 2103 731 talis

508 779 593 826 est
623 788 653 824 a
679 763 741 825 Ι).
769 770 826 824 in
855 768 922 824 (ἶ.
943 779 999 824 et
1022 769 1202 839 qualis
1234 777 1317 821 est
1349 769 1600 822 remissio
1626 786 1657 821 a
1789 767 1842 821 in
1877 768 1939 821 Ι).
1979 768 2104 821 talis

507 849 592 915 est
618 875 650 914 a
683 861 747 923 D,
791 861 846 913 in
879 859 943 913 Α.
977 859 1110 929 quia
1143 857 1270 912 talis
1303 865 1385 912 est
1424 857 1720 930 concordia
1768 873 1876 910 non
1920 858 2100 910 solum

507 950 742 1020 quartis,
769 945 864 1002 sed
884 949 1094 1020 quintis
1116 948 1261 1000 infra
1283 955 1338 1000 et
1359 965 1545 1025 supra.
1583 954 1644 1000 ut
1667 946 1846 998 media
1870 937 2101 998 alterius

507 1027 901 1103 elevationem,
931 1038 1274 1107 alteriusque
1307 1044 1496 1090 sumat
1521 1035 1946 1105 depositionem.
1967 1026 2101 1114 ’Et's'i

508 1128 574 1182 ad
631 1135 888 1198 quartam
940 1141 1110 1196 supra
1157 1125 1442 1178 eonf‘ertur
1490 1123 1615 1178 cum
1668 1125 1977 1177 elevatione
2031 1123 2099 1198 ad

509 1218 763 1288 quintam
805 1217 1063 1287 superius
1112 1215 1412 1284 respondet.
1449 1232 1573 1266 cum
1620 1213 2004 1283 depositione;
2039 1193 2102 1266 ac

507 1311 734 1360 econtra
766 1311 888 1360 cum
922 1303 1388 1374 quartaint‘eriori
1426 1320 1524 1372 per
1545 1302 1952 1362 remissionem,
1974 1318 2097 1355 cum

509 1393 706 1464 quinta
753 1393 1053 1446 concordat
1085 1409 1182 1461 per
1231 1391 1626 1462 intensionem.
1673 1397 1899 1458 excepto
1946 1389 2101 1458 gravi

509 1479 740 1536 deutero
764 1481 1124 1552 etsuperiori.
1149 1481 1240 1551 qui
1267 1481 1411 1533 intra
1433 1497 1540 1533 non
1567 1479 1808 1532 inveniet
1827 1479 2101 1532 diatessa-

508 1587 631 1632 ron,
666 1587 833 1641 supra
857 1587 916 1624 se
948 1587 1073 1623 vero
1112 1578 1265 1622 caret
1295 1570 1555 1640 diapente
1608 1569 1862 1639 quamvis
1893 1569 1956 1620 V.
1992 1569 2106 1622 sint

509 1655 746 1715 chordae.
771 1659 984 1714 Ethinc
1009 1675 1303 1713 mouemur
1326 1667 1385 1712 ut
1411 1667 1571 1711 caute
1594 1659 1940 1711 ditiiniamus
1960 1677 2106 1728 sym-

507 1752 760 1821 phonias.
804 1750 858 1803 Si
896 1748 1083 1819 aliquo
1135 1766 1220 1801 me
1261 1749 1663 1816 interrogante,
1707 1748 1837 1817 quid
1870 1760 1951 1801 est
1983 1748 2103 1800 dia-

507 1829 786 1901 tessaron,
821 1839 903 1892 vel
934 1839 1216 1908 diapente,
1253 1838 1619 1907 respondebo,
1663 1846 1905 1909 quatuor
1941 1839 2103 1892 chor-

509 1929 610 1988 dte,
645 1929 890 2000 quinque
919 1928 1156 1988 chordae,
1180 1945 1285 1980 non
1309 1937 1470 1980 caute
1493 1927 1840 1986 dixero,cum
1865 1935 2108 1996 quatuor

508 2017 623 2071 sint
653 2017 889 2070 chordae.
926 2021 970 2069 A
1001 2021 1044 2086 ﬁ.
1065 2017 1181 2068 h.c.
1204 2025 1260 2068 et
1290 2024 1475 2069 tamen
1515 2034 1623 2070 non
1656 2018 1977 2069 contineant
2000 2017 2102 2092 nisi

503 2096 927 2160 isemiditonum.
963 2107 1101 2158 Cum
1137 2105 1383 2175 quinque
1416 2107 1636 2158 chordae
1687 2103 1816 2158 sint.
1853 2106 1893 2158 B
1945 2107 1998 2157 (ἶ.
2036 2105 2100 2159 Ι).

511 2193 570 2248 Ε.
607 2193 664 2246 F.
701 2200 756 2247 et
787 2211 896 2246 non
926 2193 1225 2246 cohibeant
1263 2193 1366 2246 nisi
1407 2194 1755 2246 diatessaron
1790 2201 1845 2247 et
1884 2194 2106 2247 semito-

511 2283 689 2338 nium.
727 2282 938 2336 Idcirco
969 2283 1242 2344 dicamus,
1268 2282 1614 2335 diatessaron
1637 2289 1722 2335 est
1743 2283 2102 2337 semitonium

510 2389 634 2425 cum
659 2369 876 2425 duobus
906 2375 1054 2425 tonis
1076 2371 1128 2424 in
1151 2372 1303 2423 nullo
1339 2371 1799 2441 participantibus
1839 2369 2106 2442 Diapente

510 2467 595 2514 est
625 2461 982 2514 semitonium
1024 2476 1147 2513 cum
1195 2459 1374 2512 tribus
1415 2460 1561 2512 tonis
1591 2460 1644 2513 in
1679 2461 1830 2513 nullo
1875 2461 2102 2530 partici-

510 2547 773 2619 pentibus
848 2548 962 2602 Hoc
991 2545 1113 2601 dico
1142 2555 1458 2617 pr0pterea,
1501 2548 1630 2617 quia
1671 2555 1858 2605 tonus.
1895 2550 1986 2618 qui
2021 2557 2105 2602 est

509 2635 581 2690 ab
606 2653 640 2690 ε.
670 2637 724 2691 in
753 2638 795 2708 η.
827 2654 954 2690 cum
988 2635 1082 2689 illo
1114 2645 1245 2689 tono
1275 2637 1369 2706 qui
1403 2645 1486 2689 est
1517 2637 1611 2689 ab.
1650 2636 1702 2689 in
1735 2653 1782 2691 c.
1808 2637 2105 2708 participat

505 2725 781 2796 Spacium.
816 2725 961 2796 quod
995 2733 1081 2778 est
1111 2743 1143 2777 a
1173 2724 1205 2777 b
1261 2725 1316 2778 in
1354 2723 1381 2796 ﬁ
1447 2726 1594 2797 quod
1636 2732 1722 2779 est
1765 2732 1944 2791 majus
1988 2731 2105 2779 toni

507 2813 588 2884 (2)
611 2814 880 2885 spacium,
913 2815 1059 2886 quod
1092 2822 1356 2884 apotome
1381 2815 1606 2875 dicitur.
1650 2815 1781 2886 quia
1815 2815 1980 2868 aliter
2009 2831 2102 2885 po-

506 2904 642 2958 terit
669 2903 890 2974 probari
922 2903 993 2967 (3)
1028 2910 1074 2955 et
1106 2908 1460 2956 semita/lima
1492 2919 1612 2958 esse
1644 2906 2012 2968 diatessaron,
2047 2911 2103 2958 et

507 2993 858 3047 diatessaron
889 3010 1010 3046 esse
1042 2992 1323 3063 diapente.

579 3102 650 3154 De
669 3103 1040 3154 similitudine
1073 3101 1311 3153 diritum
1343 3106 1389 3154 et
1419 3117 1728 3169 pauperum
1757 3103 1830 3156 ad
1853 3106 2028 3170 tropos

727 3180 730 3182 '
1171 3179 1441 3240 utrosque.
1699 3175 1704 3184 “
1928 3185 1932 3192 ‘

577 3261 932 3316 Concordant
951 3261 1384 3331 discordantque
1397 3261 1609 3314 autenti
1629 3262 1941 3330 etplagales
1963 3263 2107 3316 sicut

507 3351 704 3406 divites
737 3357 794 3404 et
823 3368 1098 3421 pauperes
1130 3393 1139 3404 .
1177 3351 1309 3421 quia
1343 3350 1469 3404 licet
1502 3351 1554 3403 hi
1589 3352 1642 3404 in
1673 3352 1785 3404 alto
1821 3351 1872 3404 hi
1915 3351 2104 3405 in'hu-

507 3440 623 3493 mili
641 3441 845 3509 degant
864 3440 1006 3500 loco,
1028 3440 1382 3508 quamvisisti
1409 3440 1482 3503 (4)
1506 3438 1886 3494 amhullentur
1913 3440 1963 3492 id
1995 3429 2107 3494 an-

504 3529 708 3599 gmdia.
744 3529 822 3580 illi
861 3528 1159 3582 mussitant
1203 3527 1260 3581 in
1303 3528 1593 3584 commdia.
1629 3547 1800 3582 unum
1838 3539 2024 3582 tamen
2052 3536 2106 3583 et

505 3619 782 3687 aequalem
824 3624 1151 3686 exspectant
1179 3615 1390 3670 obitum
1425 3629 1480 3670 et
1521 3621 1705 3674 linem.
1736 3618 1811 3671 ita
1853 3613 2106 3689 quamvis

506 3707 814 3759 ascendant
861 3707 1313 3776 descendantque
1363 3707 1596 3768 diverse,
1641 3707 1861 3759 eosdem
1914 3699 2106 3760 tamen

507 3795 702 3848 tluales
731 3794 1045 3848 sortiuntur
1083 3795 1296 3848 autenti
1324 3803 1380 3848 et
1407 3795 1675 3866 plagales.

505 3904 580 3957 De
607 3903 981 3956 similitudine
1012 3905 1193 3955 ririlis
1218 3905 1548 3970 fcnn'neiquc
1579 3904 1735 3956 chori
1754 3907 1825 3956 ad
1853 3911 2105 3964 autcntos

1163 3978 1212 4026 et
1240 3979 1449 4040 plagas.
1646 3985 1650 3988 ‘

574 4061 931 4118 Concordant
983 4062 1415 4133 discordantque
1463 4065 1677 4118 autenti
1732 4083 1860 4118 cum
1921 4066 2101 4138 plagis

505 4153 784 4225 quomodo
813 4153 859 4206 si
893 4152 1252 4224 procederent
1281 4151 1348 4205 de
1380 4160 1622 4223 quatuor
1658 4139 1934 4208 thalamis
1965 4149 2097 4208 toti-

502 4245 629 4298 dem
662 4251 848 4314 nuptze
881 4240 1144 4296 modestae
1174 4259 1298 4296 cum
1333 4243 1450 4296 suis
1474 4244 1712 4314 sponsis,
1746 4245 2096 4314 copularent-

503 4322 612 4409 que
650 4333 790 4386 duos
838 4338 1163 4385 chorearum
1196 4331 1449 4388 circulos.
1483 4320 1539 4386 tit
1574 4333 1676 4404 ipsi
1719 4334 1950 4388 thalami
1986 4352 2098 4387 ma-

501 4422 704 4475 tronali
728 4420 897 4474 choro
926 4430 1116 4474 essent
1143 4428 1336 4474 centra
1367 4420 1448 4473 :id
1469 4430 1553 4474 est
1577 4421 1901 4476 medietates
1934 4423 2099 4476 virili-

502 4509 606 4563 bus
632 4510 814 4563 choris
836 4510 1177 4564 terminales.
1213 4515 1277 4562 ut
1312 4511 1364 4562 in
1397 4510 1499 4563 hoc
1536 4511 1704 4564 etiam
1738 4513 2100 4581 evangelista-

502 4613 627 4652 rum
649 4598 1097 4668 exprimerentur
1117 4598 1428 4672 volumina:
1448 4600 1516 4654 de
1535 4599 1737 4670 quibus
1767 4603 2100 4671 pronunciat

503 4687 861 4757 propheticus
901 4685 1224 4748 Ezechielis,
1266 4687 1517 4757 Spiritus.
1569 4689 1728 4758 quasi
1772 4690 1847 4744 sit
1890 4698 2012 4744 rota
2042 4693 2094 4744 in

505 4775 688 4828 medio
715 4782 850 4828 rotae
884 4793 893 4826 :
927 4774 1056 4845 quia
1091 4774 1236 4829 sicut
1269 4778 1735 4845 evangelistarum
1784 4796 1952 4848 Opera
1973 4799 2098 4834 cou-

503 4864 738 4917 cordant
766 4863 1217 4934 discordantque,
1249 4865 1324 4918 ita
1350 4867 1564 4920 autenti
1587 4885 1708 4920 cum
1729 4868 1924 4938 plagis.
1953 4871 2096 4923 Nam

503 4956 751 5024 quinque
792 4954 1030 5006 chordas
1067 4953 1279 5007 habent
1317 4955 1709 5015 communiter.
1747 4964 1858 5010 tres
1907 4965 2094 5014 autem

499 5043 864 5113 singulariter
895 5061 906 5095 :
941 5048 1006 5096 ut
1034 5043 1144 5096 duo
1175 5043 1362 5096 circuli
1399 5044 1476 5097 ita
1514 5044 1738 5100 sibimet
1767 5042 1881 5100 sint
1911 5047 2096 5120 impli-

499 5137 628 5189 cati.
663 5141 724 5188 ut
753 5134 1049 5205 utriusque
1088 5137 1411 5188 extremitas
1449 5143 1724 5196 centrum,
1766 5136 1817 5188 id
1861 5145 1946 5189 est
1978 5155 2093 5190 me-

497 5225 765 5278 dietatem
798 5224 1030 5278 alterius
1051 5229 1320 5294 persecet,
1338 5224 1546 5278 habent
1575 5225 1824 5279 medium
1850 5227 2096 5302 Spatium

566 5405 650 5472 (Ξ)
683 5402 747 5456 F.
791 5403 1019 5472 Majorzs
1047 5407 1347 5458 semitom'i.

551 5473 640 5546 ,(3)
677 5473 880 5530 Melius
914 5493 928 5530 :
959 5481 1152 5530 tonum
1177 5481 1230 5530 et
1257 5479 1637 5533 semitonium.

1716 199 2063 287 ARIBONI§
2103 195 2574 286 ξρῌρωετιαι

2120 325 2502 396 Acommune.
2538 319 2871 406 altrinsecus
2911 317 3116 405 scilicet
3138 321 3362 416 spatium
3397 323 3538 400 situm
3580 325 3672 412 sine

2188 397 2639 482 patulapatula
2685 400 2690 404 ι
2743 402 2748 408 -
2916 397 2972 405 ·’
3404 397 3409 410 ι
3465 401 3520 417 ..

2293 502 2364 552 De
2393 500 2702 564 lli/fcrmtia
2733 501 3086 550 autentorum
3116 501 3160 549 rt
3189 500 3445 568 plagarum
3466 504 3597 569 jurta

2303 581 2306 584 ’
2686 571 2980 622 Horatium
3017 570 3274 621 Fract-wn.
3579 577 3584 584 ‘

2259 657 2556 711 Disserunt
2586 673 2807 727 quoque
2846 657 3062 710 autenti
3094 663 3149 710 et
3180 657 3337 734 plaga:
3371 657 3521 712 instar
3542 658 3678 714 Hora-

2185 744 2354 798 tiame
2376 746 2669 799 sententiae
2701 762 2712 796 :
2739 751 2801 798 ut
3263 739 3266 744 ’
3465 737 3468 740 ’

2299 837 2461 887 Pestis
2491 842 2749 886 matrona
2776 836 2986 886 moveri
3003 837 3160 901 jussa
3189 835 3378 896 diebus,

2293 925 2552 976 Intererit
2583 925 2790 989 satyris
2839 926 3073 990 paulum
3123 923 3420 988 pudibunda
3445 929 3671 989 protervis.

2254 1012 2377 1064 Non
2403 1019 2491 1065 est
2509 1011 2658 1064 enim
2687 1027 2849 1062 suum
2876 1011 3200 1063 matronalis
3228 1010 3450 1064 incessus
3475 1009 3676 1066 saltantes

2183 1108 2406 1170 satyros
2446 1100 2700 1153 imitetur
2728 1105 2792 1152 ut
2830 1099 3211 1168 Alphesibeus,
3244 1089 3377 1152 sicut
3408 1106 3569 1152 cantus
3592 1099 3678 1170 pla-

2182 1188 2345 1256 galis.
2381 1187 2515 1241 Haec
2539 1187 2833 1257 principia,
2851 1187 2964 1240 haec
2990 1188 3128 1240 lines
3153 1187 3528 1240 distinctionum
3550 1188 3678 1240 tendit

2184 1277 2253 1329 ad
2299 1277 2576 1346 quintam,
2609 1293 2736 1330 cum
2777 1276 2947 1330 etiam
2998 1291 3126 1330 raro
3157 1277 3332 1330 mittat
3365 1276 3426 1329 ad
3462 1283 3676 1347 quartam.

2199 1367 2307 1423 Vid.
2350 1369 2442 1433 ﬁg.
2484 1367 2548 1420 A.

2435 1456 2643 1507 Iterum
2675 1455 3002 1520 differentia
3040 1455 3498 1506 tetrachordorum.

2257 1542 2764 1596 Tetrachordorum
2799 1559 3020 1612 quoque
3047 1543 3350 1595 dill‘erentia
3371 1550 3444 1595 est
3464 1543 3686 1604 nonnulla,

2190 1632 2320 1702 quia
2342 1632 2828 1685 tetrachordorum
2867 1632 3122 1700 gravium
3146 1641 3201 1685 et
3222 1631 3535 1698 superiorum
3557 1632 3690 1684 claves

2233 1679 2318 1685 --η
2347 1679 2613 1684 --η-η---
2634 1679 2716 1684 η-
2740 1679 2828 1685 ν---
2867 1679 3122 1700 0---.---η
3152 1679 3200 1685 ,ν
3223 1679 3535 1698 -_r-----_...

2129 1679 2323 1774 Bsunt
2347 1722 2671 1792 plagalium.
2697 1729 2855 1774 tetra!
2878 1722 3114 1774 hordum
3148 1723 3386 1774 ﬁnalium
3416 1729 3464 1775 et
3487 1723 3693 1774 evcellen-

2185 1809 2324 1863 tium
2356 1811 2537 1863 claves
2567 1818 2699 1862 sunt
2723 1817 3103 1863 autentorum.
3159 1811 3222 1864 Et
3261 1811 3541 1863 medietatis
3561 1811 3691 1862 vicem

2187 1899 2439 1952 obtinent
2481 1901 2676 1952 tinales
2703 1909 2758 1952 et
2785 1899 3105 1969 saperiores
3147 1917 3158 1948 :
3204 1899 3387 1952 finales
3435 1898 3689 1969 plagalium,

2188 1988 2506 2057 superiores
2552 1989 2962 2041 autentirorum
3011 1989 3352 2042 diatessaron
3400 1995 3451 2041 et
3493 1989 3692 2056 diapente

2187 2077 2614 2140 convincientes,
2643 2093 2707 2130 ex
2739 2077 2937 2148 hisque
2965 2078 3233 2149 diapason
3263 2085 3625 2147 componentes.

2189 2185 2462 2250 Quomodo
2499 2185 2906 2236 tetrachordum
2954 2188 3212 2251 grarium
3256 2188 3463 2250 mystice
3487 2186 3695 2249 pertineat

2363 2257 2436 2308 ait
2458 2258 2768 2308 Matuta-um
2794 2261 2840 2308 et
2857 2259 2929 2308 ad
2949 2257 3352 2308 lunnanitatem
3371 2257 3562 2307 (thristi.

2258 2344 2696 2397 Tetrachordum
2728 2345 2982 2413 gravium
3001 2345 3184 2414 typire
3209 2343 3450 2413 congruit
3465 2340 3700 2397 Salvatoris

2188 2433 2527 2486 humanitati
2560 2449 2726 2503 quam
2761 2433 3060 2488 Matthzeus
3081 2435 3360 2491 describit,
3383 2436 3429 2486 in
3460 2450 3554 2503 qua
3577 2430 3700 2484 Chri-

2185 2528 2308 2578 stus
2334 2523 2523 2590 gravia
2564 2539 2798 2592 quteque
2836 2524 3121 2584 sustinuit.
3158 2523 3440 2577 esuriendo
3464 2523 3550 2574 sub
3575 2519 3703 2572 infru-

2185 2619 2379 2664 ctuosa
2410 2613 2664 2664 ﬂculnea.
2708 2613 2948 2664 sitiendo
2979 2617 3032 2666 et
3066 2603 3407 2666 lassescendo
3449 2626 3593 2679 super
3629 2622 3704 2678 pu-

2185 2707 2358 2763 teum,
2402 2700 2658 2769 vulpibus
2690 2701 2990 2771 pauperior
3027 2718 3090 2754 ac
3131 2702 3438 2755 volucribus
3473 2700 3624 2752 foveas
3662 2713 3709 2749 ac

2185 2789 2346 2840 nidos
2373 2789 2870 2855 habentibus,cum
2895 2807 3004 2844 non
3027 2791 3280 2855 haberet,
3311 2789 3396 2844 ubi
3425 2791 3568 2858 caput
3583 2797 3709 2840 suum

2187 2877 2392 2930 rerlina
2401 2884 2501 2931 ret.

2115 2960 2163 3020 .C
2188 2968 2461 3034 Quomodo
2492 2970 2900 3022 tetrachordi/2n
2921 2973 3185 3037 ﬁnalium
3209 2970 3496 3026 Salratoris
3517 2963 3714 3033 passioni

2703 3048 2971 3105 congruat
3002 3048 3049 3096 et
3083 3045 3272 3096 morti.

2254 3129 2692 3190 Tetrachordum
2738 3130 2990 3184 ﬁnalium
3031 3131 3260 3184 vitalem
3303 3127 3493 3184 Christi
3527 3129 3714 3179 mortem

2189 3216 2508 3286 signiﬁcat:
2543 3235 2666 3271 cum
2699 3236 2808 3272 non
2855 3221 3033 3272 solum
3086 3220 3206 3290 ipse
3244 3219 3314 3273 ad
3359 3229 3559 3286 tempus
3584 3214 3717 3266 vitam

2189 3306 2388 3370 ﬁnivit,
2423 3307 2514 3360 sed
2551 3307 2717 3361 etiam
2752 3307 2820 3362 ad
2862 3309 3030 3363 ﬁnem
3071 3310 3431 3363 tetenderunt
3463 3303 3625 3373 templi
3650 3316 3718 3353 ve-

2190 3393 2324 3449 lum.
2349 3395 2611 3452 soliditas
2639 3404 2948 3466 petrarum,
2977 3397 3111 3454 solis
3140 3399 3386 3461 claritas,
3420 3404 3564 3448 terrm
3586 3387 3718 3445 stabi-

2187 3483 2340 3538 litos.

2193 3572 2423 3638 Quomodo
2445 3573 2856 3634 tetrachordum
2899 3579 3256 3642 superiorum
3285 3575 3485 3628 Christi
3507 3569 3720 3638 signiﬁcat

2749 3662 2833 3698 res
2841 3664 2872 3697 ιι
2882 3653 3021 3700 rrcot
3031 3650 3080 3716 io
3087 3663 3208 3700 nem
3221 3686 3233 3698 .

2263 3732 2703 3788 Tetrachordum
2729 3736 3080 3804 superiorum
3114 3735 3326 3796 Christi
3360 3725 3724 3804 gloriosam’dg-

2189 3822 2375 3898 signat
2406 3823 2870 3888 resurrectionem
2905 3843 2916 3876 :
2951 3825 3005 3877 in
3042 3841 3157 3895 qua
3186 3825 3256 3882 ad
3280 3823 3442 3893 hujus
3474 3820 3581 3873 Vita!
3599 3829 3725 3898 5099'

2188 3895 2333 3963 riora
2369 3911 2656 3976 remeavit,
2674 3911 2943 3986 nobisque
2973 3913 3096 3967 vitae
3127 3929 3388 3985 superna:
3414 3895 3722 3966 hereditate“;l

2186 3998 2482 4078 delegavit.
3479 4041 3486 4047 .

2186 4089 2460 4168 Quomodo
2488 4090 2898 4168 tetrachordum
2927 4092 3312 4168 excellentium
3340 4089 3538 4160 Christi
3555 4083 3725 4152 signi/i-

2713 4167 2788 4214 cet
2817 4165 3207 4214 ascensionem.

2247 4247 2688 4308 Tetrachordum
2732 4237 3117 4304 excellentium
3148 4251 3335 4321 typice
3368 4246 3562 4318 jubilat
3586 4238 3726 4324 excel-

2117 4321 2413 4389 Dlentiam
2447 4325 2800 4392 Ascensionis
2847 4339 3072 4399 Christi.
3106 4339 3162 4393 in
3197 4357 3306 4409 qua
3353 4333 3584 4410 ascendit
3612 4329 3727 4414 Deus

2181 4425 2234 4478 in
2254 4427 2588 4495 juhilatione
2614 4436 2670 4482 et
2691 4427 2962 4483 Dominus
2991 4429 3046 4482 in
3072 4446 3203 4482 voco
3233 4428 3382 4482 tuba:
3403 4416 3667 4498 ostendens
3683 4431 3728 4494 se

2182 4503 2712 4570 excellentissimum
2737 4535 2876 4572 esse.
3023 4513 3026 4516 ’
3223 4499 3229 4512 ⁸
3324 4505 3326 4518 1
3468 4503 3494 4513 '-

2253 4625 2403 4690 Quod
2431 4625 2543 4700 duo
2571 4625 2912 4700 tetrachorda
3058 4625 3456 4700 humilitatem,
3485 4622 3585 4695 duo
3616 4616 3677 4674 ad

2483 4697 2692 4748 (.hristi
2716 4693 3032 4763 pertineant
3064 4693 3469 4748 rclsitudincm.

2250 4783 2500 4846 Quorum
2530 4783 3038 4847 tetrachordorum,
3073 4783 3183 4856 duo
3215 4783 3269 4838 id
3304 4788 3389 4837 est
3427 4777 3656 4852 gravium
3690 4776 3735 4825 et

2180 4872 2432 4925 ﬁnalium
2465 4873 2610 4926 sicut
2637 4879 2768 4927 sunt
2797 4873 3146 4928 humilia.ita
3171 4873 3570 4930 humilitatemt
3602 4859 3733 4934 ξιτίεῦ

2180 4951 2310 5030 quae
2331 4961 2437 5014 fuit
2461 4965 2511 5015 in
2549 4949 2893 5016 huma‘niiate
2918 4968 2974 5016 et
3002 4951 3259 5034 pasSione
3292 4949 3578 5032 designant
3606 4973 3615 5005 ῑ
3645 4949 3735 5002 δυο

2179 5052 2387 5104 excelsa
2422 5051 2473 5104 id
2499 5059 2584 5105 est
2612 5053 2962 5126 superiorum
2996 5063 3051 5106 et
3081 5039 3466 5122 excellentium
3491 5035 3733 5099 celsitudi-

2180 5157 2303 5194 nem
2339 5141 2663 5202 Salvatoris,
2698 5159 2818 5214 quae
2848 5141 2904 5195 in
2932 5131 3340 5196 resurrectione
3364 5144 3418 5192 et
3443 5129 3732 5218 ascensione

2181 5229 2380 5314 patuit.
2415 5231 2721 5316 declarant.
2879 5215 2882 5226 ’
2979 5217 3000 5226 ”
3085 5221 3089 5226 ’
3155 5223 3161 5230 ’
3359 5223 3366 5228 ’
3665 5213 3670 5220 ’

2251 5409 2325 5490 (ᾇ)
2362 5407 2688 5500 §an-Emer.
2719 5410 3032 5498 ᾼηιᾶῃζεῃι.
