3972 6172
216 294 358 356 1321

1707 305 1996 365 MUSICA.

3351 326 3490 386 1322

213 437 351 522 cum
375 424 708 482 altrinsecus
731 433 926 484 notata
950 436 1154 502 quarta
1179 431 1532 505 superiorum
1557 435 1812 491 videlicet
1826 438 1878 498 Α
1898 435 1958 490 in
1986 435 2171 490 medio
2185 441 2286 492 aut
2307 442 2506 494 tonum
2525 437 2695 496 habet
2717 443 3490 522 autsemitonium.Diapente

214 513 275 570 d.
303 515 634 584 junxerunt,
696 523 753 572 et
809 525 1076 590 quartum
1138 522 1510 594 subjugalem,
1559 530 1817 580 octavum

215 602 427 676 quippe
455 611 672 675 tonum,
696 609 1037 663 constituere
1057 611 1371 666 voluerunt.
1406 613 1514 668 Sed
1532 616 1663 684 quia
1683 631 1817 668 eun-

213 689 348 744 dem
378 695 611 749 modum
634 696 792 768 prius
810 697 866 751 in
899 704 1060 769 proto
1079 699 1417 754 autenticam
1438 701 1680 772 speciem
1701 702 1817 757 dia-

213 796 418 851 pason,
441 783 501 837 id
520 790 624 850 est,
649 791 846 840 tonum
867 787 1112 858 primum
1133 789 1400 855 fecerunt,
1417 795 1817 845 recusaverunt

214 870 384 925 illum
411 873 470 928 in
497 876 746 930 tetrardo
777 877 860 930 vel
885 876 1092 932 habere
1111 879 1197 932 vel
1216 880 1499 951 appellare
1514 881 1811 951 plagalem,

215 973 336 1014 non
371 962 728 1032 pervidentes
743 966 891 1036 quod
909 967 953 1022 D
969 1013 979 1023 .
993 967 1048 1033 d,
1075 967 1340 1023 biformes
1357 969 1469 1022 sint
1498 968 1701 1023 litterae
1714 985 1815 1040 po-

217 1053 409 1105 tentes
427 1053 763 1108 naturaliter
786 1060 903 1108 tam
932 1055 1210 1126 plagalem
1253 1074 1422 1128 quam
1469 1058 1815 1112 autenticam

217 1141 564 1196 constituere
611 1143 876 1214 speciem.
935 1145 1094 1200 Unde
1150 1146 1245 1200 ille
1299 1146 1555 1200 biformis
1617 1147 1816 1201 modus

216 1236 454 1302 propter
482 1232 848 1305 antiquorum
877 1233 945 1301 (6)
975 1251 1088 1290 non
1132 1236 1428 1306 acquisivit
1463 1253 1576 1292 suae
1617 1236 1814 1307 subju-

215 1319 333 1390 gali
359 1327 576 1378 naturae
595 1321 849 1378 debitum
868 1341 1094 1389 nomen,
1119 1331 1183 1380 ut
1200 1325 1483 1380 diceretur
1494 1325 1818 1397 hypomixo-

218 1407 411 1476 lidius,
437 1410 492 1466 id
531 1417 634 1480 est,
666 1412 936 1468 mixolidii
965 1413 1193 1486 septimi
1222 1414 1480 1470 videlicet
1517 1415 1637 1470 toni
1681 1413 1814 1470 sub-

213 1499 420 1568 jectus.

222 1607 497 1673 Quomodo
511 1612 768 1678 juniores
793 1613 1037 1680 ejusdem
1061 1613 1214 1666 modi
1230 1615 1515 1679 geminam
1539 1614 1816 1666 intellexe-

625 1685 744 1736 rint
773 1686 888 1736 vim
915 1689 1079 1752 atque
1106 1688 1372 1738 naturam
1390 1728 1402 1741 .

1899 541 2029 579 vero
2058 527 2143 580 vel
2173 527 2448 594 ditonum,
2481 531 2564 584 vel
2594 533 2990 590 semiditonum
3021 536 3365 607 sivetonum,
3385 557 3486 596 seu

1897 615 2254 670 semitonium
2266 656 2278 670 .

1967 707 2040 759 De
2077 709 2456 760 convenientia
2477 713 2673 776 motus,
2699 713 2800 777 qui
2826 713 3037 766 dicitur
3063 719 3413 772 commixtus.

1969 794 2315 849 Commixtus
2344 800 2530 850 motus
2556 798 2927 855 venerabilior
2965 807 3052 856 est
3078 805 3358 860 omnibus.
3386 803 3493 861 Ille

1898 887 2088 938 autem
2113 883 2330 939 duabus
2344 885 2606 957 diapente
2625 887 3042 946 diatessaronve
3061 899 3246 963 potest
3261 895 3493 950 convin-

1898 973 2075 1026 culari
2096 989 2290 1027 susum
2322 978 2380 1027 et
2401 975 2616 1044 jusum,
2648 982 2704 1029 et
2741 977 2934 1032 ditono
2963 985 3021 1033 et
3047 981 3356 1050 semitono;
3391 985 3493 1038 sed

1897 1061 1978 1114 ita
1997 1066 2062 1115 ut
2091 1062 2399 1116 semitonus
2434 1062 2708 1118 iambicus
2728 1067 2989 1134 ascenda,
3014 1085 3127 1122 non
3166 1070 3492 1141 descendat,

1899 1150 2010 1204 nisi
2039 1150 2086 1204 si
2116 1152 2227 1205 duo
2259 1151 2999 1210 semitoniconvinculentur
3021 1176 3033 1210 :
3055 1158 3495 1228 quiatuncuter-

1901 1255 2008 1311 que
2019 1240 2330 1294 semitonus
2342 1245 2400 1294 et
2416 1241 2743 1296 trochaeicus
2757 1247 2814 1296 et
2827 1243 3096 1302 iambicus
3106 1247 3161 1302 in
3168 1249 3496 1314 tendantur.

1896 1328 2373 1401 remittenturque
2413 1331 2854 1387 convenientius.

1897 1439 1968 1491 De
1995 1438 2442 1492 distinctionibus
2470 1445 2759 1500 cantuum.
2805 1446 2852 1494 et
2875 1456 2980 1494 cur
3001 1443 3196 1510 ﬁnales
3228 1445 3497 1500 dicantur

2482 1525 2548 1564 ac
2565 1515 2893 1578 superiores.

1971 1597 2236 1662 Quamvis
2269 1597 2562 1670 principia,
2595 1600 2908 1670 praesertim
2931 1605 3122 1656 tamen
3146 1603 3287 1658 ﬁnes
3299 1605 3496 1660 distin-

1900 1685 2149 1741 ctionum
2212 1692 2346 1742 sunt
2393 1688 2803 1751 considerandi,
2841 1690 2937 1760 qui
2973 1692 3253 1764 praecipue
3291 1693 3500 1750 debent

288 1768 567 1825 Solertius
594 1775 785 1826 autem
815 1772 1088 1843 praelibati
1113 1773 1263 1827 modi
1283 1778 1545 1827 naturam
1557 1777 1614 1826 et
1635 1771 1819 1826 eflica-
1837 1780 1885 1841 B
1902 1776 2097 1830 ﬁnales
2109 1783 2456 1848 repetere,ut
2466 1779 2707 1832 domnus
2729 1779 2912 1833 Guido
2927 1780 3268 1852 dogmatizat
3282 1783 3493 1838 dicens:

217 1858 362 1913 ciam
382 1859 644 1930 juniores
671 1860 957 1916 intuentes
982 1862 1232 1933 plagales
1274 1861 1378 1916 sibi
1419 1861 1690 1916 formulas
1734 1861 1820 1915 vel

217 1947 568 2004 differentias
595 1949 998 2006 attribuerunt.
1029 1951 1150 2006 Octo
1175 1956 1308 2005 sunt
1333 1953 1717 2008 beatitudines.
1733 1951 1821 2007 Se-

217 2040 480 2093 culorum
504 2056 687 2093 amen.
721 2041 790 2094 In
845 2043 948 2094 illa
986 2042 1072 2094 die
1105 2046 1162 2094 et
1205 2046 1452 2096 caeteras.
1493 2041 1819 2096 Secutorum

215 2143 399 2182 amen.
434 2130 582 2183 Dum
610 2131 858 2184 medium
875 2132 1181 2184 silentium.

286 2238 444 2305 Quod
460 2242 684 2292 sanctus
711 2237 1006 2306 Gregorius
1031 2238 1267 2307 ejusdem
1302 2238 1453 2292 modi
1470 2238 1745 2306 duplicem

643 2313 981 2379 perspexerit
998 2312 1386 2378 operationem.

282 2397 457 2452 Patet
494 2397 818 2462 admodum,
850 2397 1078 2452 beatum
1105 2397 1441 2468 Gregorium
1471 2396 1644 2451 totius
1674 2412 1816 2468 pene

215 2486 577 2542 ecclesiastici
603 2491 801 2542 cantus
830 2492 1116 2542 auctorem
1159 2486 1438 2558 duplicem
1463 2487 1586 2557 ejus
1615 2501 1818 2561 cogno-

213 2577 360 2631 visse
385 2576 796 2648 operationem,
810 2576 944 2648 quia
964 2576 1021 2630 in
1041 2581 1271 2631 autento
1296 2591 1408 2629 non
1420 2574 1608 2646 potius
1625 2579 1819 2628 auten-

215 2667 372 2734 ticas,
413 2683 583 2737 quam
616 2667 864 2737 plagales
889 2666 1075 2737 diligit
1102 2666 1253 2720 odas.
1275 2665 1417 2720 Cum
1434 2669 1623 2718 autem
1645 2679 1816 2718 aureo

213 2755 396 2828 ipsius
427 2761 484 2810 et
510 2757 689 2810 sancti
719 2755 1012 2810 Ambrosii
1031 2755 1266 2826 plagalis
1283 2771 1404 2808 esse
1419 2753 1818 2824 comprobetur

214 2845 562 2910 testimonio,
583 2845 716 2918 quid
747 2845 908 2900 nobis
924 2849 1012 2899 est
1030 2843 1422 2909 dubitandum,
1449 2843 1606 2914 quin,
1629 2847 1693 2896 ut
1709 2845 1811 2907 est,

216 2935 474 2990 dicamus
500 2935 661 2991 illum
692 2951 804 2990 non
832 2934 1013 2989 solum
1053 2933 1276 2989 dorium
1304 2933 1401 2988 sed
1439 2930 1816 3004 hypomixoli-

217 3023 375 3079 dium
409 3031 436 3078 Ρ

323 3115 479 3182 Quod
505 3115 650 3168 idem
680 3114 874 3167 mod-us
901 3114 1093 3166 habeat
1121 3113 1418 3165 materiam
1442 3111 1704 3178 plagalis.

287 3204 433 3259 Cum
460 3203 612 3258 idem
644 3203 844 3256 modus
873 3201 1078 3256 habeat
1106 3200 1344 3272 plagalis
1361 3198 1820 3270 materiam.pla-

216 3294 400 3365 galem
416 3311 482 3348 ex
506 3295 609 3348 hac
620 3309 1022 3364 componamus
1041 3292 1302 3358 formam,
1325 3294 1425 3344 aut
1439 3289 1486 3343 si
1512 3288 1817 3360 possimus,

217 3384 558 3439 naturaliter
584 3399 856 3454 negemus
883 3383 948 3436 D.
982 3397 1093 3436 non
1124 3397 1244 3435 esse
1262 3385 1520 3451 quartam
1536 3377 1814 3448 gravium,

219 3475 271 3528 (ι.
294 3491 410 3528 non
441 3490 568 3528 esse
596 3477 858 3543 quartam
887 3459 1262 3543 superiorum,
1286 3474 1386 3524 aut
1411 3484 1532 3522 esse
1554 3467 1820 3522 conceda-

217 3579 363 3618 mus.
425 3562 486 3617 Si
535 3561 890 3632 negabimus,
946 3559 1015 3614 ab
1061 3558 1382 3614 adversario
1443 3556 1819 3627 subsequente

217 3649 672 3720 constringemur
698 3648 1201 3719 argumentatione.
1220 3646 1418 3700 Omnis
1445 3644 1673 3709 chorda,
1697 3660 1819 3714 quae

218 3739 461 3794 duorum
478 3737 868 3810 synemmesis,
884 3737 941 3791 id
963 3741 1050 3791 est
1062 3735 1398 3806 conjunctio,
1417 3739 1504 3788 est
1513 3733 1819 3788 tetrachor-

219 3830 443 3896 dorum,
457 3827 692 3882 alterius
711 3831 797 3882 est
817 3826 967 3892 ﬁnis,
983 3825 1330 3896 alteriusque
1350 3829 1436 3878 est
1455 3821 1816 3895 principium;

220 3919 314 3974 sed
344 3919 416 3973 D.
442 3915 814 3990 synemmesis
839 3921 925 3970 est
942 3913 1288 3970 tetrachordi
1307 3913 1564 3984 gravium
1583 3917 1640 3966 et
1675 3912 1819 3965 ﬁna-

219 4009 379 4063 lium.
419 4006 482 4062 Si
525 4005 655 4060 ﬁnis
690 4011 778 4061 est
804 4004 1170 4069 tetrachordi,
1203 4007 1408 4076 quarta
1455 4006 1541 4056 est
1570 4000 1780 4055 chorda
1803 4041 1816 4068 ,

221 4098 312 4152 sed
341 4096 474 4152 ﬁnis
504 4101 608 4163 est,
653 4111 785 4167 ergo
815 4100 1046 4167 quarta:
1073 4094 1205 4165 quia
1261 4091 1444 4148 omnis
1472 4089 1818 4146 tetrachordi

1902 1865 2045 1919 Item
2082 1871 2147 1920 ut
2175 1866 2246 1920 ad
2265 1867 2632 1938 principalem
2659 1884 2870 1932 vocem,
2898 1867 2956 1922 id
2986 1875 3072 1924 est
3095 1871 3323 1926 ﬁnalem
3353 1887 3497 1943 pene

1901 1971 2094 2009 omnes
2115 1955 2502 2011 distinctiones
2531 1963 2780 2023 currant,
2814 1959 2918 2012 hoc
2931 1963 3123 2014 tamen
3142 1960 3326 2015 rarius
3346 1961 3499 2016 inve-

1900 2044 2073 2114 nitur,
2125 2062 2295 2117 quam
2347 2046 2617 2102 crebrius.
2678 2048 2968 2103 Invenitur
3017 2049 3077 2104 in
3125 2051 3232 2106 hac
3275 2052 3491 2124 antiph.

1899 2134 2177 2188 Nativitas
2208 2140 2306 2188 tua
2336 2137 2434 2190 Dei
2455 2139 2704 2204 genitria:
2727 2140 2902 2205 virgo.
2935 2138 3219 2193 Gaudium
3263 2155 3499 2195 annun-

1901 2224 2059 2276 tiavit
2079 2225 2336 2277 universo
2359 2225 2589 2278 mundo.
2618 2225 2704 2278 Ex
2733 2230 2778 2279 te
2816 2227 2970 2279 enim
2997 2231 3152 2281 ortus
3183 2233 3258 2282 est
3285 2230 3502 2298 sotjus-

1901 2313 2034 2364 titiz
2064 2313 2316 2367 Christus
2343 2313 2484 2366 Deus
2515 2303 2715 2367 noster.
2742 2314 2826 2382 ἱΕἰ
2882 2315 3224 2383 confundens
3266 2321 3501 2372 mortem

1899 2401 2126 2454 donavit
2156 2402 2310 2455 nobis
2338 2405 2511 2456 vitam
2539 2405 2964 2470 sempiternam.

1969 2489 2192 2544 Finales
2213 2506 2371 2544 voces
2392 2490 2597 2561 triplici
2618 2508 2687 2545 ex
2701 2508 2872 2546 causa
2883 2493 3197 2564 nuncupari
3215 2493 3498 2564 videntur,

1899 2581 1957 2630 et
1983 2577 2131 2646 quod
2155 2578 2359 2632 ﬁniunt
2386 2579 2702 2648 legitimum
2729 2587 3092 2636 autentorum
3121 2589 3504 2645 ascensum,et

1900 2665 2048 2735 quod
2080 2683 2304 2721 omnem
2335 2667 2718 2722 determinant
2736 2675 2983 2732 cantum,
3018 2676 3075 2724 et
3103 2672 3252 2742 quod
3276 2672 3335 2726 in
3374 2689 3500 2728 eos-

1898 2753 2025 2806 dem
2047 2769 2453 2826 nonnunquam
2481 2756 2620 2809 ﬁnes
2673 2756 3091 2811 distinctionem
3141 2759 3498 2828 perveniunt.

1898 2841 2030 2896 Ideo
2046 2842 2282 2897 dicimus
2300 2860 2725 2916 nonnunquam,
2752 2846 2885 2916 quia
2898 2862 3011 2900 non
3032 2863 3257 2919 semper
3269 2848 3330 2903 in
3348 2849 3496 2919 illas,

1897 2931 1997 2986 sed
2025 2932 2085 2986 in
2105 2933 2420 3004 superiores
2449 2939 2506 2988 et
2542 2934 2820 3006 principia
2849 2934 3271 2991 distinctionum
3291 2937 3504 3008 pertin-

1895 3027 2040 3092 gunt
2070 3027 2127 3076 et
2149 3023 2310 3089 fines,
2337 3027 2395 3078 et
2419 3023 2478 3077 in
2501 3023 2744 3095 primam
2773 3023 2876 3078 sub
2899 3023 3158 3080 ﬁnalibus
3175 3025 3234 3079 in
3258 3027 3504 3083 autenti-

1836 3101 1980 3164 Ccis
2001 3111 2282 3179 cantibus,
2314 3111 2374 3166 in
2418 3111 2598 3184 plagis
2653 3113 2824 3167 etiam
2866 3113 3124 3170 inferius.
3165 3115 3496 3186 Superiores

1901 3205 2093 3254 autem
2122 3200 2406 3266 dicuntur,
2439 3202 2525 3255 vel
2555 3202 2687 3273 quia
2711 3203 3030 3274 superiores
3065 3203 3301 3275 plagalis
3329 3205 3505 3262 canti-

1902 3290 2042 3344 lenae
2073 3291 2509 3357 suntclaves,vel
2532 3292 2680 3362 quod
2707 3293 2968 3364 superius
2988 3298 3123 3348 sunt
3140 3295 3502 3353 mediatrices

1901 3384 2264 3434 autentorum
2307 3379 2658 3435 diatessaron
2689 3387 2746 3436 et
2775 3382 3038 3454 diapente
3064 3384 3500 3456 convincientes,

1900 3485 1966 3523 ex
1990 3468 2191 3540 hisque
2229 3470 2573 3524 autenticam
2635 3471 2909 3542 diapason
2952 3479 3352 3545 componentes
3379 3493 3390 3530 :
3415 3477 3505 3533 vel

1901 3558 2050 3629 quod
2079 3558 2396 3630 superiores
2426 3565 2559 3614 sunt
2588 3576 2621 3614 a
2677 3560 2956 3625 ﬁnalibus,
2983 3579 3154 3634 quam
3218 3564 3415 3622 ﬁnales
3469 3581 3507 3622 a

1898 3647 2183 3717 gravibus,
2210 3654 2310 3702 aut
2333 3649 2664 3704 excellentes
2695 3667 2728 3703 a
2757 3651 3162 3722 superioribus.

1899 3755 1972 3807 De
1993 3757 2385 3823 protiautenti
2433 3757 2702 3823 speciebus
2754 3758 3007 3824 diapente
3053 3765 3104 3813 et
3156 3762 3504 3820 diatessaron

2118 3827 2353 3880 utilibus
2377 3828 2671 3881 melodiam
2695 3844 2808 3881 com
2821 3832 3268 3890 miniscentibus.

1971 3913 2286 3968 Praemissis
2320 3915 2692 3969 modulationi
2733 3917 3072 3972 utilitatibus
3119 3936 3249 3975 cum
3294 3922 3502 3979 domno

1903 4003 2158 4057 Guidone
2186 4002 2348 4057 nobis
2373 4003 2784 4071 communibus,
2818 4006 2950 4077 quia
2999 4023 3101 4061 sua
3155 4025 3271 4064 non
3316 4011 3503 4066 solum

1900 4091 2069 4146 verba
2106 4091 2486 4162 exposuimus,
2513 4093 2610 4147 sed
2633 4094 2803 4148 etiam
2819 4096 3227 4151 commodiores
3241 4103 3502 4154 motuum

219 4186 401 4241 ﬁnalis
432 4189 636 4257 quarta
666 4189 768 4240 est.
802 4185 1216 4255 Argumentum
1245 4198 1278 4236 a
1327 4196 1551 4252 genere.
1578 4178 1825 4234 Maxima
1903 4181 2135 4252 species,
2159 4196 2300 4251 quas
2327 4180 2445 4252 ipse
2473 4181 2698 4252 penitus
2727 4182 2971 4248 reticuit,
3003 4185 3501 4256 proposuimus,ad

219 4274 548 4348 propositio,
585 4275 734 4346 quod
761 4273 820 4328 in
849 4273 1108 4328 omnibus
1144 4273 1310 4337 valet,
1341 4271 1488 4325 valet
1517 4273 1575 4323 et
1601 4269 1660 4324 in
1686 4285 1818 4336 uno,
1903 4268 2211 4341 singularia
2239 4269 2386 4324 dona
2415 4269 2695 4340 jubilandi
2727 4270 2887 4326 nobis
2924 4271 3193 4328 divinitus
3234 4290 3501 4332 concessa

221 4365 290 4419 ab
318 4370 656 4438 argumento
683 4362 1021 4435 praecedenti
1050 4363 1136 4417 vel
1172 4361 1497 4424 iambicum,
1527 4358 1816 4430 oppositus
1835 4425 1880 4438 “
1901 4359 2210 4413 veniamus.
2301 4389 2308 4396 -

218 4425 456 4510 scandet
480 4471 584 4525 per
603 4425 878 4518 ditonum,
899 4452 994 4524 qui
1016 4451 1128 4506 duo
1147 4450 1299 4505 modi
1316 4425 1581 4520 diapente
1595 4425 1815 4518 compo—
1835 4425 1884 4483 D
1973 4449 2166 4503 Solum
2195 4453 2421 4519 protum
2442 4452 2735 4503 autentum
2758 4465 3049 4504 sumamus
3063 4450 3222 4506 nobis
3238 4451 3297 4506 in
3318 4469 3503 4508 exem-

217 4550 382 4599 nunt.
414 4545 613 4599 Posset
641 4542 948 4598 secundum
973 4540 1248 4612 judicium
1268 4538 1496 4594 auditus
1538 4536 1692 4608 prior
1721 4553 1818 4608 per
1899 4538 2075 4609 plum,
2105 4542 2171 4592 ut
2201 4538 2526 4592 modulandi
2553 4538 3011 4593 commoditatem
3040 4540 3098 4594 in
3131 4541 3259 4596 aliis
3310 4542 3494 4600 modis

219 4633 479 4688 ditonum
527 4632 820 4705 appositus
869 4647 972 4702 per
1027 4631 1376 4685 diatessaron
1422 4643 1682 4698 surgere:
1716 4625 1815 4680 sed
1897 4626 2144 4696 reperire
2174 4643 2286 4680 non
2317 4626 2698 4697 desperemus,
2732 4644 2902 4698 quam
2935 4627 2995 4682 in
3031 4629 3201 4700 hujus
3244 4631 3500 4703 experia-

215 4722 560 4794 principium
614 4720 982 4794 praecedentis
1023 4720 1263 4791 ﬁnisque
1311 4717 1598 4789 sequentis
1659 4715 1817 4770 nulla
1897 4731 2028 4769 mur
2055 4715 2365 4787 speciebus.

216 4811 584 4883 conjungitur
619 4811 1002 4883 proportione.
1036 4810 1233 4864 Posset
1273 4825 1304 4863 e
1344 4806 1625 4862 contrario
1665 4805 1818 4876 prior
1967 4803 2170 4859 Protus
2190 4809 2472 4869 autentus,
2507 4805 2564 4859 id
2587 4815 2690 4873 est,
2732 4805 2948 4876 primus
2993 4810 3160 4862 tonus
3207 4807 3256 4862 V
3288 4810 3502 4882 species

212 4918 321 4974 per
352 4901 606 4956 ditonum
638 4900 930 4973 appositus
959 4899 1229 4954 scandere
1269 4914 1370 4969 per
1415 4895 1815 4952 semiditonum
1904 4893 2254 4948 diatessaron
2272 4894 2510 4948 includit
2530 4911 2702 4950 unam
2725 4895 2966 4966 primam
2987 4896 3302 4966 formalem,
3328 4916 3502 4956 unam

215 4990 738 5063 proportionaliter,
769 4989 974 5062 quippe
994 5005 1123 5044 cum
1147 4988 1206 5042 in
1226 4987 1491 5058 diapente
1518 4985 1684 5040 ambo
1696 5000 1825 5040 con-
1904 4983 2206 5038 secundam
2254 4985 2572 5051 formalem,
2631 5001 2804 5040 unam
2867 4985 3096 5040 tertiam
3160 4988 3499 5060 naturalem,

215 5080 542 5148 cludantur,
575 5079 675 5135 sed
701 5079 935 5150 integrae
965 5094 1080 5132 non
1109 5081 1197 5132 est
1223 5075 1533 5148 euphoniae.
1904 5088 2076 5127 unam
2105 5073 2329 5128 tertiam
2349 5073 2668 5142 formalem,
2691 5090 2862 5129 unam
2890 5075 3130 5146 primam
3161 5077 3499 5134 naturalem.

805 5171 877 5223 De
908 5169 1256 5237 Interposito.
1907 5162 2155 5226 Quarum
2187 5163 2232 5216 V
2259 5179 2610 5235 unaquaeque
2628 5170 2744 5218 tres
2761 5163 2929 5218 habet
2952 5163 3502 5232 mutationes,salta-

289 5258 666 5330 Interpositus
694 5256 1010 5312 necessario
1033 5257 1132 5311 ﬁet
1162 5255 1418 5310 intensus
1447 5258 1504 5309 et
1531 5253 1820 5320 remissus,
1905 5252 2101 5306 tricem
2132 5252 2459 5307 continuam
2496 5254 2583 5308 vel
2609 5253 2867 5324 spissam,
2892 5251 3501 5310 ternariam.Saltatrix

223 5348 281 5402 in
307 5347 661 5403 diatessaron
686 5351 820 5402 tono
858 5344 1244 5410 semitoniove;
1269 5344 1328 5399 in
1352 5344 1614 5415 diapente
1635 5349 1827 5398 autem
1907 5341 2048 5396 duas
2090 5341 2319 5396 ultimas
2373 5341 2558 5412 tangit
2607 5341 2861 5407 chordas,
2930 5340 3197 5395 continua
3248 5348 3499 5412 cunctas,

226 5435 768 5507 ditono,semitonio,
793 5443 946 5504 tono,
971 5433 1450 5507 semitonio:quia
1469 5433 1827 5492 diatessaron
1908 5430 2160 5486 ternaria
2200 5436 2334 5488 tres.
2380 5431 2645 5492 Saltatrix
2701 5435 2760 5486 et
2799 5427 2982 5500 spissa
3049 5428 3298 5501 duplices
3368 5438 3506 5492 sunt

304 5597 383 5674 (6)
405 5600 564 5658 Forte
587 5597 982 5658 auctoritatem
1011 5594 1396 5672 supplendum.

466 5700 700 5767 ΡΑιοι..
744 5699 863 5765 CL.

3198 5695 3279 5756 42
