4016 6178
567 207 706 288 1323
1768 201 2115 258 ARIBONIS
2155 198 2625 291 SCHOLASTICI
3599 214 3702 272 132;

556 331 901 411 intendendo
933 335 988 385 et
1007 328 1372 411 remittendo.
1409 329 1682 382 Ternaria
1701 326 2034 398 quadrupla,
2067 323 2397 383 ut-Abiles.
2434 326 2662 382 Nobiles
2690 328 2973 398 diapente,
3033 329 3375 393 diatessaron,
3423 339 3573 398 tonus,
3610 337 3706 406 quia

557 423 694 495 pcte'
741 407 952 492 duplex
985 407 1351 482 intendenda,
1394 413 1599 488 duplex
1629 416 1987 475 remittendo.
2029 414 2186 485 quia
2239 415 2514 484 originem
2546 424 2602 471 et
2654 419 3002 488 parenteIa/m
3055 435 3218 472 suam
3260 422 3472 490 proﬁteri
3496 431 3702 492 possunt:

559 513 806 584 quinque
830 511 1049 581 species
1070 514 1203 563 sunt
1228 509 1597 565 diatessaron.
1631 502 2160 577 quarum'queelibet
2241 519 2447 574 qunppe
2481 523 2608 559 cum
2654 507 2770 561 haec
2824 507 3219 577 sesquialterae,
3261 509 3365 563 hzec
3401 512 3704 580 sesquitertia,

557 603 697 656 duas
727 601 897 655 habet
953 600 1290 664 saltatrices,
1331 599 1470 650 duas
1530 597 1842 650 continuas.
1895 595 2156 648 Dicamus
2239 592 2356 645 haec
2386 596 2781 664 sesquioctavaa
2810 597 2885 649 sit
2913 597 3298 666 proportionis,
3327 599 3452 653 unde
3474 601 3608 654 etiam
3641 618 3710 656 eas

556 691 856 762 quinquies
887 696 1131 760 quatuor
1167 689 1249 741 vel
1282 693 1482 758 quater
1509 687 1556 738 ν
1586 685 1779 756 viginti
1817 689 1967 738 sunt.
2002 684 2153 747 Quo-
2237 683 2519 738 credimus
2547 702 2670 738 esse
2711 685 2896 739 minus
2923 685 3259 756 dulcisonas.

557 776 713 855 niam
728 783 928 832 autem
957 777 1210 830 ternaria
1233 767 1316 828 est
1354 775 1687 845 quadrupla,
1715 773 2143 842 multiplicemus

2127 790 2152 825 δ
2235 792 2308 843 De
2331 793 2764 845 consideratione
2792 795 3276 868 constitativarum
3294 797 3510 862 partium
3523 795 3712 848 diatessa-

555 868 798 939 quatuor
826 861 924 938 per
951 866 1000 918 V
1031 871 1088 918 et
1107 866 1242 918 item
1264 869 1431 916 erunt
1449 863 1549 916 XX
1571 879 1693 932 quae
1709 863 1919 930 juncta:
1947 861 2150 930 priori-
2792 879 2893 930 ron
2923 870 2972 916 et
2994 866 3266 932 diapente.

552 957 658 1011 bus
679 958 774 1011 XL
793 953 1226 1030 componuntln
1257 954 1453 1006 eodem
1471 969 1695 1022 quoque
1709 956 1868 1021 proto
1891 949 1997 1004 IIII
2020 955 2154 1004 sunt
2303 951 2656 1020 Aliquotiens
2685 952 3190 1007 considerationem
3214 954 3626 1008 constitutivanim
3648 954 3715 1008 ha-

551 1039 765 1114 sp'ecies
817 1044 1100 1112 diapente,
1149 1057 1386 1112 quarum
1445 1033 1572 1092 cum
1614 1053 1964 1108 unaquaeque
2010 1037 2152 1090 duas
2232 1038 2466 1093 beamus
2505 1041 2748 1111 partium
2778 1041 2834 1095 in
2865 1042 3211 1096 diatessaron
3229 1048 3282 1098 et
3307 1043 3712 1112 diapente,aliquo-

548 1132 758 1187 habent
785 1127 1116 1194 saltatrices,
1150 1120 1290 1184 duas
1329 1129 1555 1199 spissas,
1588 1134 1705 1181 tres
1734 1126 2143 1198 quaternarias,
2225 1130 2371 1184 tiens
2395 1131 2709 1201 specierum
2739 1147 2994 1197 suarum,
3022 1148 3410 1202 nonnunquam
3435 1132 3713 1186 etiaminter-

549 1225 666 1277 tres
695 1220 993 1286 ternarias,
1021 1208 1403 1289 multiplicatae
1434 1234 1534 1288 per
1559 1222 1804 1287 quatuor
1844 1217 1937 1270 XL
1966 1217 2134 1271 ﬁunt.
2225 1219 2517 1289 positionis
2555 1222 2838 1275 minorum
2885 1221 3391 1279 consonantiarum.
3411 1220 3713 1295 ponstitutiva

2226 1307 2413 1378 partes
2444 1317 2577 1364 sunt
2622 1311 2968 1364 diatessaron
3005 1315 3174 1364 tonus
3223 1315 3277 1365 et
3307 1309 3638 1365 semiditonus.
3657 1307 3718 1362 vel

2225 1398 2452 1452 ditonus
2480 1406 2536 1452 et
2561 1399 2944 1453 semitonium.
2975 1398 3267 1462 Interdum
3299 1404 3469 1469 partes
3496 1411 3718 1467 praepon-

546 1311 682 1375 Quaa
709 1311 944 1365 totidem
967 1309 1244 1380 prioribus
1259 1308 1530 1378 cepulatae
1555 1306 1838 1376 complent
1857 1306 2143 1376 octoginta

544 1400 890 1454 mutationes
925 1398 1137 1468 absque
1172 1398 1260 1451 his
1286 1414 1409 1467 quae
1460 1396 1518 1450 in
1563 1395 1758 1450 eodem
1807 1401 1966 1465 tropo
2020 1396 2141 1458 fieri

543 1497 798 1564 possunt,
832 1489 1043 1550 ditono,
1087 1486 1438 1548 semiditono,
1468 1491 1622 1548 tono,
1671 1484 1988 1537 semitonio.
2043 1485 2143 1538 Co-
2226 1505 2370 1554 mus,
2403 1489 2688 1543 interdum
2717 1494 3139 1559 postponamus,
3160 1493 3216 1540 et
3239 1487 3282 1540 si
3311 1503 3415 1540 una
3437 1487 3537 1538 vice
3560 1500 3721 1553 prapo-

539 1567 699 1648 gn‘ito
725 1594 960 1651 numero
988 1576 1376 1647 principalium
1422 1573 1796 1636 mutationum
1849 1573 1908 1626 in
1959 1578 2138 1643 proto,
2159 1644 2198 1651 _
2226 1591 2426 1631 namus
2458 1577 2543 1631 vel
2571 1583 2977 1648 postponamus
3023 1577 3182 1642 istas,
3213 1577 3322 1632 alia
3358 1576 3459 1638 vice
3507 1575 3623 1639 illas,
3646 1574 3721 1627 ali-

537 1644 1006 1744 perpendendum'
1027 1670 1112 1719 est
1139 1644 1199 1718 in
1230 1665 1425 1735 primis
1455 1663 1586 1733 quia
1615 1678 1832 1716 neumze
1853 1677 1918 1714 ex
1946 1644 2205 1732 pradi-B
2225 1667 2447 1736 quando
2479 1644 2716 1738 quoque
2731 1668 3021 1738 cingemus
3049 1657 3389 1722 diatesSaron
3405 1663 3724 1736 partibus,ipsa

538 1755 643 1809 ctis
668 1755 1077 1812 mutatiOnibus
1097 1761 1242 1808 nata:
1271 1771 1384 1807 non
1413 1758 1546 1806 sunt
1589 1769 1784 1806 omnes
1827 1752 1886 1806 in
1941 1752 2136 1806 eadem
2219 1756 2279 1809 in
2310 1757 2492 1810 medio
2523 1757 2641 1811 vice
2669 1757 2909 1811 dominae
2931 1754 3609 1814 constitutaﬂonstitutivai
3630 1767 3720 1822 par-

536 1846 934 1920 generOSitate,
962 1845 1065 1898 'sed
1093 1844 1348 1914 quaedam
1375 1837 1852 1912 primanquaedam
1879 1841 2136 1895 secundae
2217 1850 2303 1898 tes
2333 1846 2755 1916 praeponuntur,
2786 1846 3042 1917 sequitur
3069 1845 3193 1916 ipsa
3219 1829 3539 1903 diatessaron
3557 1840 3724 1900 inbui!

536 1935 826 2011 dignitatis
857 1939 1007 2000 sunt,
1042 1939 1100 1988 et
1121 1927 1326 1986 tertiae.
1354 1933 1429 1986 Ex
1480 1931 1569 1984 his
1627 1931 2012 2001 generosiores
2062 1933 2135 1985 ad
2216 1934 2473 1992 modum.
2513 1936 2638 1988 Ecce
2668 1952 2760 2002 ego
2790 1938 2948 1989 mitto
2977 1953 3064 1989 vos
3095 1932 3722 2003 sicut.Praeponiturtoans

535 2025 781 2079 olorinas
805 2029 1093 2078 musarum
1124 2017 1517 2075 choreas'sunt
1535 2021 2136 2087 admittendamcaeterze
2214 2023 2507 2077 intensus:
2542 2026 2706 2085 Ecce;
2739 2024 3084 2094 preponitur
3123 2022 3478 2078 semiditonus
3526 2021 3723 2073 intensus

529 2129 644 2167 non
674 2112 911 2184 Orpheis
957 2113 1054 2166 sed
1086 2103 1290 2165 exteris
1321 2117 1454 2164 sunt
1483 2111 1885 2181 relinquendae.
1921 2111 2132 2164 Omnes
2215 2118 2274 2166 et
2299 2113 2600 2166 remissus:
2634 2114 2741 2180 Ego
2768 2130 2781 2170 ;
2811 2113 3066 2182 seq-uitur
3093 2112 3438 2171 diatessaron
3485 2108 3636 2178 spissa
3657 2123 3730 2177 per

529 2200 844 2256 saltatrices
873 2193 1316 2267 laudabiles,sed
1347 2192 1538 2254 tamen
1558 2200 1721 2253 nobis
1741 2200 2130 2270 generosiores
2214 2202 2619 2266 remissionem,
2654 2202 2908 2272 saltatrix
2939 2218 3038 2273 per
3065 2202 3468 2271 intensione‘m:
3503 2199 3630 2268 Mitto
3664 2212 3727 2248 τω

525 2287 789 2344 videntur
814 2307 982 2361 quam
1010 2283 1414 2359 Langobardis.
1448 2287 1536 2340 Illi
1568 2289 1715 2340 enim
1751 2287 2130 2358 spissiori,nos
2211 2295 2372 2345 sicut.
2401 2291 2592 2345 Ambm
2619 2299 2808 2361 partes
2837 2291 3188 2345 diatessaron
3215 2291 3589 2360 praeponuntur
3605 2290 3730 2338 tonus

522 2379 728 2433 rariori
794 2385 963 2434 cantu
1021 2379 1385 2432 delectamur.
1438 2377 1627 2430 Prima
1685 2384 1740 2430 et
1779 2378 2026 2431 secunda
2071 2383 2128 2430 et
2210 2381 2978 2448 semiditonus,semitonium
2997 2381 3226 2436 ditonus
3255 2383 3508 2449 sequente
3524 2375 3731 2432 diatessa-

523 2467 728 2540 quarta
746 2469 924 2540 spissa
953 2468 1298 2522 diatessaron
1321 2466 1531 2537 species
1553 2467 1773 2520 intensa
1804 2472 1857 2519 et
1887 2466 2125 2519 remissa
2207 2487 2309 2524 ron
2350 2476 2413 2524 ut
2442 2471 2500 2523 in
2529 2471 2663 2524 hac:
2693 2473 2832 2537 Rogo
2859 2486 2986 2537 ergo
3015 2475 3061 2523 te
3091 2472 3257 2524 Pater
3288 2475 3364 2522 ut.
3398 2464 3650 2528 Interdum
3671 2469 3734 2525 t0-

518 2556 662 2614 bene
684 2557 872 2634 sonat,
913 2560 1012 2614 sed
1051 2559 1218 2613 tertia
1255 2559 1500 2613 surdius.
1534 2559 1612 2610 Ex
1661 2557 1858 2610 eodem
1914 2573 2122 2626 genere
2203 2563 2325 2612 tum
2357 2559 2702 2630 praeponitur
2731 2559 2985 2629 partibus
3007 2559 3369 2631 dividendum
3391 2565 3451 2618 ut
3469 2556 3598 2614 haec:
3626 2551 3735 2605 38'"

515 2639 895 2720 spisSitudinis
924 2654 1127 2720 quarta
1155 2648 1366 2719 species
1395 2646 1648 2701 formalis
1677 2646 1733 2699 in
1755 2646 2036 2716 diapente,
2066 2653 2122 2700 et
2204 2655 2484 2702 mater-unt.
2519 2650 2647 2703 Ilaec
2673 2648 3046 2704 consideratio
3074 2665 3190 2703 non
3226 2654 3314 2704 est
3349 2647 3488 2706 inter
3529 2646 3735 2698 contem-

513 2740 700 2810 prima
744 2736 809 2794 ac
837 2747 1038 2810 quarta
1084 2739 1358 2794 naturalis
1385 2739 1520 2791 satis
1557 2741 1690 2790 sunt
1717 2736 2010 2806 euphoniae
2061 2741 2119 2788 et
2203 2738 2437 2802 nendas,
2471 2754 2598 2798 cum
2638 2738 2696 2791 in
2727 2738 2824 2791 illa
2852 2737 3142 2794 dialectica
3171 2737 3361 2799 luceat
3385 2730 3734 2804 quamsist

508 2827 747 2899 int'ensae
772 2825 831 2885 et
855 2827 1100 2902 remissae
1132 2871 1145 2897 ,
1179 2829 1425 2883 secunda
1452 2844 1582 2881 vero
1612 2833 1668 2880 et
1689 2826 1860 2880 tertia
1889 2830 2119 2896 propter
2200 2828 2444 2897 partium
2476 2827 2807 2897 compositio
2857 2833 3038 2882 totum
3097 2827 3255 2890 facit,
3315 2825 3480 2889 totius
3519 2816 3735 2880 resoluiio

509 2905 1059 2994 innotminatitritoni
1079 2918 1438 2994 raucedinem
1463 2915 1713 2969 melibeis
1743 2921 1801 2969 et
1825 2915 1994 2968 ululis
2014 2915 2112 2967 de-
2128 2963 2171 2994 Γ,
2199 2923 2388 2985 partes
2425 2915 2686 2982 ostendit.
2722 2917 2929 2970 Eadem
2985 2916 3305 2972 observatio
3355 2913 3513 2975 debet
3551 2923 3652 2964 esse
3691 2905 3737 2958 in

509 2963 1438 2988 -..τιν-μιμνη-υ---ν---η--ννυ---υ-ι-
1464 2963 1712 2969 mnum
1748 2963 1799 2969 ν-
1830 2963 1991 2968 "mw
2020 2963 2079 2967 η-
2199 2963 2385 2985 rm"—
2430 2963 2686 2982 -—--._._--.
2722 2963 2929 2970 νη---
2989 2963 3135 2971 η---
3162 2963 3300 2972 πω-
3361 2963 3481 2975 ﬂ..-
3566 2963 3569 2964 ν

506 2991 787 3079 legentur,
820 3003 1052 3084 exCepta
1089 3007 1373 3079 saltatrice
1429 3023 1550 3076 quae
1603 3006 1659 3057 in
1709 3004 1970 3058 omnibus
2025 2963 2172 3058 est?
2194 3005 2477 3076 diapente.
2503 3006 2698 3059 Partes
2727 3007 2851 3075 ejus
2873 3010 3003 3059 sunt
3022 3010 3210 3070 tonus,
3237 3006 3590 3064 diatessaron,
3608 2993 3738 3055 semi-

506 3091 759 3170 aequalis,
791 3092 898 3167 nisi
943 3097 1091 3168 quod
1149 3097 1299 3150 inest
1353 3094 1669 3148 differentia
1706 3093 2001 3163 gravitatis
2053 3090 2110 3145 et
2192 3095 2438 3160 ditonus,
2473 3094 2718 3148 ditonus.
2753 3094 2968 3157 Quibus
2997 3093 3311 3164 praemissis
3361 3092 3479 3162 ipsa
3527 3085 3739 3155 sequitur

503 3181 795 3258 acuminis.
825 3183 1098 3242 Ternaria
1121 3186 1382 3256 diapente
1401 3175 1608 3255 triplex
1631 3189 1733 3246 est,
1756 3189 1813 3237 et
1858 3182 2106 3251 aliquan-
2189 3185 2444 3253 vestigio,
2475 3190 2539 3237 ut
2593 3183 2944 3254 venientibus
2972 3183 3184 3253 sagmis
3216 3179 3440 3244 Domini
3467 3181 3735 3249 sperantur.

499 3278 639 3353 tulaa‘
663 3265 1005 3332 sonoritatis.
1034 3275 1307 3330 Ternaria
1343 3275 1694 3328 diatessaron
1737 3273 1940 3343 duplex
1996 3277 2098 3336 est,
2188 3275 2307 3328 Hoc
2331 3272 2570 3337 dicimus
2607 3289 2721 3326 non
2760 3278 2822 3327 ut
2851 3273 2927 3327 ita
2961 3288 3183 3342 semper
3214 3269 3548 3332 inveniatur.
3580 3262 3668 3319 Sed
3693 3264 3739 3324 ut

414 3381 417 3388 ‘
501 3371 560 3446 et
588 3368 774 3421 minus
824 3363 1047 3420 sonera.
1082 3364 1351 3435 Reprobae
1386 3370 1519 3417 sunt
1547 3363 1803 3417 secundae
1833 3368 1890 3416 et
1918 3363 2100 3417 tertiae
2181 3363 2264 3417 ita
2293 3362 2416 3416 ﬁeri
2448 3367 2708 3431 oporteat
2726 3362 3080 3426 naturaliter,
3114 3377 3250 3416 cum
3280 3360 3401 3438 sine
3428 3354 3654 3428 partibus
3675 3357 3738 3406 ω’

498 3436 711 3530 species
743 3452 1022 3530 diapente,
1055 3459 1282 3538 excepta
1331 3452 1632 3506 saltatrice.
1666 3452 1841 3504 Utiles
1878 3451 2100 3520 colliga-
2184 3457 2304 3505 tum
2334 3468 2446 3505 non
2478 3469 2619 3516 esse,
2645 3469 2748 3507 nec
2774 3452 2970 3523 positis
3009 3451 3189 3522 possit
3212 3436 3434 3514 abesSe.

495 3538 643 3610 nius,
685 3556 750 3596 ut
776 3538 974 3598 earum
1025 3533 1323 3615 numerum
1370 3541 1631 3595 sciamus.
1666 3533 2004 3610 Iieprobatis
2029 3541 2098 3594 de
2369 3543 2439 3595 De
2470 3543 2839 3597 Contubernio
2867 3543 3218 3596 diatessaron
3257 3547 3307 3596 et
3336 3543 3595 3610 diapente.

495 3631 742 3685 secunda
761 3636 818 3684 et
841 3631 1009 3685 tertia
1030 3630 1214 3700 Specie
1237 3630 1498 3700 diapente
1521 3634 1762 3699 quatuor
1780 3625 2097 3699 spissis,sex
2249 3630 2600 3701 Aliquotiens
2625 3631 2978 3685 diatessaron
3001 3635 3059 3687 et
3086 3630 3365 3704 diapente
3394 3623 3736 3700 0011³ῷῦἱῇυέ

498 3720 898 3791 quaternariis,
924 3725 1050 3773 octo
1077 3719 1343 3772 ternariis
1373 3740 1383 3771 :
1409 3719 1478 3772 de
1506 3719 1550 3772 V
1581 3717 1870 3788 speciebus
1891 3719 2097 3774 diates-
2177 3721 2258 3773 ita
2287 3726 2352 3774 ut
2388 3720 2434 3772 si
2481 3721 2660 3774 altera
2687 3720 2941 3782 saltatrix
2982 3719 3344 3782 intendatur,
3377 3719 3551 3780 altera
3591 3712 3737 3783 ερίεδδ

493 3824 662 3863 saron
761 3806 1040 3872 ternariis,
1083 3814 1278 3884 utpote
1318 3807 1535 3886 duabus
1561 3807 1629 3860 de
1649 3801 1986 3879 unaquaque
2038 3815 2093 3861 et
2175 3810 2517 3874 remittatur,
2551 3815 2651 3864 aut
2677 3810 2727 3863 si
2755 3810 2870 3876 haec
2901 3810 3271 3880 quaternaria
3307 3802 3739 3870 remittatuthieﬁ

491 3883 722 3976 insimul
750 3894 995 3952 collectis
1021 3885 1256 3951 XXVIII
1308 3897 1377 3950 de
1422 3883 1617 3950 LXXX
1656 3895 1982 3976 abjiciemus
2037 3904 2094 3951 et
2173 3894 2424 3955 ternaria
2454 3897 2799 3965 intendatur.
2819 3900 2962 3953 Tum
2990 3899 3263 3969 diapente
3287 3899 3518 3960 sibimet
3534 3892 3738 3960 (ξοηῖεη-

488 3974 864 4070 remanebunt
893 3985 994 4042 LII
1025 3985 1238 4041 habiles
1259 3985 1568 4066 cantilenas
1613 3974 2089 4041 coniminiscenti-
2174 3981 2377 4057 tur,'ut
2399 3985 2444 4042 si
2471 3990 2587 4042 haec
2613 3994 2810 4058 surgat,
2838 3987 3142 4058 spissa,illa
3159 3979 3733 4059 deponatursaltattix.

489 4077 596 4150 bus
627 4073 684 4132 et
707 4073 1081 4151 Opportunae;
2174 4080 2259 4132 vel
2291 4073 2670 4150 quaternaria,
2725 4078 2810 4131 vel
2837 4077 3104 4132 ternaria.
3139 4077 3448 4138 Interdum
3477 4090 3571 4146 per
3618 4083 3739 4127 coin-

581 4165 584 4168 ’
775 4162 847 4223 De
878 4171 1040 4240 varia
1073 4169 1402 4237 oppositione
1432 4167 1801 4220 Neumarum.
2105 4200 2156 4262 D
2175 4168 2410 4222 mixtum
2442 4174 2678 4229 motum,
2713 4183 2884 4238 quam
2917 4166 3368 4236 praelibavimus,
3405 4164 3619 4228 sibimet
3635 4172 3740 4219 con.-

561 4259 854 4314 Interdum
879 4253 1132 4312 saltatrix
1154 4263 1349 4311 contra
1371 4255 1731 4315 saltatricem,
1757 4255 1936 4325 spissa
1964 4253 2149 4310 con-'3
2176 4259 2508 4312 vinculetur.
2543 4257 2750 4312 Eodem
2782 4256 2948 4310 modo
2975 4255 3341 4317 diatessaron
3363 4274 3372 4312 ;
3402 4254 3526 4320 aliae
3558 4261 3742 4320 quoque

489 4355 580 4404 tra
609 4351 864 4420 spissam,
899 4347 1260 4418 quaternaria
1311 4353 1507 4399 contra
1555 4335 2012 4415 quaternariam.
2034 4351 2091 4398 et
2171 4338 2554 4402 consenantize
2587 4351 2687 4400 aut
2715 4345 2930 4416 pariter
2956 4344 3042 4398 bis
3069 4329 3465 4416 deponantur,
3496 4341 3578 4404 vel
3601 4333 3745 4403 siml

491 4435 705 4494 cacterae
752 4433 1120 4509 mquivocales‘
1162 4441 1294 4489 sunt
1339 4433 1761 4494 constituendae,
1803 4434 2086 4488 interdum
2169 4436 2556 4500 intendantur,
2597 4452 2698 4500 seu
2754 4435 2812 4488 in
2861 4433 3161 4496 commixto.
3218 4425 3746 4509 concateueatur-B

491 4505 895 4588 variandaejut
923 4525 1100 4595 spissa
1126 4517 1322 4578 contra
1350 4523 1712 4582 saltatricem,
1747 4523 1828 4576 vel
1857 4529 2087 4593 quater-
2172 4532 2398 4597 propter
2443 4523 2849 4595 jocunditatem
2894 4540 3053 4594 suam
3099 4524 3323 4594 species
3359 4524 3473 4585 illa?
3524 4505 3744 4591 εβωθυὶε

491 4605 712 4671 nariam
736 4616 821 4670 vel
847 4615 1151 4669 ternariam
1169 4611 1502 4684 opponatur,
1523 4613 1609 4666 vel
1630 4613 1806 4683 spissa
1825 4614 2085 4683 diapente
2167 4616 2516 4670 diatessaron
2549 4619 2607 4668 et
2637 4615 2900 4685 diapente
2947 4613 3262 4674 admodum
3317 4613 3381 4675 in
3440 4607 3746 4684 quibusdam

492 4712 688 4783 contra
717 4706 1084 4769 diatessaron,
1113 4710 1177 4757 ut
1208 4703 1506 4779 laudabilis
1533 4703 1842 4756 similitudo
1873 4705 1954 4757 vel
1975 4705 2084 4759 dis-
2166 4697 2461 4759 cantilenis
2486 4720 2651 4758 suum
2681 4703 2987 4772 ostendunt
3003 4690 3477 4766 contubernium;

487 4793 798 4849 similitudo
857 4789 1174 4847 discernere
1241 4791 1546 4845 Scientibus
1593 4793 2016 4846 commendetur
2064 4813 2075 4847 :
2190 4797 2262 4849 De
2289 4797 2721 4848 consideratione
2743 4793 3172 4860 proportionu-m
3225 4795 3299 4855 in
3341 4793 3430 4847 his
3453 4788 3722 4858 specialia-is

489 4877 587 4957 qui
633 4901 747 4950 non
778 4884 959 4937 solum
1013 4883 1117 4949 hoc
1158 4881 1253 4934 sed
1285 4896 1616 4933 neumaruin
1658 4881 2075 4950 proportionem
2233 4884 2300 4937 In
2331 4883 2416 4937 his
2452 4900 2586 4953 ergo
2637 4881 2898 4938 omnibus
2949 4865 3482 4942 considerationem
3535 4890 3746 4948 ρτοροτο

484 4960 807 5052 requirant,"
851 4978 912 5026 ut
953 4963 1154 5042 triplex
1203 4970 1278 5023 sit
1325 4969 1586 5030 suavitas,
1627 4986 1742 5022 una
1781 4970 2073 5035 cantionis,
2161 4974 2331 5027 tionis
2360 4972 2752 5037 observemus:
2790 4977 2853 5026 ut
2881 4970 2930 5026 si
2959 4970 3230 5047 diapente
3272 4969 3544 5036 saltatrix
3595 4966 3664 5030 sit
3691 4963 3750 5022 in

483 5051 1130 5138 qum‘c’omprobetur‘ab
1181 5058 1446 5114 auriculis
1481 5078 1493 5123 ;
1558 5060 1800 5113 secunda
1848 5077 2077 5131 propor—
2157 5065 2266 5118 ista
2295 5078 2520 5125 neuma,
2551 5062 2609 5115 in
2632 5062 2737 5114 hac
2755 5060 2833 5114 sit
2868 5060 2956 5115 vel
2983 5064 3151 5120 tonus
3179 5060 3279 5120 vel.
3319 5060 3442 5123 alia,
3468 5054 3744 5124 saltatrix:

479 5143 650 5211 tionis
671 5144 886 5219 vocum,
920 5143 979 5206 et
1016 5166 1348 5222 neumarum
1381 5149 1446 5202 ad
1473 5148 1917 5215 distinctionum,
1952 5168 2073 5220 quae
2158 5153 2272 5207 sive
2302 5152 2454 5206 sitm
2508 5151 2790 5221 diapente,
2841 5150 2957 5205 sive
3009 5149 3070 5204 in
3114 5149 3511 5212 diatessaron,
3539 5147 3649 5202 sive
3698 5143 3749 5196 in

476 5230 774 5300 delectatio
800 5249 884 5297 est
908 5241 1140 5296 rationis
1166 5259 1178 5306 ;
1206 5239 1376 5320 tertia
1405 5238 1648 5309 pulchrae
1686 5238 2070 5293 similitudinis
2154 5243 2366 5307 ditono,
2399 5257 2496 5295 seu
2519 5241 2876 5306 semiditono,
2904 5245 2970 5295 ut
2995 5256 3156 5309 aqua
3189 5238 3274 5299 sit.
3309 5237 3631 5316 resiwnsigo-
3649 5236 3748 5294 Αυῐ

471 5352 537 5408 ac
565 5333 1039 5388 dissimilitudinis
1069 5345 1164 5384 sex
1194 5327 1708 5384 conSonantiarum.
2150 5338 2348 5386 contra
2365 5330 2704 5392 saltatricem
2723 5345 3000 5400 ponamus
3014 5333 3116 5387 aut
3133 5328 3390 5398 spissam

568 5425 642 5479 De
674 5408 957 5478 nobilitate
987 5426 1034 5475 et
1065 5421 1408 5486 ignobilitate
1436 5420 1952 5472 consonantiarunz.
2147 5427 2247 5475 aut
2273 5420 2534 5490 diapente
2556 5419 2998 5488 quaternariam,
3023 5422 3090 5472 ut
3108 5417 3287 5486 dupla
3318 5418 3428 5480 ﬁat
3448 5411 3745 5488 proponit)-

540 5513 646 5569 Sex
662 5510 1155 5568 consonantiarum
1171 5515 1287 5564 tres
1308 5507 1540 5578 nobiles,
1574 5512 1689 5563 tres
1716 5512 1848 5562 sunt
1895 5507 2057 5580 igno-
2145 5512 2259 5566 Aut
2277 5513 2475 5566 contra
2492 5507 2837 5563 saltatricem
2855 5507 3270 5562 constituamus
3288 5504 3619 5561 ternariam
3644 5499 3748 5558 dia-
