3972 6172
489 267 629 328 1327

1645 326 1652 337 ι
1686 260 2032 317 ARIBONIS
2073 260 2546 316 SCHOLASTICI

3543 274 3653 333 1328

483 401 599 451 tres
628 395 699 450 ad
723 409 895 449 unam
924 409 960 464 p
984 391 1216 462 triplum
1252 388 1500 443 faciunt:
1533 391 1703 457 atque
1733 376 1881 440 aliast
1901 387 2073 440 colla-
2092 389 2144 448 Α
2163 385 2323 441 dictae
2347 385 2630 440 tarditatis
2658 385 2716 439 in
2744 386 2894 440 hunc
2930 387 3177 455 modum,
3224 390 3445 446 Miserere
3468 411 3531 448 τη.
3553 399 3588 463 f.
3612 399 3655 453 d.

481 485 636 540 tione
655 482 1041 553 sesquialtera,
1066 486 1131 534 ut
1173 481 1530 532 centesimum
1559 474 1853 529 dimidium
1884 475 2072 541 dictio,

482 576 543 631 id
570 578 657 629 est
676 577 824 626 cente
852 571 993 625 duas
1022 569 1181 635 alias,
1216 567 1505 628 medietas,
1542 565 1597 619 id
1624 571 1710 619 est
1732 569 1939 618 simum
1961 571 2076 621 tres

478 662 651 719 habet
671 677 859 731 voces,
879 675 1051 714 unam
1078 657 1136 711 in
1165 661 1232 718 si,
1258 656 1398 710 duas
1418 654 1477 708 in
1502 670 1678 714 mum,
1715 654 2078 724 qumconqui-

479 752 813 814 niscentem,
846 748 902 803 id
932 754 1037 812 est,
1068 744 1450 801 inclinativam
1481 742 1744 799 resultat.
1772 742 2075 797 Ternarius

479 838 553 894 ad
577 836 859 893 binarium
876 834 1248 906 sesquialtera
1260 832 1343 887 vel
1372 831 1730 902 sesquitertia
1752 830 2071 898 collatione,

478 927 906 983 sicutestvenite
922 925 1217 979 Benedicti.
1271 923 1448 975 Venite
1469 927 1604 986 tres,
1640 921 1915 973 Benedicti
1941 936 2075 990 qua-

475 1022 609 1072 tuor
639 1014 811 1069 habet
837 1030 1017 1068 voces.
1052 1010 1462 1076 Quaternarius
1516 1005 1590 1062 ad
1643 1008 1957 1062 ternarium
1990 1014 2077 1063 est

478 1103 893 1177 sesquitertius,
924 1101 1092 1156 tertia
1113 1117 1244 1173 pars
1275 1105 1363 1153 est
1403 1096 1797 1170 proportionis,
1833 1113 1956 1168 quae
1985 1097 2078 1152 de-

476 1194 741 1251 scribitur
766 1192 855 1247 his
883 1190 1085 1255 verbis,
1117 1196 1217 1244 aut
1238 1193 1300 1244 in
1331 1191 1546 1242 ratione
1574 1191 1828 1240 tene-rum
1865 1203 2078 1242 neuma

372 1264 379 1271 l
473 1289 817 1341 alterutrum
838 1282 1203 1350 conferantur
1226 1284 1275 1332 et
1296 1279 1674 1346 respondeant.
1693 1277 1877 1331 Tenor
1887 1282 1974 1330 est
1990 1277 2075 1331 ul-

472 1374 783 1430 timaevocis
799 1369 1104 1444 protensio,
1138 1385 1261 1439 qua;
1296 1367 1365 1421 ad
1382 1366 1617 1420 invicem
1649 1366 1937 1420 confertur
1963 1367 2060 1431 ita,

472 1469 539 1520 ut
566 1479 837 1518 numerus
865 1476 1058 1514 vocum
1089 1463 1146 1513 et
1173 1456 1488 1519 intervalla,
1516 1471 1710 1509 earum
1735 1471 1884 1509 nunc
1896 1472 2067 1526 aequae

471 1552 669 1625 aequis,
689 1567 840 1606 nunc
851 1550 1035 1620 dupla;
1049 1548 1137 1602 vel
1154 1546 1333 1617 triplze
1344 1544 1707 1616 simplicibus,
1729 1550 1898 1615 atque
1925 1544 2065 1599 alias

470 1641 797 1698 collationes
817 1638 1187 1709 sesquialtera
1199 1635 1283 1689 vel
1298 1634 1659 1705 sesquitertia
1681 1633 2059 1701 conferantur,

2163 473 2268 545 (l3)
2303 474 2433 545 quia
2455 474 2502 528 si
2533 474 2590 527 in
2612 474 2970 528 tetrachordo
3000 474 3124 528 ﬁnis
3176 481 3256 530 est
3279 485 3452 548 quarta
3474 482 3657 553 chorda,

2160 563 2496 634 principium
2528 568 2615 617 est
2641 562 2699 617 in
2747 580 2812 617 eo
2869 563 3053 634 prima
3099 565 3313 631 chorda,
3341 569 3424 622 sed
3455 570 3541 625 hoc
3563 581 3654 641 est;

2159 667 2291 721 ergo
2315 652 2378 706 D.
2410 652 2717 706 secundum
2749 652 2895 706 hanc
2910 654 3201 718 rationem,
3218 660 3270 709 et
3285 662 3460 726 quarta
3478 666 3548 713 est
3561 678 3659 732 gra-

2156 741 2331 805 vium,
2354 747 2411 795 et
2431 741 2613 812 prima
2641 741 2916 795 ﬁnalium.
2949 743 3066 796 Hac
3111 742 3228 814 ipsa
3253 749 3660 815 argumentatione

2156 829 2231 882 sit
2256 830 2575 901 probatum,
2608 830 2757 901 quod
2786 830 2841 884 d-.
2872 830 2948 884 sit
2976 836 3175 902 quarta
3225 834 3554 904 superiorum,
3576 838 3661 907 pri-

2154 935 2249 972 ma
2267 919 2676 974 excellentium.

2160 1026 2312 1093 Quod
2331 1027 2585 1095 probatio
2609 1028 2717 1081 ista
2735 1029 3016 1096 pertineat
3041 1027 3115 1079 ad
3135 1031 3411 1083 materiam
3435 1036 3614 1085 autenti
3627 1039 3661 1086 et

2686 1126 2695 1137 ι
2785 1099 3112 1166 subjugalis.

2227 1185 2350 1239 Jam
2381 1185 2762 1257 probavimus,
2794 1188 2944 1258 quod
2974 1188 3173 1242 modus
3213 1204 3353 1259 saepe
3377 1188 3533 1244 dictus
3553 1190 3667 1245 inter

2152 1273 2219 1327 D.
2238 1274 2291 1328 d.
2313 1275 2653 1330 constitutus
2680 1280 2797 1330 tam
2826 1276 3133 1331 materialis
3152 1276 3227 1330 sit
3237 1277 3405 1348 plagae
3429 1281 3666 1349 quarto,id

2150 1367 2253 1428 est,
2279 1368 2475 1417 octavo
2490 1369 2646 1429 tono,
2671 1381 2841 1435 quam
2883 1370 3113 1420 autento
3159 1364 3352 1436 primo,
3381 1367 3538 1437 primo
3556 1368 3669 1422 vide-

2149 1450 2281 1505 licet
2308 1453 2733 1524 tono,quodque
2753 1459 2873 1507 tam
2894 1471 3021 1508 vere
3031 1454 3669 1526 dicatur,hypomixolidius

2150 1556 2318 1610 quam
2349 1541 2543 1596 dorius
2578 1559 2590 1594 :
2626 1542 2760 1612 quia
2787 1559 2916 1596 cum
2974 1549 3193 1597 constet
3220 1549 3411 1613 quarta
3446 1544 3667 1615 gravium,

2146 1634 2349 1698 quarta
2364 1631 2738 1702 superiorum,
2760 1631 2945 1702 prima
2970 1632 3243 1699 ﬁnalium,
3270 1632 3438 1703 prima
3456 1633 3670 1687 excellen-

466 1728 1017 1802 etrespondeant.De
1034 1730 1350 1797 quotenore
1360 1723 1814 1794 velprotensione
1826 1723 2067 1778 domnus
2081 1747 2129 1807 B
2148 1716 2315 1785 tium,
2354 1719 2703 1789 probandum
2731 1721 2859 1786 erit,
2894 1725 3155 1791 quartam
3174 1721 3435 1791 gravium,
3464 1728 3672 1792 quartam

467 1820 651 1877 Guido
671 1818 806 1873 dicit
838 1836 850 1871 :
893 1819 1066 1872 Tenor
1093 1830 1238 1879 vero,
1258 1815 1318 1867 id
1353 1818 1427 1867 est
1471 1828 1629 1867 mora
1660 1815 1873 1866 ult-ima:
1897 1815 2058 1877 vocis,
2146 1808 2500 1878 superiorum
2524 1809 2733 1880 plagali
2758 1826 2879 1864 esse
2906 1810 3259 1865 materiales:
3292 1816 3385 1864 aut
3409 1811 3670 1875 audiamus,

462 1912 564 1981 qui
586 1912 651 1964 in
668 1909 884 1978 syllaba
908 1906 1515 1974 quantuluscunqueest
1538 1903 1782 1969 amplior
1794 1904 1855 1954 in
1876 1906 2057 1969 parte,

462 1998 816 2053 diutissimus
834 2010 960 2048 vero
988 1996 1050 2047 in
1067 1991 1440 2045 distinctione.
1460 2004 1511 2041 υ.
1541 2004 1594 2056 g.
1618 1989 1773 2042 Dia-it
1793 1988 2061 2043 Dominus

459 2083 693 2141 mulieri
720 2083 1001 2137 Gananeaz.
1016 2081 1196 2136 Unam
1220 2094 1353 2147 ergo
1381 2076 1799 2131 distinctionem
1821 2076 2059 2133 habetin

459 2176 623 2239 discit,
655 2177 876 2244 partem
904 2170 964 2224 in
987 2170 1129 2222 dixit
1153 2170 1453 2228 Dominus;
1476 2165 1893 2220 distinctionem
1913 2168 2059 2220 dixit

458 2264 731 2317 Dominus
751 2261 983 2314 mulieri
1011 2258 1295 2313 Gananez.
1329 2254 1598 2309 Habeatis
1653 2254 1947 2326 syllabam.
1990 2257 2055 2310 In

457 2352 606 2405 dixit
634 2349 821 2405 ﬁnalis
834 2352 917 2403 ait
937 2346 1354 2419 aliquantulum
1382 2344 1768 2416 protendatur.
1814 2345 1878 2398 In
1907 2347 2055 2399 dixit

453 2441 726 2495 Dominus
754 2438 939 2492 ﬁnalis
984 2453 1091 2490 nus
1137 2434 1481 2507 producatur
1508 2432 1769 2503 amplius.
1801 2431 1870 2487 In
1907 2435 2053 2488 dixit

451 2531 520 2585 Β.
550 2546 628 2583 m.
660 2528 717 2584 0.
750 2526 935 2581 ﬁnalis
963 2524 1333 2598 protendatur
1361 2522 1698 2577 diutissime.

523 2619 811 2689 Proponat
836 2615 941 2671 sibi
970 2615 1216 2688 musicus
1236 2612 1438 2685 quibus
1464 2630 1528 2666 ex
1565 2612 1654 2666 his
1686 2611 2049 2668 divisionibus

452 2707 807 2763 incedentem
831 2704 1003 2759 faciat
1046 2710 1271 2759 cantum
1294 2700 1391 2774 (8),
1421 2702 1508 2755 vel
1537 2718 1661 2773 quae
1689 2701 1804 2756 sint
1828 2702 1938 2757 illa;
1966 2703 2049 2757 di-

448 2796 707 2851 visiones.
732 2794 891 2849 Sicut
918 2794 1066 2848 enim
1099 2798 1408 2846 metrorum
1451 2790 1708 2861 plurima:
1746 2796 1879 2845 sunt
1906 2792 2048 2846 divi-

451 2884 658 2951 siones,
693 2884 828 2955 quia
875 2882 1131 2955 quaedam
1188 2885 1321 2935 sunt
1363 2879 1749 2950 Asclepiadea,
1791 2881 2047 2951 quaedam

454 2973 716 3045 Sapbica,
747 2973 1003 3045 quaedam
1060 2970 1349 3036 Alchaica,
1407 2974 1465 3023 et
1508 2969 1580 3023 ad
1634 2969 1784 3023 hunc
1815 2971 2045 3025 modum

456 3060 863 3133 Hyponactica,
889 3059 1163 3115 nonnulla
1193 3058 1364 3112 etiam
1394 3056 1680 3113 Gliconica
1713 3076 1724 3111 :
1762 3057 1842 3111 sic
1871 3059 2045 3113 melo-

446 3149 670 3205 diarum
701 3166 920 3206 neumae
976 3148 1249 3221 plurimas
1306 3145 1516 3200 habent
1565 3146 1885 3211 divisiones,
1909 3147 2044 3202 dum

444 3255 562 3295 una
586 3240 663 3294 sit
690 3238 892 3294 divisio'
916 3254 1205 3309 aequarum
1230 3236 1301 3291 ad
1330 3252 1540 3306 aequas.
1571 3235 1751 3289 altera
1789 3241 1847 3290 et
1874 3237 2044 3291 tertia

442 3328 745 3399 duplarum
774 3328 1186 3398 triplarumque
1217 3325 1288 3379 ad
1318 3323 1618 3395 simplices,
1654 3329 1856 3395 quarta
1876 3325 2043 3396 quin-

440 3424 567 3473 tave
593 3422 659 3472 ut
686 3416 1184 3488 sesquialterarum
1222 3413 1819 3485 sesquitertiarumque
1846 3414 2042 3469 distin-

440 3507 654 3562 ctiones
712 3504 1165 3560 distinctionibus
1220 3509 1355 3557 sunt
1401 3504 1663 3574 aequales,
1697 3508 1761 3557 ut
1790 3504 1849 3557 in
1903 3504 2046 3559 bene

441 3594 761 3667 procuratis
808 3593 1063 3647 cantibus
1108 3597 1343 3663 apparet
1397 3592 1541 3646 sicut
1582 3592 1639 3645 in
1684 3592 1798 3646 illo.
1834 3594 1880 3664 η.
1913 3594 2042 3648 Ecce

444 3700 599 3739 nunc
622 3689 832 3751 tempus
860 3683 1204 3749 acceptabile,
1232 3697 1346 3734 una
1384 3680 1687 3734 distinctio.
1728 3681 1856 3735 Ecce
1888 3699 2038 3736 nunc

443 3774 559 3826 dies
583 3774 806 3838 salutis,
827 3771 1025 3825 altera.
1060 3770 1509 3825 Commendemus
1541 3773 1911 3838 nosmetipsos,
1928 3776 2037 3825 ter-

441 3861 542 3918 tia.
568 3864 636 3917 In
665 3864 845 3915 multa
869 3861 1164 3930 patientia,
1189 3863 1416 3930 quarta.
1457 3859 1523 3913 In
1554 3860 1794 3926 jejuniis
1822 3863 2037 3928 multis,

446 3950 670 4024 quinta.
724 3953 829 4005 Per
854 3965 1019 4004 arma
1041 3950 1296 4018 justitiae,
1334 3951 1505 4004 sexta.
1551 3949 1775 4002 Virtutis
1804 3949 1918 4009 Dei.
1958 3966 2043 4004 se-

442 4040 642 4113 ptima.
666 4039 801 4104 Quae
822 4054 1016 4093 omnes
1044 4054 1216 4109 penes
1247 4041 1379 4091 sunt
1408 4036 1941 4092 commensurabiles
1966 4036 2035 4108 (9)

442 4135 509 4184 ut
534 4129 591 4183 in
616 4128 846 4183 modum
874 4128 1152 4182 currentis
1170 4125 1299 4197 equi
1320 4142 1478 4180 voces
1493 4125 1563 4178 ad
1580 4126 1763 4179 locum
1792 4127 2035 4197 respira-

442 4218 613 4274 tionis
645 4217 930 4272 accedant.
968 4214 1076 4285 (10)
1122 4215 1359 4287 Spissim
1400 4220 1590 4269 autem
1621 4221 1678 4269 et
1706 4232 1834 4269 raro
1872 4224 2039 4287 prout

2144 1895 2191 1949 si
2223 1896 2561 1951 naturaliter
2588 1897 2868 1969 possimus
2896 1898 3079 1953 tribus
3096 1898 3357 1969 gravibus
3371 1899 3438 1953 A.
3459 1899 3515 1954 B.
3535 1899 3676 1954 C.tri-

2145 1983 2246 2038 bus
2275 1985 2659 2056 superioribus
2688 2004 2741 2043 a.
2765 1987 2812 2058 η.
2845 2004 2894 2042 c.
2929 1987 3077 2059 quod
3100 2003 3218 2043 non
3243 1988 3352 2043 sint
3376 1988 3675 2043 constitutive

2140 2080 2198 2128 et
2224 2076 2547 2131 materiales
2590 2076 2772 2131 tribus
2825 2079 3025 2150 plagis,
3067 2085 3204 2134 tono
3232 2079 3437 2134 scilicet
3458 2078 3675 2143 secundo,

2139 2170 2359 2236 quarto,
2378 2170 2553 2229 sexto,
2575 2172 2675 2221 aut
2693 2173 2907 2238 quartae
2926 2168 3206 2238 gravium,
3248 2174 3450 2240 quartae
3475 2166 3676 2238 superio-

2136 2270 2263 2308 rum
2295 2272 2309 2308 :
2344 2255 2735 2320 concedamus,
2754 2262 2819 2311 ut
2841 2258 3165 2312 materiales
3195 2258 3308 2313 sint
3333 2258 3500 2312 claves
3513 2262 3676 2328 quarto

2135 2342 2366 2413 plagali,
2390 2348 2583 2398 octavo
2601 2344 2845 2415 denique
2863 2349 3018 2413 tono;
3051 2346 3154 2400 sed
3184 2345 3512 2417 impossibile
3532 2350 3675 2411 est,ut

2132 2430 2315 2486 tribus
2330 2432 2644 2505 praepositis
2659 2432 2925 2503 gravibus
2944 2440 3003 2489 et
3021 2434 3400 2507 superioribus
3416 2435 3568 2489 trium
3578 2434 3675 2505 pla-

2129 2538 2330 2592 garum
2357 2523 2814 2578 constitutionem
2834 2525 3169 2581 adimamus.
3197 2526 3341 2597 Ergo
3355 2525 3589 2598 possibile
3610 2531 3676 2579 est

2132 2615 2190 2665 et
2215 2611 2594 2676 verissimum,
2634 2618 2699 2667 ut
2719 2620 2933 2685 quarta:
2962 2614 3225 2685 gravium
3270 2621 3327 2670 et
3371 2614 3676 2687 superiorum

2130 2705 2345 2771 quarta:
2368 2701 2566 2772 plagae,
2591 2701 2647 2755 id
2666 2708 2771 2770 est,
2794 2704 2913 2758 toni
2935 2705 3113 2759 octavi
3155 2705 3499 2760 essentialem
3522 2719 3681 2759 conce.

2129 2788 2329 2844 damus
2343 2834 2355 2846 .

2122 2906 2129 2914 '
2164 2898 2237 2951 De
2249 2900 2585 2966 proprietate
2614 2900 2931 2966 Protorum,
2963 2903 3352 2967 Deuterorum,
3386 2905 3649 2960 Tritorum,

2730 2972 3123 3027 Tetrardorum
3136 3015 3150 3028 .

2201 3056 2523 3129 Proprietas
2554 3064 2640 3113 est
2664 3064 2976 3131 protorum,
3006 3068 3070 3117 ut
3102 3064 3443 3119 concordent
3471 3063 3525 3117 in
3541 3062 3685 3116 eleva-

2127 3146 2279 3200 tione
2309 3163 2410 3217 per
2436 3147 2718 3220 diapente,
2750 3148 2809 3202 in
2846 3150 3204 3221 depositione
3225 3170 3328 3224 per
3350 3158 3549 3206 tonum.

2197 3235 2518 3307 Proprietas
2547 3242 2631 3291 est
2662 3237 3027 3293 deuterorum
3056 3258 3191 3295 cum
3214 3242 3434 3313 integra
3454 3240 3686 3295 diatessa-

2123 3341 2226 3379 ron
2250 3341 2350 3395 per
2380 3325 2773 3391 intensionem,
2797 3328 2989 3382 ditono
3019 3347 3120 3401 per
3150 3331 3545 3385 remissionem.

2195 3414 2517 3485 PrOprietas
2546 3421 2632 3468 est
2655 3416 2940 3483 tritorum,
2957 3424 3023 3472 ut
3042 3421 3390 3475 concordent
3414 3417 3686 3475 intensione

2127 3502 2338 3569 ditono,
2373 3504 2719 3559 diatessaron
2746 3506 3098 3561 remissione.

2196 3592 2521 3663 Pr0prietas
2534 3600 2621 3647 est
2642 3595 3043 3661 tetrardorum,
3065 3602 3131 3651 ut
3142 3598 3327 3669 protis
3355 3602 3684 3670 opponantur;

2121 3685 2399 3750 quatenus
2426 3682 2627 3736 horum
2652 3683 2887 3737 elevatio
2918 3684 3159 3740 istorum
3193 3687 3272 3741 sit
3300 3687 3559 3741 remissio.

2303 3788 2453 3854 Quod
2471 3805 2581 3842 non
2610 3792 2682 3843 sit
2710 3792 2932 3857 ﬁrmius
2950 3799 3363 3859 argumentum
3392 3809 3550 3863 quam

2754 3866 3085 3931 proprietas.

2193 3946 2455 4010 Quamvis
2477 3947 2612 4002 satis
2626 3948 2699 4003 sit
2718 3949 3034 4021 probatum,
3051 3953 3205 4023 quod
3233 3954 3304 4009 de
3325 3953 3524 4025 plagali
3540 3954 3689 4006 mate-

2121 4035 2224 4102 ria,
2253 4036 2510 4091 videlicet
2533 4044 2735 4109 quarta
2782 4040 3061 4109 gravium,
3111 4049 3325 4113 quarta
3352 4043 3686 4114 superiorum,

2122 4130 2322 4193 quarta
2349 4125 2587 4197 plagalis
2616 4127 2850 4198 species,
2881 4129 2939 4183 id
2961 4135 3065 4195 est,
3093 4136 3272 4187 tonus
3301 4138 3521 4187 octavus
3546 4126 3691 4202 possit

2120 4213 2477 4279 conformari,
2511 4232 2640 4270 nam
2672 4216 2911 4272 inﬁciari
2938 4235 3068 4273 vere
3096 4236 3217 4275 non
3246 4238 3555 4293 possumus,
3581 4216 3692 4289 quin

443 4311 666 4379 oportet
685 4312 830 4361 notae
858 4306 1178 4378 compositae
1198 4305 1365 4375 hujus
1380 4303 1461 4358 rei
1481 4308 1747 4375 poterunt
1770 4304 2037 4360 indicium
2053 4372 2094 4379 _
2119 4303 2297 4371 possit
2310 4320 2515 4360 aureus
2533 4306 2602 4360 de
2640 4322 2778 4361 auro
2820 4308 2944 4362 ﬁeri
2974 4308 3157 4373 stilus,
3195 4316 3392 4366 tamen
3419 4310 3587 4365 adhuc
3606 4304 3692 4378 ipsi

442 4372 597 4454 dare.
624 4398 815 4469 Equus
834 4394 969 4451 dum
984 4372 1193 4460 currit,
1213 4372 1463 4447 crebrius
1481 4372 1725 4463 ungulas
1753 4393 2037 4464 ﬁgit,dum
2053 4372 2103 4431 D
2125 4390 2473 4449 sufficientia:
2492 4395 2816 4450 violentiam
2846 4397 3103 4453 volumus
3152 4400 3391 4468 inferre,
3420 4400 3578 4455 etiam
3600 4372 3694 4450 non

441 4505 661 4545 cessare
685 4487 913 4559 cogitat,
947 4484 1132 4538 rarius
1177 4482 1415 4553 vestigia
1469 4482 1724 4545 collocat,
1768 4482 1848 4537 ita
1876 4484 2038 4554 juxta

439 4580 614 4634 ﬁnem
644 4575 1072 4632 distinctionum
1100 4578 1166 4627 ut
1195 4572 1457 4637 rariores,
1489 4571 1527 4627 i.
1556 4588 1612 4629 e.
1649 4572 1926 4627 tardiores
1945 4590 2036 4629 vo-

439 4684 532 4724 ces
557 4666 860 4723 succedant
886 4668 973 4718 est
998 4660 1413 4734 procurandum
1470 4660 1597 4731 (11).
1645 4661 1806 4725 Quod
1843 4668 2034 4718 autem

438 4757 593 4825 dicit,
624 4758 845 4827 spissim
872 4758 1060 4807 autem
1081 4756 1129 4805 et
1159 4766 1292 4804 raro
1320 4755 1483 4819 prout
1512 4756 1716 4819 oportet
1744 4756 1882 4806 notae
1895 4769 2036 4807 com-

432 4850 640 4918 positae,
675 4846 844 4913 hujus
873 4843 958 4896 rei
1003 4842 1267 4909 poterunt
1306 4840 1582 4893 indicium
1619 4840 1755 4893 dare
1785 4838 1887 4910 (12)
1918 4858 2036 4897 am-

434 4937 554 4993 tius
581 4940 669 4991 est
692 4930 974 4989 scribendi
999 4935 1057 4984 et
1083 4928 1388 4984 neumandi
1416 4927 1715 4995 distinctio,
1740 4929 1916 4985 donec
1959 4932 2032 4986 ad

434 5029 607 5083 ﬁnem
627 5021 1059 5096 appropinquet.
1094 5019 1262 5073 Juxta
1290 5018 1456 5072 ﬁdem
1507 5023 1697 5072 autem
1725 5017 2031 5091 dissipetur

433 5116 719 5189 scriptura
747 5128 874 5167 cum
902 5108 1143 5175 neumis,
1177 5112 1243 5161 ut
1261 5106 1475 5162 cantori
1502 5107 1577 5162 sit
1593 5107 1862 5163 indicium
1891 5124 2030 5180 prae—

499 5257 574 5328 (8)
613 5260 740 5313 Ve...
771 5258 1066 5311 divisiones
1094 5254 1301 5309 desunt
1325 5254 1384 5309 in
1406 5253 1526 5309 Em.

502 5332 574 5401 (9)
610 5331 794 5385 Emer.
830 5330 1119 5383 Interdum
1148 5343 1272 5381 vero
1299 5333 1363 5381 ut
1400 5331 1460 5382 in
1489 5329 1716 5383 modum
1745 5330 2024 5385 currentis

426 5408 556 5461 rari
579 5406 879 5469 rariusque
904 5416 1069 5454 voces.

493 5475 545 5541 (4
557 5473 610 5537 0)
630 5472 816 5528 Emer.
845 5471 1150 5539 Saepissime
1170 5471 1462 5541 autempel
1478 5474 1751 5526 rarenter.

490 5539 545 5615 (l
560 5545 604 5616 ι)
872 5542 1009 5602 dare
1031 5541 1239 5596 desunt
1262 5539 1325 5598 in
1349 5540 1541 5600 Emer.

2117 4483 2564 4539 necessariorum
2650 4485 2867 4556 copiam
2956 4487 3359 4545 ministrantes
3431 4502 3695 4561 argumen-

2116 4579 2323 4628 torum.

2185 4662 2483 4718 Efﬁcacius
2506 4670 2902 4735 argumentum
2934 4666 3057 4739 ipsa
3082 4669 3437 4741 proprietate
3464 4686 3569 4725 non
3590 4683 3696 4740 pos-

2116 4768 2312 4806 sumus
2341 4752 2611 4807 invenire.
2646 4754 2843 4826 Neque
2875 4756 3025 4811 enim
3075 4762 3299 4814 temere
3350 4759 3697 4832 proprietates

2114 4844 2402 4913 troporum
2416 4841 2781 4913 cogitavimus
2821 4845 3182 4916 praemittere.
3219 4848 3526 4903 Videamus
3559 4847 3603 4901 si
3634 4846 3690 4900 D.

2113 4930 2167 4984 d.
2193 4935 2309 4985 tam
2324 4931 2562 4986 tetrardi
2579 4948 2748 5003 quam
2781 4934 2930 5004 proti
2951 4935 3336 5007 proprietates
3349 4937 3525 5010 possit
3542 4934 3695 4990 habe-

2110 5036 2191 5074 re.
2214 5020 2617 5075 Tetrardorum
2636 5028 2719 5076 est
2737 5022 3141 5094 proprietas,ut
3158 5031 3461 5096 pratorum
3475 5023 3695 5080 intensio

2110 5107 2185 5163 sit
2199 5109 2423 5164 illorum
2444 5110 2700 5165 remissio
2714 5156 2727 5170 .
2740 5112 2849 5167 Sed
2869 5114 2936 5168 D.
2951 5112 3031 5168 ita
3042 5114 3364 5171 remittitur
3384 5119 3692 5188 pertonum,

2179 5254 2290 5324 (Ν)
2324 5255 2444 5311 Em.
2497 5257 2721 5311 Arctius
2755 5262 2945 5312 autem
2995 5263 3073 5313 est
3118 5260 3419 5315 scribenda
3472 5265 3520 5314 et
3571 5273 3694 5313 neu-

2106 5328 2401 5467 Ὶηῗίῖἒῧαῐξίο
2420 5395 2629 5475 desinit
2653 5398 3072 5475 San-Emeram.
3104 5407 3160 5456 et
3196 5418 3328 5475 qua:
3360 5402 3453 5459 hic
3472 5415 3696 5473 sequun-

2105 5475 2215 5540 tur,
2247 5486 2376 5527 cum
2404 5471 2703 5544 praeteritis
2727 5488 2842 5528 non
2871 5472 3170 5529 cohaerent.
