4016 6178
304 318 450 380 1329

1789 319 2081 377 MUSICA.

3444 310 3583 372 1330

305 446 690 516 semitonium,
712 448 1094 517 tonum,sicut
1106 448 1376 521 A.protus
1392 451 1547 513 tono,
1576 450 1895 507 semitonio.
1918 452 1964 512 A
1986 465 2136 535 Quod
2165 480 2279 519 non
2306 467 2379 519 sit
2406 464 2639 520 dicenda
2655 465 2887 533 'quinta,
2919 461 3093 535 secta,
3118 459 3370 529 septima,
3389 463 3577 515 octava

307 542 446 595 tono
475 537 811 594 intenditur.

440 629 594 696 Quod
621 631 908 697 zqualiter
933 629 997 684 de
1024 645 1077 684 se
1091 629 1468 699 praedicentur
1495 631 1690 699 species
1709 633 1760 685 et

973 722 1228 788 propria.

377 806 579 863 Omnis
597 807 766 861 homo
794 806 1025 862 risibilis
1056 812 1164 874 est,
1204 814 1262 863 et
1288 825 1454 864 omne
1481 809 1695 864 risibile
1733 810 1902 864 homo

303 895 621 954 est.0mnis
634 895 920 951 tetrardus
949 913 1051 968 per
1068 901 1285 961 tonum,
1306 897 1687 960 semitonium,
1700 901 1900 951 tonum

302 982 661 1039 remissibilis
699 988 802 1048 est,
842 990 900 1040 et
923 985 1108 1041 omnis
1136 987 1395 1042 remissio
1423 986 1562 1054 toni,
1593 986 1896 1053 semitonii,

301 1072 428 1126 toni
446 1072 731 1128 tetrardus
753 1078 854 1129 est.
884 1074 993 1129 Sed
1022 1075 1089 1132 D.
1122 1076 1176 1129 d.
1210 1076 1521 1132 remittitur
1538 1081 1692 1136 tono.
1727 1075 1901 1130 semi-

300 1162 482 1229 tonio,
513 1167 678 1229 tono;
725 1179 859 1235 ergo
897 1164 1184 1219 tetrardus
1214 1169 1318 1220 est.
1362 1165 1421 1220 Si
1458 1165 1743 1220 tetrardus
1773 1169 1895 1231 est;

301 1256 405 1307 aut
431 1257 698 1307 autentus
723 1257 828 1319 est,
864 1257 965 1308 aut
992 1254 1250 1325 plagalis.
1293 1255 1397 1310 Sed
1432 1271 1658 1310 necesse
1697 1260 1801 1318 est,
1835 1261 1901 1311 ut

302 1340 377 1394 sit
396 1340 795 1413 plagalis,quia
812 1341 1000 1396 nullus
1018 1348 1284 1398 autentus
1298 1342 1561 1414 gravibus
1578 1349 1636 1397 et
1652 1342 1900 1414 superio-

299 1428 462 1483 ribus
489 1433 728 1483 constat.
756 1429 1249 1501 Irrefragabilibus
1270 1431 1569 1486 transactis
1596 1447 1900 1502 argumen-

298 1518 636 1584 tationibus,
662 1523 719 1573 et
743 1519 963 1590 prolixo
992 1526 1209 1575 naturae
1249 1538 1363 1577 suae
1415 1521 1573 1577 ﬁnito
1602 1520 1892 1587 scrutinio,

297 1607 651 1680 baptizemus
670 1607 909 1662 eundem
924 1609 1171 1674 modum,
1196 1611 1552 1665 nominantes
1572 1627 1701 1665 eum
1716 1611 1896 1681 hypo-

298 1696 747 1763 mixolidium,ut
766 1696 846 1750 sic
865 1696 942 1751 sit
962 1696 1260 1767 binomius,
1284 1700 1429 1755 sicut
1449 1717 1577 1755 eum
1597 1698 1894 1754 biformem

297 1782 580 1841 novimus.

775 1876 890 1930 Cur
916 1878 1185 1931 dicantur
1219 1878 1403 1946 Tropi.

367 1964 544 2035 Tropi
580 1963 845 2021 dicuntur
874 1982 909 2019 a
931 1965 1251 2020 reversione
1277 1985 1289 2034 ;
1320 1966 1453 2037 quia
1479 1965 1674 2021 ubiubi
1698 1970 1896 2020 cantus

301 2069 660 2125 quocumque
689 2055 958 2109 ascendat
977 2072 1076 2110 seu
1100 2055 1423 2124 descendat,
1447 2056 1517 2110 ad
1546 2056 1808 2111 ultimum
1837 2055 1897 2110 in

297 2142 489 2196 ﬁnalis
519 2143 820 2197 revertitur
838 2143 1207 2199 domicilium.

303 2286 506 2340 Utrum
542 2287 689 2341 Trite
708 2286 1118 2355 Synemmenon
1147 2288 1307 2354 infra
1333 2289 1415 2340 vel
1433 2302 1605 2355 supra
1629 2288 1896 2341 transdu-

367 2359 607 2412 ctoriam
628 2358 887 2426 ponenda
917 2360 988 2411 sit
1038 2360 1265 2419 lineam,
1300 2363 1351 2411 et
1399 2364 1596 2412 utrum
1626 2360 1787 2412 molle
1824 2357 1885 2414 b.

368 2428 789 2497 rotundumque
842 2432 916 2482 sit
964 2430 1143 2496 magis
1209 2432 1601 2496 necessarium,
1643 2432 1895 2483 minusve

370 2516 544 2569 quam
570 2500 911 2569 quadratum
939 2499 987 2572 Η.

372 2606 560 2660 Causa
590 2611 675 2661 est
700 2606 987 2678 antiquior
1015 2623 1186 2678 quam
1216 2607 1464 2670 effectus,
1489 2610 1558 2661 ut
1582 2606 1729 2677 ignis
1749 2623 1897 2661 com-

294 2693 621 2749 bustionem
649 2695 932 2766 praecedit.
983 2696 1123 2753 Cum
1150 2696 1339 2750 hiatus
1388 2695 1691 2763 diezeuxis,
1720 2695 1779 2750 id
1809 2700 1895 2750 est

294 2783 693 2853 disjunctionis
721 2784 1229 2851 tetrachordorum,
1251 2783 1506 2855 patribus
1528 2784 1737 2838 nostris
1766 2785 1892 2855 plu-

290 2871 445 2925 rima
467 2872 705 2926 canendi
733 2872 1123 2944 praetendisset
1160 2872 1493 2927 offendicula
1517 2890 1529 2924 :
1562 2871 1694 2943 quia
1722 2872 1892 2927 tritus

292 2960 485 3015 ﬁnalis
512 2960 575 3014 F.
622 2977 793 3031 supra
823 2966 1044 3032 quarta,
1102 2961 1272 3016 tritus
1332 2961 1608 3015 excellens
1666 2961 1703 3014 f.
1745 2960 1892 3016 infra

289 3049 479 3104 caruit
510 3049 725 3121 quinta,
748 3050 1212 3121 interposuerunt
1237 3050 1369 3104 trite
1390 3066 1798 3121 synemmenon
1818 3051 1890 3105 ad

288 3138 710 3193 emendandum
733 3138 1088 3209 jubilationis
1126 3139 1428 3194 defectum.
1473 3138 1558 3194 Ibi
1600 3155 1772 3193 causa
1801 3145 1888 3195 est

286 3227 595 3290 diezeuxis,
649 3228 1005 3300 interpositio
1034 3244 1442 3301 synemmenon
1489 3233 1576 3282 est
1631 3229 1880 3292 eﬁ'ectus,

286 3334 428 3388 ergo
458 3316 755 3389 posterior,
789 3318 925 3382 Quae
973 3318 1049 3372 sit
1098 3318 1379 3389 posterior
1424 3316 1772 3384 inventione,
1812 3318 1886 3373 sit

285 3408 462 3462 etiam
486 3407 765 3478 posterior
810 3408 870 3462 in
906 3408 1175 3475 sessione,
1208 3407 1356 3462 sicut
1385 3406 1601 3461 advena
1628 3406 1689 3461 in
1717 3406 1884 3460 domo

283 3496 495 3551 aliena.
553 3497 825 3568 Suscepta
873 3496 1102 3568 quidem
1157 3496 1303 3551 sicut
1348 3496 1572 3551 iambus
1603 3496 1882 3567 spondeos

280 3586 522 3641 stabiles
549 3586 609 3641 in
631 3588 764 3658 jura
789 3592 1027 3658 paterna
1069 3587 1300 3658 recepit,
1334 3584 1662 3642 commodus
1692 3588 1750 3639 et
1776 3600 1878 3655 pa-

279 3674 459 3741 tiens,
485 3691 600 3729 non
627 3681 693 3730 ut
738 3676 809 3730 de
837 3675 969 3730 sede
998 3676 1244 3731 secunda
1272 3676 1515 3739 cederet,
1549 3678 1647 3728 aut
1680 3677 1883 3744 quarta

277 3762 586 3818 socialiter.
620 3764 767 3835 Ergo
791 3781 1201 3837 synemmenon
1241 3765 1390 3820 infra
1419 3764 1739 3828 collocetur,
1764 3777 1879 3816 non

276 3869 477 3924 supra.
512 3853 646 3918 Quae
691 3856 895 3910 harum
933 3856 1006 3910 sit
1033 3855 1228 3909 utilior
1256 3854 1596 3909 chordarum
1637 3867 1881 3924 perpen-

277 3942 417 3997 dere
445 3959 766 4014 possumus,
795 3945 845 4000 si
886 3945 1272 4000 discernemus
1304 3944 1466 4015 cujus
1503 3943 1579 3998 sit
1613 3942 1879 4012 frequen-

273 4031 393 4086 tior
420 4047 582 4086 usus.

285 4154 446 4221 Quod
461 4156 631 4208 tritus
644 4157 886 4208 maxime
903 4156 1152 4222 indigeat
1182 4167 1734 4223 synemmenon,cum
1755 4154 1876 4219 ipsa

582 4228 831 4294 suppleat
862 4229 1030 4280 vicem
1056 4228 1396 4294 superiorius
1428 4227 1568 4277 triti.

2231 540 2426 606 species
2453 537 2739 606 diapason.
2773 535 3027 604 quamvis
3043 534 3158 585 sint
3178 536 3310 585 octo.

2054 625 2210 683 Licet
2245 625 2362 681 sint
2390 629 2513 681 octo
2538 623 2752 696 species
2775 622 3065 693 diapason,
3102 619 3359 691 quintam
3380 624 3574 674 tamen

1984 720 2042 772 et
2064 721 2299 783 sextam,
2333 713 2653 785 septimam,
2685 716 2743 766 et
2770 717 3023 766 octavam
3052 709 3161 764 dici
3190 714 3406 764 natura;
3433 708 3579 764 veri-

1981 811 2070 861 tas
2090 823 2203 861 non
2230 806 2624 878 patitur.Cum
2651 802 2803 857 enim
2823 816 2989 855 omne
3017 803 3203 854 totum
3217 798 3287 853 de
3315 797 3432 853 suis
3443 813 3575 870 par-

1980 895 2132 951 tibus
2154 896 2479 951 nominetur
2504 892 2795 955 veraciter,
2825 889 2975 944 idem
3012 889 3072 943 in
3111 892 3233 943 tota
3275 887 3574 959 diapason,

1981 990 2038 1039 et
2055 986 2115 1039 in
2134 985 2251 1040 suis
2277 984 2553 1056 partibus,
2572 982 2922 1036 diatessaron
2954 978 3168 1033 scilicet
3196 992 3261 1031 ac
3286 976 3570 1049 diapente,

1980 1073 2338 1130 considerare
2371 1074 2657 1129 debemuS.
2691 1070 2915 1143 Species
2959 1067 3310 1122 diatessaron
3354 1071 3412 1121 et
3447 1066 3573 1121 dia-

1981 1168 2150 1234 pente
2199 1180 2314 1219 non
2344 1164 2536 1236 plures
2567 1178 2738 1235 quam
2781 1162 3023 1230 quatuor
3050 1155 3261 1212 scimus
3288 1171 3439 1224 esse;
3472 1156 3574 1212 sed

1981 1268 2108 1307 cum
2138 1253 2350 1325 species
2407 1254 2680 1325 diapason
2707 1248 3123 1305 constituantur
3170 1244 3240 1299 de
3280 1245 3572 1316 speciebus

1979 1341 2242 1414 diapente
2284 1349 2341 1399 et
2380 1344 2754 1405 diatessaron,
2796 1354 2909 1393 non
2938 1338 3176 1409 possunt
3203 1333 3325 1388 ﬁeri
3356 1335 3571 1405 plures,

1981 1446 2149 1500 quam
2170 1433 2415 1504 partium
2441 1431 2652 1504 species
2679 1448 2691 1483 :
2720 1429 2819 1484 sed
2851 1425 3119 1499 quoniam
3158 1425 3402 1494 quatuor
3441 1440 3571 1495 spe-

1979 1518 2091 1575 cies
2122 1522 2391 1594 diapason
2408 1522 2847 1581 constituuntur,
2869 1517 2952 1570 ita
2973 1518 3037 1569 ut
3062 1514 3415 1568 diatessaron
3434 1530 3573 1585 prm-

1977 1609 2158 1676 cedat,
2188 1611 2450 1684 diapente
2479 1615 2766 1682 sequatur,
2792 1624 2918 1679 quae
2957 1608 3091 1659 sunt
3119 1603 3397 1675 plagales;
3431 1620 3573 1677 qua-

1976 1701 2107 1753 tuor
2125 1704 2315 1755 autem
2339 1700 2439 1766 ita,
2472 1706 2538 1755 ut
2565 1700 2826 1769 diapente
2866 1693 3071 1766 praevia
3108 1692 3460 1748 diatessaron
3497 1697 3575 1752 sit

1913 1784 2210 1854 Bassecla,
2258 1805 2381 1861 quae
2424 1794 2557 1845 sunt
2592 1785 2888 1842 autenticae.
2923 1800 2933 1832 :
2966 1786 3124 1854 patet
3171 1781 3418 1853 profecto
3444 1788 3571 1840 octo

1978 1879 2191 1950 species
2222 1896 2362 1945 esse,
2396 1879 2495 1933 sed
2518 1877 2732 1932 nullam
2779 1889 2974 1929 earum
3006 1872 3263 1942 quintam
3292 1888 3423 1927 vere
3460 1873 3571 1929 dici

1979 1984 2162 2039 posse,
2196 1985 2325 2022 cum
2351 1984 2536 2039 neque
2565 1966 2913 2020 diatessaron
2946 1978 3049 2016 nec
3085 1961 3347 2032 diapente
3373 1962 3575 2034 quinta

1979 2058 2192 2129 species
2220 2057 2542 2112 inveniatur
2561 2071 2702 2110 esse.
2730 2053 2866 2118 Quis
2882 2051 3018 2106 dicit
3037 2051 3227 2105 aulam
3244 2050 3488 2121 ligneam
3501 2053 3573 2108 de

1978 2147 2116 2218 ligni
2144 2147 2397 2219 partibus
2420 2163 2534 2200 non
2565 2141 2977 2200 constructam?
3007 2140 3276 2196 Similiter
3295 2141 3421 2212 quis
3438 2142 3576 2197 dicit

1980 2236 2236 2308 quintam
2265 2235 2506 2307 speciem
2535 2234 2805 2305 diapason
2831 2231 2903 2285 de
2930 2229 3139 2301 quintis
3178 2228 3433 2300 partibus
3459 2246 3577 2286 non

1976 2325 2374 2381 consistentem
2398 2343 2412 2392 ;
2444 2340 2573 2378 cum
2603 2323 2761 2378 nulla
2788 2321 3053 2392 diapente
3080 2320 3155 2374 sit
3174 2319 3388 2391 quinta,
3418 2321 3577 2376 nulla

1977 2415 2346 2478 diatessaron,
2372 2430 2493 2485 quae
2514 2417 2647 2468 sunt
2666 2409 3040 2467 constitutivaz
3061 2414 3249 2480 partes
3278 2409 3575 2481 diapason?

1979 2504 2088 2561 Sed
2114 2508 2307 2558 tamen
2362 2507 2485 2557 octo
2533 2501 2777 2577 species,
2804 2503 2941 2554 sunt
2984 2498 3277 2570 diapason,
3315 2500 3571 2570 quamvis

1977 2591 2135 2644 nulla
2167 2592 2364 2662 quinta
2399 2610 2411 2645 :
2444 2591 2577 2662 quia
2597 2588 2922 2644 octonarius
2941 2587 3215 2641 veraciter
3231 2587 3475 2643 habetur
3501 2606 3570 2646 ac

1978 2683 2356 2749 computatur,
2388 2677 2485 2732 ubi
2515 2676 2912 2749 quaternarius
2933 2674 3272 2746 duplicatur.
3315 2675 3572 2740 Quatuor

1978 2766 2189 2837 species
2228 2771 2361 2822 sunt
2399 2767 2671 2838 diapason
2710 2765 3144 2825 autenticarum,
3175 2768 3418 2835 quatuor
3445 2765 3572 2837 pla-

1974 2856 2209 2927 galium,
2247 2873 2369 2927 qua;
2398 2855 2681 2927 complent
2698 2853 3047 2909 octonarium
3072 2871 3085 2919 ;
3111 2851 3325 2907 nullam
3351 2858 3563 2919 tamen,

1974 2949 2038 2998 ut
2064 2944 2445 3016 praediximus,
2475 2943 2731 3016 quintam
2759 2958 2888 2997 vere
2917 2941 3104 2996 dicere
3132 2956 3455 3013 possumus.

2078 3035 2151 3088 De
2183 3033 2557 3087 similitudine
2584 3032 2955 3099 gemelliparae
2974 3034 3218 3098 quatuor
3246 3031 3458 3085 vicibus

1909 3097 1953 3159 C
2586 3097 2603 3099 “
2633 3103 2898 3169 geminos.

2039 3192 2363 3264 Cogitemus
2390 3190 2638 3262 aliquam
2668 3190 2751 3259 {in
2778 3194 3000 3244 tantum
3056 3204 3179 3244 esse
3208 3189 3465 3257 fetosam,
3500 3196 3567 3248 ut

1968 3284 2212 3351 quatuor
2229 3280 2440 3335 vicibus
2468 3280 2543 3335 sit
2560 3279 3224 3351 gemellipara,quosdam
3253 3296 3566 3350 germano-

1967 3386 2093 3424 rum
2122 3369 2489 3441 primigenas,
2511 3369 2618 3435 vel,
2636 3374 2702 3423 ut
2715 3368 2797 3423 ita
2826 3368 3101 3436 dicamus,
3125 3367 3552 3439 secundigenas,

1964 3458 2291 3529 tertigenas,
2325 3457 2686 3530 quartigenas
2741 3456 2927 3511 dicere
2976 3471 3294 3528 possumus,
3342 3455 3563 3512 nullum

1962 3552 2154 3602 autem
2181 3547 2585 3619 quintigenam,
2631 3562 2761 3600 cum
2789 3561 2985 3600 eorum
3024 3561 3191 3600 nemo
3221 3544 3420 3617 quinta
3444 3545 3563 3601 vice

1964 3636 2039 3691 sit
2055 3637 2302 3707 genitus,
2336 3635 2593 3708 quamvis
2623 3640 2746 3690 octo
2779 3640 2971 3691 tamen
3017 3650 3140 3689 esse
3176 3650 3292 3689 non
3342 3633 3561 3691 dubite-

1962 3742 2111 3781 mus.

1966 3814 2117 3882 Quod
2140 3816 2370 3882 quidam
2390 3830 2567 3868 unam
2597 3814 3075 3882 musam,quidam
3104 3814 3266 3879 duas,
3290 3818 3559 3882 tres,qua-

2036 3892 2181 3948 tuor,
2214 3889 2477 3953 quinque,
2505 3902 2615 3947 sesc,
2640 3890 2859 3952 septem,
2895 3890 3027 3946 acto,
3063 3900 3256 3938 novem
3297 3900 3405 3938 esse
3423 3899 3547 3953 pos-

2032 3959 2146 4011 sint
2175 3958 2351 4010 dicere
2390 3957 2692 4010 secundum
2722 3957 3055 4023 multiplices
3084 3957 3372 4010 rationes..

2028 4045 2207 4100 Unam
2259 4060 2479 4099 musam
2525 4060 2822 4115 possumus
2868 4059 3141 4109 asserere,
3194 4043 3541 4113 generalem,

1957 4134 2172 4189 scilicet
2197 4133 2641 4188 monochordum
2670 4132 2817 4187 vocis
2844 4133 3125 4197 humana},
3157 4147 3281 4201 quae
3305 4130 3391 4200 :ex
3435 4146 3553 4185 una

1956 4224 2146 4278 ﬁstula
2191 4222 2320 4277 colli
2360 4220 2747 4276 efﬁcacissime
2784 4220 2993 4291 jubilat
3040 4219 3232 4274 omnia
3267 4219 3549 4274 melorum

345 4314 566 4369 Cantus
590 4314 772 4385 quinti
803 4321 861 4368 et
896 4314 1040 4368 sexti
1069 4314 1188 4369 toni
1217 4313 1573 4384 potissimum
1615 4311 1931 4385 indigent_
1953 4328 2181 4382 genera,
2208 4312 2300 4366 cui
2329 4311 2498 4365 nullae
2514 4309 2843 4382 hydraulia,
2866 4309 3036 4363 nullm
3065 4308 3190 4362 alim
3217 4323 3547 4379 comparan-

269 4419 705 4474 synemmenon,
735 4418 862 4458 cum
890 4404 1013 4475 ipsa
1051 4403 1127 4457 sit
1150 4403 1357 4458 vicaria
1368 4390 1505 4457 triti
1542 4401 1870 4473 superioris
1887 4375 1937 4433 D
1956 4408 2049 4457 tur
2078 4402 2297 4455 ﬁstulae.
2319 4401 2448 4455 Haec
2469 4416 2597 4454 cum
2630 4404 2959 4457 cunctarum
2988 4398 3249 4469 suppleat
3272 4396 3543 4464 cilicium,

270 4492 339 4547 In
358 4496 526 4562 proto
557 4509 780 4564 quoque
801 4493 1057 4559 succinit,
1093 4492 1192 4546 sed
1222 4492 1528 4558 rarissime,
1561 4496 1627 4546 ut
1654 4490 1713 4544 in
1740 4491 1869 4545 Ecce

268 4596 479 4634 nomen
518 4583 746 4635 Domini
782 4599 832 4635 υ.
865 4584 920 4636 d.
943 4586 980 4636 ι.
1006 4581 1351 4646 Quadratum
1374 4582 1611 4648 autemh
1641 4596 1755 4634 non
1784 4594 1870 4633 so-

264 4668 391 4723 lum
430 4668 491 4722 in
520 4668 773 4734 deutero,
802 4670 898 4741 qui
926 4687 1062 4725 suus
1091 4670 1432 4724 domesticus
1463 4674 1564 4733 est,
1580 4669 1677 4724 sed
1697 4669 1866 4723 etiam

261 4758 328 4812 in
358 4761 544 4829 proto,
581 4758 641 4811 in
668 4759 940 4826 tetrardo,
973 4759 1030 4812 in
1060 4759 1182 4830 ipso
1205 4775 1427 4829 quoque
1456 4758 1590 4813 trito
1628 4774 1865 4813 conver-

257 4852 431 4903 satur
461 4846 685 4901 assidue
709 4864 722 4900 :
745 4848 1001 4918 quamvis
1027 4847 1164 4902 trito
1193 4847 1459 4902 familiari
1482 4864 1596 4902 non
1629 4847 1706 4902 sit
1730 4845 1866 4902 vicio

254 4936 451 4991 nitate
482 4937 866 5007 conjunctum,
899 4936 1032 5007 quia
1064 4952 1167 4991 nec
1198 4952 1234 4990 a
1260 4936 1418 4990 ﬁnali
1445 4937 1508 4991 F.
1539 4953 1642 4992 nec
1670 4936 1741 4991 ab
1766 4953 1864 4991 ex-

250 5024 498 5079 cellenti
527 5024 571 5078 f.
611 5025 805 5096 aliqua
849 5026 1025 5080 distat
1084 5025 1470 5080 consonantia.
1530 5026 1673 5081 Hinc
1730 5027 1865 5082 licet

244 5112 615 5185 perpendere
648 5113 705 5167 b.
736 5113 896 5182 utile,
920 5114 966 5187 η.
1003 5119 1193 5169 autem
1226 5114 1468 5168 multum
1494 5114 1686 5169 utilius
1716 5132 1861 5181 esse,

241 5202 505 5272 ideoque
524 5201 828 5257 admodum
857 5220 979 5259 esse
1007 5204 1444 5258 commodiorem
1465 5204 1861 5275 conjunctione

238 5290 720 5361 disjunctionem.
736 5292 858 5357 Qua
879 5293 1054 5347 etiam
1080 5292 1300 5347 ratione
1329 5292 1729 5364 frequentioris
1750 5293 1861 5348 uti-

236 5380 438 5435 litatis
458 5383 516 5433 et
539 5379 771 5434 rarioris
800 5397 1101 5452 possumus
1131 5382 1395 5453 colligere
1422 5382 1571 5437 infra
1599 5381 1652 5437 b.
1682 5398 1856 5453 supra

237 5472 291 5535 η.
324 5467 650 5522 notandum
681 5484 804 5523 esse
834 5469 894 5524 in
918 5469 1071 5524 hunc
1100 5470 1350 5525 modum.

401 5572 438 5612 α
1064 5558 1092 5631 η
1657 5576 1717 5633 ,ο

759 5646 797 5702 b

1952 4491 2092 4545 duas
2121 4506 2310 4544 musas
2336 4505 2634 4561 possumus
2682 4486 2955 4558 conjicere
2987 4487 3047 4542 in
3093 4490 3456 4542 autentorum
3487 4489 3548 4540 et

1949 4580 2243 4651 plagarum
2289 4594 2410 4632 esse
2456 4576 2747 4643 dualitate,
2804 4581 2905 4630 aut
2947 4576 3007 4630 in
3058 4575 3415 4647 pulsationis,
3477 4589 3545 4629 ac

1948 4669 2255 4724 inflationis
2283 4668 2609 4739 duplicitate
2637 4685 2648 4720 :
2685 4683 2926 4738 quarum
2968 4667 3148 4722 altera
3176 4666 3448 4739 cymbalis
3485 4671 3545 4721 et

1950 4758 2192 4823 chordis,
2223 4759 2402 4813 altera
2425 4756 2627 4812 ﬁstulis
2647 4757 2819 4811 servit
2846 4761 2903 4810 et
2928 4755 3098 4829 tybiis
3132 4774 3143 4809 :
3176 4757 3262 4812 vel
3280 4756 3339 4810 in
3370 4754 3545 4812 biﬁda

1948 4847 2093 4902 arsis
2118 4853 2176 4902 et
2201 4846 2396 4907 thesis.
2421 4846 2479 4901 id
2495 4851 2599 4910 est,
2621 4845 2948 4900 elevationis
2977 4850 3037 4899 et
3059 4844 3427 4916 depositionis
3444 4862 3544 4901 na-

1947 4942 2100 5004 tura,
2130 4937 2251 4992 sine
2274 4953 2386 5009 qua
2408 4952 2521 4991 non
2542 4936 2608 4989 ﬁt
2637 4935 2829 5006 aliqua
2854 4951 2959 4989 vox
2987 4934 3221 4990 musica.
3270 4934 3416 5000 Quid
3453 4940 3542 4990 est

1947 5026 2202 5081 musica?
2230 5027 2414 5081 Motus
2436 5040 2651 5079 vocum.
2687 5023 2883 5079 Omnis
2929 5030 3122 5079 autem
3162 5023 3313 5079 vocis
3348 5027 3538 5077 motus

1946 5116 2031 5170 vel
2058 5115 2170 5170 arsi
2196 5116 2261 5170 ﬁt
2289 5120 2388 5169 aut
2412 5113 2583 5167 thesi.

2013 5205 2149 5259 Tres
2171 5220 2360 5258 musas
2385 5202 2900 5273 intelligimus,non
2930 5201 3171 5256 absurde
3187 5201 3300 5255 tria
3323 5215 3537 5271 genera

1940 5293 2203 5348 musicae:
2238 5292 2618 5358 Diatonicum,
2640 5291 3068 5357 cbromaticum,
3101 5287 3531 5345 enarmonium:

1938 5399 2039 5436 seu
2066 5388 2183 5437 tres
2213 5387 2346 5437 sunt
2372 5398 2569 5451 musae,
2593 5381 2717 5452 ipsa
2743 5397 2846 5435 vox
2873 5380 3140 5445 humana,
3178 5376 3530 5450 pulsationis,

1937 5471 2358 5542 inﬂationisque
2378 5471 2625 5524 mixtura
2644 5469 2875 5523 marinis
2903 5469 2961 5522 in
2980 5467 3224 5538 scopulis
3251 5466 3534 5522 resultans

1939 5577 2160 5633 syrena.
2200 5560 2333 5624 Quae
2361 5559 2617 5613 Graecum
2658 5557 2891 5612 sortitur
2919 5555 3254 5611 vocabulum
3284 5573 3296 5609 :
3330 5554 3527 5624 Syrin,

1946 5650 2153 5721 (συρειν)
2189 5649 2339 5704 enim
2373 5648 2566 5704 Graec
2586 5646 2793 5703 dicitur
2811 5646 3165 5714 contrahere,
3188 5646 3338 5702 unde
3354 5649 3538 5718 syrtes
