3972 6172
481 321 623 382 1343
1528 322 1807 381 ARIBON
1809 324 1876 381 IS
1917 323 2395 387 SCHOLASTICI
2433 323 2724 384 MUSICA.
3558 329 3670 387 ιω

477 445 815 524 aliquotiens
840 446 1051 504 eadem
1071 446 1436 521 repetita,vel
1453 465 1627 522 parva
1646 450 1960 505 mutatione
1980 468 2072 506 va—
2088 455 2138 514 A
2156 452 2563 507 consideratur.
2594 452 2750 507 Idem
2771 466 2994 525 quoque
3020 455 3203 510 motus
3221 452 3424 507 tantum
3439 452 3497 508 tit
3512 469 3672 510 ascen-

475 541 654 607 riata,
714 562 741 590 ν
790 537 1169 593 diversitatem
1223 555 1559 594 neumarum
1608 539 1890 607 ostendit,
1945 541 2078 612 quia
2159 542 2334 596 sione.

474 629 781 686 similitudo
818 631 1001 681 mater
1057 632 1141 683 est
1196 629 1500 693 societatis,
1552 634 1617 683 ut
1661 629 1879 684 Tullius
1910 629 2068 685 dicit.
2158 640 2231 694 De
2258 642 2642 695 commoditate
2679 644 2948 709 αρροεαα,
2992 646 3045 694 ει
3089 642 3230 709 quod
3264 647 3371 694 tam
3400 641 3675 696 ascendendo

475 717 805 789 Exemplum
842 716 917 770 sit
940 715 1094 770 istud
1126 714 1231 785 (l7)
1268 735 1279 770 :
1314 719 1381 772 In
1407 720 1804 772 Jerusalem...
2619 728 2791 791 quam
2820 713 3180 766 descendendo
3208 712 3286 779 ﬁt.

549 823 577 859 α
608 806 831 861 Eadem
862 804 1115 876 repetita
1134 805 1221 859 vel
1238 821 1412 877 parva
1428 806 1740 863 mutatione
1757 807 2001 862 variata.
2044 827 2068 861 ι
2224 808 2529 879 Appositus
2566 815 2632 863 ut
2659 809 2993 875 ascensioni,
3025 809 3107 863 ita
3144 814 3227 864 est
3254 807 3497 863 obnoxius
3535 813 3583 862 et
3606 809 3676 863 de-

473 897 638 952 Pater
652 896 1028 949 resuscitatm.
1055 911 1131 948 m.
1156 910 1201 949 c.
1222 896 1523 950 diturum
1540 896 1602 952 S.
1625 912 1670 950 c.
1687 901 1736 950 et
1754 900 1980 951 satiavit
2008 898 2072 952 de
2153 897 2451 964 scensioni,
2475 902 2541 952 ut
2560 900 2689 952 Ecce
2714 915 2807 966 ego
2838 915 2911 953 m.
2947 899 3015 953 Et
3041 899 3221 952 dicent
3247 900 3415 966 gloria
3443 897 3545 960 tibi,
3570 898 3674 951 Dne.

466 986 711 1056 panibus
741 987 986 1053 quinque
1015 985 1220 1038 millia.
1249 1001 1277 1037 α
1308 985 1377 1038 Et
1394 1001 1522 1040 cum
1541 985 1835 1057 perpulere
1861 986 2072 1041 fuerint
2152 987 2297 1042 Item
2323 987 2578 1042 intensus
2611 1006 2625 1042 :
2651 988 2880 1042 Benedic
2896 988 2959 1052 Β,
2975 986 3078 1057 qui
3108 991 3291 1041 motus
3308 986 3675 1051 honestiorerit,

474 1073 788 1146 duplicata,
820 1089 848 1123 ι
895 1071 1056 1142 quasi
1084 1072 1334 1141 exegesis
1379 1077 1466 1127 est
1521 1078 1578 1128 et
1616 1074 1888 1145 expositio
1916 1075 2070 1146 prio-
2152 1077 2200 1130 si
2227 1077 2286 1130 in
2331 1081 2494 1148 proto
2523 1076 2605 1131 ita
2634 1078 2734 1131 ﬁat
2759 1075 3003 1130 intensio
3038 1093 3050 1129 :
3093 1080 3158 1129 ut
3185 1074 3231 1128 si
3251 1074 3395 1146 prior
3419 1078 3584 1144 surgat
3604 1090 3678 1144 per

475 1179 624 1229 rum,
653 1167 947 1233 tamquam
964 1160 1011 1215 si
1041 1160 1254 1215 diceret
1277 1180 1288 1214 :
1315 1160 1534 1216 Eaedem
1548 1163 1662 1216 sint
1682 1164 1953 1234 repetita,
1972 1165 2070 1219 sed
2152 1171 2368 1228 tonum,
2429 1165 2720 1238 appositus
2774 1165 3059 1231 ascendat,
3102 1169 3202 1219 aut
3244 1180 3340 1236 per
3381 1162 3679 1217 semitonium

475 1258 613 1309 tunc
641 1269 769 1308 cum
811 1250 1121 1323 perpulcra
1151 1250 1378 1305 fuerint.
1416 1272 1438 1303 α
1472 1253 1543 1307 Et
1582 1270 1704 1324 qua
1734 1254 2072 1325 aliquotiens
2154 1254 2621 1321 trocheicum,i.e.
2639 1256 2800 1325 cujus
2823 1254 3053 1325 longum
3073 1254 3193 1308 toni
3222 1253 3457 1325 spatium
3473 1251 3681 1306 brevese-

479 1342 692 1398 eadem
710 1341 1186 1395 transformentur
1203 1341 1526 1411 permodos,
1554 1359 1581 1394 ι)
1604 1344 1893 1396 utFestum
1922 1360 2074 1397 nunc
2156 1343 2377 1398 mitonii
2404 1344 2670 1415 praecedit
2701 1362 2712 1396 :
2742 1343 2877 1415 quia
2921 1343 3230 1398 semitonus
3258 1347 3341 1396 est
3369 1340 3571 1413 quidam
3589 1345 3679 1393 tro-

474 1449 521 1487 c.
545 1429 878 1485 semitonius
906 1433 992 1483 est
1021 1428 1325 1499 utrimque,
1358 1429 1456 1484 sed
1483 1430 1687 1484 diversi
1717 1431 1870 1485 modi
1900 1432 2074 1502 quali-
2155 1433 2368 1498 cheius,
2402 1434 2439 1487 i.
2460 1450 2510 1487 e.
2534 1449 2600 1486 ex
2621 1433 2789 1503 longo
2819 1438 2873 1487 et
2894 1432 3047 1487 brevi
3071 1451 3085 1499 ;
3115 1431 3341 1503 quidam
3377 1429 3610 1484 iambicus
3632 1444 3682 1482 ex

474 1519 720 1591 tatisque
734 1518 933 1573 similis
961 1519 1196 1573 intensa
1223 1523 1279 1573 et
1292 1518 1556 1584 remissa,
1587 1524 1652 1573 ut
1679 1522 1778 1588 qui
1806 1523 2073 1588 cogitave-
2155 1519 2328 1587 brevi,
2365 1526 2423 1576 et
2451 1522 2604 1576 velut
2631 1522 2699 1577 D.
2734 1521 2794 1575 E.
2814 1586 2817 1587 ν
2838 1521 2908 1578 F.
2947 1521 3016 1576 G.
3049 1521 3286 1575 Ditonus
3330 1518 3588 1574 uniformis
3621 1523 3686 1572 est

474 1613 635 1663 runt.
665 1628 687 1660 ι
717 1606 862 1662 Item
880 1611 946 1661 ut
963 1607 1309 1679 reciprocata
1323 1624 1530 1662 neuma
1549 1608 1746 1663 eadem
1768 1608 1857 1661 via
1880 1609 2076 1664 redeat
2156 1614 2381 1664 tantum
2412 1608 2764 1681 spondeicus,
2798 1614 2898 1664 aut
2952 1626 3054 1682 per
3103 1609 3442 1663 diatessaron
3476 1623 3561 1661 seu
3598 1606 3686 1659 dia-

476 1714 588 1770 qua
605 1701 871 1752 venerat)
896 1701 956 1750 ut
974 1697 1176 1765 sydera
1201 1700 1387 1751 maria
1403 1700 1687 1752 continens
1707 1713 1866 1752 arva.
1878 1716 1903 1750 ((
1927 1699 2073 1753 Item
2163 1699 2453 1769 pente,sed
2466 1698 2927 1753 diatessarontice
2949 1698 3148 1753 melius
3167 1696 3414 1760 ascendit
3432 1696 3684 1767 appositus,

473 1792 541 1843 ut
561 1787 784 1858 qualem
795 1785 1054 1839 habitum
1072 1786 1158 1840 vel
1182 1786 1392 1840 lineam
1420 1802 1537 1840 una
1562 1786 1699 1840 facit
1726 1787 1977 1841 saliendo
1999 1787 2071 1841 ab
2093 1779 2281 1857 Bquia
2300 1788 2423 1858 ejus
2455 1787 2793 1858 principium
2811 1793 2868 1841 et
2886 1787 3016 1841 ﬁnis
3044 1786 3519 1858 proportionaliter
3541 1784 3688 1838 confe-

473 1874 674 1940 acutis,
696 1874 871 1928 talem
897 1875 1076 1929 altera
1103 1874 1373 1929 inclinata
1400 1891 1432 1928 e
1462 1874 1689 1946 regione
1722 1880 1971 1946 opponat
1993 1892 2079 1930 re-
2159 1881 2317 1930 retur
2342 1876 2617 1948 principio
2635 1882 2692 1930 et
2719 1876 2816 1930 fini
2839 1876 3226 1949 praecedentis,
3258 1874 3380 1929 ﬁnis
3393 1872 3627 1946 principio
3648 1877 3691 1926 et

472 1962 799 2033 spondendo
850 1979 884 2017 a
927 1963 1211 2034 gravibus,
1247 1968 1313 2018 ut
1362 1981 1373 2016 :
1430 1963 1470 2018 0
1498 1965 1849 2020 admirabile.
1877 1982 1902 2016 ι
1934 1965 2078 2019 Item
2159 1965 2257 2018 fini
2286 1980 2387 2036 per
2409 1965 2758 2019 diatessaron
2786 1971 2844 2020 et
2869 1964 3152 2036 diapente,
3187 1963 3504 2036 principium
3520 1960 3693 2031 ﬁniper

472 2050 774 2122 aliquando
793 2065 907 2104 una
935 2048 1151 2121 syllaba
1179 2066 1351 2105 unam
1382 2052 1467 2106 vel
1487 2051 1676 2123 plures
1706 2051 1911 2107 habeat
1937 2069 2078 2107 neu-
2161 2059 2380 2108 tonum.
2403 2054 2511 2108 Sed
2522 2053 2873 2126 diapenticus
2902 2053 3195 2125 appositus
3219 2058 3432 2107 tantum
3452 2067 3538 2122 per
3561 2050 3695 2103 finem

473 2154 616 2205 mas,
647 2157 673 2191 »
705 2143 771 2192 ut
792 2139 980 2193 laudes
999 2140 1103 2193 Deo
1120 2155 1175 2207 ;«
1204 2138 1508 2209 aliquando
1530 2156 1645 2194 una
1670 2157 1880 2195 neuma
1891 2142 2079 2212 plures
2164 2142 2265 2196 ﬁni
2295 2143 2661 2214 pracedentis
2687 2143 2989 2214 respondet
3017 2159 3120 2215 per
3144 2139 3563 2215 diapente,autsi
3576 2138 3696 2210 prior

474 2225 757 2283 dividatur
780 2227 839 2281 in
870 2227 1137 2299 syllabas,
1170 2247 1192 2278 ι
1225 2232 1292 2281 ut
1320 2227 1530 2282 Christi
1554 2244 1769 2296 pugna.
2160 2231 2342 2302 surgit
2359 2232 3171 2303 pertrocheium,semitonium
3193 2227 3697 2296 habet..(19)Sedhac

543 2316 692 2371 Dicit
717 2316 854 2370 item
885 2316 1127 2371 domnus
1147 2316 1329 2371 Guido
1364 2334 1375 2369 :
1404 2313 1514 2386 (18)
1535 2317 1722 2371 Motus
1744 2317 1923 2372 motui
1952 2322 2076 2373 tum
2158 2319 2409 2391 apertius
2437 2337 2497 2374 se
2523 2320 2898 2391 praesentibus
2919 2320 3156 2374 oﬂ‘erent
3179 2316 3543 2390 colloquendo,
3563 2330 3696 2386 quam

476 2404 586 2459 erit
612 2406 964 2477 prapositus,
995 2405 1034 2460 i.
1063 2422 1114 2460 e.
1146 2404 1207 2459 in
1246 2404 1630 2475 superioribus
1653 2408 1872 2477 positus
1905 2425 1916 2459 :
1951 2412 2074 2461 tum
2158 2408 2485 2463 absentibus
2499 2408 2975 2473 scribendo.Quod
2989 2407 3147 2463 nobis
3167 2407 3379 2462 invidet
3399 2403 3696 2460 commodum

476 2493 785 2565 appositus,
819 2495 859 2551 i.
894 2510 945 2549 e.
975 2511 1103 2549 cum
1133 2494 1192 2548 in
1223 2493 1459 2548 eandem
1494 2510 1682 2548 vocem
1734 2495 1903 2550 unius
1948 2495 2075 2550 ﬁnis
2157 2496 2503 2552 detestabilis
2531 2498 2890 2568 intercapedo
2920 2499 3207 2564 locorum;
3240 2497 3298 2551 in
3344 2496 3455 2550 sola
3476 2493 3604 2549 enim
3630 2491 3697 2546 ul-
3732 2538 3733 2541 η

476 2583 603 2651 erit,
631 2584 977 2656 alteriusque
1005 2584 1370 2656 principium;
1393 2588 1516 2638 tum
1540 2584 1927 2656 interpositus,
1951 2585 1989 2639 i.
2022 2602 2072 2640 e.
2157 2588 2296 2640 tima
2324 2591 2485 2658 parte
2527 2587 2634 2640 hoc
2657 2591 3056 2657 argumentum
3080 2585 3428 2657 reliquimus,
3447 2589 3505 2637 ut
3530 2581 3697 2636 melum

481 2673 706 2743 quando
757 2689 905 2727 unus
953 2673 1153 2728 modus
1191 2673 1336 2727 intra
1363 2673 1540 2727 alium
1566 2673 1782 2744 positus
1810 2682 1867 2728 et
1892 2675 2078 2728 minus
2160 2689 2261 2727 suo
2281 2675 2533 2729 tetrardo
2555 2675 2892 2730 conveniens
2922 2676 3310 2730 redderemus.
3340 2671 3608 2729 Recordari
3635 2669 3705 2723 de-

477 2765 564 2814 est
589 2761 795 2831 gravis,
816 2762 1070 2816 etminus
1098 2767 1296 2816 acutus
1319 2781 1331 2829 ;
1366 2751 1489 2816 tum
1514 2762 1869 2828 commixtus,
1892 2763 1950 2816 id
1971 2767 2074 2829 est,
2160 2761 2324 2827 betis,
2361 2763 2470 2817 dne
2497 2764 2637 2818 mihi
2660 2763 3424 2829 dilectissime,venerabilem
3444 2760 3703 2816 Guidoncm

480 2849 690 2921 partim
718 2849 1105 2922 interpositus,
1144 2851 1469 2921 partimque
1506 2851 1846 2922 suppositus.
1878 2868 1901 2902 α
1935 2850 2080 2915 Quo-
2161 2850 2384 2905 dixisse.
2418 2852 2534 2908 Has
2561 2852 2756 2924 itaque
2784 2853 2851 2907 V.
2904 2854 3121 2908 vocales
3160 2868 3462 2908 sumamus.
3491 2848 3705 2905 Forsitan

478 2953 606 2992 rum
638 2939 892 3011 exempla
937 2938 1082 2997 sicut
1103 2941 1376 3011 priorum,
1405 2956 1477 2994 ne
1509 2939 1838 3010 simplicitas
1861 2937 2081 2992 laboret
2114 3014 2117 3015 ν
2162 2940 2571 2996 enimtantum
2609 2941 2869 3015 tribuunt
2911 2943 3228 2998 concordia
3263 2940 3455 3005 verbis,
3484 2942 3710 3010 quantum

478 3027 1223 3100 aliquorum,proponemus.
1257 3028 1446 3083 Motus
1466 3027 1648 3083 motui
1672 3028 1781 3082 erit
1808 3014 2136 3099 praposi-C
2157 3029 2521 3086 concinentia
2568 3014 2921 3103 praestabunt
2975 3037 3033 3086 et
3077 3031 3323 3087 neumis.
3372 3030 3712 3101 Supponantur

473 3118 585 3183 tus,
620 3121 685 3171 ut
714 3134 727 3172 :
756 3118 987 3174 Clarum
1010 3119 1168 3172 decus
1186 3134 1210 3185 ;
1236 3116 1546 3188 appositus,
1579 3120 1644 3171 ut
1670 3134 1683 3170 :
1718 3118 1848 3171 Ecce
1875 3133 1967 3184 ego
1995 3132 2071 3170 τη.
2155 3117 2347 3189 itaque
2374 3119 2582 3173 litteris
2606 3119 2997 3186 monochordi,
3019 3125 3076 3174 et
3106 3120 3247 3190 quia
3271 3119 3338 3173 ν.
3361 3122 3564 3173 tantum
3590 3117 3709 3177 sunt,

473 3220 526 3262 υ.
560 3204 945 3277 interpositus,
969 3210 1035 3260 ut
1066 3223 1079 3259 :
1120 3206 1389 3261 Nascetur
1419 3207 1573 3260 nobis
1596 3222 1654 3274 ρ.
1686 3210 1736 3259 et
1766 3207 2069 3267 vocabitur,
2155 3207 2380 3262 tamdiu
2408 3213 2756 3279 repetantur,
2791 3210 2972 3264 donec
3002 3208 3310 3280 unicuique
3338 3223 3467 3262 sono
3491 3221 3582 3260 sua
3604 3200 3711 3257 sub-

475 3294 843 3357 Commixtus,
872 3300 938 3350 ut
969 3312 982 3348 :
1014 3296 1056 3351 Α
1085 3296 1295 3350 dewtris
1322 3296 1508 3348 Patris
1540 3298 1641 3363 qui
1665 3310 1710 3348 s.
1744 3311 1787 3349 s.
1826 3311 1901 3351 m.
1934 3310 1992 3348 η.
2024 3310 2069 3347 s.
2155 3295 2437 3351 scribatur
2463 3298 2690 3365 vocalis,
2724 3303 2785 3353 et
2802 3299 2874 3353 ad
2903 3298 3076 3353 istum
3107 3297 3359 3370 dirigent
3394 3296 3610 3351 modum.

3456 3400 3489 3438 a
3522 3379 3709 3453 bhcd.

471 3439 546 3494 θα
574 3441 983 3578 οίηθονίυῖὶίέξῖ
1252 3439 1990 3562 .3?i..‘i§ff.‘tt£’.‘””°""“"
2023 3443 2071 3493 εί
2151 3473 2491 3619 553005
2521 3475 2566 3617 ξ
2592 3475 2634 3617 ξ
2665 3474 2734 3616 εξ-
2863 3474 2970 3618 ςξ
2998 3474 3351 3619 ηδε
3457 3439 3704 3615 :-

541 3651 883 3722 Prapositus
914 3650 1023 3704 erit
1050 3650 1437 3722 opportunior,
1471 3650 1520 3704 si
1543 3650 1698 3721 prior
1735 3655 1933 3720 surgat
1968 3666 2070 3722 per
2186 3668 2219 3707 o
2248 3669 2306 3707 u.
2341 3668 2374 3706 a
2413 3669 2443 3706 e
2486 3652 2504 3706 i
2536 3669 2569 3706 ο
2597 3667 2656 3707 u.
2705 3668 2741 3705 a
2900 3668 2933 3706 c
2960 3651 2978 3705 i
3008 3669 3040 3707 o
3068 3669 3125 3706 u.
3159 3669 3198 3706 a
3237 3669 3269 3708 e
3296 3652 3315 3706 i
3470 3666 3500 3705 o
3525 3662 3685 3704 u.ae.

468 3741 688 3803 tonum,
723 3743 782 3793 et
822 3739 1144 3793 intermisso
1181 3738 1476 3793 semitonio
1506 3738 1838 3809 praepositus
1860 3740 2065 3794 iterum
2150 3740 2221 3795 Et
2250 3740 2584 3815 quibusdam
2617 3740 2970 3811 interpositis
2994 3740 3296 3812 subjungit
3326 3760 3338 3795 :
3363 3739 3455 3794 sed
3478 3754 3541 3792 ne
3556 3734 3705 3807 gravis

469 3833 668 3899 surgat
694 3843 796 3898 per
822 3832 1041 3893 tonum,
1071 3826 1205 3898 quia
1232 3826 1312 3880 ita
1340 3826 1504 3881 ambo
1548 3826 1608 3880 in
1643 3826 1903 3898 diapente
1933 3844 2067 3882 con-
2148 3828 2252 3883 tibi
2271 3829 2595 3900 imponatur
2612 3828 2935 3894 necessitas,
2970 3830 3116 3901 quod
3146 3831 3225 3884 ad
3249 3830 3399 3884 hunc
3422 3827 3623 3883 modum
3640 3823 3709 3876 vix

467 3920 641 3987 stant,
673 3922 739 3971 ut
767 3930 780 3965 :
814 3916 1045 3972 Clarum
1067 3918 1263 3977 decus;
1294 3919 1394 3969 aut
1420 3931 1520 3986 per
1547 3915 1803 3970 ditonum
1832 3916 2070 3971 tendens
2151 3917 2382 3972 cuilibet
2410 3917 3107 3988 symphoniaV.accidant
3132 3923 3384 3983 voces,et
3410 3917 3547 3987 ipsas
3564 3921 3706 3967 traxis-

465 4005 801 4078 prapositus
828 4005 901 4059 ad
928 4004 1269 4076 principium
1307 4004 1513 4075 prioris
1544 4021 1644 4076 per
1687 4004 1950 4075 diapente
1980 3998 2075 4061 re;
2149 4007 2311 4076 gredi
2336 4023 2482 4078 sape
2512 4007 2584 4061 ad
2604 4012 2795 4062 votum
2833 4024 2945 4062 non
2984 4007 3252 4074 sufﬁciat,
3276 4011 3342 4062 ut
3370 4005 3469 4060 tibi
3494 4002 3637 4077 paulo
3660 3997 3711 4052 li-

465 4096 675 4162 sultet;
709 4094 841 4166 quia
877 4093 1386 4149 considerationem
1408 4093 1804 4165 proportionis,
1829 4094 1849 4147 i
1887 4111 1935 4148 e.
1964 4095 2071 4149 col-
2150 4094 2340 4149 berius
2367 4095 2534 4149 liceat
2559 4096 2782 4166 evagari
2806 4096 2935 4158 alio,
2963 4095 3102 4149 item
3122 4112 3354 4150 versum
3369 4093 3619 4164 subjunge
3638 4102 3710 4139 νο·

464 4182 693 4239 lationis
722 4183 930 4237 habere
960 4181 1229 4237 debemus
1274 4182 1332 4235 in
1379 4181 1512 4236 illis.
1543 4181 1704 4236 Unde
1735 4183 2067 4253 prapositus
2151 4185 2377 4239 calium.
2411 4184 2519 4238 Sed
2564 4184 2647 4237 ita
2674 4184 2750 4238 sit
2778 4184 3121 4251 diversus,ut
3144 4200 3176 4238 a
3210 4183 3381 4239 tertio
3410 4183 3521 4237 loco
3547 4174 3708 4251 prioris

463 4289 565 4345 per
592 4272 943 4327 diatessaron
972 4276 1030 4325 et
1068 4271 1332 4342 diapente
1373 4286 1485 4324 non
1505 4275 1592 4324 est
1619 4270 1967 4325 formandus.
2010 4272 2069 4326 Si
2149 4272 2381 4343 incipiat
2407 4272 2513 4326 hoc
2546 4272 2713 4327 modo
2750 4291 2760 4326 :
2792 4274 2922 4327 Ecce
2953 4275 3224 4342 quomodo
3254 4275 3511 4327 moritur.
3540 4269 3708 4323 Omnes

463 4366 656 4417 autem
686 4362 840 4433 prior
855 4365 1051 4431 surgat
1063 4376 1165 4431 per
1179 4360 1542 4415 semitonium
1563 4358 1897 4430 interposito
1914 4364 2066 4421 tono,
2152 4361 2381 4433 syllaba
2407 4366 2604 4414 contra
2634 4377 2798 4415 suum
2829 4362 3079 4416 vocalem
3127 4367 3265 4416 sunt
3304 4360 3494 4432 posita
3522 4358 3711 4424 excepta

463 4450 796 4522 prapositus
833 4449 1067 4507 scandat
1102 4465 1204 4520 per
1248 4453 1469 4515 tonum,
1501 4453 1566 4502 ut
1611 4446 1690 4501 ita
1726 4441 2129 4519 principiumD
2149 4451 2281 4517 hau,
2315 4466 2438 4520 qua
2468 4454 2554 4503 est
2581 4450 2640 4503 in
2670 4450 2920 4514 hauriat,
2948 4450 3147 4505 ultima
3172 4450 3435 4504 videlicet
3451 4446 3601 4515 hujus
3620 4457 3715 4494 ver-

464 4540 588 4609 ejus
625 4544 683 4592 et
709 4538 838 4591 ﬁnis
865 4538 937 4591 ad
967 4537 1307 4608 principium
1354 4535 1558 4607 prioris
1589 4551 1691 4606 per
1719 4535 2066 4591 diatessaron
2149 4556 2243 4592 sus
2267 4543 2445 4609 parte,
2480 4538 2613 4608 quia
2638 4539 2749 4592 hau
2783 4538 3009 4610 syllaba
3039 4544 3196 4608 sunt,
3225 4539 3283 4593 h.
3336 4542 3393 4592 et
3434 4552 3491 4589 u.
3520 4539 3572 4588 et
3601 4547 3628 4585 e
3668 4534 3715 4583 et

466 4630 523 4680 et
551 4625 833 4696 diapente,
869 4624 939 4679 ad
969 4625 1138 4678 finem
1171 4630 1361 4679 autem
1404 4625 1526 4694 ejus
1570 4639 1672 4694 per
1700 4629 1895 4679 tonum
1924 4626 2067 4680 dito-
2148 4627 2398 4682 musicus
2425 4642 2657 4681 causam
2672 4627 2867 4692 tradit,
2887 4643 2989 4681 cur
3011 4626 3095 4681 ita
3119 4627 3446 4690 mutaverit,
3476 4622 3592 4695 quia
3611 4633 3713 4673 con-

465 4729 716 4785 numque
739 4713 1004 4767 resultet:
1040 4713 1165 4767 aliis
1194 4712 1376 4766 modis
1400 4712 1587 4767 minus
1611 4712 1720 4767 erit
1750 4715 2063 4782 commode,
2148 4715 2461 4770 venientius
2500 4720 2664 4769 sonat
2694 4716 2806 4769 hau
2842 4715 2902 4770 in
2930 4715 2992 4769 F.
3017 4732 3189 4788 quam
3218 4716 3281 4770 in
3311 4714 3376 4769 G.
3406 4728 3521 4785 qua
3545 4713 3713 4765 tetrar-

466 4817 595 4857 cum
615 4801 994 4874 proportionis
1013 4800 1492 4871 commoditasque
1512 4806 1568 4855 et
1581 4801 1932 4856 concinentia
1954 4820 2068 4858 non
2150 4804 2207 4859 di
2229 4803 2416 4858 finalis
2440 4803 2607 4858 debet
2635 4820 2756 4858 esse
2788 4803 2920 4874 (20).

480 4971 519 5008 σε
535 4976 588 4998 --ι
607 4960 661 5006 ω
680 4980 1025 4994 ———.~—
1040 4981 1271 4993 ——-—
1291 4979 1801 4994 --------
1811 4954 3391 5008 -——————vi—————-——————-———
3408 4974 3711 4996 -----

479 5039 518 5079 :1
551 5051 590 5082 ω
606 5034 661 5083 c2
679 5052 1027 5066 ——-—-—
1039 5031 2894 5081 —————————————-———net—sum—ven—-—-—
2906 5045 3708 5068 -————————-—-~--

476 5115 516 5149 ο
548 5116 586 5153 σε
604 5103 659 5145 0
675 5124 1320 5139 ————-—————
1335 5123 1751 5139 -—-——-—-—-—
1765 5114 2127 5153 —-—-—ror-—
2138 5097 3711 5153 so———-—fo—-do-con———-va——-——---—-'

460 5198 515 5221 ..η
549 5188 587 5229 ε,
603 5193 1411 5221 n———-—-—-—--——-——
1422 5166 2028 5220 ———-—-—li—.—_-

2143 5196 3110 5212 _—_——____-____-
3127 5167 3241 5222 _ni
3251 5198 3304 5208 _
3318 5187 3711 5209 _.__—-——

476 5259 516 5291 ω
548 5265 586 5298 ο
604 5248 658 5298 4
674 5267 1028 5282 —————
1040 5238 2468 5309 —fre——temperet-ne——hor—--—-———-
2480 5246 3084 5295 -—-—-—-—te—-ne
3100 5271 3146 5280 —
3161 5245 3707 5309 -—-—tes--——-_----

476 5334 516 5370 ω
532 5336 587 5357 ιι-
603 5321 658 5369 c5
678 5305 1690 5382 —Linguam—-—nans—-L-—-
1705 5310 1846 5364 —tis
1857 5316 3466 5383 -————-——————————-¢gat-——ta—-_--
3477 5305 3708 5359 —riat--

478 5398 517 5438 β
550 5404 587 5436 ο
604 5392 658 5438 ιτ.
677 5380 3229 5437 --έ---τθ--α------------------------ζ-ῖ----
3241 5380 3713 5434 --—hau-—--'

538 5535 649 5603 (17)
674 5533 806 5588 Hac
825 5549 954 5606 cum
977 5532 1190 5606 notulis
1214 5531 1483 5604 antiquis,
1508 5533 1802 5603 sequentia
1821 5538 1951 5589 sunt
1971 5550 2067 5590 an-
2166 5605 2177 5606 ί
2223 5534 2334 5606 (19)
2363 5533 2668 5606 Sequentia
2712 5533 2903 5588 omnia
2944 5533 3202 5606 abrupta,
3244 5548 3350 5588 nec
3377 5546 3501 5586 cum
3528 5537 3710 5600 prace-

467 5606 835 5679 ﬁpbouaru_m
864 5603 1043 5679 initia.
1356 5603 1371 5604 ”
2148 5605 2419 5679 dentibus
2438 5603 2737 5679 cohaerent.

537 5675 648 5747 (18)
679 5673 815 5731 Vid.
838 5673 936 5729 ubi
959 5689 1152 5745 supra.
2225 5674 2337 5745 (20)
2357 5677 2497 5732 Vide
2519 5676 2786 5732 tabellam
2813 5676 2876 5733 in
2895 5675 3172 5734 Guidone.
