4016 6178
283 239 425 298 1345

795 368 1056 423 Aribonis
1081 372 1372 423 sententia.

353 457 620 521 Quamvis
647 461 838 511 autem
867 456 977 510 duo
1005 473 1232 528 semper
1262 458 1383 511 toni
1413 458 1473 512 in
1503 475 1619 513 una
1648 458 1762 513 sint
1792 457 1887 511 lit-

282 550 408 599 tera
435 545 521 599 vel
559 562 712 612 voce,
745 550 934 599 tamen
978 546 1154 599 multo
1200 546 1401 600 melius
1439 552 1496 600 et
1537 547 1887 617 frequentius

282 634 623 689 conveniunt
648 635 885 705 singulis
914 635 1134 689 neumis
1158 651 1223 688 ac
1253 635 1421 699 sonis,
1456 635 1715 690 formulis
1743 635 1883 701 toni,

282 722 533 788 secundi,
570 722 779 794 quarti,
814 724 974 790 sexti,
1008 729 1065 777 et
1095 723 1294 777 octavi.
1322 724 1467 777 Nam
1497 723 1748 778 formula:
1778 722 1890 794 pri-

280 812 380 878 mi,
403 812 579 878 tertii,
605 811 807 882 quinti,
838 812 1060 882 septimi
1086 828 1199 866 non
1229 813 1587 878 conveniunt,
1622 812 1731 866 nisi
1758 828 1886 866 cum

905 241 1210 298 HENRICI
1249 243 1535 300 CLERICI
1575 243 2025 300 POMPOSIANI
2065 243 2291 299 EPIST.
2332 242 2429 298 AD
2468 242 2932 302 STEPHANUM.

3434 251 3572 311 1346

1905 367 2029 433 Ain
2075 367 2397 439 antiphonis
2427 386 2438 421 :
2482 370 2609 422 Ecce
2638 384 2839 422 nomen
2865 369 2929 423 D.
2965 370 3219 441 quamvis
3246 373 3323 427 sit
3365 380 3570 430 auten-

1970 457 2100 523 tica,
2125 458 2315 528 plures
2344 462 2536 511 tamen
2558 458 2680 527 ejus
2706 473 2922 513 neumae
2952 467 3189 529 possunt
3215 462 3463 534 plagales
3485 464 3569 519 vi-

1970 545 2090 599 deri
2120 563 2289 616 quam
2336 546 2652 606 autenticae,
2684 550 2746 599 ut
2789 552 2961 617 puta:
2994 550 3139 615 Ecce,
3175 556 3231 605 et
3265 568 3481 619 nomen,
3513 558 3572 608 et

1972 637 2098 700 Dni,
2117 640 2173 689 et
2195 638 2257 688 de
2280 637 2602 703 longinquo,
2620 651 2684 688 ac
2704 640 2762 689 et
2779 639 3029 703 claritas,
3060 645 3116 693 et
3141 643 3276 709 ejus,
3302 647 3359 694 et
3378 644 3570 712 replet,

1969 728 2026 777 et
2055 727 2257 789 orbem,
2291 729 2346 778 et
2377 729 2661 777 terrarum
2690 731 2823 778 sunt
2844 725 3113 795 plagales,
3138 734 3200 781 ut
3228 735 3358 800 pote
3388 730 3570 801 spatio

1968 813 2277 884 plagalium
2293 818 2611 879 canentes;
2635 813 2753 865 sola
2776 817 2920 867 venit
2942 821 3029 869 est
3046 818 3351 885 autentica,
3374 836 3572 875 omnes

280 906 482 956 cantus
526 900 815 955 descendit
857 900 928 954 ab
957 901 1093 969 alto,
1127 906 1184 955 et
1212 901 1272 954 in
1314 918 1544 971 gravem
1595 902 1884 957 devenerit
1963 907 2155 955 tamen
2185 902 2307 972 ejus
2352 918 2570 955 neumaa
2598 902 2847 972 plagales
2895 910 3025 958 sunt
3070 905 3339 970 dicendae,
3375 907 3510 978 quia
3536 925 3573 962 a

281 991 477 1045 ﬁnem.

566 1081 695 1134 Atia
733 1082 1005 1133 sententia
1038 1081 1256 1133 utiliter
1283 1082 1599 1147 explanata.

355 1168 619 1233 Quamvis
649 1172 849 1222 cantus
873 1168 949 1221 sit
975 1167 1314 1235 autenticus,
1336 1173 1527 1222 tamen
1556 1169 1745 1239 plures
1764 1170 1887 1239 ejus

278 1272 500 1312 neumae
548 1261 605 1310 et
646 1256 768 1310 soni
814 1260 1113 1310 versantur
1139 1254 1198 1309 in
1227 1256 1293 1309 V.
1337 1257 1457 1326 ejus
1485 1255 1728 1322 chordis,
1766 1272 1888 1327 quae

278 1362 613 1400 communes
642 1351 775 1399 sunt
803 1344 1050 1399 autentis
1076 1351 1134 1399 et
1162 1344 1495 1415 plagalibus,
1522 1362 1689 1416 quam
1719 1345 1888 1400 versi-

276 1434 405 1503 bus,
441 1451 565 1506 quae
607 1434 855 1488 autentis
884 1434 1190 1505 separatim
1223 1433 1607 1505 deputantur;
1649 1435 1888 1506 ideoque

276 1524 484 1595 sepius
508 1528 567 1577 et
594 1524 796 1578 melius
819 1523 1073 1577 formulis
1103 1523 1430 1594 plagalium,
1466 1524 1635 1578 etiam
1668 1540 1887 1578 neumaa

278 1612 695 1668 autenticorum
709 1613 1065 1681 conveniunt,
1080 1611 1139 1666 in
1156 1611 1359 1683 quibus
1374 1613 1578 1685 saepius
1594 1620 1888 1668 morantur

1965 991 2151 1045 ﬁnalis
2174 991 2374 1062 quinta
2402 1007 2515 1044 non
2545 991 2895 1045 transcendit
2924 993 3193 1048 chordam
3220 1013 3231 1047 :
3265 994 3346 1050 sic
3370 995 3430 1050 in
3450 997 3573 1067 plu-

1968 1079 2125 1134 ribus
2146 1080 2343 1134 eadem
2359 1079 2507 1134 ratio
2533 1085 2618 1134 est
2648 1079 2924 1149 habenda,
2948 1082 3017 1136 de
3038 1083 3240 1154 quibus
3263 1085 3429 1139 modo
3454 1102 3569 1141 non

1970 1173 2057 1221 est
2103 1168 2401 1222 dicendum
2439 1184 2541 1239 per
2581 1168 2822 1237 singula.
2857 1167 3091 1232 Quando
3138 1176 3327 1226 autem
3356 1189 3389 1227 a
3416 1173 3574 1228 finali

1970 1258 2178 1312 chorda
2203 1258 2468 1329 diapente
2484 1257 2906 1323 transcendunt,
2922 1264 2979 1311 et
2991 1265 3233 1326 sextam,
3250 1262 3568 1333 septimam,

1971 1352 2225 1401 octavam
2267 1352 2511 1417 tangunt
2546 1346 2820 1412 melodiaa,
2848 1352 2984 1401 tunc
3012 1350 3425 1405 autenticorum
3456 1352 3571 1406 for-

1970 1436 2157 1503 mulis,
2192 1453 2314 1507 quae
2346 1435 2459 1489 alte
2506 1435 2903 1500 extenduntur,
2956 1438 3312 1493 conveniunt.
3355 1439 3424 1493 Et
3464 1440 3572 1495 hoc

1971 1530 2074 1592 est,
2111 1525 2259 1595 quod
2287 1523 2423 1578 dicit
2452 1527 2567 1579 nisi
2607 1541 2734 1579 cum
2764 1530 2960 1580 cantus
2987 1530 3100 1582 alto
3128 1529 3401 1584 descendit
3428 1533 3485 1583 et
3511 1527 3573 1584 in

1972 1630 2031 1684 g.
2065 1612 2116 1667 d.
2152 1613 2191 1666 f.

1530 1730 1770 1798 Explica
1800 1731 2010 1783 Musica
2030 1729 2315 1784 Aribonis.
3005 1778 3013 1786 ,

278 1854 3578 1910 ῃ

1641 2038 1724 2083 ΔΝ
1768 2034 1986 2084 DOMINI
2027 2036 2202 2082 MXCII

318 2239 1189 2463 [llNlllGlJS
1340 2236 2176 2460 ﬂllllllﬂlJS
2332 2237 3528 2461 POMPOSIANUS

574 2599 1222 2697 MONITUM
1296 2598 1441 2691 IN
1518 2597 2339 2693 OPUSCULUM
2414 2596 3268 2708 SUBSEQUENS

1269 2811 1686 2881 (MONTFAUCON,
1728 2812 1993 2864 Diarium
2032 2810 2321 2876 Italicum,
2368 2825 2424 2880 p.
2466 2806 2575 2871 80).

364 3026 377 3038 .
401 3025 415 3039 .
435 3024 452 3040 .
470 3023 489 3052 ,
525 2982 860 3052 Pomposam
886 2981 1310 3047 monasterium,
1342 2980 1857 3052 olim_peramplum
1900 2979 2327 3050 sanctitatisque
2355 2980 2503 3033 fama
2544 2979 2897 3050 insignitum,
2927 2979 3189 3047 vidimus,
3215 2981 3337 3050 jam
3365 2981 3556 3036 deser-

275 3058 424 3107 tum.
454 3051 520 3106 Id
546 3050 843 3124 undecimo
871 3052 1091 3124 saeculo,
1124 3052 1401 3124 Guidonis
1444 3050 1665 3124 abbatis
1689 3050 2039 3124 Operaecum
2071 3052 2268 3124 primis
2310 3053 2750 3122 frequentatum,
2793 3057 2920 3124 post
2959 3068 3188 3124 accessu
3217 3052 3560 3124 principium

275 3131 338 3179 et
367 3130 716 3194 magnatum,
754 3123 851 3194 qui
880 3123 1045 3177 isthic
1073 3123 1327 3177 asceticae
1358 3122 1770 3194 vitaeqtirocinia
1800 3122 2056 3194 GuidAone
2089 3122 2356 3191 magistro
2384 3140 2638 3193 posuere,
2667 3123 2889 3193 egregie
2917 3122 3276 3177 nobilitatum
3307 3122 3417 3178 est:
3439 3125 3561 3178 Hu-

267 3197 368 3287 jfus
400 3192 913 3287 GuLidAonis-méntio
942 3195 1182 3287 habet‘uf
1204 3192 1618 3287 i'nnpg‘aetgtigine
1647 3194 1808 3287 νισι.
1845 3192 2154 3274 Mabillonii
2184 3194 2254 3246 ad
2280 3192 2638 3287 saec’ulilsexti
2662 3194 3010 3287 Ben‘edic‘tini
3040 3200 3256 3277 partem
3287 3195 3555 3287 priorem:

276 3263 417 3335 Ejus
446 3265 632 3320 obitus
678 3264 736 3320 in
779 3282 988 3320 annum
1020 3266 1171 3319 cadit
1220 3263 1377 3321 1046.
1413 3265 1615 3318 Fertur
1646 3270 1836 3318 autem
1880 3265 1940 3318 in
1975 3264 2171 3334 primis
2201 3266 2296 3334 qui
2342 3270 2713 3334 spontaneam
2746 3263 3178 3335 ﬂagellatio'nem
3210 3263 3560 3333 invexerunt,

277 3339 519 3418 ejusque
699 3337 927 3418 .legitur
970 3336 1107 3418 ibid".
1137 3354 1191 3418 p.
1224 3335 1352 3418 509ζ
1384 3335 1498 3391 Sub
1528 3336 1679 3418 btet}...
1716 3335 2079 3418 eodem'ite‘m
2109 3337 2333 3418 saeculo,
2369 3343 2612 3418 curante
2656 3336 2985 3418 Hieronymi
3022 3336 3242 3418 abbate,
3278 3337 3564 3418 codicibus

278 3405 446 3462 bene
464 3409 658 3462 multis
696 3405 1032 3462 instructum
1080 3405 1231 3469 fuit;
1287 3407 1426 3460 adeo
1476 3413 1546 3479 ut
1588 3406 1713 3479 aliis
1768 3423 1869 3479 per
1910 3405 2139 3479 Italiam
2186 3406 2557 3479 bibliothecis,
2603 3424 2674 3461 ne
2722 3405 2978 3461 Romana
3029 3409 3256 3479 quidem
3312 3416 3560 3479 excepta,

273 3479 715 3549 Pomposianam
745 3480 1064 3550 praecellere
1107 3479 1441 3532 testificetur
1472 3478 1745 3550 Henricus
1790 3476 2025 3550 clericus
2074 3478 2131 3531 in
2177 3477 2412 3547 epistola
2456 3479 2522 3532 ad
2574 3479 2921 3549 Stephanum
2959 3476 3279 3549 quemdam,
3316 3476 3564 3534 subnexa

273 3548 636 3604 bibliothecae
666 3548 920 3620 ejusdem
950 3552 1202 3620 catalogo
1235 3568 1246 3601 :
1279 3566 1407 3621 quae
1434 3548 1606 3621 jubet
1650 3549 1872 3602 animus
1918 3548 2008 3621 hic
2037 3554 2305 3621 attexere,
2355 3554 2417 3602 ut
2444 3548 2812 3621 compertum
2842 3548 3037 3604 lectori
3081 3551 3154 3605 sit
3182 3556 3407 3621 quantae
3438 3567 3562 3605 mo-

271 3622 349 3675 lis
374 3628 513 3675 tunc
542 3618 714 3674 fuerit
753 3638 1081 3675 numerosas
1110 3618 1312 3689 parare
1338 3618 1738 3685 bibliothecas;
1788 3620 2013 3692 quando
2043 3620 2169 3683 ista,
2204 3636 2328 3690 quae
2359 3620 2486 3675 aliis
2524 3618 2776 3692 prieibat,
2808 3639 2878 3675 ne
2924 3618 3297 3676 mediocribus
3330 3622 3559 3692 quidem

273 3694 460 3747 nostri
482 3692 583 3746 aevi
613 3692 851 3746 conferri
882 3693 1043 3746 valet.
1074 3693 1380 3762 Epistolam
1413 3698 1604 3744 autem
1631 3697 1687 3744 et
1715 3691 2030 3760 catalogum
2063 3708 2127 3744 ex
2158 3692 2459 3746 Mutinensi
2519 3691 2865 3747 serenissimi
2892 3693 3048 3747 ducis
3077 3691 3410 3749 bibliotheca
3435 3709 3567 3762 pro-

277 3766 478 3836 deunt,
515 3763 765 3836 mihique
804 3763 874 3836 ab
917 3763 1257 3836 amicissimo
1287 3762 1402 3815 viro
1430 3762 1580 3816 Julio
1624 3762 1936 3815 Fontanino
1978 3762 2128 3815 card.
2176 3762 2452 3834 imperiali
2482 3763 2926 3825 bibliothecario,
2963 3770 3026 3817 ut
3068 3765 3318 3818 nondum
3359 3762 3568 3836 publici

270 3835 426 3906 juris
449 3834 616 3899 facta,
651 3833 840 3906 oblata
862 3834 1055 3906 isthzec
1074 3835 1270 3906 Romae
1295 3841 1446 3906 sunt.

351 3907 432 3961 Ex
464 3906 689 3977 iisquae
718 3905 787 3959 de
810 3905 1124 3977 TitoALivio
1152 3911 1313 3958 notat
1338 3903 1745 3977 Henricuscol.
1797 3900 1927 3958 1353
1967 3903 2087 3972 jam
2116 3919 2230 3956 aevo
2260 3919 2372 3977 suo_
2391 3903 2625 3957 amissas
2655 3908 2711 3977 et
2739 3903 3059 3974 deploratas
3101 3905 3247 3977 tanti
3278 3905 3560 3977 scriptori.

274 3977 534 4032 Decades
547 3974 692 4030 bene
709 3976 915 4030 multas
943 3975 1173 4033 indicat.
1199 3975 1428 4029 tametsi
1451 3991 1564 4028 non
1582 3974 1659 4027 sic
1688 3978 1946 4027 accurate
1973 3990 2091 4026 rem
2123 3980 2331 4027 teneat.
2350 3975 2579 4045 Ignorat
2607 3974 2813 4045 quippe
2843 3990 3008 4045 nemo
3032 3990 3103 4029 ex
3132 3974 3443 4030 Decadibus
3470 3978 3563 4045 14,

274 4049 395 4102 sive
426 4065 492 4102 ex
524 4046 678 4101 libris
717 4045 833 4113 140,
861 4052 979 4112 aut,
1013 4053 1078 4100 ut
1099 4047 1213 4106 alii,
1253 4048 1372 4110 M‘Z,
1408 4047 1556 4099 solos
1585 4061 1877 4115 superesse
1897 4045 2081 4117 35,_ac
2096 4045 2342 4117 proinde
2371 4044 2608 4117 amissos
2636 4044 2785 4117 totos
2819 4044 2937 4101 107.
2968 4046 3047 4100 De
3084 4047 3267 4116 Trogo
3298 4044 3564 4117 Pompeio

273 4136 418 4199 cum_
429 4119 572 4189 agit,
592 4119 987 4199 cavesi_s_putes
1009 4118 1195 4199 ipsum
1214 4114 1769 4199 Trogum‘integrum
1792 4117 1898 4169 hac
1916 4116 1973 4168 in
1998 4114 2335 4168 bibliotheca
2355 4115 2639 4199 exstitisse
2655 4116 2752 4199 qui
2768 4117 2943 4199 jam_a
2961 4117 3152 4170 multis
3177 4114 3329 4199 retro
3349 4114 3567 4198 saeculis

276 4186 593 4245 exstinctus
610 4196 751 4244 erat.
768 4186 979 4244 verum
1000 4186 1068 4243 de
1087 4189 1309 4244 Justino
1330 4186 1627 4257 intelligas
1642 4190 1914 4257 epitomes
1934 4193 2190 4252 auctore;
2222 4203 2334 4257 qua
2354 4186 2595 4257 epitome
2611 4186 2866 4242 Justinus
2887 4188 3131 4258 Trogum
3151 4187 3566 4244 nobilissimum

274 4261 899 4340 scriptorempconfodit
919 4278 989 4340 ac
1017 4260 1087 4315 de
1112 4260 1296 4340 medio
1319 4259 1549 4340 sustulit
1545 4278 1586 4340 λ
1606 4258 1846 4340 perinde
1868 4263 2038 4328 atque
2067 4257 2260 4340 Livius
2271 4274 2485 4340 magna
2502 4259 2589 4313 sui
2616 4264 2775 4340 parte
2802 4259 2971 4340 periit
2997 4257 3159 4340 Floro
3180 4264 3236 4340 et
3255 4261 3568 4340 Argumen-

276 4328 473 4387 tonim
515 4337 746 4388 auctore
773 4332 1081 4402 perniciem
1110 4330 1499 4385 inferentibus.
1545 4329 1721 4402 Editis
1751 4328 1957 4400 quippe
1990 4328 2337 4402 compendiis
2365 4328 2633 4385 auctores
2649 4328 2839 4401 primi,
2890 4331 3071 4385 valere
3094 4330 3259 4401 jussi,
3292 4328 3567 4402 paulatim

286 4351 473 4387 [0mm
515 4351 746 4388 aucwre
812 4351 1081 4387 ermcxetn
1110 4351 1499 4385 tmerenuous.
1545 4351 1721 4383 maius
1751 4351 1957 4400 quippe
1990 4351 2337 4400 compellans
2365 4351 2405 4382 ω

286 4404 512 4460 incuria
541 4404 628 4459 vel
653 4351 909 4459 funditus
936 4403 1298 4471 interierunt,
1331 4402 1417 4456 vel
1443 4400 1688 4455 mutilati
1715 4416 1925 4471 magna
1950 4400 2037 4454 sui
2066 4406 2227 4471 parte
2254 4409 2405 4455 sunt.

887 4743 1306 4872 EPISTOLA
1403 4740 1750 4869 BENRICI
1843 4739 2173 4868 CLERICI
2268 4740 2376 4867 ill
2471 4738 2975 4868 Sl‘lPHlNUll

1784 4980 2082 4997 ᾗ

358 5110 648 5167 S'rspmuvo
699 5108 1063 5183 philosophiae
1120 5110 1272 5165 fonte
1329 5108 1594 5165 decenter
1642 5106 1880 5176 imbuto,
1903 5108 2078 5168 Btest
2101 5112 2198 5162 tuo
2227 5105 2614 5163 indesinenter
2639 5105 2913 5162 subscribi
2942 5106 3149 5173 libello,
3186 5112 3243 5161 et
3269 5120 3573 5160 numerum

268 5198 574 5256 HENBICUS
623 5199 859 5255 clericus
915 5199 1158 5255 caelestis
1211 5199 1503 5270 sapientiae
1554 5197 1888 5252 illustratio-
1970 5213 2135 5251 nosse
2163 5213 2361 5251 eorum
2402 5214 2542 5268 quos
2584 5197 2700 5252 Deo
2730 5196 3041 5268 inspirante
3070 5213 3135 5250 ex
3176 5209 3280 5249 suo
3320 5199 3575 5265 tempore

268 5306 438 5344 nem.
1969 5288 2144 5358 gessit
2169 5284 2500 5360 [congessit]
2531 5285 2825 5353 librorum,
2850 5286 3050 5356 quidve
3075 5284 3133 5337 in
3163 5283 3251 5336 his
3278 5282 3419 5336 adeo
3449 5286 3572 5336 stu-

354 5378 569 5432 Andita
597 5379 749 5432 fama
779 5376 1107 5431 venerabilis
1156 5376 1486 5450 Hieronymi
1532 5375 1891 5449 Pomposiani
1973 5377 2114 5442 duit,
2143 5382 2207 5430 ut
2229 5383 2431 5432 caetera
2450 5393 2594 5447 pene
2620 5376 2944 5446 neglegeret
2966 5371 3106 5443 (sic),
3127 5377 3183 5425 te
3216 5371 3575 5424 vehementer

265 5465 527 5533 abbatis,
565 5483 624 5521 se
648 5467 861 5538 jugiter
891 5466 1266 5531 exercitantis,
1299 5467 1571 5538 quidquid
1601 5467 1891 5521 commode
1972 5482 2175 5537 cupere
2224 5467 2437 5521 fateris.
2473 5466 2635 5530 Quod
2676 5468 2843 5537 prout
2889 5467 3102 5533 potero,
3135 5476 3326 5515 rerum
3370 5459 3574 5515 dulcis-

262 5555 424 5614 orbe
441 5555 727 5614 illustrato
753 5555 815 5614 in
834 5555 1026 5613 divina
1052 5555 1261 5629 pagina
1279 5570 1521 5629 usquam
1541 5554 1777 5629 reperiri
1796 5570 1888 5629 po~
1972 5555 2133 5624 sime,
2154 5555 2214 5611 in
2239 5556 2444 5613 harum
2461 5554 2866 5627 cujuscumque
2883 5550 3037 5608 modi
3063 5549 3208 5608 serie
3225 5548 3569 5627 litterarum,
