4016 6178
517 200 657 295 ιδῃ
1593 199 1899 273 HENRICI
1938 198 2225 269 CLERJCI
2263 202 2709 280 Pomosim
3584 211 3685 281 aa

511 333 789 412 quantum
812 344 881 382 ex
907 326 1083 399 ipsius
1124 342 1221 379 ore
1249 326 1480 396 cognovi
1522 342 1714 380 meave
1745 326 2247 401 experientia,Aet
2276 345 2469 382 excors
2522 329 2618 399 qui
2668 346 2780 385 non
2829 335 2985 401 Optet
3014 330 3288 399 quiescere
3314 331 3366 383 in
3389 331 3688 403 Pomposiano

509 421 621 470 tuae
672 414 944 470 intimabo
992 415 1231 471 fideliter
1279 416 1585 470 dilectioni.
1622 416 1731 470 Sed
1779 426 1842 477 ut
1897 417 1968 470 ad
2009 416 2111 479 hoc
2189 418 2746 489 claustroastrepitu
2768 419 3065 477 mundanae
3096 418 3692 492 pestis,ubijugiteredi-

510 505 733 589 planius
748 504 1105 567 descendam,
1130 505 1552 575 perspicuisquc
1566 510 1757 574 pateat
1776 504 2107 569 rationibus,
2190 507 2487 571 ticationis,
2522 513 2576 560 et
2606 508 2930 561 salvationis
2963 515 3208 561 meretur
3234 508 3508 578 intelligere
3534 512 3661 567 verba
3676 514 3701 565 ‘l.

510 588 678 665 paulo
707 594 875 648 altius
907 593 1282 651 inchoandum
1305 600 1408 647 est.
2192 595 2352 653 Sicut
2405 596 2557 650 enim
2611 598 2813 667 probos
2867 612 3049 651 mores
3104 596 3365 666 colloquia
3403 608 3697 670 corrumpunt

581 683 957 753 Pomposiana
986 699 1119 751 ergo
1168 682 1420 743 basilica,
1459 682 1623 736 sicuti
1669 699 1771 752 ego
1802 682 2010 753 accepi,
2043 699 2107 736 ex
2190 701 2363 755 prava
2405 704 2415 738 :
2467 685 2545 739 sic
2585 702 2615 738 e
2656 702 2922 739 converso
2974 685 3117 738 bona
3164 684 3422 755 colloquia
3456 687 3601 741 malos
3622 689 3695 742 de-

509 778 763 843 tempore
794 772 1069 827 Guidonis
1094 772 1246 825 mirm
1277 772 1613 836 sanctitatis,
1646 771 1812 840 primi
1855 771 2107 841 ejusdem
2191 780 2419 841 struunt
2450 791 2658 838 mores,
2690 776 3117 845 immittuntque
3146 774 3328 828 bonos.

510 862 729 927 colendi
782 861 887 914 loci
939 861 1138 930 patris,
1193 860 1425 921 mirifice
1476 860 1763 919 honestari
1807 877 1870 913 ac
1913 860 2109 931 augeri
2263 862 2369 918 Sed
2401 880 2469 916 ne
2497 863 2601 921 tibi
2639 880 2838 932 parum
2870 865 3126 918 sufficere
3154 863 3395 921 videatur
3430 863 3555 933 quod
3577 863 3630 917 de
3650 865 3697 918 li-

510 946 675 1019 Cepit.
696 945 864 1025 Cujus
879 945 1176 1005 sanctitate
1198 944 1300 997 Viri
1322 962 1461 1014 gens
1483 944 1875 1014 afﬂata.atque
1905 944 2111 999 exhila-
2190 951 2305 1005 bris
2336 953 2658 1016 memoravi,
2692 952 2829 1006 libet
2865 953 3033 1005 etiam
3079 951 3301 1005 titulum
3338 952 3697 1023 uniuscujusque

510 1041 653 1113 Γαίᾳ,
689 1034 1047 1105 quamplm'es
1068 1033 1315 1103 undique
1334 1033 1402 1085 ad
1433 1033 1537 1086 hoc
1564 1032 1880 1086 Venerabile
1901 1038 2112 1085 ῒυῐυῐη·
2193 1040 2320 1094 libri
2348 1040 2591 1095 scribere
2617 1060 2628 1105 ;
2662 1047 2726 1095 ut
2745 1042 2894 1111 quod
2916 1041 3073 1112 puris
3104 1056 3214 1094 non
3240 1040 3409 1094 credis
3430 1040 3596 1102 verbis,
3614 1043 3696 1093 sal-

511 1141 620 1197 que
644 1122 1022 1196 properabant
1047 1121 1302 1175 certatim
1335 1121 1602 1191 effugium
1632 1140 1645 1187 ;
1681 1121 1970 1191 cupientes
1998 1128 2110 1174 tam
2193 1135 2307 1183 tem
2332 1130 2589 1185 ﬁdelibus
2609 1130 2919 1202 subjectum
2946 1130 3142 1183 credas
3158 1129 3346 1197 oculis.
3368 1130 3469 1183 Nec
3489 1128 3699 1183 eulmhoc

511 1208 690 1268 sancti
746 1212 1001 1291 magistri
1044 1210 1247 1263 instrui
1301 1210 1627 1281 disciplinis,
1670 1210 1953 1279 vitamque
2010 1208 2113 1262 sub
2194 1218 2253 1275 in
2284 1235 2484 1279 vanum
2533 1220 2719 1273 conati
2749 1237 2977 1283 sumus;
3029 1219 3289 1290 quoniam
3320 1218 3541 1275 accidere
3565 1225 3702 1288 pm

512 1302 839 1379 monachica
864 1301 1139 1371 castigare
1168 1300 1397 1355 trutina.
1440 1300 1593 1352 inter
1622 1316 1760 1370 quos
1790 1299 1959 1351 etiam
1987 1298 2114 1368 qui-
2194 1314 2260 1365 ut
2289 1325 2479 1363 errore
2524 1309 2727 1379 aliquis
2767 1326 2835 1363 ex
2880 1309 2967 1362 his
3012 1308 3326 1363 subtractus
3361 1308 3565 1361 ιπειιιετ
3598 1306 3700 1361 libu-

512 1390 640 1475 dam
666 1388 1073 1453 marchionum,
1099 1387 1361 1441 comitum
1389 1404 1793 1458 procerumque
1816 1387 1937 1449 lilii,
1971 1386 2111 1455 delfi-
2194 1396 2453 1451 oblivioni
2483 1398 2774 1465 tradatur;
2820 1397 2921 1453 sed
2962 1398 3208 1468 perlecta
3234 1397 3334 1453 hac
3361 1396 3542 1467 pagina
3570 1395 3702 1449 ﬁdeli,

512 1476 606 1559 tilils
650 1478 869 1532 omissis
900 1493 1218 1548 pompaque
1249 1476 1498 1529 sazculari
1530 1475 1871 1547 posthabita,
1913 1492 2111 1541 conve-
2197 1486 2465 1545 librorum
2514 1493 2701 1542 custos
2745 1504 2875 1543 cum
2915 1486 3214 1557 diligenter
3257 1485 3502 1554 inquirat,
3529 1484 3568 1549 si
3599 1483 3704 1539 forte

512 1574 739 1632 nerunt,
763 1569 989 1636 Deoque
1010 1572 1275 1636 cperante
1300 1582 1476 1634 usque
1494 1565 1660 1618 hodie
1682 1582 1791 1617 non
1813 1565 2111 1618 desistunt.
2129 1624 2172 1641 ἢ
2195 1576 2280 1628 γει
2305 1592 2368 1629 ex
2397 1576 2683 1641 fratribus,
2712 1576 2799 1629 vel
2818 1576 3032 1629 advena
3060 1575 3306 1639 sustulit,
3340 1573 3557 1627 armario
3581 1573 3705 1627 mg.

513 1656 635 1720 Quo
679 1656 738 1709 in
775 1661 1028 1725 tempore
1067 1655 1170 1707 iste
1202 1654 1465 1707 dominus
1501 1670 1679 1715 meus,
1716 1654 1784 1707 de
1811 1670 1920 1723 quo
1950 1652 2110 1705 nobis

2197 1670 2389 1718 tuatur
2415 1665 2696 1719 continuo.
2732 1666 2880 1718 Nota
2907 1669 3117 1725 autem,
3150 1664 3390 1735 prudens
3415 1664 3579 1723 lector,
3607 1661 3706 1730 quia

513 1761 717 1809 88mm,
764 1744 1141 1813 Hieronymus
1169 1742 1359 1797 abbas.
1399 1759 1431 1795 ³
1462 1759 1636 1812 Puero
1663 1742 1945 1805 advectus,
1991 1742 2110 1794 δαῖ-
2192 1752 2355 1806 citius
2383 1759 2448 1806 ut
2489 1753 2817 1822 dignoscere
2847 1753 3030 1806 valeas
3059 1768 3498 1822 unumquemque
3530 1749 3705 1812 librum,

512 1834 765 1895 ﬁdente!“
791 1832 988 1887 όὶάίοὶῐ
1016 1832 1399 1886 ῐηοηιιεὶιίοθιιη
1438 1848 1695 1885 normam
1742 1847 1754 1881 ε
1799 1831 2001 1885 deinde
2051 1830 2111 1885 ίη
2193 1842 2458 1912 quoniam
2488 1843 2676 1912 plures
2717 1842 2776 1895 in
2813 1858 2928 1895 uno
2966 1841 3250 1895 volumine
3280 1846 3421 1905 sunt,
3455 1838 3708 1906 ubicunque

509 1922 895 1994 grammatica:
924 1922 1141 1975 studuit
1166 1921 1564 1987 fundamento;
1609 1921 1703 1973 sed
1737 1926 1794 1974 et
1822 1919 2111 1973 dialectica
2192 1932 2373 2000 ﬁgura
2396 1932 2452 1984 in
2482 1931 2710 1984 modum
2729 1932 2929 1985 littera;
2954 1932 2995 1985 Γ
3017 1936 3073 1984 ει
3092 1935 3366 2001 quotquot
3390 1928 3526 1982 tituli
3549 1927 3710 1981 ίηιιεειΤ

512 2012 816 2082 aliquando
850 2010 1045 2065 libavit
1069 2010 1345 2072 acumina,
1378 2010 1437 2062 in
1467 2009 1747 2079 brevique,
1782 2010 1898 2062 Deo
1929 2008 2110 2077 magi-

513 2105 748 2165 strante,
780 2101 1020 2155 multum
1053 2099 1286 2169 profecit
1313 2106 1588 2168 tempore.

583 2190 741 2244 Tunc
758 2206 819 2242 ex
840 2189 1027 2259 priore
1048 2188 1217 2241 abbas
1240 2205 1273 2240 a
1292 2187 1562 2244 fratribus
1580 2190 1874 2257 gratanter
1894 2184 2116 2239 ordina.

514 2283 606 2331 tus
635 2284 740 2333 est.
763 2277 869 2341 Qui
900 2277 1164 2348 quoniam
1196 2280 1315 2330 erat
1340 2275 1565 2345 ingenio
1588 2280 1902 2346 promptus,
1927 2274 2115 2327 animo

514 2365 787 2436 placidus,
813 2366 1051 2419 fratrum
1078 2371 1317 2429 amator,
1345 2381 1565 2418 morum
1594 2365 1765 2432 longe
1796 2363 2001 2433 politus
2022 2363 2117 2417 hc»

516 2460 755 2519 nestate,
780 2460 967 2508 mente
999 2454 1279 2525 providus,
1306 2470 1541 2506 cernens
1570 2457 1785 2505 tantam
1806 2469 1865 2505 se
1888 2458 2114 2520 gentem

517 2544 639 2597 sine
669 2560 910 2609 vomere,
943 2560 1007 2599 ac
1034 2560 1222 2597 marra
1246 2542 1419 2597 divini
1453 2542 1636 2613 cultus
1667 2541 1897 2597 minime
1926 2541 2118 2605 fructi-

514 2634 683 2687 ﬁcare
715 2649 897 2704 posse,
926 2632 1072 2685 illico
1116 2632 1247 2689 data
1278 2648 1449 2701 opera
1475 2631 1696 2684 curiose
1728 2630 1935 2699 ubique
1962 2646 2117 2700 quae-

516 2740 642 2778 rere
662 2723 809 2794 cepit
827 2722 1172 2776 diversorum
1194 2720 1478 2774 volumina
1496 2721 1807 2780 doctorum,
1834 2735 1956 2788 quae
1981 2734 2115 2788 prae-

518 2811 771 2867 sentibus
830 2809 1181 2881 posterisque
1237 2809 1573 2862 documenta
1616 2807 1993 2876 relinqueret;
2051 2811 2115 2860 ut

516 2902 662 2956 sicut
679 2917 884 2971 genere
904 2899 1201 2968 studioque
1221 2898 1425 2951 diversi
1451 2902 1632 2957 erant,
1657 2896 1735 2948 sic
1760 2896 1817 2948 in
1836 2895 1921 2947 his
1946 2911 2115 2948 unus-

517 2991 753 3077 quisque
781 2989 1165 3060 specularetur
1184 2986 1317 3057 quid
1340 2985 1694 3047 imitandum,
1712 2983 1912 3055 quidve
1927 3000 2115 3055 asper-

516 3074 764 3135 nandum
788 3078 891 3132 sibi
915 3079 1074 3131 foret.
1101 3077 1339 3131 Difficile
1363 3076 1499 3129 mihi
1524 3075 1763 3138 videtur,
1788 3074 2112 3144 quempiam

514 3170 751 3225 virtutes
769 3185 834 3221 ac
852 3167 987 3221 vitia
1007 3167 1325 3221 discernere
1346 3164 1519 3219 libere
1547 3180 1726 3234 posse,
1760 3163 2117 3233 ignorantem

517 3259 820 3329 mnigmata
872 3261 931 3311 et
976 3256 1285 3310 sententias
1330 3255 1766 3324 Scripturarum.
1801 3252 1938 3315 Quis
1966 3252 2117 3305 enim

516 3346 1058 3421 iegrotopntidotum
1080 3346 1214 3399 dare
1236 3344 1406 3409 novit,
1430 3343 1541 3397 nisi
1563 3342 1659 3413 qui
1679 3341 1907 3395 didicit?
1927 3341 2118 3409 quisve

513 3445 737 3516 remigii
790 3446 1020 3516 ignarus
1071 3447 1251 3498 ratem
1288 3441 1637 3497 committere
1676 3438 1932 3508 fragilem
1976 3455 2118 3494 saevo

518 3534 729 3589 audeat
758 3534 977 3604 ponto?

592 3623 694 3676 Sed
744 3622 1010 3692 quoniam
1051 3621 1226 3674 bonos
1276 3620 1573 3672 lividorum
1616 3618 1793 3671 aculei
1827 3618 2118 3672 stimulare

518 3710 724 3766 acriter
751 3712 955 3776 solent,
978 3710 1233 3763 nonnulli
1268 3708 1470 3779 quibus
1495 3724 1651 3761 mens
1681 3707 1878 3760 insana
1908 3707 2112 3771 fuerat,

515 3798 808 3866 dissidere,
832 3798 1127 3852 dissentire
1148 3814 1213 3851 ac
1241 3796 1538 3867 objurgare
1561 3813 1625 3849 ex
1656 3796 1760 3849 hoc
1780 3796 2112 3866 praeclarum

515 3894 788 3961 ceperunt
812 3887 1072 3943 abbatem
1098 3905 1109 3940 :
1140 3887 1237 3941 alii
1266 3903 1395 3942 eum
1423 3886 1635 3940 frustra
1678 3886 1736 3939 in
1766 3886 1930 3955 nugis
1969 3884 2114 3938 bona

516 3978 845 4047 monasterii
892 3977 1200 4047 dissipare;
1244 3976 1339 4029 alii
1382 3980 1570 4029 autem
1618 3974 1774 4027 illum
1826 3975 1929 4026 hoc
1958 3973 2027 4026 ob
2056 3973 2112 4026 id

517 4084 705 4145 agere,
730 4073 793 4121 ut
811 4066 1112 4137 aliquando
1134 4082 1261 4119 cum
1282 4065 1416 4118 totis
1446 4064 1602 4117 libris
1628 4063 1847 4133 fugiens
1866 4063 2113 4133 aliquem

2193 2027 2251 2074 et
2272 2021 2313 2073 Γ
2334 2021 2692 2074 continentur
2720 2022 2778 2073 in
2798 2037 2912 2074 uno
2942 2026 3164 2074 tantum
3196 2021 3398 2072 adsunt
3422 2016 3621 2071 connexi
3642 2031 3713 2067 vo-

2195 2108 2427 2163 lumine.
2468 2110 2585 2163 Hoc
2611 2115 2800 2163 autem
2832 2109 2980 2179 quod
3018 2108 3088 2161 de
3115 2108 3232 2161 vita
3258 2106 3429 2161 sancti
3455 2105 3547 2158 viri
3570 2104 3717 2157 Hiero-

2194 2198 2351 2269 nymi
2392 2198 2610 2253 abbatis
2649 2198 2829 2269 deque
2875 2198 3114 2253 fratrum
3149 2212 3386 2251 numero
3423 2200 3475 2248 et
3500 2194 3560 2248 de
3584 2191 3717 2255 eremi

2197 2287 2540 2349 amoenitate,
2580 2293 2638 2342 et
2664 2288 2838 2342 totius
2870 2287 2976 2341 loci
3004 2286 3274 2348 aediﬁciis,
3298 2284 3492 2356 qumvis
3511 2282 3560 2335 in
3576 2280 3719 2335 libello

2197 2393 2363 2447 quem
2394 2378 2617 2448 proprie
2638 2378 2708 2431 de
2734 2394 2802 2431 ea
2822 2394 2881 2431 re
2902 2376 3096 2446 scripsi
3121 2375 3404 2429 invenias:
3436 2379 3598 2427 actum
3623 2386 3719 2423 vero

2199 2466 2255 2519 in
2286 2465 2427 2519 libro
2460 2465 2783 2535 pontificum
2816 2482 2963 2518 anno
2993 2464 3063 2517 ab
3093 2462 3477 2518 lncarnatione
3502 2457 3635 2515 1093.

2274 2556 2314 2608 Γ
2334 2555 2433 2609 ΧΗ
2466 2554 2595 2607 libri
2627 2554 2924 2625 Augustini
2946 2571 3115 2624 super
3144 2553 3404 2609 Genesim
3426 2551 3495 2623 ad.
3508 2550 3720 2603 litteram.

2272 2644 2314 2696 Γ
2336 2640 2441 2695 XII
2464 2641 2591 2695 libri
2623 2643 2700 2695 De
2728 2642 2950 2694 civitate
2974 2642 3071 2695 Dei
3102 2641 3357 2711 ejusdem
3385 2635 3658 2707 Augustini.

2272 2732 2314 2785 Γ
2342 2732 2420 2786 IlI
2450 2731 2577 2784 libri
2625 2732 2704 2784 De
2747 2730 2930 2784 verbis
2978 2730 3207 2784 Domini
3254 2745 3417 2799 super
3446 2726 3724 2787 Matthzemn,

2197 2837 2367 2891 super
2395 2820 2622 2883 Lucam,
2652 2824 2707 2872 et
2727 2835 2897 2889 super
2918 2817 3219 2872 Joannem.

2272 2910 2314 2963 Γ
2346 2909 2605 2978 Ejusdem
2647 2909 2727 2961 De
2772 2907 3181 2961 catechizandis
3205 2906 3435 2961 rudibus
3462 2925 3511 2973 i;
3556 2907 3623 2961 De
3645 2921 3733 2957 ma-

2197 2998 2371 3068 gistro
2403 2997 2543 3051 liber
2573 3012 2610 3067 i,
2662 2996 2760 3051 lib.
2795 2997 3175 3060 Quiestionum
3212 3010 3269 3063 ις
3320 2998 3398 3063 De
3425 3012 3585 3066 agone
3614 2992 3736 3048 Chri-

2200 3087 2383 3142 stiano
2420 3087 2516 3140 lib.
2540 3104 2589 3153 l;
2624 3087 2693 3140 Ue
2734 3086 2842 3139 fide
2871 3086 3149 3141 catholica
3176 3085 3273 3139 lib.
3302 3103 3319 3140 ι
3345 3104 3356 3152 ;
3391 3092 3567 3139 contra
3592 3102 3617 3137 v
3650 3084 3737 3136 ba:-

2201 3193 2373 3239 reses,
2407 3176 2465 3229 id
2494 3182 2579 3229 est
2621 3181 2817 3229 contra
2854 3176 3131 3243 Paganos,
3163 3176 3407 3239 Iudaeos,
3437 3173 3734 3229 Manichaeos.

2203 3265 2549 3320 Sabellianos
2576 3271 2635 3318 et
2661 3264 2916 3328 Arianos,
2950 3264 3045 3317 lib.
3083 3282 3129 3329 ις
3182 3265 3267 3318 De
3302 3263 3637 3318 altercatione
3660 3260 3737 3314 Ec-

2202 3355 2382 3421 clesiae
2404 3362 2461 3409 et
2482 3355 2793 3426 Synagoga:
2824 3354 2919 3407 lib.
2944 3368 2983 3408 ι.
3008 3371 3193 3409 sermo
3215 3356 3295 3409 De
3316 3355 3503 3408 decem
3527 3350 3731 3413 chordis;

2200 3446 2280 3499 De
2314 3445 2424 3498 vita
2445 3444 2767 3501 Christiana
2793 3442 2890 3497 lib.
2916 3461 2952 3497 ι.

2274 3535 2315 3588 Γ
2365 3534 2451 3586 Ad
2496 3532 2843 3586 Bonifacium
2886 3538 3081 3587 contra
3126 3534 3453 3589 Donatistas
3504 3529 3738 3588 haereticos

2199 3622 2293 3675 lib.
2324 3640 2360 3675 1.
2394 3623 2589 3674 Sermo
2616 3622 2695 3674 De
2729 3621 2971 3674 Emerito
3001 3622 3279 3694 episcopo.
3316 3623 3562 3693 Ejusdem
3589 3622 3738 3688 Augu-

2201 3710 2334 3764 stini
2390 3710 2627 3780 epistola
2683 3710 2929 3763 Honorio
2984 3717 3040 3763 et
3086 3711 3404 3766 Theodosio
3459 3706 3736 3764 consulibus.

2193 3805 2388 3853 contra
2408 3799 2667 3852 eumdem
2683 3798 2994 3853 Emeritum
3008 3800 3433 3855 Donatistarum
3454 3800 3735 3871 episcopum.

2194 3889 2504 3959 Responsio
2517 3893 2712 3941 contra
2726 3887 2758 3939 d
2769 3903 2866 3940 uas
2878 3887 3143 3959 epistolas
3159 3889 3466 3944 Gaudentii
3482 3886 3737 3943 Donatista-

2195 3995 2319 4032 rum
2366 3976 2609 4048 episcopi
2654 3976 2724 4029 ad
2770 3976 3096 4031 Dulcitium.
3129 3978 3257 4045 Alia
3287 3978 3563 4050 responsio
3587 3979 3736 4029 contra

2196 4067 2497 4121 secundam
2529 4065 2819 4137 epistolam
2842 4066 3093 4135 ejusdem
3115 4067 3423 4122 Gaudentii
3446 4068 3512 4121 ad
3531 4064 3738 4119 eumdem

517 4158 835 4230 acquireret
862 4156 1243 4228 episcopatum
1287 4153 1414 4218 sibi,
1449 4154 1727 4207 instanter
1754 4151 2110 4217 asserebant;
2198 4156 2526 4210 Dulcitium.
2543 4156 2805 4226 Ejusdem
2817 4156 3055 4226 epistola
3074 4157 3142 4211 ad
3167 4155 3740 4212 Maximianumﬂenon

516 4265 551 4302 a
587 4246 790 4318 quibus
830 4261 989 4300 mens
1036 4261 1160 4298 mea
1207 4244 1370 4313 longe
1401 4242 1585 4297 aliena
1614 4242 1737 4308 fuit,
1779 4256 2112 4311 semperque
2132 4244 2612 4318 nrebaptizando.
2637 4246 2833 4299 Sermo
2850 4245 3162 4314 gratiarum
3180 4247 3503 4300 Maximiani
3523 4238 3740 4315 episcopi»

518 4337 667 4409 quod
688 4334 897 4390 bonum
917 4339 973 4389 et
992 4349 1213 4404 aequum
1234 4333 1338 4386 sub
1360 4333 1463 4387 hoc
1490 4331 1727 4385 credidit
1747 4330 1990 4400 negotio.
2008 4330 2112 4383 Cui
2138 4328 2178 4349 "'
2198 4333 2346 4403 quod
2371 4349 2625 4386 reversus
2653 4333 2728 4385 sit
2756 4333 2827 4385 ad
2854 4333 3185 4387 catholicam
3216 4351 3285 4387 ex
3318 4332 3623 4389 Donatistis.
3640 4328 3743 4398 Epi-

518 4426 674 4497 operi
704 4442 770 4479 ex
799 4423 1016 4477 abbatis
1059 4424 1221 4492 jussu
1267 4421 1454 4474 Bonus
1498 4420 1723 4474 nomine
1768 4425 1825 4472 et
1862 4419 2115 4489 exemplo
2198 4423 2341 4475 stola
2368 4421 2596 4483 Silvani,
2620 4427 2677 4473 et
2702 4421 3000 4489 Valentini,
3028 4423 3245 4476 Aurelii
3268 4423 3576 4494 Augustini.
3599 4429 3647 4474 et
3669 4433 3746 4470 cai-

519 4514 825 4589 mpnachus
865 4530 931 4587 ex
978 4510 1211 4564 eremita
1263 4514 1521 4583 praeerat,
1566 4508 1816 4562 omnium
1855 4508 2115 4583 dogmate
2197 4516 2448 4583 terorum
2494 4510 2880 4584 episcoporum
2929 4512 3148 4579 concilii
3191 4512 3478 4581 lertensis
3514 4510 3575 4573 ad
3603 4509 3747 4567 Dona-

518 4602 721 4656 ditium
754 4600 986 4671 peritus,
1013 4600 1108 4669 qui
1140 4598 1309 4652 etiam
1332 4606 1575 4652 aestuans
1603 4604 1666 4651 ut
1694 4603 1911 4651 tantum
1936 4595 2115 4649 libro-
2197 4599 2375 4653 tistas.
2424 4598 2682 4667 Ejusdem
2728 4599 2799 4651 ad
2844 4599 3185 4653 Macrobium
3218 4608 3285 4654 ut
3322 4618 3434 4655 non
3472 4596 3750 4669 rebaptizet.

520 4706 647 4744 rum
690 4688 942 4758 exempla
985 4686 1291 4757 colligeret,
1333 4703 1446 4742 non
1476 4685 1709 4740 curabat
1738 4685 2031 4739 distinctas
2061 4689 2119 4738 et
2198 4687 2466 4758 Ejusdem
2486 4686 2785 4757 Augustini
2808 4687 2887 4741 De
2908 4689 3258 4744 continentia
3286 4689 3432 4744 liber
3459 4683 3753 4743 unus.Alius

522 4779 754 4833 decoras
782 4778 1035 4830 litteras:
1061 4776 1156 4830 sed
1181 4777 1572 4847 quoquomodo
1601 4775 1888 4829 formatas.
1913 4775 2116 4828 Decre-
2198 4778 2278 4833 De
2299 4776 2591 4848 patientia.
2611 4777 2907 4831 Tractatus
2930 4777 3183 4847 ejusdem
3212 4779 3296 4832 De
3329 4779 3559 4833 muliere
3583 4772 3695 4829 forti
3709 4770 3754 4824 in

520 4868 684 4923 derat
711 4866 861 4921 enim
887 4865 1187 4936 praedictus
1225 4865 1397 4918 abbas
1427 4865 1652 4918 eosdem
1694 4863 2020 4928 rescribere,
2061 4868 2119 4916 et
2201 4866 2516 4920 Salomone.
2553 4866 2799 4936 Epistola
2829 4867 3084 4935 ejusdem
3121 4867 3190 4920 ad
3238 4868 3616 4922 Marcellinum
3642 4876 3756 4932 quo-

519 4958 578 5013 in
610 4973 784 5013 unum
827 4954 1177 5009 bibliothecae
1207 4970 1408 5025 corpus
1452 4953 1733 5023 colligere.
1785 4952 1944 5007 Unde
1986 4969 2119 5023 quo-
2200 4955 2367 5009 modo
2398 4955 2714 5008 invenerint
2752 4954 2900 5024 Magi
2932 4954 3260 5021 Pharaonis,
3294 4971 3557 5012 conversa
3582 4954 3633 5007 in
3656 4964 3756 5004 san-

521 5064 642 5103 sam
676 5064 741 5101 ex
767 5044 1034 5121 fratribus
1059 5045 1319 5117 adversos
1350 5042 1526 5098 habeo
1567 5041 1637 5096 ob
1668 5041 1899 5095 nimiam
1926 5041 2116 5107 titula-
2197 5043 2426 5114 guinem
2462 5048 2582 5097 tota
2618 5059 2765 5114 aqua
2792 5044 3040 5121 .IEgypti,
3074 5045 3222 5101 unde
3265 5046 3452 5103 simile
3497 5037 3755 5113 aliquando

516 5116 858 5215 tionemlnon
887 5134 1133 5199 valentes
1158 5116 1343 5203 legere
1369 5132 1541 5186 libros
1570 5148 1603 5185 a
1631 5149 1719 5184 me
1749 5129 2004 5202 scriptos.
2200 5132 2464 5205 facerent.
2512 5132 2761 5202 Epistola
2790 5116 3098 5186 Marcellini
3125 5133 3195 5187 ad
3234 5140 3490 5189 sanctum
3532 5124 3757 5200 Augusti-

587 5226 755 5280 Nulla
779 5230 969 5287 autem
1002 5222 1257 5287 ecclesia,
1289 5239 1393 5275 nec
1417 5221 1569 5285 urbs,
1600 5237 1782 5291 neque
1812 5218 2115 5292 provincia,
2200 5237 2334 5274 num
2378 5222 2457 5275 De
2499 5220 2778 5291 aliquibus
2826 5222 3232 5292 quaestionibus
3270 5219 3628 5275 exsolvendis.
3665 5216 3757 5267 Cur

513 5315 743 5391 tandem
777 5331 878 5393 nec
906 5314 1029 5395 ipsa
1060 5313 1247 5389 Roma
1269 5308 1419 5365 orbis
1446 5315 1631 5383 caput,
1653 5315 1830 5363 certet
1856 5308 2116 5389 laudibus
2199 5308 2289 5367 hic
2313 5310 2474 5375 Deus,
2500 5309 2594 5380 qui
2624 5314 2680 5364 et
2703 5310 2919 5365 Veteris
2943 5310 3289 5381 Testamenti
3321 5310 3470 5364 Deus
3500 5323 3615 5361 esse
3636 5302 3756 5357 afﬁr-

513 5396 826 5477 Pomposiae
843 5391 1001 5483 copia
1021 5406 1349 5471 sanctorum
1370 5396 2116 5460 tortunatzelibrorquuis
2198 5404 2405 5483 matur,
2444 5399 2648 5481 spretis
2695 5399 2975 5479 veteribus
3005 5400 3309 5475 sacrificiis,
3359 5399 3656 5465 delectatus
3681 5391 3754 5447 sit.

512 5466 686 5579 igitur
704 5466 1083 5579 tam‘ferreus,
1104 5486 1230 5573 quis
1396 5487 1653 5577 immitis,
1673 5492 1858 5565 tamVe
1877 5485 2110 5575 bestius,
2196 5474 2447 5573 Epistola
2473 5466 2654 5571 sancti
2681 5488 3077 5575 Augustinilad
3405 5487 3486 5575 De
