4016 6178
311 224 455 313 134,9
1210 302 1221 309 .
1522 227 1750 323 FP?st

2006 224 2389 317 melius:
3454 226 3592 318 ιεξρ

310 350 375 404 in
403 344 651 421 Epistola
688 350 868 404 sancti
906 350 1077 405 Petri.
1117 352 1424 422 Spiritibus
1453 355 1551 425 qui
1591 355 1648 408 in
1688 358 1973 423 carcereA
1995 353 2242 429 Galatas,
2262 352 2333 405 ad
2350 350 2639 424 Ephesios,
2673 349 2745 403 ad
2772 348 3180 429 Philippenses,
3200 350 3270 413 ad
3290 351 3589 406 Thessalo-

311 436 479 490 erant
505 435 755 514 conclusi
784 436 1176 514 advenientem
1226 440 1512 494 Christum
1554 440 1906 512 praedicasse,
1991 426 2246 495 nicenses
2274 454 2337 503 11,
2377 439 2449 492 ad
2494 436 2855 493 Colossenses
2902 454 2936 501 1,
2988 438 3058 491 ad
3099 426 3291 492 Titum
3322 456 3358 503 1,
3395 440 3467 492 ad
3493 430 3590 493 Ti-

313 526 413 595 qui
442 510 665 601 Christo
696 510 1000 601 aliquando
1048 510 1324 583 increduli
1365 510 1610 583 fuerunt.
1645 528 1907 600 Ejusdem
1991 530 2278 583 motheum
2311 542 2347 581 1.
2386 528 2528 583 Item
2549 525 2618 580 ad
2638 525 3017 591 Timotheum,
3041 526 3110 578 ad
3135 526 3517 581 Philemonem
3546 546 3585 582 1.

308 613 393 667 De
415 598 761 668 divinatione
776 598 1092 670 daemonum
1106 634 1309 671 sermo.
1328 618 1589 687 Ejusdem
1608 598 1910 688 Augustini
1992 617 2223 672 Joannis
2248 615 2633 687 Chrysostomi
2666 615 2723 668 in
2757 614 3062 685 Epistolam
3089 615 3159 668 ad
3190 606 3450 671 Hebraeos
3481 610 3592 671 ser-

308 702 394 757 De
417 719 584 757 versu
627 705 879 774 Apostoli
908 704 1005 759 ubi
1044 704 1181 760 dicit
1213 726 1223 759 :
1262 708 1532 761 Debz'tores
1574 725 1766 761 sumus
1798 724 1911 761 non
1993 702 2189 760 mones
2228 720 2413 759 xxxiv.
2446 704 2628 774 Super
2672 702 2781 757 Job
2825 703 3084 773 Origenis
3125 703 3221 758 lib.
3260 719 3341 758 111.
3372 721 3405 757 '1'
3436 704 3595 775 Ejus-

309 794 494 845 carm'.
531 791 729 846 Sermo
749 793 1003 863 ejusdem
1035 788 1114 849 De
1146 796 1360 865 psalmo
1389 796 1729 851 alleluiatico
1760 796 1907 866 (sic).
1994 796 2119 849 dem
2151 812 2321 866 super
2347 794 2580 849 Cantica
2609 792 2956 847 canticorum
2988 792 3084 846 lib.
3117 807 3197 849 111.

308 878 578 949 Ejusdem
630 881 870 951 August.
920 883 1119 937 Sermo
1171 884 1252 938 De
1300 876 1545 939 alleluia.
1599 884 1793 940 Sermo
1832 886 1912 940 De
2068 887 2111 940 Γ
2140 886 2220 940 De
2247 885 2521 940 Trinitate
2548 883 2748 937 Hilarii
2777 882 2873 936 lib.
2906 897 2998 936 x11.

308 956 479 1023 nocte
500 975 558 1023 et
576 964 668 1023 die
699 972 1132 1026 resurrectionis
1154 972 1378 1049 Domini
1396 979 1589 1028 contra
1615 974 1837 1045 Judaaos
1858 981 1914 1028 et
2064 993 2098 1029 τ
2134 970 2395 1045 Ejusdem
2430 972 2714 1044 Expositio
2760 972 2892 1025 ﬁdei
2924 973 2995 1026 ad
3027 973 3324 1047 synodum.
3356 972 3477 1031 Lib.
3511 973 3591 1027 De
3664 1000 3679 1009 κ

308 1057 627 1112 haereticos.
666 1058 933 1130 Ejusdem
956 1065 1101 1132 post.
1151 1063 1226 1117 De
1268 1062 1751 1134 concupiscentias
1780 1080 1911 1117 suas
1992 1063 2271 1119 Trinitate
2318 1061 2574 1131 Gregorii
2616 1059 3011 1131 Hispaniensis
3048 1060 3407 1129 Eliberitanaa
3447 1062 3595 1123 sedis

307 1164 427 1202 non
483 1148 668 1227 eundo
728 1149 888 1225 liber.
936 1148 1202 1231 Ejusdem
1258 1153 1713 1231 exhortationum
1761 1152 1911 1207 beati
1995 1152 2239 1225 episcopi
2270 1151 2340 1205 ad
2369 1150 2587 1231 Galliam
2644 1149 2971 1204 Placidiam.
3005 1151 3026 1171 '
3055 1150 3143 1203 Est
3183 1153 3439 1204 Faustini
3479 1155 3594 1223 epi-

303 1236 615 1306 Augustini
645 1236 715 1315 ad
742 1237 1031 1292 Valerium
1065 1228 1326 1294 camitem
1358 1242 1754 1296 charissimam
1782 1242 1905 1307 sibi,
1993 1244 2134 1296 stola
2164 1243 2236 1294 ad
2266 1228 2605 1294 Flaccillam.
2631 1238 3056 1309 Apologeticum
3080 1238 3338 1308 Gregorii
3360 1240 3596 1295 Nazian-

304 1324 567 1395 Gregorii
596 1316 754 1407 papae
805 1314 877 1407 ad
926 1316 1497 1407 Recaredumjrodex
1525 1328 1908 1403 Regaredum]
1991 1329 2111 1383 zeni
2142 1328 2406 1402 episcopi.
2441 1327 2701 1397 Ejusdem
2730 1326 2825 1380 lib.
2851 1328 2931 1380 De
2964 1327 3267 1382 Nativitate
3297 1314 3529 1397 Domini
3551 1347 3590 1386 1.

305 1430 521 1503 regem.
558 1402 822 1503 Ejusdem
868 1418 1169 1488 Augustini
1221 1402 1373 1473 liber
1407 1438 1426 1473 1
1468 1420 1551 1474 De
1594 1402 1903 1475 mendacio:
1991 1420 2072 1473 De
2097 1416 2411 1491 Epiphania
2435 1434 2472 1469 1.
2502 1419 2641 1470 Cum
2656 1415 2724 1469 de
2742 1432 2877 1485 agro
2900 1422 3279 1503 reverteretur
3305 1418 3375 1481 ad
3406 1418 3586 1488 impe-

303 1502 472 1557 Alius
500 1505 754 1574 ejusdem
783 1498 980 1583 contra
1000 1506 1373 1562 mendacium.
1408 1508 1489 1585 De
1518 1509 1631 1563 vita
1658 1515 1713 1563 et
1744 1510 1910 1564 mori-
1992 1513 2257 1561 ratorem.
2292 1504 2372 1577 De
2414 1504 2577 1585 dictis
2608 1504 2905 1558 Hieremiae
2948 1522 2985 1558 1.
3031 1506 3111 1559 De
3150 1498 3500 1570 Pentecoste,
3534 1512 3591 1561 et

302 1590 419 1646 bus
450 1592 743 1647 catholicis
771 1580 1330 1650 contraManichaeos
1357 1597 1451 1652 lib.
1470 1580 1505 1651 1.
1544 1598 1807 1672 Ejusdem
1837 1599 1908 1653 ad
1993 1596 2201 1667 Spiritu
2233 1600 2425 1649 sancto
2446 1580 2449 1585 Γ
2472 1608 2511 1647 1.
2556 1594 2635 1647 De
2678 1593 3027 1647 continentia
3058 1600 3117 1647 et
3144 1595 3360 1649 unitate
3390 1612 3588 1675 mona-

303 1680 605 1734 Aurelium
635 1676 917 1763 abbatem,
963 1680 1043 1737 De
1091 1701 1260 1754 opere
1296 1668 1705 1799 monachorum
1734 1684 1831 1741 lib.
1866 1702 1904 1741 1.
1924 1708 1971 1799 ῌ
1992 1686 2224 1761 chorum
2255 1699 2295 1739 1.
2328 1684 2407 1738 De
2437 1680 2731 1754 grandinis
2770 1683 3083 1737 vastatione
3114 1700 3240 1738 cum
3272 1684 3441 1755 Pater
3468 1668 3588 1757 epi-

303 1768 393 1799 m
430 1762 925 1799 --ηᾹ’Λσ4;..ηιεΑ....
953 1770 1028 1799 1:1.
1085 1790 1101 1799 .
1142 1766 1348 1799 ’Q..__...
1388 1774 1632 1799 4.-.“)-..
1714 1793 1736 1799 -
1769 1780 1880 1799 4a..
1993 1790 2190 1799 -.--_.-..
2224 1790 2282 1799 ..Α
3514 1772 3517 1781 ¹

302 1768 393 1822 De
430 1758 925 1853 praedestinatione
953 1770 1049 1825 lib.
1085 1790 1122 1827 1.
1142 1766 1351 1828 Sermo
1384 1754 1637 1844 ejusdem
1660 1755 1740 1829 De
1769 1754 1970 1853 tem-7
1992 1754 2192 1844 seopus
2224 1790 2304 1830 re.
2351 1814 2362 1825 .
2470 1812 2481 1825 .
3366 1754 3369 1755 ν
3503 1754 3517 1781 vl

304 1873 449 1928 pore
479 1845 788 1913 barbarico.
826 1860 1129 1915 Sermones
1160 1863 1240 1916 De
1269 1856 1449 1917 Adam
1482 1879 1539 1928 11,
1572 1864 1615 1918 Γ
1645 1846 1909 1935 Epistolas
2064 1864 2107 1918 Γ
2142 1862 2425 1934 Expositio
2451 1860 2651 1915 Hilarii
2680 1878 2851 1933 super
2881 1861 3228 1933 psalterium.

304 1946 555 2015 August.
587 1948 668 2001 De
697 1948 957 2003 omnibus
985 1938 1302 2005 lhaeresibus
1341 1951 1483 2006 liber
1510 1970 1550 2033 1.
2064 1951 2106 2006 Γ
2145 1952 2480 2006 Psalterium
2528 1944 2858 2033 Hieronymi
2905 1953 3214 2017 secundum
3254 1952 3586 2033 Heb‘raicam

380 2049 419 2089 ἰ’
440 2034 523 2090 De
544 2037 885 2107 perfectione
900 2039 1138 2109 justitiae
1157 2041 1227 2095 ad
1244 2040 1483 2095 Paulum
1504 2030 1561 2096 et
1580 2043 1914 2113 Eutropium
1992 2041 2307 2095 veritatem.
2816 2024 2820 2033 ’
3374 2024 3377 2029 ’
3544 2024 3567 2043 λ’

440 2139 481 2209 1.
502 2126 583 2180 De
603 2132 809 2207 natura
828 2134 885 2182 et
911 2129 1097 2199 gratia
1124 2131 1196 2184 ad
1223 2130 1533 2215 Timasium
1560 2138 1618 2187 et
1643 2132 1910 2187 Jacobum
2068 2130 2111 2185 Γ
2138 2129 2285 2184 Libri
2314 2129 2691 2184 Collationum
2720 2131 2955 2184 Patrum
2985 2130 3260 2185 Cassiani.
3298 2131 3376 2189 De
3396 2147 3587 2215 corpo-

305 2213 408 2268 lib.
434 2204 475 2268 1.
509 2215 759 2286 Epistola
802 2200 1067 2289 Prosperi
1093 2223 1149 2272 et
1175 2200 1375 2273 Hilarii
1406 2208 1476 2274 ad
1505 2226 1762 2275 sanctum
1793 2224 1908 2276 Au-
1994 2237 2055 2273 re
2085 2224 2141 2297 et
2170 2219 2444 2290 sanguine
2474 2216 2717 2284 Domini,
2760 2218 3055 2283 Lanfranci
3087 2224 3284 2293 contra
3308 2200 3591 2291 Berenga-

304 2303 605 2373 gustinum
635 2305 716 2389 De
741 2307 971 2376 querela
1010 2307 1319 2362 Gallorum.
1349 2309 1433 2363 Ad
1466 2310 1691 2364 eosdem
1731 2311 1909 2389 sancti
1990 2310 2159 2363 rium.
2193 2306 2395 2363 Itidem
2424 2308 2503 2361 De
2533 2324 2765 2389 corpore
2796 2313 2853 2389 et
2882 2308 3159 2389 sanguine
3210 2308 3434 2389 Domini
3485 2325 3585 2364 cu-

306 2392 621 2462 Angustini
647 2379 729 2447 De
758 2395 1253 2465 pmdestinatione
1275 2398 1370 2451 lib.
1403 2413 1442 2452 1.
1475 2396 1725 2470 Epistola
1750 2384 1910 2453 Hila-
1985 2396 2213 2469 jusdam
2246 2391 2538 2467 sapientis.
2636 2378 2647 2379 ί
2748 2378 2751 2391 λ
2805 2378 2811 2389 ’
3084 2382 3087 2393 ”
3292 2386 3295 2391 ’
3408 2384 3414 2397 ’

305 2480 359 2534 ri
394 2482 523 2550 (sic)
554 2482 626 2536 ad
673 2484 1055 2553 Augustinum
1104 2486 1449 2559 episcopum.
1488 2486 1792 2559 Augustini
1838 2489 1907 2542 ad
2066 2487 2107 2541 Γ
2140 2470 2305 2540 Liber
2331 2486 2510 2539 sancti
2543 2486 2823 2551 Ambrosii
2842 2487 2921 2540 De
2951 2486 3291 2557 virginitate.
3313 2488 3589 2553 Hexame-

308 2570 591 2655 Hilarum.
643 2572 908 2655 Ejusdem
958 2575 1258 2651 Augustini
1290 2577 1359 2630 ad
1392 2576 1798 2649 Hieronymum
1828 2578 1909 2632 De
1992 2592 2094 2630 ron
2150 2575 2420 2646 ejusdem.
2465 2575 2545 2628 De
2600 2576 2848 2646 paschali
2904 2570 3275 2630 hebdomada.
3330 2577 3587 2655 Epistola;

307 2652 563 2731 Epistola
609 2648 774 2716 Pauli
822 2648 894 2716 ad
937 2663 1185 2718 Galatas.
1216 2648 1266 2718 Τ
1297 2665 1486 2719 Sancti
1517 2648 1799 2739 Ambrosii
1829 2664 1913 2739 De,
1994 2662 2318 2734 Hieronymi
2344 2662 2793 2734 quamplurimas.

307 2749 697 2804 consolatione
740 2749 1125 2807 Valentiniani
1159 2752 1287 2823 (sic)
1333 2753 1427 2813 lib.
1482 2736 1913 2829 Confessionlum:
2064 2751 2109 2804 Γ
2134 2749 2452 2805 Cassiodori
2499 2751 2593 2806 lib.
2642 2768 2680 2803 1.
2733 2751 2876 2821 Lupi
2923 2751 3139 2805 Servati
3188 2751 3287 2821 lib.
3340 2752 3586 2829 Historia

308 2837 400 2891 13.
451 2839 518 2895 In
564 2839 965 2894 salutationem
1015 2840 1275 2913 Epistolae
1305 2841 1465 2897 Pauli
1508 2843 1579 2897 ad
1624 2826 1910 2898 Romanos
1992 2838 2273 2893 Africana.
2308 2839 2592 2911 Expositio
2622 2856 2793 2911 super
2842 2840 3074 2906 Cantica
3117 2826 3462 2905 canticorum
3496 2828 3589 2917 se;

307 2925 410 2981 lib.
438 2941 479 2981 1.
514 2927 777 2998 Ejusdem
808 2930 1115 2999 Augustini
1144 2948 1314 3002 super
1340 2930 1641 2986 Joannem.
1996 2929 2241 2983 cundum
2274 2929 2594 2986 modernos.

382 3028 421 3068 ἰ’
440 3014 643 3072 Itidem
672 3018 941 3089 Cypriani
968 3003 1276 3083 sermones,
1298 3028 1354 3076 et
1375 3002 1623 3091 epistola;
1653 3036 1811 3075 1.xxx1
1836 3022 1915 3076 De
1936 3025 1980 3085 ο
2070 3017 2111 3071 Γ
2142 3018 2401 3091 Historiae
2438 3016 2565 3071 libri
2593 3034 2683 3071 x11.
2715 3018 2976 3084 Historia;
3004 3018 3269 3074 Africana
3298 3019 3399 3075 lib.
3433 3034 3512 3074 111.

306 3103 957 3162 Judaicaincredulitate
974 3109 1042 3161 ad
1067 3090 1909 3183 Vigiliumepisc0pum.Versus
2066 3106 2109 3160 Γ
2138 3090 2256 3160 Lib.
2289 3104 2613 3181 Ofliciorum
2640 3107 2911 3161 Amalarii
2941 3107 3209 3183 episcopi.
3232 3094 3233 3099 ‘

308 3192 527 3275 domini
555 3194 787 3249 Joannis
810 3188 893 3250 De
915 3213 1073 3275 coena
1104 3199 1213 3252 Mai
1248 3202 1372 3267 (sic)
1404 3199 1691 3275 Cypriani.
2061 3211 2093 3248 '1'
2129 3194 2313 3249 Orosii
2333 3193 2679 3248 diversarum
2703 3196 3078 3275 Historiarum
3102 3196 3198 3250 lib.
3224 3197 3588 3275 v11.E11tropii

384 3282 430 3337 Γ
450 3274 634 3338 XVIII
661 3272 1100 3358 lib-Hieronymi
1126 3288 1185 3342 in
1209 3270 1566 3361 Expositione
1594 3287 1761 3359 Isaiae
1782 3306 1909 3397 pro-
1991 3288 2048 3338 et
2074 3282 2235 3337 Pauli
2266 3282 2335 3337 de
2368 3280 2623 3337 Historia
2642 3280 2893 3338 Romana
2915 3283 3008 3338 lib.
3039 3270 3062 3304 ί
3089 3300 3174 3339 xv.
3203 3272 3452 3342 Historia
3472 3270 3587 3364 maf

393 3376 495 3397 ΑΔ...
1994 3373 2083 3397 ...ιζ
2127 3372 2413 3397 ΛΙΑ-......1..2
2447 3372 2519 3397 121.
2576 3388 2644 3397 ..η
2693 3373 2860 3397 τει.-..
2890 3374 3051 3397 n1:..::
3084 3380 3131 3397 ,Α
3156 3369 3330 3397 οέιεμε

307 3371 516 3443 pheta.
1800 3369 1805 3397 ⁵
1988 3373 2087 3444 gni
2116 3372 2416 3427 Alexandri
2447 3372 2541 3425 lib.
2576 3388 2661 3428 xv.
2692 3373 2861 3427 Liber
2890 3374 3055 3428 Plinii
3078 3380 3134 3437 et
3156 3369 3353 3429 SOlini.

386 3461 431 3515 Γ
457 3462 603 3517 ΚΝ.
639 3462 910 3536 Ejusdem
942 3484 1068 3538 sup.
1106 3468 1471 3524 Ezechielem.
2066 3463 2110 3516 Γ
2140 3461 2427 3533 Expositio
2450 3466 2516 3515 ut
2538 3462 2832 3533 defloratio
2866 3463 3109 3517 Hrabani
3138 3481 3309 3535 super
3334 3482 3384 3529 ν,
3419 3463 3512 3518 lib.

377 3544 419 3607 ’ὲ
448 3551 586 3623 Sup.
618 3538 967 3609 Hieremiam
996 3555 1246 3627 ejusdem
1278 3556 1374 3611 lib.
1405 3572 1479 3611 v1.
2067 3552 2108 3605 Γ
2142 3553 2283 3605 Item
2304 3550 2400 3604 lib.
2420 3549 2588 3604 Plinii
2612 3556 2669 3605 et
2688 3551 2963 3616 Solini,et
2993 3553 3240 3617 Historia
3262 3554 3585 3609 Alexandri.

380 3638 714 3709 rEjusdem
769 3643 1039 3713 expositio
1095 3638 1167 3698 ad
1221 3643 1451 3699 Galatas
1507 3644 1603 3697 lib.
1654 3684 1665 3696 .
1713 3685 1725 3697 .
1770 3681 1784 3695 .
1824 3645 1909 3698 Ad
2066 3641 2107 3695 Γ
2138 3640 2302 3694 Liber
2321 3640 2679 3710 gratissimus
2709 3641 2861 3694 Petri
2892 3641 3177 3696 Damiani.

303 3726 592 3799 Ephesios
622 3744 703 3786 111.
735 3732 805 3785 ad
832 3732 1021 3787 Titum
1048 3747 1087 3799 1,
1120 3733 1191 3787 ad
1223 3734 1604 3787 Philemonem
1634 3748 1671 3786 1.
2064 3730 2107 3803 Γ
2141 3726 2421 3799 Expositio
2443 3746 2613 3800 super
2643 3730 2993 3800 psalterium.

385 3817 434 3871 Γ
463 3818 730 3887 Ejusdem
760 3837 930 3892 super
956 3822 1281 3876 Matthaaum
1312 3840 1345 3881 1.
1371 3839 1543 3898 super
1564 3823 1833 3876 Marcum.
2066 3818 2107 3873 Γ
2133 3817 2422 3890 Expositio
2454 3819 2715 3888 Origenis
2744 3837 2914 3891 super
2944 3821 3172 3875 Lucam.

379 3905 430 3960 Γ
462 3906 617 3960 Libri
647 3912 704 3961 et
730 3898 960 3963 diversae
991 3910 1240 3980 epistolae
1268 3896 1525 3980 ejusdem
1556 3925 1713 3964 Lxxx.
2062 3907 2105 3961 Γ
2132 3908 2347 3977 Regula
2392 3907 2601 3969 Basilii.
2651 3913 2709 3962 et
2747 3896 3317 3978 regulaAColumbani
3346 3909 3586 3965 abbatis.

376 4011 417 4049 τ
445 3990 560 4053 ΧΗ
586 3995 685 4049 lib.
719 3997 1002 4052 Ambrosii
1050 3999 1129 4053 De
1170 3999 1467 4054 Trinitate.
1508 3998 1790 4077 Fulgentii
1827 3998 1908 4053 De
1989 3994 2202 4050 Monita
2228 3992 2475 4049 Porcarii
2506 3994 2741 4049 abbatis.
2776 3996 2991 4066 Regula
3039 3997 3358 4075 Augustini,
3392 3996 3590 4068 regula

302 4083 594 4138 Trinitate
642 4084 785 4140 liber
829 4100 868 4140 1.
919 4087 1185 4158 Ejusdem
1214 4087 1294 4143 De
1323 4088 1655 4142 creaturisa
1680 4086 1798 4141 Deo
1839 4085 1908 4141 de
1990 4081 2152 4137 Pauli
2179 4088 2235 4136 et
2265 4082 2554 4153 Stephani.
2600 4080 2901 4151 Augustini
2948 4080 3030 4137 De
3075 4101 3244 4154 opere
3294 4085 3591 4141 monacho-

301 4172 492 4226 nihilo
520 4166 726 4228 creatis
772 4176 917 4229 liber
954 4193 994 4232 1.
1046 4178 1256 4232 Nicetze
1299 4177 1543 4249 episcopi
1575 4177 1654 4231 De
1686 4175 1909 4230 ratione
1990 4189 2137 4227 rum.
2173 4173 2368 4227 Sermo
2409 4173 2712 4243 Augustini
2750 4174 2817 4226 ad
2863 4174 3186 4240 monachos.
3226 4172 3478 4231 Pinuﬁus
3508 4173 3590 4227 De

306 4259 451 4315 ﬁdei
473 4276 512 4314 1.
544 4262 807 4333 Ejusdem
855 4266 935 4319 De
973 4252 1216 4337 Spiritus
1254 4267 1433 4321 sancti
1462 4250 1713 4341 potentia
1740 4256 1837 4319 lib.
1867 4279 1906 4318 1.
1991 4261 2345 4317 institutione
2373 4262 2632 4316 monachi
2662 4263 2854 4316 decem
2886 4262 3160 4317 homelize.
3193 4261 3450 4343 Homelia
3481 4263 3593 4343 Au.-

308 4351 687 4422 Ejusdem‘De
704 4345 935 4408 diversis
964 4355 1436 4425 appellationibus
1460 4354 1700 4410 Domino
1723 4344 2211 4425 nostrngustini
2262 4350 2347 4406 De
2406 4351 2797 4423 persecutione
2847 4351 3314 4405 Christianorum.
3338 4342 3341 4349 ’
3374 4342 3592 4404 Hildel-

304 4440 453 4495 Jesu
483 4441 707 4496 Christo
727 4443 1204 4499 convenientibus.
1682 4426 1685 4431 I
1999 4444 2247 4517 phonsus
2277 4442 2356 4496 De
2383 4440 2676 4517 Trinitate,
2709 4439 2796 4511 De.
2817 4430 3142 4505 haeresibus,
3167 4445 3224 4493 et
3243 4440 3471 4521 quidam
3496 4438 3593 4521 alii

390 4529 439 4582 Γ
466 4520 750 4585 Ambrosii
781 4532 861 4585 De
885 4532 1083 4586 ciliciis
1132 4532 1228 4588 lib.
1274 4548 1356 4587 111.
1411 4533 1664 4604 Epistola
1692 4534 1817 4604 ejus
1845 4532 1912 4587 ad
1996 4531 2125 4586 libri
2152 4532 2210 4585 in
2236 4531 2340 4585 hoc
2364 4531 2667 4607 volumine.
3256 4518 3279 4541 "
3316 4518 3319 4521 ’
3468 4524 3473 4529 ’
3594 4524 3601 4529 “

303 4617 627 4705 Ecclesiam
660 4610 1069 4675 Vemellensem
1102 4636 1140 4675 1.
1184 4622 1449 4705 Ejusdem
1473 4607 1916 4701 Delpcenitentia
2071 4622 2113 4677 Γ
2142 4608 2439 4705 Augustini
2465 4637 2636 4691 super
2662 4619 2937 4690 Epistolas
2971 4619 3156 4705 Pauli.

304 4721 355 4761 11
382 4704 540 4762 libri.
562 4708 824 4792 Ejusdem
845 4710 926 4764 De
950 4710 1146 4765 fratris
1164 4698 1395 4792 excessu
1435 4696 1532 4769 lib;
1559 4729 1596 4767 1.
1636 4710 1719 4792 De
1748 4711 1918 4767 rebus
2072 4710 2114 4765 Γ
2151 4696 2419 4782 Epistolas
2446 4710 2669 4763 Senecae
2702 4709 2773 4762 ad
2795 4708 3094 4789 Lucilium;
3112 4700 3137 4709 ’⁴

298 4796 496 4870 gestis
520 4797 579 4851 in
602 4787 852 4855 Eoelesia
878 4786 1282 4855 Mediolanensi
1310 4785 1408 4855 lib.
1433 4817 1468 4855 1.
1654 4785 1662 4792 ’
2073 4800 2115 4854 Γ
2144 4799 2409 4869 Ejusdem
2437 4799 2518 4853 De
2546 4798 2745 4852 dandis
2801 4805 2859 4853 et
2909 4785 3258 4871 accipiendis
3315 4799 3595 4861 beneﬁciis

388 4887 436 4941 Γ
463 4880 737 4957 Εῇιιεϐθηί
763 4889 845 4943 De
871 4876 1154 4960 paradiso.
1281 4880 1287 4887 ’
1372 4878 1375 4883 ’
2000 4906 2093 4943 vu.
2126 4888 2293 4943 Liber
2312 4886 2563 4960 ejusdem
2590 4882 2663 4941 ad
2681 4889 2964 4943 Neronem
2992 4889 3062 4944 de
3087 4876 3387 4953 clementia
3411 4889 3508 4944 lib.
3532 4904 3593 4954 11,

384 4991 420 5029 τ
449 4955 781 5047 catalogum
796 4955 923 5057 (sic)
935 4985 1258 5057 sanctorum
1281 4997 1316 5057 1.
1347 4978 1596 5034 Historia
1609 4979 1916 5035 illustrium
2001 4964 2059 5033 et
2084 4992 2169 5033 111.
2200 4976 2311 5053 Alii
2340 4955 2507 5032 utiles
2537 4976 2665 5031 libri
2703 4977 2761 5031 in
2787 4978 2981 5057 eodem
3007 4970 3308 5035 volumine.
3350 4964 3353 4967 ’
3428 4968 3431 4971 Α
3574 4965 3579 4971 ’

296 5058 638 5118 γίτοτιιπιῖ.
884 5054 889 5063 ’
977 5055 983 5066 ’
1034 5056 1043 5067 ’
1298 5054 1303 5057 ’

2072 5081 2108 5121 'r
2144 5066 2409 5141 Ejusdem
2442 5060 2870 5140 tragoediarum.
2910 5056 2912 5059 ’

380 5170 421 5207 τ
450 5150 633 5224 Super
658 5154 983 5211 Matthaaum
1014 5157 1246 5212 Joannis
1272 5157 1683 5231 Chrysostomi.
2073 5157 2115 5212 Γ
2145 5156 2384 5212 Cronica
2417 5160 2586 5227 quam
2617 5156 2832 5227 Regino
2864 5156 3209 5231 Prumiensis
3236 5154 3408 5213 abbas
3440 5172 3590 5210 com—

382 5260 423 5297 'r
450 5236 614 5298 LXX.
665 5245 935 5300 Homeliae
983 5232 1237 5317 ejusdem
1297 5248 1378 5301 De
1415 5230 1672 5301 diversis
1732 5245 1915 5325 causis
1998 5236 2203 5319 posuit.
2236 5246 2399 5323 Liber
2425 5246 2752 5318 pontiﬁcum
2779 5246 3180 5325 Romanorum.
3248 5230 3251 5237 ί

288 5332 539 5394 Veteris
568 5339 626 5388 et
652 5334 793 5390 Novi
821 5335 1187 5391 Testam'enti.
1210 5338 1292 5392 De
1318 5334 1675 5410 reparatione
1704 5318 1848 5407 lapsi
1875 5353 1913 5390 1.
2072 5337 2114 5391 Γ
2143 5318 2427 5409 Paschasii
2454 5336 2532 5390 De
2545 5340 2853 5411 corporeet
2884 5320 3157 5403 sanguine
3180 5332 3425 5409 Domini.
3458 5334 3590 5391 Um-

288 5425 395 5481 De
421 5414 859 5494 compunetione
887 5439 928 5479 Ι.
1140 5412 1145 5415 Α
1400 5428 1405 5437 ’
1538 5412 1545 5417 ’
2000 5425 2143 5507 berti
2162 5418 2426 5497 ‘episCOpi
2465 5426 2544 5479 De
2568 5416 2799 5503 corpore
2825 5428 2882 5477 et
2911 5423 3185 5492 sanguine
3204 5421 3447 5507 Domini.

389 5511 445 5566 Γ.
468 5511 753 5602 Expositio
792 5512 1075 5599 Ambrosii
1102 5532 1277 5605 super
1318 5516 1596 5609 Epistolas
1636 5514 1799 5610 Pauli
1847 5516 1919 5595 ad
2074 5496 2122 5570 r'
2145 5514 2281 5605 Duae
2311 5496 2587 5605 Epistolas;
2620 5496 2917 5610 Augustini
2944 5509 3019 5599 ῳ
3042 5508 3305 5601 abbatem
3350 5496 3605 5603 Ῡῳςῃιίτ
