4016 6178
457 298 590 362 1351

1529 301 1829 363 HENRIGI
1868 302 2157 361 CLERICI
2194 300 2646 360 POMPOSIANI

3557 297 3672 358 1352

452 444 612 494 num,
643 442 770 482 cum
798 424 1019 481 duobus
1059 427 1424 497 sequentibus
1465 428 1625 485 libris
1666 431 1746 487 De
1790 430 1977 502 gratia
2000 429 2219 492 etAsic
2245 410 2444 499 incipit
2477 445 2494 483 :
2523 430 2591 483 In
2615 428 2749 481 aliis
2770 427 2930 481 libris
2960 426 3096 480 satis
3114 426 3306 493 opinor
3320 424 3473 492 egisse
3488 439 3588 479 nos.
3606 423 3675 479 De

453 517 630 572 libero
652 514 904 570 arbitrio.
930 515 1047 570 Hoc
1075 533 1214 587 opus
1243 518 1323 572 sic
1345 518 1566 591 incipit:
1591 522 1818 589 Propter
1844 537 1930 574 eos
1950 521 2050 588 qui

456 607 697 659 hominis
729 606 965 657 liberum
984 605 1313 660 arbitrium.
1336 607 1639 661 Altercatio
1667 607 1970 678 Augustini
1996 612 2057 661 et

452 692 720 749 Feliciani
748 694 828 746 Ar
870 732 882 746 .
927 732 938 745 .
986 736 1000 750 .
1047 733 1057 746 .
1105 733 1116 745 .
1165 734 1176 747 .
1222 737 1233 747 .
1276 694 1536 750 LiberDe
1565 696 2055 766 praedestinatione

455 787 513 838 et
542 782 729 853 gratia
771 822 782 835 .
825 824 837 838 .
886 822 899 837 .
946 823 958 835 .
1003 824 1014 836 .
1061 828 1074 839 .
1116 782 1282 837 Liber
1321 783 1471 839 beati
1493 785 1794 855 Augustini
1832 786 1914 840 De
1940 785 2055 840 uti-

454 872 613 927 litate
642 871 904 926 credendi
933 872 1005 925 ad
1035 872 1408 941 Honoratum,
1426 874 1517 928 hic
1536 873 1681 928 liber
1706 874 1785 928 sic
1808 874 2009 946 incipit
2037 894 2048 929 :

453 961 519 1018 Si
537 962 682 1016 mihi
717 963 1030 1015 honorabit.
1076 1003 1088 1015 .
1136 1002 1148 1015 .
1195 1003 1206 1015 .
1258 1004 1269 1017 .
1313 962 2055 1034 LiberbeatiAugustiniDe

454 1049 638 1120 gratia
664 1049 805 1103 Novi
835 1049 1184 1104 Testamenti
1207 1051 1277 1105 ad
1300 1052 1671 1107 Honoratum.
1694 1052 1804 1107 Hic
1823 1052 1964 1107 liber
1977 1053 2057 1108 sic

454 1136 652 1208 incipit
681 1151 691 1185 :
726 1138 868 1191 Mihi
897 1142 1235 1206 proposuisti
1253 1143 1676 1208 pertractandos
1716 1144 2052 1211 quaestiones.

456 1224 625 1281 Alius
657 1225 749 1280 lib.
785 1226 1035 1296 ejusdem
1061 1227 1141 1281 De
1172 1234 1375 1284 natura
1398 1229 1550 1285 boni.
1583 1230 1685 1285 Hic
1703 1230 1848 1285 liber
1869 1230 1950 1285 sic
1975 1230 2060 1285 in-

458 1315 595 1386 cipit
627 1334 638 1369 :
666 1315 965 1371 Summum
998 1317 1201 1371 bonum.
1231 1335 1338 1386 quo
1362 1323 1637 1387 superius.
1674 1361 1687 1373 .
1724 1359 1737 1373 .
1774 1361 1784 1372 .
1825 1360 1837 1373 .
1875 1360 1887 1373 .
1911 1318 2056 1374 Item

459 1404 712 1475 ejusdem
760 1403 842 1457 De
890 1408 1014 1458 octo
1077 1406 1479 1476 quaestionibus
1523 1424 1586 1461 ex
1630 1407 1819 1462 Veteri
1859 1408 2056 1463 Testa-

458 1497 671 1549 mento.
700 1493 804 1548 Hic
840 1492 984 1548 liber
1025 1494 1105 1548 sic
1147 1495 1343 1567 incipit
1373 1515 1385 1550 :
1424 1496 1742 1552 Generalem
1773 1500 2058 1566 justitiam

460 1599 573 1637 non
616 1584 786 1636 violat
821 1621 833 1634 .
873 1623 885 1635 .
926 1623 938 1636 .
968 1625 980 1636 .
1022 1622 1035 1637 .
1072 1623 1084 1638 .
1122 1623 1136 1638 .
1171 1584 1434 1654 Ejusdem
1476 1584 1587 1639 duo
1633 1584 1761 1639 libri
1807 1586 1889 1640 De
1922 1602 2056 1640 con-

458 1671 732 1726 solatione
762 1676 1133 1726 mortuorum.
1150 1673 1267 1726 Hoc
1284 1689 1425 1745 Opus
1441 1674 1522 1728 sic
1546 1673 1767 1745 incipit:
1787 1673 1856 1728 In
1875 1675 2057 1746 primo

2132 518 2452 590 quantitate
2482 516 2683 571 animae
2709 515 2804 570 lib.
2841 533 2878 570 1.
2913 514 3019 569 Hic
3043 512 3184 568 liber
3209 512 3288 567 sic
3311 511 3492 583 incipit
3518 529 3530 564 :
3562 512 3673 579 Quo-

2134 611 2291 662 niam
2313 608 2462 660 rideo
2486 611 2533 660 te
2551 607 2839 660 abundare
2867 607 2995 659 otio.
3026 603 3108 658 De
3134 600 3303 656 libero
3330 600 3540 656 arbitrio
3563 600 3672 657 libri

2136 712 2213 751 111.
2248 697 2367 750 Hoc
2392 711 2533 766 opus
2562 694 2642 749 sic
2660 694 2885 766 incipit:
2919 694 3018 748 Dic
3045 693 3205 755 mihi,
3236 707 3405 760 quaeso
3423 694 3481 751 te,
3511 696 3673 745 utrum

2136 786 2276 839 Deus
2314 801 2424 839 non
2448 787 2521 838 sit
2549 789 2743 838 auctor
2778 784 2938 837 mali.
2965 782 3047 838 De
3084 779 3287 835 Genesi
3313 778 3554 833 adversus
3574 778 3672 834 Ma-

2136 873 2378 928 nichaeos
2405 872 2502 928 lib.
2538 888 2597 927 11.
2644 874 2764 928 Hoc
2797 889 2938 945 opus
2976 871 3056 926 sic
3084 869 3281 941 incipit
3320 888 3332 923 :
3375 869 3433 925 Si
3457 870 3672 937 eligerent

2136 963 2427 1017 Manichaei
2463 978 2596 1031 quos
2623 963 2966 1030 decepissent.
2998 959 3081 1014 De
3130 956 3392 1029 magistro
3418 954 3507 1010 lib.
3530 972 3565 1011 1.
3590 955 3672 1010 llic

2136 1051 2279 1106 liber
2308 1051 2387 1105 sic
2410 1050 2609 1123 incipit
2640 1068 2653 1104 :
2683 1051 2827 1119 Quid
2872 1051 2973 1104 tibi
2995 1049 3251 1103 videmur
3274 1048 3471 1115 efﬁcere
3493 1047 3675 1099 cumla-

2138 1145 2292 1211 quim
2301 1158 2390 1195 ur.

2210 1231 2291 1286 De
2309 1246 2443 1285 vera
2459 1228 2729 1300 religione
2756 1226 2854 1282 lib.
2880 1245 2917 1283 1.
2949 1226 3052 1282 Hic
3069 1224 3211 1281 liber
3229 1224 3311 1279 sic
3336 1223 3516 1295 incipit
3536 1240 3547 1277 :
3564 1224 3673 1279 Cum

2138 1322 2318 1374 omnis
2338 1322 2460 1373 vitae
2489 1320 2635 1373 bona:
2679 1333 2745 1372 ac
2785 1318 2947 1371 beata
2980 1319 3154 1370 uiam.
3204 1314 3288 1369 De
3322 1313 3545 1368 utilitate
3577 1327 3676 1366 cre-

2137 1408 2307 1462 dendi
2341 1406 2484 1462 liber
2510 1424 2546 1462 1.
2580 1407 2682 1461 Hic
2708 1405 2851 1461 liber
2878 1405 2957 1461 sic
2984 1403 3180 1476 incipit
3212 1418 3225 1453 :
3254 1402 3318 1459 Si
3345 1403 3495 1464 mihi,
3530 1403 3676 1456 Hono-

2139 1503 2276 1558 rate,
2310 1513 2491 1551 unum
2518 1501 2680 1565 atque
2706 1496 2851 1549 idem
2878 1495 3097 1549 videtur
3123 1508 3249 1547 esse.
3273 1492 3354 1546 De
3371 1490 3566 1546 duabus
3586 1488 3678 1543 ani-

2138 1585 2337 1641 mabus
2364 1585 2507 1640 liber
2532 1600 2572 1640 1.
2608 1584 2710 1639 Hic
2732 1582 2877 1638 liber
2904 1583 2984 1638 sic
3010 1581 3212 1653 incipit
3237 1600 3251 1636 :
3284 1580 3574 1650 Opitulante
3604 1580 3679 1633 Dei

2139 1676 2541 1730 misericordia.
2567 1675 2709 1728 Acta
2735 1677 2934 1728 contra
2957 1672 3331 1727 Fortunatum
3359 1667 3678 1724 Manicheum

458 1760 601 1814 libro
636 1778 647 1812 :
687 1760 914 1813 Prabete
943 1764 1252 1826 silentium,
1284 1763 1508 1830 fratres.
1546 1763 1705 1817 Alter
1751 1780 1881 1818 vero
1914 1754 2277 1819 liberBliber
2301 1781 2338 1820 1.
2366 1763 2471 1817 Hic
2487 1762 2631 1817 liber
2657 1762 2736 1817 sic
2762 1760 2960 1832 incipit
2987 1778 3002 1817 :
3039 1762 3317 1828 Quoniam
3341 1760 3587 1826 scriptum
3601 1760 3676 1810 est.

458 1848 539 1903 sic
560 1848 758 1920 incipit
785 1847 1112 1918 :Superiori
1139 1852 1361 1919 quidem
1394 1853 1571 1906 libello
1592 1856 2050 1920 perstrinximus.

529 1938 574 1993 Γ
600 1938 796 1994 Sermo
837 1938 1078 2009 August.
1110 1940 1190 1994 De
1219 1956 1451 2012 corpore
1499 1946 1553 1996 et
1598 1941 1806 2008 anima,
1848 1947 1906 1997 et
1945 1942 2055 1997 mi-

456 2042 583 2082 sera
654 2027 792 2096 vita;
838 2032 897 2082 et
949 2028 1030 2083 sic
1086 2018 1322 2100 incipit!
1393 2031 1434 2086 0
1495 2034 1630 2095 vita,
1700 2048 1818 2102 qua
1875 2036 2054 2088 tantos

455 2117 600 2186 desp.
639 2157 652 2170 .
688 2159 702 2171 .
739 2157 752 2171 .
787 2157 801 2172 .
839 2158 852 2171 .
892 2157 903 2170 .
946 2117 1143 2173 Sermo
1172 2118 1351 2173 sancti
1380 2119 1613 2174 Joannis
1653 2121 2053 2176 Constantino-

455 2206 692 2278 politani
755 2207 836 2262 De
893 2208 1325 2278 compunctione
1384 2209 1601 2277 cordis;
1658 2214 1715 2264 et
1767 2210 1845 2264 sic
1906 2210 2053 2265 inci-

455 2296 557 2368 pit.
591 2341 604 2354 .
639 2336 651 2347 .
686 2336 699 2349 .
737 2340 751 2353 .
787 2336 799 2349 .
838 2338 850 2349 .
889 2340 901 2352 .
939 2337 951 2349 .
981 2296 1151 2351 Liber
1191 2297 1369 2352 sancti
1406 2298 1708 2369 Augustini
1753 2299 1825 2354 ad
1862 2299 2053 2355 Pauli-

454 2401 592 2441 num
621 2384 966 2456 episcopum,
996 2386 1077 2441 De
1105 2386 1485 2441 consolatione
1529 2392 1901 2443 mortuorum.
1948 2389 2054 2443 Hic

453 2473 600 2529 liber
622 2473 703 2527 sic
722 2472 920 2544 incipit
946 2490 960 2527 :
988 2474 1098 2527 Diu
1120 2477 1409 2529 sanctitati
1430 2481 1552 2539 tua,
1571 2477 1878 2531 venerande
1905 2478 2053 2531 Pau-

459 2564 590 2616 line.
647 2562 844 2616 Sermo
906 2561 1085 2616 sancti
1127 2562 1430 2633 Augustini
1480 2563 1555 2618 ad
1600 2564 1930 2634 Martinum,
1970 2566 2052 2620 De

457 2649 694 2705 muliere
731 2650 874 2705 forte
905 2650 1032 2721 (sic)
1066 2652 1198 2718 Quis
1246 2655 1483 2707 inveniet
1503 2672 1521 2718 ;
1572 2658 1630 2707 et
1675 2653 1758 2708 sic
1805 2653 2046 2726 incipit:

457 2742 743 2795 Praestabit
780 2740 934 2794 nobis
973 2742 1116 2809 quod
1161 2742 1304 2795 diem
1343 2744 1515 2796 istum
1555 2745 1622 2797 it.
1658 2782 1671 2796 .
1709 2782 1724 2799 .
1758 2784 1773 2799 .
1813 2784 1825 2799 .
1862 2785 1876 2800 .
1909 2745 2052 2799 Item

459 2845 645 2883 sermo
667 2827 845 2883 sancti
867 2828 1171 2900 Augustini
1200 2829 1260 2885 in
1290 2830 1643 2887 dedicatione
1674 2832 1965 2901 Ecclesiae;
2000 2838 2057 2888 et

2135 1853 2217 1907 De
2245 1852 2448 1907 Genesi
2478 1851 2549 1906 ad
2578 1851 2826 1906 litteram
2846 1848 2987 1904 liber
3011 1866 3053 1913 ι,
3074 1846 3448 1920 imperfectus.
3484 1844 3574 1899 llic
3594 1843 3683 1914 ἱεὶ-

2134 1946 2229 1996 tur
2255 1940 2336 1996 sic
2362 1941 2560 2013 incipit
2587 1959 2600 1995 :
2627 1942 2702 1996 De
2725 1941 2969 1995 obscuris
3010 1939 3370 1993 naturalium
3395 1950 3570 1990 rerum
3590 1948 3684 2003 qua

2135 2033 2499 2100 omnipotenti
2522 2031 2628 2085 Deo
2645 2032 2855 2097 artiﬁce
2895 2030 3046 2097 facta
3088 2029 3375 2089 sentimus,
3418 2040 3524 2080 non
3549 2023 3683 2091 afﬁr-

2134 2121 2339 2175 mando
2364 2120 2457 2174 sed
2482 2120 2772 2189 quaerendo
2802 2118 3160 2173 tractandum
3204 2120 3303 2170 est.
3352 2114 3430 2170 De
3469 2125 3686 2168 sermone

2133 2207 2359 2263 Domini
2387 2208 2448 2263 in
2474 2213 2666 2263 monte
2691 2206 2823 2262 libri
2849 2220 2911 2261 11.
2940 2206 3060 2261 Hoc
3085 2220 3228 2277 opus
3250 2203 3332 2259 sic
3356 2200 3686 2274 incipitzSer-

2134 2314 2352 2353 monem
2379 2313 2541 2366 quem
2570 2300 2783 2352 locutus
2807 2300 2886 2351 est
2909 2296 3199 2350 Dominus.

2205 2386 2481 2442 Psalmus.
2516 2431 2530 2446 .
2566 2426 2581 2442 .
2616 2429 2628 2442 .
2665 2426 2679 2440 .
2716 2425 2730 2441 .
2761 2426 2776 2441 .
2811 2424 2827 2440 .
2858 2389 3078 2457 partem
3135 2382 3342 2439 Donati
3384 2380 3478 2437 lib.
3522 2394 3556 2437 1.
3598 2380 3688 2435 Iste

2133 2477 2385 2548 psalmus
2415 2476 2496 2531 sic
2542 2475 2742 2548 incipit
2773 2493 2785 2529 :
2823 2474 3021 2531 Omnes
3061 2476 3164 2543 qui
3199 2473 3447 2542 gaudetis
3478 2471 3536 2524 de
3562 2484 3683 2539 pace,

2133 2567 2359 2621 modum
2382 2568 2775 2635 verijudicate,
2805 2564 2950 2633 quod
2973 2566 3025 2618 ei
3038 2563 3397 2633 hypopsalma
3412 2565 3498 2616 est.
3515 2560 3689 2615 Contra

2133 2655 2426 2728 epistolam
2448 2653 2654 2709 Donati
2691 2652 2941 2709 haeretici
2965 2651 3063 2707 lib.
3096 2665 3155 2706 11.
3184 2651 3292 2706 Hic
3321 2650 3459 2706 liber
3483 2649 3556 2704 sic
3571 2646 3687 2702 inci-

2139 2745 2246 2817 pit:
2262 2743 2371 2800 Abs
2400 2749 2447 2798 te
2477 2746 2593 2813 ipso
2614 2748 2880 2811 praesente
2896 2740 3430 2798 audieram.Gontra
3459 2736 3689 2792 Adiman-

2137 2839 2259 2888 tum
2275 2832 2571 2888 Manichzei
2589 2831 2925 2903 discipulum
2948 2829 3044 2885 lib.
3065 2844 3105 2885 1.
3122 2828 3230 2884 Hic
3252 2828 3396 2883 liber
3407 2826 3482 2881 sic
3492 2824 3686 2897 incipit:

459 2917 539 2972 sic
564 2917 765 2989 incipit
796 2935 807 2971 :
855 2919 1147 2974 Celebritas
1197 2920 1366 2989 hujus
1415 2925 1874 2990 congregationis.
1912 2922 2054 2977 Item
2136 2923 2210 2977 De
2239 2939 2297 2976 eo
2324 2922 2469 2991 quod
2487 2923 2758 2990 scriptum
2786 2925 2882 2975 est.
2920 2922 2989 2976 In
3009 2921 3297 2988 principio
3323 2920 3460 2973 Deus
3485 2917 3598 2985 fecit
3617 2928 3693 2967 εω-

458 3006 601 3061 ulius
630 3006 701 3061 de
730 3006 927 3061 eadem
970 3023 1052 3075 re,
1097 3013 1155 3062 et
1200 3009 1281 3063 sic
1325 3009 1521 3082 incipit
1566 3024 1577 3057 ε
1616 3012 1891 3066 Admoneo
1940 3028 2050 3075 vos,
2082 3077 2113 3082 _
2139 3014 2258 3065 lum
2275 3016 2325 3065 et
2355 3015 2583 3065 terram.
2618 3010 2696 3064 Ex
2726 3008 2975 3080 Epistola
3002 3007 3379 3080 quarumdam
3405 3001 3693 3078 propositi"-

457 3097 662 3163 frat-res
688 3098 1054 3150 dilectissimi.
1081 3096 1328 3153 Libellus
1355 3077 1708 3170 De—quatuor
1733 3099 2052 3167 virtutibus,
2072 3077 2116 3137 ο
2138 3116 2296 3153 num.
2327 3099 2405 3154 Ex
2437 3098 2688 3170 Epistola
2715 3077 2877 3153 Pauli
2896 3096 2967 3152 ad
2988 3077 3276 3152 Romanos
3291 3095 3388 3151 lib.
3410 3077 3450 3151 1.
3475 3090 3561 3148 Hic
3574 3088 3692 3146 liber

457 3185 778 3256 prudentia,
810 3184 1159 3252 fortitudine,
1200 3188 1593 3259 temperantia,
1627 3194 1685 3243 et
1707 3188 1951 3260 justitia,
2000 3193 2058 3244 et
2138 3188 2219 3242 sic
2246 3186 2447 3259 incipit
2477 3203 2490 3238 :
2518 3187 2723 3244 Sensus
2747 3188 2809 3242 hi
2834 3193 2967 3242 sunt
2996 3189 3061 3241 in
3080 3188 3331 3256 Epistola
3352 3187 3425 3241 ad
3463 3187 3691 3241 Romanos

456 3273 813 3345 particularis
840 3273 1084 3328 formula
1110 3274 1360 3331 honestae
1390 3276 1515 3332 vitze
1544 3276 1698 3331 edita
1718 3278 1845 3349 (sic)
1868 3294 1903 3333 a
1922 3293 2057 3349 quo-
2135 3278 2304 3331 Pauli
2328 3279 2576 3345 apostoli.
2600 3275 2885 3348 Expositio
2916 3275 3178 3347 Epistole
3212 3276 3288 3330 ad
3310 3274 3529 3330 Galatas
3553 3270 3635 3326 lib.
3660 3284 3690 3323 1.

459 3363 589 3417 dam
628 3361 904 3435 Martyrio
937 3363 1198 3435 episcopo
1236 3365 1307 3419 ad
1355 3365 1618 3420 Mitonem
1664 3366 1791 3438 (sic)
1839 3383 2051 3438 regem.
2138 3365 2241 3420 Hic
2287 3364 2430 3420 liber
2468 3364 2549 3420 sic
2587 3364 2827 3436 incipit:
2863 3366 3041 3421 Causa
3073 3371 3305 3433 propter
3342 3379 3505 3432 quam
3535 3360 3693 3415 scribit

459 3451 562 3506 Hic
591 3450 735 3506 liber
763 3451 843 3505 sic
872 3451 1067 3522 incipit
1096 3471 1109 3505 :
1143 3454 1544 3508 Gloriosissimo
1590 3471 1657 3508 ac
1698 3458 2054 3524 t'ranquittis-
2134 3456 2419 3523 Apostolus
2436 3456 2510 3509 ad
2531 3454 2771 3521 Galatas,
2804 3454 2913 3508 haec
2931 3458 3027 3507 est.
3059 3452 3330 3525 Epistolas
3349 3452 3419 3507 ad
3448 3452 3693 3507 Romanos

457 3543 615 3595 simo.
644 3540 893 3611 Epistola
924 3540 1146 3594 Paulini
1175 3547 1230 3595 et
1250 3542 1531 3597 Therasiae
1555 3543 1626 3597 ad
1650 3544 2049 3614 Augustinum,

459 3645 581 3700 quae
607 3628 689 3683 sic
724 3627 917 3698 incipit
950 3646 961 3682 :
990 3630 1223 3684 Domino
1250 3631 1426 3697 fratri
1456 3634 1729 3686 unanimo
1758 3638 1806 3686 et
1836 3649 2059 3688 venera-

459 3717 560 3770 bili
580 3718 720 3785 Aug.
756 3717 896 3771 Item
917 3718 1084 3786 epist.
1109 3718 1165 3771 S.
1191 3719 1493 3788 Augustini
1513 3720 1585 3774 ad
1604 3720 1903 3775 Paulinum
1933 3737 2056 3793 quae

459 3804 541 3859 sic
567 3804 801 3876 incipit:
830 3807 1065 3861 Domino
1106 3823 1227 3862 vere
1258 3813 1445 3862 sancto
1484 3814 1533 3862 et
1562 3812 1881 3865 venerabili.
1924 3810 2056 3882 Epi-

458 3894 603 3949 stola
648 3895 886 3965 August.
920 3894 991 3949 ad
1020 3896 1352 3967 Maximum,
1401 3914 1524 3969 quae
1557 3898 1637 3953 sic
1675 3897 1873 3970 incipit
1904 3917 1915 3954 :
1948 3901 2056 3954 Do-

2136 3542 2399 3597 inchoata
2428 3541 2702 3613 expositio
2721 3540 2866 3597 liber
2898 3556 2939 3596 1.
2973 3541 3078 3597 Hic
3104 3540 3253 3596 liber
3280 3541 3364 3596 sic
3400 3539 3615 3611 incipit:
3640 3536 3694 3590 In

2135 3633 2377 3700 Epistola
2391 3648 2561 3701 quam
2578 3633 2789 3687 Paulus
2799 3633 3072 3701 apostolus
3099 3633 3326 3700 scripsit
3352 3631 3425 3684 ad
3447 3631 3691 3685 Romanos.

2136 3721 2217 3775 De
2236 3720 2469 3775 diversis
2496 3719 2896 3792 questionibus
2919 3719 3204 3791 octoginta
3256 3719 3439 3775 tribus
3454 3716 3543 3773 lib.
3561 3729 3594 3770 1.
3614 3713 3695 3770 Hic

2136 3809 2282 3864 liber
2292 3809 2373 3864 sic
2393 3809 2596 3880 incipit
2620 3829 2631 3864 :
2654 3810 2851 3865 Utrum
2871 3812 3068 3864 anima
3087 3824 3123 3863 a
3141 3826 3193 3863 se
3220 3812 3345 3878 ipsa
3366 3811 3457 3863 sit.
3477 3807 3620 3871 Item,
3634 3803 3694 3858 De

2137 3898 2429 3954 mendacio
2458 3898 2683 3970 scripsit
2716 3898 2922 3954 librum
2953 3914 3152 3955 unum.
3182 3898 3294 3953 Hic
3318 3897 3459 3953 liber
3483 3896 3559 3951 sic
3580 3891 3694 3949 inci-

456 3986 610 4038 mino
635 3985 988 4039 dilectissimo
1016 3990 1065 4039 et
1095 3986 1411 4041 honorabili
1425 3988 1604 4055 fratri
1624 3990 1930 4043 Maximino
1946 3989 2058 4043 Au-
2137 3989 2224 4061 pit
2255 4007 2268 4042 :
2299 3990 2503 4057 Magna
2531 3990 2753 4058 quastio
2782 3993 2856 4042 est
2885 3989 2949 4041 de
2968 3988 3276 4043 mendacio.
3298 3988 3502 4043 Contra
3527 3982 3694 4056 episto-

455 4075 734 4142 gustinus.
778 4072 1035 4144 Gregorii
1067 4090 1223 4145 papae
1266 4074 1505 4145 epistola
1543 4075 1860 4131 Secundino
1897 4093 2056 4132 servo
2136 4079 2251 4132 lam
2281 4076 2590 4144 Manichaei,
2625 4093 2795 4148 quam
2820 4080 3021 4132 vocant
3061 4075 3492 4132 fundamentum
3517 4072 3689 4129 liberi.

456 4162 559 4217 Dei
590 4162 824 4228 incluso,
843 4178 965 4233 quae
985 4162 1063 4217 sic
1091 4163 1319 4234 incipit:
1344 4165 1665 4219 Dilectionis
1695 4171 1799 4219 tua:
1821 4168 2054 4223 litteras.
2137 4167 2241 4223 Hic
2282 4166 2425 4222 liber
2469 4167 2548 4221 sic
2583 4166 2783 4239 incipit
2822 4184 2834 4219 :
2872 4167 3054 4222 Unum
3112 4167 3346 4222 Verbum
3399 4167 3580 4221 Deum.
3625 4160 3692 4216 De

459 4251 707 4323 Epistola
747 4252 927 4307 sancti
975 4251 1179 4306 Isidori
1212 4252 1456 4325 episcopi
1499 4253 1566 4307 ad
1611 4254 1922 4309 Mastonem
1949 4252 2052 4327 [al.
2136 4274 2316 4329 agone
2345 4256 2667 4313 Christiano
2692 4256 2836 4311 liber
2862 4273 2899 4311 1.
2932 4255 3036 4311 Hic
3072 4254 3218 4311 liber
3253 4257 3335 4312 sic
3360 4253 3547 4327 incipit
3575 4269 3586 4304 :
3613 4250 3693 4307 00-

455 4341 791 4406 Massonem,
822 4342 1166 4407 Massanum,
1212 4343 1557 4414 Massenum]
1599 4344 1940 4415 episcopum,
1972 4344 2278 4416 Denrona
2312 4350 2571 4411 victoriae.
2602 4344 2968 4416 Dezdoctrina
3005 4344 3332 4401 Christiana
3365 4344 3461 4401 lib.
3498 4358 3566 4398 ιν.
3599 4339 3697 4394 Hoc

455 4431 747 4486 sacerdote
778 4396 939 4503 lapso
980 4448 1082 4503 per
1125 4396 1515 4504 paenitentiam
1538 4396 1721 4504 Jpo‘sse
1759 4396 2118 4515 resurgere!)
2139 4452 2279 4507 opus
2307 4402 2388 4489 sic
2413 4432 2612 4506 incipit
2655 4396 2855 4490 :.Sunt
2895 4438 3164 4503 praecepta
3209 4433 3481 4504 quadam.
3517 4430 3695 4486 Contra

454 4517 517 4573 in
544 4518 858 4590 gratiarum
902 4516 1114 4574 statum
1161 4521 1490 4592 pristinum;
1533 4523 1651 4577 hac
1696 4524 1780 4578 ita
1815 4524 2013 4595 incipit
2042 4544 2054 4580 :
2138 4529 2359 4597 partem
2386 4522 2593 4579 Donati
2640 4521 2770 4577 libri
2798 4536 2862 4576 11.
2891 4522 3009 4576 Hoc
3037 4538 3178 4594 opus
3202 4523 3287 4577 sic
3314 4520 3506 4593 incipit
3534 4534 3550 4569 ί
3575 4518 3695 4585 Quo-

465 4609 715 4663 Veniente
742 4611 816 4662 ad
844 4624 941 4663 nos
961 4612 1178 4678 famulo
1205 4616 1398 4667 vestro.
1429 4611 1600 4667 Liber
1622 4613 2057 4670 Retractationis
2140 4617 2304 4670 nium
2322 4616 2634 4686 [Donatista
2660 4614 2832 4667 nobis.
2866 4611 3296 4668 Confessionum
3325 4611 3421 4667 lib.
3451 4622 3567 4666 x111.
3600 4605 3698 4661 Hoc

455 4695 731 4752 librorum
759 4697 909 4768 Aug.
941 4697 1001 4752 in
1024 4698 1225 4769 quibus
1242 4700 1338 4771 qui
1366 4700 1496 4755 libri
1525 4705 1582 4755 et
1611 4702 1858 4772 epistolae
1883 4703 2058 4758 conti-
2139 4720 2279 4775 opus
2306 4702 2387 4757 sic
2414 4701 2614 4774 incipit
2641 4716 2651 4750 :
2679 4704 2914 4770 Magnus
2943 4718 3014 4765 es,
3048 4703 3297 4756 Domine.
3337 4700 3538 4756 Contra
3570 4696 3695 4751 Fau-

457 4790 704 4840 neantur
732 4784 881 4839 infra
912 4785 1238 4843 scribemus.
1273 4788 1483 4844 Contra
1519 4790 1886 4847 Academicos
1905 4797 1963 4847 et
1980 4792 2050 4847 de
2131 4797 2285 4848 stum
2304 4791 2678 4848 Manichaum
2705 4790 2837 4847 libri
2858 4804 3046 4846 χχχιιι.
3077 4791 3196 4845 Hoc
3224 4805 3368 4862 opus
3387 4788 3466 4844 sic
3486 4783 3693 4857 incipit;

456 4873 806 4929 Academicis
834 4874 1078 4946 primum
1117 4876 1314 4948 scripsi
1342 4876 1534 4933 libros.
1558 4879 1677 4934 Hoc
1703 4885 1894 4936 autem
1912 4897 2053 4952 opus
2134 4884 2366 4936 Faustus
2390 4882 2621 4950 quidam
2645 4883 2779 4950 fuit.
2810 4881 3021 4936 Contra
3064 4879 3314 4935 Felicem
3356 4875 3692 4934 Manicheum

459 4963 539 5020 sic
595 4961 796 5035 incipit
846 4982 859 5017 :
910 4964 952 5019 0
1005 4967 1246 5032 utinam,
1305 4968 1562 5030 Romane,
1621 4969 1900 5025 hominem
1948 4971 2056 5025 sibi
2135 4969 2265 5025 libri
2306 4984 2363 5027 11.
2402 4971 2522 5026 Hoc
2550 4987 2691 5042 opus
2732 4970 2814 5026 sic
2856 4969 3055 5042 incipit
3091 4986 3103 5022 :
3157 4968 3304 5037 Opus
3353 4971 3592 5022 nostrum
3631 4963 3699 5015 ita

458 5056 652 5120 aptum
678 5057 697 5106 1
724 5051 805 5106 De
833 5050 1000 5107 beata
1030 5052 1144 5108 vita
1170 5052 1314 5110 liber
1338 5063 1505 5111 unus.
1538 5057 1643 5113 Hic
1669 5058 1814 5114 liber
1849 5059 1929 5115 sic
1964 5060 2055 5116 in-

457 5141 594 5214 cipit
634 5160 647 5196 :
677 5141 745 5199 Si
770 5144 844 5196 ad
864 5143 1220 5213 philosophias
1245 5150 1494 5213 portum.
1526 5147 1607 5202 De
1633 5148 1829 5204 ordine
1859 5148 1958 5205 lib.
1987 5164 2051 5206 II.

458 5231 579 5286 Hoc
607 5248 747 5302 opus
787 5231 868 5286 sic
906 5231 1106 5303 incipit
1136 5250 1148 5286 :
1177 5234 1251 5287 De
1281 5235 1473 5288 ordine
1500 5251 1697 5290 rerum
1724 5239 1943 5293 Zenobi.
1975 5238 2057 5293 De

458 5320 769 5392 soliloquiis
788 5320 885 5387 lib,
909 5334 968 5376 11.
1002 5320 1120 5375 Hoc
1148 5337 1287 5393 opus
1315 5322 1393 5377 sic
1415 5324 1796 5395 incipit:Vol.
1834 5367 1847 5380 .
1886 5366 1899 5380 .
1935 5368 1950 5383 .
1987 5367 1999 5381 .
2039 5368 2052 5382 .

456 5410 538 5464 De
562 5409 989 5465 immortalitate
1018 5410 1161 5465 liber
1191 5427 1229 5467 1.
1261 5410 1370 5466 Hic
1396 5411 1540 5467 liber
1583 5413 1663 5467 sic
1709 5414 1906 5486 incipit
1942 5429 1954 5464 :
1993 5416 2057 5472 Si

455 5500 666 5555 alicubi
693 5505 769 5553 est
798 5502 1113 5569 disciplina.
1138 5501 1219 5555 De
1239 5500 1488 5557 moribus
1518 5502 1776 5558 Ecclesia;
1818 5504 2056 5559 catholi-

457 5604 556 5658 cae,
590 5592 652 5649 et
668 5588 752 5644 De
779 5587 1032 5647 moribus
1057 5588 1499 5666 Manichmorum
1524 5591 1654 5650 libri
1681 5607 1745 5650 II.
1775 5592 1896 5651 Hoc
1915 5610 2057 5669 opus

2134 5062 2405 5130 scriptum
2425 5064 2520 5115 est.
2547 5059 2956 5115 Annotationes
2972 5058 3031 5114 in
3050 5059 3079 5114 J
3083 5056 3154 5113 ob
3168 5055 3268 5114 lib.
3290 5071 3332 5112 1.
3360 5056 3462 5111 Hic
3485 5053 3615 5109 liber
3633 5049 3699 5105 sic

2134 5148 2337 5220 incipit
2367 5166 2378 5202 :
2412 5149 2586 5219 Opera
2613 5165 2821 5218 magna
2848 5152 3031 5203 erant.
3063 5147 3140 5203 De
3167 5141 3601 5202 cathechizandis
3617 5155 3699 5194 ru-

2137 5236 2301 5293 dibus
2326 5236 2422 5292 lib.
2462 5251 2502 5306 1,
2527 5238 2633 5293 Hic
2656 5237 2803 5293 liber
2837 5237 2918 5292 sic
2944 5236 3159 5309 incipit.
3198 5277 3213 5290 .
3251 5277 3265 5291 .
3302 5275 3315 5288 .
3349 5274 3363 5289 .
3398 5274 3413 5288 .
3438 5234 3516 5289 De
3539 5227 3700 5287 Trini-

2138 5331 2255 5383 tate
2284 5326 2383 5381 lib.
2414 5341 2503 5382 xv.
2539 5328 2659 5383 Hoc
2681 5343 2822 5400 opus
2853 5331 3084 5398 excepta
3128 5324 3388 5398 epistola,
3416 5337 3533 5393 quae
3565 5320 3700 5391 post-

2138 5417 2368 5472 modum
2411 5416 2483 5471 ad
2523 5417 2645 5488 ejus
2686 5421 2856 5489 caput
2910 5415 3176 5487 adjuncta
3221 5420 3328 5477 est,
3362 5411 3442 5467 sic
3482 5406 3694 5479 incipit:

2137 5508 2384 5562 Lecturis
2404 5507 2513 5561 hac
2541 5524 2660 5576 qua
2705 5507 2769 5560 de
2820 5507 3109 5561 Trinitate.
3151 5503 3235 5561 De
3272 5515 3537 5560 consensu
3557 5508 3699 5552 evan-

2135 5595 2469 5669 gelistarum
2513 5594 2645 5677 libri
2691 5609 2777 5660 1v.
2826 5594 2948 5654 Hoc
2990 5610 3132 5678 opus
3157 5593 3244 5678 sic
3275 5591 3472 5667 incipit
3498 5607 3511 5646 :
3537 5584 3697 5646 Multa
