3972 6172
1450 326 1675 383 EPIST.
1717 330 1814 384 AD
1856 331 2293 390 STEPHANUM

224 443 452 546 quidem
497 446 643 497 alias
698 446 956 499 adversus
1011 449 1339 501 Donatislas.
1401 449 1482 504 De
1540 450 1887 522 baptismoA
1900 453 2287 527 presbyterum
2324 464 2519 514 contra
2560 463 3015 522 Priscillianistas
3044 476 3102 525 et
3129 471 3496 546 Origenistas,

220 528 355 584 libri
394 531 651 587 v11..Hoc
688 549 828 604 opus
866 534 946 588 sic
972 534 1171 607 incipit
1200 549 1211 582 ε
1245 538 1312 591 In
1342 540 1417 591 eis
1448 540 1540 592 lib.
1573 556 1705 608 quos
1729 543 1825 595 ad-

220 635 412 673 versus
450 623 739 688 epistolam
768 622 1160 678 Parmeniani.
1195 626 1403 679 Contra
1441 629 1589 697 quod
1633 629 1823 683 attulit

220 708 527 763 Centurius
548 725 580 763 a
602 710 908 765 Donatistis
924 712 1052 766 libri
1077 727 1160 766 ιιι.
1187 715 1304 768 Hoc
1333 732 1471 785 opus
1492 716 1569 770 sic
1589 717 1814 788 incipit:

218 798 372 851 Dicis
408 814 466 851 eo
494 800 638 867 quod
673 803 942 868 scriptum
972 807 1046 855 est
1076 804 1139 855 in
1168 804 1457 858 Salomone
1490 824 1506 858 :
1551 808 1629 859 Ab
1672 822 1819 876 aqua

216 888 411 939 aliena
439 888 650 940 abstine
681 892 749 941 te.
772 888 858 943 Ad
887 889 1279 959 inquisitiones
1306 893 1559 947 Januarii
1590 893 1718 948 libri
1751 910 1815 950 ιι.

216 973 339 1027 Hoc
380 991 520 1045 opus
547 975 628 1029 sic
654 975 846 1047 incipit
882 997 893 1031 :
929 981 1012 1033 Ad
1057 997 1119 1033 ea
1166 997 1285 1047 quae
1322 998 1405 1035 me
1436 985 1815 1050 interrogasti.

212 1062 297 1116 De
323 1079 492 1133 opere
522 1066 923 1120 monachorum
954 1067 1047 1120 lib.
1084 1082 1124 1121 ι.
1160 1069 1262 1123 llic
1291 1068 1432 1124 liber
1460 1070 1538 1125 sic
1570 1069 1768 1142 incipit
1801 1092 1812 1125 :

210 1152 469 1204 Jussioni
497 1157 602 1207 tum
629 1160 845 1215 sanctae,
876 1157 1057 1222 frater
1084 1158 1296 1211 Aureli.
1330 1158 1411 1212 De
1443 1159 1586 1214 bono
1619 1162 1816 1231 conju-

209 1239 331 1309 εειΙί
362 1238 505 1294 liber
530 1254 570 1294 ι.
604 1242 721 1295 Hoc
762 1259 902 1314 opus
934 1243 1014 1297 sic
1059 1244 1294 1316 incipit:
1331 1248 1605 1314 Quoniam
1637 1266 1815 1303 unus-

211 1331 447 1397 quisque
471 1331 629 1384 Iiomo
651 1332 896 1385 humano
913 1337 1105 1400 generi
1120 1350 1230 1402 par
1250 1341 1343 1389 est.
1376 1337 1456 1390 De
1480 1343 1674 1392 sancta
1693 1338 1815 1391 Vir-

208 1415 474 1485 ginitate,
496 1418 590 1472 lib.
626 1436 660 1473 ι.
688 1420 803 1474 Hoc
828 1437 968 1492 opus
994 1422 1073 1475 sic
1105 1422 1338 1494 incipit:
1369 1426 1441 1478 De
1463 1427 1599 1481 bono
1625 1430 1813 1494 coniu-

207 1509 331 1569 gali
364 1522 541 1575 nuper
568 1509 841 1562 edidimus
868 1512 1097 1563 librum.
1122 1512 1204 1565 De
1229 1512 1434 1567 Genesi
1460 1514 1529 1568 ad
1561 1514 1809 1569 litteram

207 1592 342 1648 libri
370 1609 466 1648 xu.
500 1596 617 1650 Hoc
641 1613 779 1667 opus
807 1598 888 1652 sic
915 1598 1113 1669 incipit
1143 1619 1155 1653 :
1195 1601 1387 1655 Omnis
1412 1604 1606 1656 divina
1625 1603 1809 1672 Scrip-

1904 541 2049 597 liber
2075 561 2112 597 1.
2146 544 2250 599 Hic
2297 545 2439 601 liber
2474 549 2555 603 sic
2597 550 2835 623 incipit:
2876 556 3166 626 Respondit
3207 541 3493 630 quaerenti,

1903 634 2253 687 dilectissime
2265 638 2367 701 ﬁli.
2385 636 2566 691 Orosii
2582 640 2651 692 ad
2664 641 3068 714 Hieronymum
3082 650 3495 722 presbyterum,

1902 720 2028 774 libri
2058 734 2129 783 II;
2163 737 2309 775 unus
2338 723 2407 777 de
2438 724 2669 796 Origine
2707 730 2928 791 animae.
2971 739 3029 787 et
3055 734 3200 790 alius
3241 720 3321 793 De
3368 720 3497 796 seni-

1900 808 2081 863 tentia
2117 809 2327 863 Jacobi.
2355 812 2470 866 Hoc
2499 831 2637 885 opus
2663 817 2742 870 sic
2768 818 2964 890 incipit
2996 840 3006 874 :
3040 824 3213 878 Deum
3243 833 3497 883 nostrum

1903 901 2002 966 qui
2030 914 2126 950 nos
2157 902 2482 955 vocarit.Ad
2505 903 2812 960 Emeritum
2835 909 3152 981 episcopum
3179 914 3497 969 Donatista-

1901 1002 2025 1040 rum
2058 991 2185 1056 post
2211 988 2588 1061 collationem,
2620 993 2819 1050 liberi.
2850 998 2951 1051 Hic
2980 999 3121 1053 liber
3147 1001 3228 1055 sic
3252 1002 3451 1075 incipit
3477 1022 3489 1057 :

1899 1074 1966 1128 Si
1991 1090 2162 1139 nunc,
2184 1078 2272 1143 ﬁli
2293 1077 2553 1133 Emerite.
2582 1081 2663 1135 De
2689 1084 2866 1152 gestis
2893 1086 3177 1157 Pelagian.
3208 1074 3496 1148 liber.Hic

1899 1159 2042 1215 liber
2083 1162 2163 1215 sic
2200 1162 2398 1235 incipit
2429 1184 2442 1218 :
2483 1169 2667 1222 Postea
2699 1188 2865 1238 quam
2904 1176 2967 1227 in
3004 1191 3206 1230 manus
3253 1184 3493 1235 nostras.

1897 1248 1979 1303 De
2008 1251 2353 1306 correctione
2382 1254 2826 1324 Donatistarum,
2859 1260 3005 1314 liber
3030 1276 3069 1316 ι.
3118 1264 3221 1318 Hic
3248 1266 3389 1321 liber
3415 1268 3494 1322 sic

1898 1337 2095 1408 incipit
2120 1356 2132 1391 :
2165 1341 2369 1405 Laudo,
2397 1347 2447 1395 et
2470 1348 2728 1410 gratulor
2755 1353 2804 1400 et
2834 1352 3106 1404 admiror.
3139 1352 3219 1407 De
3247 1371 3492 1425 praesen-

1893 1426 1975 1479 tia
2002 1425 2123 1491 Dei,
2147 1427 2217 1481 ad
2247 1429 2592 1497 Dardanum,
2618 1432 2760 1487 liber
2787 1449 2823 1488 ι.
2852 1436 2954 1491 Hic
2982 1437 3125 1494 liber
3150 1441 3228 1495 sic
3256 1442 3453 1515 incipit
3476 1463 3488 1498 :

1897 1515 2105 1579 Frater,
2131 1518 2312 1582 frater
2338 1519 2686 1575 dilectissime
2710 1525 2988 1579 Dardane.

1962 1602 2171 1656 Contra
2186 1604 2476 1675 Pelagium
2505 1612 2562 1661 et
2587 1608 2929 1675 Coelestium,
2955 1614 3036 1669 De
3054 1617 3240 1686 gratia
3260 1619 3488 1689 Christi,

208 1687 365 1737 tura.
390 1684 599 1738 Contra
626 1685 842 1740 litteras
870 1687 1128 1742 Petiliani
1168 1689 1295 1743 libri
1325 1704 1408 1744 ιιι.
1434 1691 1550 1745 Hoc
1579 1708 1719 1762 opus
1748 1692 1866 1769 in_
1890 1693 1948 1741 et
1976 1689 2057 1742 De
2087 1696 2311 1760 peccato
2350 1693 2609 1763 originali
2656 1697 2727 1750 ad
2778 1684 3079 1769 Albinum;
3097 1704 3393 1762 Pinianum
3434 1684 3493 1763 ei

204 1769 355 1825 libro
385 1786 405 1825 ι
433 1772 515 1826 sic
552 1773 749 1845 incipit
776 1792 789 1827 :
832 1776 1013 1829 Nostis
1046 1793 1141 1831 nos
1184 1782 1534 1846 praealuisse
1556 1797 1571 1841 ;
1609 1761 1667 1834 in
1710 1761 1871 1836 se-B
1890 1776 2211 1844 Melaniam,
2234 1778 2331 1832 lib.
2359 1793 2419 1833 ιι.
2441 1761 2563 1836 lloc
2582 1798 2722 1854 opus
2748 1785 2826 1839 sic
2855 1761 3086 1859 incipit]:
3123 1793 3405 1859 Quantum

204 1860 395 1915 cundo
435 1867 627 1917 autem
659 1864 742 1917 sic
772 1863 971 1935 incipit
1004 1883 1015 1918 :
1056 1868 1267 1921 Primis
1288 1871 1545 1936 partibus
1574 1871 1808 1936 epistola:

203 1951 507 2017 Petiliani;
539 1953 597 2007 in
628 1953 795 2008 tertio
826 1959 1015 2009 autem
1043 1955 1153 2009 sic:
1184 1958 1331 2023 Lege,
1358 1959 1643 2022 Petiliane,
1669 1961 1808 2012 litte-

204 2054 299 2093 ras
331 2046 480 2095 tuas.
519 2043 604 2096 Ad
633 2043 994 2098 Cresconium
1022 2046 1455 2115 grammaticum
1486 2047 1662 2117 partis
1692 2047 1805 2101 Do-

200 2128 323 2182 nati
353 2128 487 2183 libri
516 2145 587 2184 ιν.
625 2132 744 2186 Hoc
772 2149 913 2204 opus
940 2132 1020 2187 sic
1049 2133 1250 2204 incipit
1280 2152 1295 2189 :
1326 2135 1599 2201 Quoniam
1626 2137 1700 2189 ad
1733 2140 1804 2202 te,

202 2219 485 2287 Cresconi,
517 2237 637 2274 mea
672 2225 879 2291 scripta
905 2224 1193 2290 pervenire
1226 2228 1462 2291 possent.
1511 2222 1805 2277 Probatio-

200 2323 342 2360 num
389 2311 445 2361 et
490 2308 939 2363 testimoniorum
989 2316 1185 2364 contra
1231 2311 1554 2364 Donatistas
1585 2310 1796 2368 liberI.

200 2395 306 2448 Hic
340 2395 489 2450 liber
514 2396 595 2450 sic
613 2397 838 2469 incipit:
863 2400 1137 2465 Quoniam
1161 2402 1363 2453 timetis
1386 2402 1692 2453 consentire
1712 2401 1806 2453 Ec-

200 2486 377 2538 clesia
405 2486 700 2543 catholica.
726 2487 937 2541 Contra
965 2487 1151 2541 nescio
1181 2504 1347 2558 quem
1375 2486 1803 2541 Donatistarum

197 2571 348 2627 liber
377 2590 417 2628 1.
444 2573 547 2628 llic
574 2574 718 2629 liber
746 2575 825 2629 sic
853 2576 1051 2646 incipit
1075 2593 1087 2628 :
1121 2577 1470 2630 Probationes
1498 2591 1690 2629 rerum
1717 2592 1805 2630 ne-

201 2665 580 2717 cessariarum
600 2664 837 2732 quodam
860 2667 1135 2719 breviario
1162 2667 1407 2717 collectas
1425 2667 1799 2732 permisimus.

277 2750 363 2804 Ad
374 2751 609 2805 monitio
630 2752 1050 2807 Donatistarum
1074 2752 1144 2806 de
1163 2752 1592 2806 Maximianistis
1620 2752 1716 2805 lib.
1741 2767 1797 2806 ll.

205 2839 314 2893 Hic
332 2839 481 2894 liber
499 2839 577 2893 sic
598 2840 824 2911 incipit:
845 2843 1167 2910 Quicunque
1190 2843 1491 2894 calumniis
1513 2841 1806 2894 hominum

1889 1868 2069 1917 vestra
2100 1869 2149 1917 et
2176 1870 2470 1934 corporali,
2496 1874 2547 1923 et
2576 1874 2817 1926 maxime
2836 1878 3130 1941 spirituali
3152 1883 3331 1935 salute
3351 1899 3489 1951 gau-

1888 1952 2133 2005 deamus.
2167 1952 2339 2008 Gesta
2367 1971 2492 2010 cum
2527 1958 2773 2014 Emerito
2804 1962 3116 2032 Donatista,
3144 1967 3287 2023 liber
3318 1985 3357 2024 ι.
3387 1972 3491 2027 Hic

1888 2038 2033 2093 liber
2059 2040 2138 2095 sic
2161 2041 2357 2113 incipit
2382 2063 2393 2097 :
2421 2045 2826 2103 Gloriosissimo
2848 2052 3351 2125 IIonorioAugusto
3370 2062 3484 2123 XII,

1887 2132 1936 2179 et
1990 2128 2331 2185 Constantio.
2365 2133 2576 2188 Contra
2626 2152 2945 2193 sermonem
2992 2141 3352 2200 Arianorum.
3387 2148 3491 2202 Hic

1889 2214 2032 2269 liber
2060 2216 2139 2271 sic
2158 2217 2388 2290 incipit:
2422 2222 2629 2277 Eorum
2651 2228 2980 2291 praecedenti
2997 2231 3367 2298 disputationi
3388 2236 3490 2290 hac

1888 2306 2262 2372 disputatione
2278 2311 2589 2377 respondeo.
2615 2312 2686 2366 De
2703 2315 2917 2384 nuptiis
2939 2322 2996 2370 et
3015 2321 3489 2392 concupiscentia,

1887 2391 1959 2445 ad
2004 2393 2309 2461 Valerium,
2341 2396 2470 2451 libri
2501 2412 2563 2451 ιι.
2606 2400 2831 2456 Primus
2855 2404 2934 2458 sic
2964 2405 3161 2478 incipit
3192 2391 3209 2458 :
3240 2412 3493 2468 llzretici

1888 2482 2033 2543 novi,
2088 2483 2440 2539 dilectissime
2468 2488 2555 2553 ﬁli
2594 2489 2792 2543 Valeri.
2824 2493 3111 2549 Secundus
3134 2513 3265 2553 vero
3294 2500 3372 2555 sic
3400 2502 3490 2556 in-

1885 2567 2019 2638 cipit
2046 2587 2057 2620 :
2090 2571 2237 2625 Sunt
2269 2576 2488 2627 militia:
2517 2580 2623 2629 tum
2650 2594 2788 2632 cura
2832 2580 3201 2639 Locutionum
3232 2588 3361 2643 libri
3390 2604 3485 2645 vn.

1886 2657 2005 2710 Hoc
2034 2674 2174 2729 opus
2202 2659 2282 2713 sic
2311 2660 2548 2740 incipit:
2584 2664 2722 2719 Cum
2761 2668 3081 2737 Scripturas
3110 2681 3324 2730 sanctas
3350 2694 3489 2745 quas

1886 2749 2164 2812 appellant
2182 2754 2495 2804 canonicas.
2520 2751 2599 2805 De
2619 2753 2809 2807 anima
2829 2763 2885 2809 et
2901 2758 3022 2827 ejus
3043 2761 3259 2832 origine
3277 2764 3405 2819 libri
3425 2784 3485 2821 ιι.

1892 2832 2008 2886 Hoc
2050 2851 2189 2905 opus
2225 2836 2304 2890 sic
2354 2837 2568 2910 incipit,
2600 2840 2654 2894 id
2706 2849 2811 2902 est.
2860 2845 3001 2899 liber
3039 2848 3108 2901 ad
3158 2848 3484 2911 Renatum:

204 2934 257 2982 et
286 2931 782 2983 criminationibus
805 2932 1120 2983 moremini.
1137 2930 1217 2983 De
1238 2928 1578 2983 divinatione
1607 2928 1802 2983 deamo-

1890 2921 2273 2978 Sinceritatem
2303 2930 2460 2980 tuam
2489 2944 2620 2996 erga
2652 2946 2766 2984 nos.
2801 2932 3091 2990 Secundus
3118 2953 3248 2993 vero
3278 2943 3348 2997 ad
3379 2943 3486 2998 Pe-

204 3032 346 3070 num
392 3015 468 3070 [ib
496 3031 537 3071 ι,
566 3017 671 3071 Hic
709 3017 853 3071 liber
882 3016 960 3071 sic
995 3016 1191 3087 incipit
1230 3028 1241 3061 :
1301 3016 1545 3083 Quodam
1602 3018 1689 3070 die
1745 3019 1807 3070 in
1829 3072 1870 3093 Π
1888 3013 2042 3064 trum
2065 3011 2144 3066 sic
2172 3013 2400 3083 incipit:
2423 3016 2662 3071 Domino
2681 3019 3037 3077 dilectissimo
3063 3027 3243 3093 fratri
3269 3036 3319 3084 et
3346 3047 3487 3087 com-

196 3106 392 3159 diebus
418 3109 625 3160 sanctis
654 3110 994 3160 octavarum.
1024 3105 1371 3170 Quaestiones
1396 3105 1656 3175 expositae
1675 3122 1802 3159 con-

194 3198 287 3247 tra
313 3210 591 3265 paganos,
624 3210 858 3249 numero
888 3212 1000 3250 sex.
1033 3195 1136 3248 Hic
1160 3194 1303 3248 liber
1329 3199 1456 3264 post
1483 3194 1797 3265 epistolam,

194 3280 322 3353 quae
370 3284 730 3353 postmodum
760 3300 795 3337 a
824 3284 1008 3355 capite
1054 3283 1247 3337 addita
1294 3288 1397 3348 est,
1432 3282 1513 3336 sic
1558 3282 1795 3354 incipit:

192 3373 366 3425 .llorit
414 3374 681 3440 quosdam
732 3379 780 3426 et
826 3374 1162 3440 requiritur.
1210 3372 1493 3443 Expositio
1540 3371 1800 3442 Epistolas

189 3459 389 3514 Jacobi
418 3460 492 3514 ad
516 3475 595 3514 xu
624 3460 824 3515 tribus.
858 3461 962 3515 Hic
988 3460 1130 3514 liber
1157 3459 1236 3515 sic
1261 3460 1486 3532 incipit:
1515 3462 1640 3528 Qua
1667 3465 1797 3514 sunt

190 3550 258 3601 in
294 3550 633 3617 dispersione
680 3552 934 3603 salutem.
982 3550 1062 3603 De
1108 3555 1465 3619 peccatorum
1496 3548 1713 3602 meritis
1743 3554 1800 3602 et

185 3637 550 3699 remissione,
576 3643 632 3691 et
658 3637 727 3691 de
755 3637 1035 3709 baptismo
1054 3639 1413 3709 parvulorum
1437 3638 1505 3691 ad
1530 3634 1800 3691 Marcelli-

185 3742 330 3780 num
363 3726 496 3779 libri
520 3741 581 3780 ιι.
615 3725 737 3781 Hoc
764 3743 905 3798 opus
932 3727 1011 3781 sic
1036 3726 1270 3797 incipit:
1306 3728 1563 3793 Quamvis
1589 3727 1650 3778 in
1682 3742 1795 3779 me-

183 3816 299 3867 diis
328 3820 382 3869 et
410 3818 631 3883 magnis
659 3832 931 3869 curarum
959 3817 1191 3870 restibus.
1215 3815 1295 3869 De
1316 3814 1480 3868 unico
1513 3813 1792 3884 baptismo

2288 3072 2304 3083 ι
3063 3072 3484 3093 ,._..--..,.,...~

1828 3072 2195 3169 Cpresbytero
2238 3104 2412 3157 Petro.
2461 3104 2711 3159 Duorum
2753 3125 2883 3163 vero
2931 3112 3362 3174 novissimorum
3411 3121 3484 3176 ad

1883 3186 2260 3254 Vincentium,
2295 3191 2596 3248 Victorem.
2650 3193 2876 3251 Primus
2921 3199 3001 3254 sic
3050 3201 3287 3275 incipit:
3332 3209 3486 3276 Quod

1884 3277 2029 3329 mihi
2063 3278 2137 3331 ad
2168 3282 2217 3331 te
2238 3282 2590 3336 scribendum
2611 3289 2827 3352 putavi.

1957 3364 2042 3418 Ad
2066 3366 2413 3421 Pullentium
2440 3373 2551 3439 (sic)
2579 3371 2658 3424 De
2676 3373 3008 3432 adulterinis
3035 3381 3329 3452 conjugiis,
3349 3384 3481 3442 libri

1881 3466 1943 3506 II.
1976 3453 2198 3508 Primus
2246 3455 2447 3510 horum
2487 3457 2566 3512 sic
2608 3459 2807 3532 incipit
2840 3481 2852 3516 :
2888 3467 3081 3521 Prima
3123 3476 3344 3537 quastio
3381 3479 3479 3541 est,

1880 3542 2061 3608 frater
2090 3545 2438 3599 dilectissime
2465 3548 2729 3603 Pullenti.
2759 3552 3047 3610 Secundus
3072 3564 3261 3614 autem
3288 3561 3367 3615 sic
3396 3562 3481 3619 in-

1882 3630 2019 3700 cipit
2050 3653 2061 3687 :
2095 3634 2177 3685 Ad
2202 3649 2262 3686 ea
2291 3650 2409 3702 qua
2440 3637 2585 3689 mihi
2610 3642 2935 3708 scripseras.
2975 3645 3184 3701 Contra
3220 3650 3483 3707 adversa-

1879 3718 2190 3809 riumlegis
2219 3726 2277 3775 et
2305 3722 2728 3793 prophetarum,
2762 3727 2891 3783 libri
2918 3731 3048 3787 duo.
3085 3735 3202 3790 Hoc
3230 3754 3372 3809 opus
3400 3740 3481 3796 sic

1879 3806 2118 3878 incipit:
2164 3810 2326 3863 Libro
2369 3827 2529 3879 quem
2577 3818 2826 3878 misistis,
2880 3821 3086 3886 fratres
3130 3806 3473 3883 dilectissmi.

181 3909 391 3958 contra
412 3904 749 3959 petilianum
772 3905 843 3959 ad
864 3906 1316 3972 Constantinum,
1340 3904 1480 3959 liber
1500 3921 1665 3958 unus_
1691 3902 1793 3957 Hic
1876 3895 2085 3949 Contra
2103 3896 2908 3960 GaudentiumDonatistarum
2928 3909 3250 3984 episcopum
3268 3916 3396 3970 libri
3412 3931 3471 3972 ιι.

180 3992 333 4046 liber
361 3993 444 4046 sic
475 3992 715 4064 incipit:
760 3996 1087 4062 Respondere
1134 3996 1363 4047 adversa
1407 3994 1786 4047 sentientibus.
1873 3984 1993 4037 Hoc
2039 4000 2179 4055 opus
2229 3984 2307 4039 sic
2354 3985 2550 4057 incipit
2591 4010 2603 4045 :
2654 3990 2995 4050 Gaudentius
3050 4001 3474 4059 Donatistarum

175 4081 263 4135 De
286 4080 728 4136 Maximianistis
750 4088 807 4137 et
825 4082 1152 4147 Donatistis,
1167 4082 1309 4137 liber
1328 4098 1493 4136 unus.
1520 4080 1622 4135 Hic
1646 4080 1790 4134 liber
1877 4074 2347 4140 Tamugaudensis
2377 4073 2511 4147 [Sic.
2548 4077 2612 4131 In
2642 4079 2808 4135 editis
2844 4084 3334 4161 Thamugadensis]
3364 4096 3473 4161 epi-

174 4171 258 4224 sic
284 4170 488 4241 incipit
522 4188 534 4223 :
569 4171 746 4224 Multa
762 4174 891 4239 jam
914 4173 1179 4233 diximus,
1212 4174 1392 4225 multa
1408 4175 1534 4239 jam
1570 4172 1788 4238 scripsi-
1870 4177 2076 4229 δοορυει
2117 4161 2327 4215 comm
2378 4164 2734 4221 mendacium
2780 4169 2921 4224 liber
2968 4186 3005 4226 Ι.
3060 4175 3164 4230 Hic
3207 4177 3349 4233 liber
3389 4181 3469 4235 sic

173 4276 335 4316 mus.
389 4260 474 4313 De
517 4259 703 4329 gratia
744 4259 881 4314 Novi
912 4259 1276 4325 Testamenti,
1308 4260 1377 4313 ad
1412 4260 1781 4323 Honoratum,
1867 4248 2104 4320 incipit:
2154 4252 2332 4304 Multa
2384 4254 2527 4306 mihi
2558 4256 2779 4322 legenda
2810 4262 3037 4320 misisti.
3090 4264 3300 4320 Contra
3326 4269 3468 4325 duas

168 4348 328 4403 liber
352 4364 523 4403 unus.
551 4348 654 4402 Hic
683 4347 825 4402 liber
848 4348 927 4403 sic
952 4348 1148 4420 incipit
1174 4366 1185 4401 :
1221 4348 1471 4416 Quinque
1494 4349 1637 4401 mihi
1659 4364 1784 4416 pro-
1868 4337 2132 4409 θρίειοιαε
2159 4338 2611 4409 Ρθιθείειηοΐιιων
2642 4342 2771 4397 libri
2796 4359 2871 4400 IV.
2903 4348 3019 4403 Hoc
3048 4367 3187 4422 opus
3216 4355 3296 4410 Sic
3322 4356 3468 4411 inci.

160 4439 420 4506 posuisti
450 4438 773 4492 tractandas
796 4441 1132 4505 quaestiones.
1151 4437 1232 4491 De
1260 4436 1461 4507 spiritu
1487 4441 1544 4490 et
1571 4436 1780 4502 littera,
1798 4424 1847 4482 D
1866 4426 1951 4497 pit
1982 4444 1994 4479 ε
2037 4428 2309 4481 Noveram
2340 4433 2386 4481 te
2426 4431 2666 4496 quidem,
2700 4434 2857 4498 fama
2885 4440 3235 4497 celeberrima
3256 4448 3465 4513 praedi-

168 4526 242 4579 ad
286 4526 705 4592 Marcellinum,
736 4524 879 4580 liber
920 4542 1086 4580 unus.
1124 4525 1227 4580 Hic
1263 4525 1405 4579 liber
1434 4525 1513 4579 sic
1543 4524 1740 4595 incipit
1767 4541 1779 4576 :

166 4616 352 4668 Lectis
382 4617 660 4683 opusculis
688 4632 805 4684 qua:
833 4616 909 4669 ad
954 4619 1000 4669 te
1030 4631 1206 4683 nuper
1236 4616 1529 4674 elaboravi,
1564 4616 1669 4681 ﬁli.
1704 4614 1782 4668 De

163 4703 288 4757 ﬁde
332 4708 395 4756 et
436 4703 718 4775 operibus,
752 4703 894 4759 liber
920 4720 1086 4758 unus.
1138 4702 1241 4757 Hic
1269 4702 1411 4757 liber
1454 4702 1534 4756 sic
1564 4701 1777 4773 incipit.

161 4793 529 4859 Quibusdam
552 4795 790 4847 videtur.
822 4792 1142 4847 Breviculus
1170 4791 1485 4846 collationis
1514 4807 1639 4845 cum
1675 4791 1781 4845 Do-

153 4879 427 4943 natistis,
450 4878 579 4934 libri
599 4895 681 4935 ιιι.
700 4880 819 4935 Hoc
843 4897 982 4952 opus
1009 4880 1088 4935 sic
1111 4879 1339 4950 incipit:
1367 4880 1505 4934 Cum
1526 4880 1783 4933 catholici

150 4969 419 5037 episcopi
461 4973 514 5021 et
550 4971 734 5037 partis
766 4969 988 5023 Donati.
1028 4969 1167 5023 Post
1215 4967 1539 5023 collationes
1583 4971 1780 5021 contra

1869 4520 2044 4569 cante.
2068 4516 2278 4569 Contra
2299 4514 2613 4583 Julianum,
2646 4519 2774 4574 libri
2804 4538 2876 4578 νι.
2903 4525 3021 4580 Hoc
3050 4544 3190 4600 opus
3213 4532 3294 4587 sic
3322 4533 3463 4590 inci-

1867 4603 1952 4673 pit
1984 4621 1998 4659 :
2041 4604 2411 4658 Contumelias
2457 4611 2579 4660 tuas
2611 4612 2660 4661 et
2690 4612 2850 4664 verba
2876 4617 3188 4685 maledicta,
3213 4623 3460 4681 Juliane.

1866 4693 1952 4746 Ad
1972 4692 2336 4746 Laurentium
2366 4693 2446 4747 De
2467 4694 2596 4762 ﬁde,
2620 4713 2719 4767 spe
2744 4704 2802 4753 et
2818 4700 3111 4771 charitate,
3132 4707 3277 4764 liber
3295 4725 3334 4765 ι.
3360 4713 3464 4770 Hic

1863 4782 2007 4836 liber
2033 4781 2113 4835 sic
2150 4781 2349 4851 incipit
2382 4802 2393 4836 :
2433 4784 2558 4837 Dici
2586 4800 2699 4840 non
2736 4793 2928 4856 potest,
2978 4794 3327 4854 dilectissime
3376 4806 3465 4869 ﬁli

1862 4872 2147 4931 Laurenti,
2176 4874 2453 4937 quantum
2484 4875 2579 4925 tua
2610 4875 2919 4931 eruditione
2946 4881 3191 4938 delecter.
3216 4886 3297 4942 De
3325 4906 3463 4946 cura

1862 4975 1961 5031 pro
1987 4957 2222 5012 mortuis
2235 4958 2484 5027 gerenda
2503 4961 2574 5014 ad
2595 4960 2897 5019 Paulinum
2919 4968 3242 5043 episcopum
3263 4976 3459 5034 liberi.

147 5056 527 5118 Donatistas,
557 5055 701 5110 liber
728 5072 901 5114 unus.
939 5055 1042 5110 Hic
1069 5056 1210 5111 liber
1237 5056 1316 5110 sic
1352 5055 1546 5126 incipit
1580 5074 1593 5108 :
1637 5056 1779 5122 Quid
1862 5048 1964 5102 Hic
1993 5046 2135 5101 liber
2161 5046 2241 5100 sic
2276 5045 2472 5119 incipit
2502 5066 2513 5101 :
2548 5051 2657 5104 Diu
2687 5058 2976 5109 sanctitati
3005 5063 3126 5123 tuae,
3162 5068 3456 5134 coepiscope

145 5147 382 5210 adhuc,
412 5146 727 5206 Donatista,
779 5145 1136 5202 seducimini.
1181 5147 1261 5200 De
1300 5144 1537 5198 videndo
1575 5144 1773 5209 Deum,
1861 5137 2169 5191 venerande
2195 5137 2451 5190 Ραυίίηθ-

144 5233 315 5289 liber
346 5249 516 5287 unus.
542 5233 644 5287 Hic
666 5232 805 5288 liber
824 5234 904 5288 sic
925 5234 1122 5306 incipit
1151 5254 1162 5288 :
1194 5235 1396 5288 Memor
1416 5234 1602 5294 debiti,
1626 5234 1771 5286 illud

1924 5226 2005 5279 De
2046 5228 2169 5277 octo
2219 5224 2448 5278 Dulcitii
2478 5227 2898 5297 quaestionibus,
2929 5231 3071 5287 liber
3096 5248 3143 5292 ι.
3182 5237 3284 5291 Hic
3312 5240 3454 5296 liber

142 5329 371 5376 autem
403 5324 481 5379 δίο
506 5324 715 5390 rogavi,
747 5326 796 5376 ει
838 5339 987 5377 nunc
1014 5340 1341 5377 οοηυηοηεο,
1375 5321 1454 5375 De
1485 5326 1688 5374 natura
1716 5326 1773 5375 et
1854 5313 1934 5367 sic
1963 5311 2161 5382 incipit
2195 5333 2206 5367 :
2239 5313 2522 5378 Quantum
2554 5316 2699 5368 mihi
2721 5320 2965 5383 videtur,
2988 5322 3341 5382 dilectissime
3366 5334 3426 5398 ﬁt

139 5409 384 5481 gratia.
423 5406 566 5462 liber
611 5425 776 5463 unus.
821 5409 923 5464 Hic
962 5410 1104 5465 liber
1147 5411 1227 5465 sic
1260 5409 1457 5479 incipit
1488 5428 1499 5462 :
1548 5410 1773 5462 Librum
1858 5402 2082 5457 Πυισίιί-
2111 5399 2195 5453 Ad
2225 5400 2585 5454 Valentinum
2612 5408 2668 5455 et
2698 5403 2767 5455 ad
2799 5420 2893 5458 908
2919 5407 3163 5475 quicum
3196 5412 3291 5468 illo
3320 5426 3454 5474 sunt

140 5514 333 5567 quem
368 5499 621 5553 misistis.
657 5497 737 5551 De
763 5496 986 5553 civitate
1014 5498 1132 5564 Dei,
1176 5497 1303 5552 libri
1330 5511 1460 5551 xxu.
1491 5496 1609 5549 Hoc
1638 5510 1777 5565 opus
1858 5488 2179 5553 monachos,
2212 5489 2293 5542 De
2331 5489 2517 5558 gratia
2549 5493 2606 5543 et
2643 5490 2817 5543 libero
2860 5493 3113 5560 arbitrio,
3146 5499 3242 5556 lib.
3285 5519 3320 5558 ι.
3350 5507 3453 5565 Hic

142 5587 230 5643 sic
249 5583 504 5655 incipit:
523 5584 986 5642 Gloriosissimam
1004 5589 1281 5642 civitatem
1301 5585 1503 5641 Dei.Ad
1518 5583 1780 5640 Orosium
1862 5577 2003 5633 liber
2028 5577 2108 5632 sic
2144 5576 2346 5647 incipit
2380 5595 2391 5631 :
2423 5579 2649 5645 Propter
2689 5594 2771 5632 eos
2808 5584 2909 5647 qui
2937 5583 3177 5642 hominis
3217 5594 3456 5657 liberum

421 5682 687 5745 ΡΑτιιοι..
732 5685 851 5749 CL.

3140 5686 3219 5750 43
