4016 6178
451 2007 455 2012 ·
555 1997 760 2056 θωονιο,
787 1994 1029 2046 Ulemens
1043 2034 1056 2046 .

573 281 710 340 1355
1657 267 1966 326 HENRICI
2000 262 2294 322 CLERICI
2331 261 2778 320 POMPOSIANI
2811 252 2824 264 ‘
3635 268 3742 324 i356

571 408 897 460 arbitrium.
919 401 1006 456 Ad
1035 414 1175 470 quos
1203 412 1372 468 super
1390 396 1471 452 De
1499 393 1845 450 correctione
1872 397 1929 446 et
1951 389 2157 462 gratia,
2173 386 2367 463 Alogo
2397 387 2466 440 ad
2497 394 2665 460 caput
2701 390 2932 459 juncto;
2966 403 3201 460 quorum
3229 387 3428 459 primus
3451 389 3522 442 sic
3551 391 3740 462 incipit:

570 485 669 550 lib.
707 509 747 548 ι.
780 487 884 546 Hic
929 474 1074 543 liber
1123 483 1204 540 sic
1247 482 1442 556 incipit
1472 503 1482 538 :
1521 485 1688 538 Lectis
1719 483 1918 536 litteris
1947 479 2158 540 vestris,
2245 477 2596 546 Apocalypsis
2618 481 2850 532 Joannis
2873 479 3083 534 Christi
3098 477 3350 544 discipuli
3373 494 3520 550 quam
3537 481 3656 534 dedit
3677 481 3743 533 illi

581 577 857 636 Valentine
885 581 1067 646 frater
1095 573 1462 629 dilectissime.
2245 563 2386 619 Deus
2413 567 2605 632 palam
2625 568 2806 632 facere
2823 571 2993 621 serris
3022 568 3158 627 suis,
3182 561 3409 632 fundata
3430 582 3515 634 per
3537 572 3743 635 apostolos

637 664 684 723 T
709 659 1013 722 Clementis
1048 663 1202 718 urbis
1231 659 1420 716 Romae
1443 660 1690 732 episcopi
1721 653 2163 728 recognitionum
2247 647 2502 708 Ecclesia.
2537 654 2826 710 Secundus
2864 655 2944 710 sic
2972 650 3168 726 incipit
3198 671 3210 706 :
3247 654 3308 708 Et
3341 655 3448 707 vidi
3479 661 3643 723 septem
3664 673 3744 712 an-

570 755 700 812 libri
724 771 778 822 x,
809 759 1038 826 excepta
1063 752 1294 824 epistola
1317 757 1375 805 et
1396 749 1626 822 prologo
1646 748 1716 802 ad
1737 754 1903 817 caput
1923 743 2161 815 junctis;
2244 743 2384 826 getos
2423 748 2630 796 stantes
2670 747 2734 797 in
2775 749 3058 814 conspectu
3087 745 3199 797 Dei.
3224 737 3432 796 Tertius
3466 741 3533 796 sic
3556 741 3740 814 incipit:

565 861 807 918 quorum
845 825 1062 915 primus
1091 841 1170 894 sic
1213 839 1411 910 incipit
1440 855 1454 892 :
1495 839 1605 905 Ego
1653 837 1896 892 Clemens
1931 837 1992 888 in
2032 827 2163 886 urbe
2244 825 2312 884 Et
2335 827 2452 883 vidi
2477 832 2637 884 aliud
2672 835 2898 899 signum
2928 835 2990 885 in
3017 833 3140 886 caelo
3169 845 3426 898 magnum
3460 835 3502 883 et
3526 833 3737 886 mirabile.

565 913 736 992 Poma
765 913 931 988 natus
951 949 1016 985 ea:
1038 933 1229 998 prima
1249 933 1402 983 aetate
1428 928 1708 996 pudicitiae
1729 925 1978 978 studium
1999 925 2154 990 gessi.
2315 913 2517 990 Incipit
2567 925 2840 974 tractatus
2879 913 2960 974 De
3013 913 3227 990 psalmo
3281 918 3556 972 centesimo
3599 927 3742 974 octavo

567 1013 858 1078 Secundus
891 1027 1080 1076 autem
1119 1018 1201 1071 sic
1235 1015 1434 1086 incipit
1464 1033 1476 1067 :
1519 1017 1655 1072 Cum
1687 1018 1872 1068 autem
1900 1012 2014 1065 dies
2043 1027 2161 1078 qua:
2240 1005 2457 1059 decimo
2481 1006 2762 1062 Ambrosii
2791 1005 3224 1062 Mediolanensis
3243 1002 3489 1078 episcopi,
3509 1007 3637 1078 cujus
3653 1025 3743 1078 pro-

566 1101 1052 1180 addisputandum
1073 1121 1322 1161 sermone
1339 1109 1548 1158 statuta
1569 1105 1775 1170 fuerat.
1794 1099 2018 1156 Tertius
2032 1115 2158 1153 vero
2239 1095 2402 1166 logus
2431 1094 2511 1148 sic
2557 1091 2756 1168 incipit
2787 1115 2799 1149 :
2843 1097 2981 1150 Licet
3013 1099 3243 1165 mystica
3272 1111 3467 1164 quoque
3493 1096 3614 1148 velut
3643 1094 3741 1149 tuba

564 1201 644 1256 sic
667 1199 868 1269 incipit
895 1215 908 1250 ε
944 1199 1164 1252 Interea
1191 1197 1384 1248 Petrus
1409 1195 1692 1260 gallorum
1729 1191 1982 1244 cantibus
2028 1203 2158 1241 sur-
2241 1184 2578 1250 increpuerit
2594 1201 2742 1238 sono.
2759 1183 2925 1240 Liber
2944 1201 3074 1238 vero
3094 1183 3174 1238 sic
3193 1182 3572 1254 incipitzBeati,
3590 1186 3741 1252 inquit.

563 1305 720 1358 gens.
761 1287 1008 1350 Quartus
1035 1283 1114 1338 sic
1141 1281 1337 1352 incipit
1366 1300 1377 1335 :
1411 1281 1647 1347 Profecti
1679 1281 1917 1333 Caesarea
1945 1282 2006 1330 ut
2042 1278 2159 1330 Tri—
2240 1273 2610 1335 immaculati,
2655 1277 2750 1326 etc.
2788 1275 2938 1329 Beati
2981 1277 3082 1341 qui
3114 1277 3451 1338 scrutantur,
3480 1277 3582 1336 etc,
3621 1289 3744 1340 quam

558 1356 735 1446 polim
760 1389 1128 1442 pergeremus.
1149 1371 1390 1434 Quintus
1411 1369 1490 1422 sic
1518 1367 1744 1438 incipit:
1766 1367 2030 1434 Sequenti
2051 1381 2156 1417 au-
2233 1357 2466 1428 pulcher
2485 1361 2821 1446 ordo,t,uam
2835 1364 3032 1429 plenus
3047 1362 3324 1414 doctrina.
3343 1356 3748 1432 Incipittractatus

565 1443 671 1517 tem
691 1465 776 1516 die
791 1464 963 1530 paulo
987 1463 1152 1513 citius
1169 1475 1336 1528 quam
1358 1459 1574 1511 solebat.
1605 1457 1804 1509 Sextus
1820 1455 1899 1508 sic
1922 1452 2150 1524 incipit:
2237 1449 2417 1503 sancti
2447 1447 2727 1503 Ambrosii
2757 1445 3188 1504 Mediolanensls
3229 1447 3462 1521 episcopi
3497 1443 3547 1502 in
3573 1449 3749 1503 Cantica

567 1552 665 1606 Ubi
687 1566 812 1604 vero
836 1549 1236 1604 rarescentibus
1258 1545 1808 1614 tenebris.Septimus
1827 1543 1904 1596 sic
1921 1541 2151 1612 incipit:
2235 1536 2600 1604 canticorum,
2634 1535 2763 1592 libri
2788 1556 2838 1604 v,
2871 1544 3100 1609 excepto
3129 1537 3357 1608 prologo
3398 1537 3465 1591 ad
3489 1545 3632 1608 caput
3647 1539 3748 1606 jun-

559 1627 780 1707 Egressi
811 1633 1032 1692 tandem
1064 1638 1230 1689 etiam
1269 1636 1476 1701 Tripoli
1507 1633 1775 1687 Phoenices
1805 1633 1995 1684 urbem
2037 1633 2155 1698 pri-
2236 1630 2344 1687 cto,
2372 1643 2609 1696 quorum
2636 1627 2852 1698 primus
2875 1625 2954 1680 sic
2978 1619 3209 1697 incipit:
3242 1627 3513 1680 Osculetur
3533 1627 3750 1678 masculo

561 1743 732 1781 mam.
749 1725 989 1780 Octavus
1017 1725 1097 1777 sic
1119 1722 1345 1792 incipit:
1374 1724 1594 1776 Postera
1621 1726 1808 1774 autem
1827 1721 1915 1773 die
1933 1722 2148 1772 Petrus.
2171 1737 2219 1802 Β
2235 1716 2347 1766 oris
2367 1719 2474 1776 sui,
2497 1717 2763 1783 quoniam
2782 1718 2989 1782 optima
3009 1714 3198 1768 ubera.
3226 1707 3501 1768 Secundus
3520 1717 3675 1766 autem
3692 1711 3750 1764 sic

558 1806 753 1869 Nonus
794 1813 984 1868 autem
1028 1813 1109 1866 sic
1133 1811 1332 1882 incipit
1363 1829 1374 1863 :
1407 1811 1666 1878 Sequenti
1694 1810 1780 1862 die
1799 1810 1995 1862 Petrus
2026 1821 2144 1860 una
2172 1791 2467 1873 "incipit:
2514 1801 2602 1855 Vos
2646 1803 2960 1856 consobrini
2999 1804 3122 1862 mei,
3155 1818 3270 1855 ecce
3308 1802 3394 1854 hic
3419 1803 3626 1854 advenit.
3652 1791 3754 1853 Ter-

557 1899 864 1958 nobiscum.
897 1901 1165 1956 Decimus
1194 1906 1382 1955 autem
1411 1899 1492 1953 sic
1522 1897 1716 1968 incipit
1746 1915 1758 1950 :
1784 1898 1946 1950 Mane
1967 1900 2148 1949 autem
2237 1887 2348 1944 tius
2391 1891 2470 1944 sic
2514 1889 2713 1962 incipit
2750 1910 2762 1943 :
2795 1888 2878 1945 En
2929 1886 3192 1944 lectulum
3231 1889 3528 1946 Salomonis
3577 1889 3754 1940 luxuria

2236 1977 2402 2045 fortes
2421 1979 2952 2043 ambiunt.Quartus
2972 1973 3052 2032 sic
3071 1977 3271 2049 incipit
3293 1996 3305 2030 :
3329 1977 3572 2044 Exsurge,
3591 1977 3753 2043 aquilo.

2236 2071 2283 2119 et
2323 2070 2464 2130 veni,
2507 2073 2714 2122 auster.
2759 2063 2999 2131 Quintus
3045 2066 3124 2120 sic
3168 2063 3367 2138 incipit
3405 2085 3416 2120 :
3457 2063 3662 2120 Pulchra
3702 2079 3754 2122 es.

2235 2157 2418 2207 amica
2440 2172 2580 2215 mea.
2602 2158 2788 2208 suavis
2809 2157 2858 2208 et
2887 2151 3097 2209 decora.
3122 2151 3332 2226 Incipit
3358 2155 3606 2207 tractatus
3623 2148 3758 2204 sancti

2234 2238 2513 2296 Ambrosii
2559 2243 2639 2296 De
2688 2243 2906 2313 psalmo
2940 2260 3045 2308 LXI,
3090 2241 3149 2296 in
3181 2259 3293 2314 quo
3339 2239 3686 2295 infidelitatem
3719 2242 3759 2288 et

2233 2331 2582 2402 impietatem
2613 2329 2842 2386 Maximi
2868 2329 3094 2403 tyranni
3122 2330 3373 2401 graviter
3400 2328 3670 2399 redarguit,
3691 2324 3761 2397 qui

2233 2435 2403 2473 ausus
2433 2424 2519 2472 est
2546 2419 2837 2474 dominum
2869 2437 3032 2474 suum
3068 2419 3402 2474 Gratianum
3431 2418 3760 2489 imperatorem

2231 2515 2428 2570 fraude
2453 2523 2510 2571 et
2533 2517 2660 2572 dolo
2690 2517 2986 2587 perimere,
3009 2534 3174 2588 quem
3201 2516 3584 2588 imperatorem
3607 2513 3656 2567 in
3675 2509 3763 2565 Do-

2232 2605 2370 2658 mini
2412 2605 2777 2660 tabernaculo
2824 2605 3102 2672 habitare,
3147 2611 3208 2660 et
3245 2605 3306 2659 in
3352 2611 3532 2658 monte
3572 2603 3762 2671 ejusre-

2232 2695 2521 2765 quiescere
2550 2694 2717 2762 dicit;
2760 2691 2851 2748 hic
2877 2690 3018 2748 liber
3043 2695 3123 2749 sic
3151 2695 3354 2767 incipit
3383 2713 3395 2747 :
3429 2695 3660 2748 Omnium
3691 2704 3764 2741 no-

2230 2787 2411 2836 strum
2442 2785 2676 2836 indubia
2695 2785 3025 2837 consuetudo
3052 2788 3147 2836 est.
3173 2777 3474 2854 Episcopus
3493 2776 3766 2834 Ambrosius

630 2071 913 2150 Expositio
946 2077 1008 2132 in
1036 2076 1410 2148 Apocalypsin
1437 2073 1668 2128 Joannis
1699 2072 1938 2146 apostoli
1975 2071 2154 2126 sancti

558 2166 839 2222 Ambrosii
868 2166 1129 2237 episcopi,
1161 2181 1285 2234 quae
1326 2165 1518 2217 decem
1550 2169 1607 2216 et
1637 2169 1764 2216 octo
1788 2161 1946 2215 libris
1975 2160 2155 2216 conti-

560 2261 747 2310 netur.
783 2255 1034 2318 Quorum
1065 2253 1282 2324 primus
1310 2252 1390 2306 sic
1417 2251 1644 2322 incipit:
1672 2252 1739 2304 In
1772 2253 1992 2303 lectione
2013 2265 2154 2301 reve-

564 2333 789 2398 lationis
798 2341 1030 2397 Joannis
1041 2343 1289 2408 apostoli,
1297 2342 1501 2407 fratres
1515 2336 2152 2392 charissimi.Secundus

557 2431 638 2488 sic
665 2430 863 2504 incipit
898 2448 910 2484 :
951 2433 1171 2484 Fratres
1217 2430 1552 2489 charissimi,
1597 2431 1661 2481 in
1703 2427 2048 2486 candelabro,
2088 2426 2152 2478 de

560 2537 688 2592 quo,
715 2535 839 2573 cum
865 2520 1214 2587 Apocalypsis
1243 2519 1528 2584 legeretur,
1551 2513 2042 2568 audistis.Tertius
2072 2513 2152 2566 sic

558 2607 753 2678 incipit
785 2625 796 2660 :
831 2608 1003 2668 Modo,
1035 2608 1240 2672 fratres
1271 2605 1609 2667 charissimi,
1639 2604 1903 2655 audimus
1932 2603 2150 2654 beatum

555 2695 1098 2758 Joannem.Quartus
1117 2693 1196 2746 sic
1210 2691 1406 2762 incipit
1425 2709 1436 2744 :
1461 2693 1526 2745 Et
1548 2692 1664 2744 vidi
1677 2706 1847 2759 supra
1869 2692 2150 2743 dexteram

553 2785 786 2853 sedentis
806 2787 869 2837 in
899 2785 1096 2836 throno
1117 2783 1346 2835 librum.
1371 2779 1614 2844 Quintus
1635 2779 1716 2832 sic
1731 2778 1928 2858 incipit
1951 2797 1962 2830 :
1994 2779 2148 2834 Sicut

554 2871 860 2926 modocum
891 2873 1042 2925 lectio
1069 2871 1263 2923 divina
1287 2871 1554 2937 legeretur
1576 2869 1832 2921 audistis.
1853 2868 2051 2920 Sextus
2071 2866 2150 2919 sic
2231 2871 2664 2925 Mediolanensis
2707 2871 2885 2926 sorori
2935 2888 3050 2925 suae
3095 2871 3432 2925 Marcelline
3475 2869 3548 2924 De
3592 2857 3763 2923 baculo.

550 2957 750 3043 incipit
775 2979 786 3012 :
817 2959 884 3014 Et
913 2961 1028 3013 vidi
1054 2961 1234 3012 alium
1257 2975 1328 3011 an
1336 2961 1519 3024 gelum
1539 2957 1912 3010 ascendentem
1933 2957 2002 3009 ab
2021 2960 2148 3008 ortu
2231 2958 2373 3012 liber
2399 2973 2448 3026 1;
2485 2959 2575 3014 hic
2605 2958 2747 3013 liber
2774 2959 2853 3012 sic
2879 2959 3076 3030 incipit
3100 2978 3109 3013 :
3142 2956 3455 3014 Sollicitam
3479 2958 3764 3011 sanctitatem

548 3051 696 3104 solis.
725 3047 1011 3121 Septimus
1031 3047 1111 3101 sic
1129 3047 1326 3120 incipit
1348 3065 1359 3098 :
1384 3047 1556 3108 Modo,
1583 3047 1788 3113 fratres
1808 3045 2142 3106 charissimi,
2169 3053 2210 3114 ε
2232 3051 2408 3101 tuam.
2433 3046 2662 3118 Legatio
2687 3043 3062 3118 Aquileiensis
3088 3047 3314 3102 concilii
3342 3045 3413 3100 ad
3439 3045 3766 3117 imperatores,

552 3154 680 3192 cum
718 3139 1070 3207 Apocalypsi;
1117 3139 1386 3204 legeretur
1414 3136 1750 3188 audivimus.
1785 3133 2026 3188 Octavus
2070 3133 2149 3186 sic
2231 3135 2584 3203 Gratianum,
2639 3132 3118 3200 Valentinianum,
3165 3143 3226 3190 et
3280 3129 3670 3198 Theodosium;
3701 3127 3768 3182 hic

553 3220 780 3296 incipit:
824 3224 1158 3278 Vomdeccelo
1175 3226 1474 3292 imperium
1495 3228 1569 3276 est
1594 3224 1692 3276 Dei
1711 3224 1810 3290 qui
1828 3237 1920 3276 cor
1944 3224 2142 3288 tangit.
2228 3222 2371 3277 liber
2407 3224 2487 3277 sic
2522 3223 2720 3294 incipit
2761 3241 2774 3276 :
2817 3223 3256 3292 Imperatoribus
3304 3222 3704 3278 clementissimis
3731 3220 3766 3268 et

548 3314 748 3368 Nonus
775 3312 858 3367 sic
884 3311 1120 3383 incipit:
1152 3311 1303 3378 Quod
1330 3313 1670 3373 audivimus,
1704 3312 1910 3377 fratres
1937 3311 2148 3363 charis-
2227 3313 2728 3366 christianissimis.
2762 3305 2906 3366 Item
2939 3309 3224 3366 Ambrosii
3252 3309 3327 3366 ad
3358 3309 3605 3366 eosdem:
3631 3309 3767 3374 Impe-

545 3405 697 3470 simi,
723 3405 784 3456 in
819 3403 1041 3455 lectione
1077 3417 1196 3468 quae
1226 3402 1458 3453 recitata
1486 3404 1582 3452 est.
1606 3398 1867 3453 Decimus
1896 3398 1975 3452 sic
2002 3397 2143 3452 inci-
2226 3401 2508 3454 ratoribus
2537 3403 2978 3455 clementissimis
3007 3405 3056 3454 et
3076 3401 3438 3469 principibus
3467 3395 3763 3454 Christianis.

545 3489 629 3562 pit
653 3509 665 3544 :
693 3487 847 3543 Modo
870 3495 1056 3542 autem
1080 3485 1421 3549 audivimus,
1447 3490 1653 3554 fratres
1673 3487 2009 3540 charissimi.
2035 3487 2145 3540 Un-
2225 3487 2366 3542 Item
2411 3487 2522 3541 alia
2551 3483 2802 3558 ejusdem
2831 3485 3052 3542 concilii
3079 3507 3091 3541 :
3123 3483 3558 3557 Imperatoribus
3581 3482 3767 3538 clemen-

544 3571 795 3631 decimus
823 3572 904 3630 sic
932 3575 1128 3646 incipit
1162 3593 1174 3627 :
1205 3577 1272 3630 1η
1305 3578 1526 3628 lectione
1556 3591 1673 3642 quae
1710 3576 1866 3628 modo
1905 3578 2140 3630 recitata
2223 3579 2470 3630 tissimis.
2497 3577 2638 3630 Item
2669 3574 2781 3630 alia
2804 3572 2876 3630 ad
2897 3569 3124 3630 eosdem
3149 3594 3161 3629 :
3201 3571 3270 3630 Et
3301 3576 3400 3630 hoc
3425 3576 3602 3643 gloria:
3622 3574 3766 3624 vestra

546 3670 640 3730 est,
671 3668 874 3733 fratres
904 3664 1242 3718 charissimi.
1274 3662 1647 3718 Duodecimus
1675 3662 1755 3716 sic
1789 3662 1984 3733 incipit
2018 3681 2030 3716 :
2071 3665 2141 3718 In
2221 3667 2684 3718 clementissimus
2707 3667 2963 3733 princeps
2982 3707 2996 3721 .

2291 3753 2523 3822 Legatio
2551 3751 2832 3808 Ambrosii
2857 3748 3101 3824 episcopi
3129 3747 3208 3806 ad:
3225 3745 3665 3806 Valentinianum
3689 3743 3764 3796 im-

2220 3847 2535 3911 peratorem
2551 3859 2562 3894 :
2580 3845 2616 3895 A
2627 3843 2898 3895 mbrosius
2913 3841 3302 3895 Valentiniano
3321 3839 3648 3910 imperatori.
3659 3832 3767 3888 Item

2220 3931 2333 3984 alia
2369 3931 2440 3984 ad
2487 3927 2766 3984 eumdem.
2810 3925 2892 3984 De
2940 3929 3357 3984 contemnendo
3394 3925 3767 3982 simulacrorum

2221 4019 2498 4074 culturam
2525 4038 2535 4072 :
2565 4017 2703 4075 Cum
2733 4035 2917 4072 omnes
2948 4019 3198 4072 homines
3225 4021 3328 4087 qui
3355 4017 3456 4071 sub
3481 4013 3664 4070 ditione
3695 4011 3768 4064 Ro-

2221 4124 2393 4161 mana
2424 4113 2716 4176 reguntur.
2741 4103 2882 4162 Item
2911 4103 2984 4160 ad
3013 4103 3281 4160 eumdem
3302 4105 3692 4177 imperatorem,
3710 4112 3769 4150 re-

547 3753 768 3806 lectione
790 3753 1017 3806 Domini
1042 3767 1160 3820 quae
1189 3753 1419 3804 recitata
1448 3755 1545 3813 est,
1565 3749 1772 3818 fratres
1791 3751 2134 3812 charissimi,

545 3839 688 3895 dixit
716 3839 774 3897 S.
805 3837 1060 3894 Joannes.
1093 3837 1317 3895 Tertius
1345 3838 1593 3894 decimus
1618 3839 1696 3892 sic
1723 3838 1922 3909 incipit
1945 3857 1957 3892 ε
1998 3839 2140 3894 San-

545 3931 664 3985 ctus
690 3929 948 3996 Joannes,
967 3930 1172 3998 fratres
1199 3929 1538 3994 charissimi,
1562 3929 1698 3982 dum
1726 3929 1788 3980 de
1817 3941 1893 3981 vn
1923 3931 2140 3996 angelo-

543 4035 678 4072 rum
701 4019 911 4087 phialis
941 4022 990 4071 et
1015 4020 1214 4086 plagis.
1241 4017 1501 4071 Decimus
1531 4023 1766 4089 quartus
1793 4017 1874 4071 sic
1896 4017 2096 4088 incipit
2122 4035 2134 4070 :

544 4106 700 4162 Modo
725 4123 854 4160 cum
871 4105 1067 4160 divina
1091 4107 1242 4159 lectio
1263 4109 1548 4173 legeretur,
1569 4107 1775 4174 fratres
1797 4107 2134 4167 charissimi,

543 4193 868 4247 audivimus
888 4193 1105 4246 beatum
1124 4194 1414 4246 Joannem.
1432 4191 1692 4246 Decimus
1711 4191 1940 4262 quintus
1959 4191 2038 4245 sic
2058 4191 2141 4244 in-
2219 4195 2354 4250 latio
2377 4195 2698 4267 Symmachi
2735 4193 2982 4266 praefecti
3003 4189 3187 4260 Urbis,
3218 4200 3285 4250 ut
3313 4210 3472 4248 aram
3509 4183 3771 4246 simulacris

543 4281 712 4354 cipit:
739 4280 806 4334 In
827 4283 1050 4335 lectione
1070 4297 1188 4347 quae
1209 4283 1551 4362 recitataesl,
1571 4281 1776 4346 fratres
1796 4281 2032 4334 charissi
2038 4283 2134 4343 mi,
2220 4283 2508 4358 permittat
2537 4283 2778 4338 restitui.
2807 4280 2904 4338 Ubi
2923 4285 3149 4351 primus
3172 4285 3404 4338 senatus
3424 4282 3770 4350 amplissimus.

545 4387 693 4439 reges
723 4368 865 4423 illos.
905 4365 1168 4422 Decimus
1194 4373 1381 4422 sextus
1411 4368 1492 4422 sic
1520 4367 1716 4439 incipit
1749 4387 1760 4421 :
1789 4369 2002 4435 Quoties
2032 4370 2138 4422 Ba-
2157 4363 2366 4426 DItem
2393 4371 2678 4426 Ambrosii
2707 4369 2780 4426 ad
2819 4367 3283 4424 Valentinianum
3314 4369 3705 4441 imperatorem,
3731 4362 3772 4414 et

545 4461 829 4528 byloniam
851 4459 1155 4517 nominavi,
1181 4459 1436 4524 audistis,
1454 4459 1659 4524 fratres
1678 4458 2016 4519 cltarissimi,
2045 4473 2138 4510 no-
2221 4455 2620 4531 Symmachum
2654 4460 2982 4530 praefectum
3011 4457 3198 4512 Urbis.
3223 4457 3548 4513 Beatissimo
3569 4451 3777 4526 principi

545 4546 996 4600 litecivitatemde
1017 4545 1290 4612 lapidibus
1309 4547 1518 4612 factam
1542 4544 2136 4610 intelligere.Decimus
2219 4554 2266 4602 et
2287 4550 2754 4603 christianissimo
2785 4549 3112 4617 imperatori
3144 4547 3534 4602 Valentiniano
3551 4541 3771 4608 Augusta.

543 4634 816 4704 septimus
857 4632 937 4686 sic
977 4631 1168 4704 incipit
1199 4651 1210 4685 :
1249 4634 1316 4686 In
1365 4636 1586 4686 lectione
1622 4649 1740 4700 qua:
1779 4636 2008 4686 recitata
2036 4637 2130 4694 est,
2218 4633 2537 4690 Ambrosius
2567 4639 2861 4705 episcopus.
2904 4632 3152 4706 Epistola
3181 4633 3470 4689 Ambrosii
3501 4637 3554 4687 et
3579 4630 3777 4684 aliorum

543 4719 747 4790 fratres
761 4721 1106 4785 charissimi,
1125 4723 1308 4774 beatus
1325 4722 1563 4775 Joannes
1584 4724 1915 4788 evangelista
1935 4725 2012 4774 sic
2027 4724 2128 4775 ait.
2216 4723 2606 4794 epi3c0porum
2654 4717 2828 4776 Italiae
2863 4721 2936 4774 ad
2966 4717 3350 4775 Theodosium
3390 4721 3772 4791 imperatorem.

544 4807 934 4866 Octodecimus
971 4807 1052 4862 sic
1096 4807 1292 4879 incipit
1332 4827 1343 4861 :
1398 4809 1552 4864 Sicut
1592 4811 1746 4862 modo
1787 4811 2130 4871 audivimus,

539 4895 744 4966 fratres
785 4893 1122 4958 charissimi,
1155 4899 1383 4964 angelus
1425 4897 1647 4950 Domini
1696 4899 1911 4950 locutus
1947 4902 2022 4950 est
2060 4899 2134 4950 ad

543 4985 760 5040 beatum
789 4983 1060 5038 Joannem
1087 4983 1288 5038 dicens.

613 5071 657 5128 Γ
684 5073 888 5144 Incipit
931 5073 1402 5127 commentarium
1442 5070 1619 5125 sancti
1667 5071 2003 5144 Hieronymi
2053 5073 2134 5128 De

539 5163 874 5237 Apocalypsi
898 5163 1130 5218 Joannis
1158 5161 1434 5238 apostoli;
1475 5161 1564 5214 hic
1602 5161 1742 5216 liber
1768 5163 1848 5216 sic
1890 5163 2088 5234 incipit
2119 5185 2129 5216 :

537 5251 795 5315 Joannes,
813 5255 912 5321 qui
921 5251 1102 5321 gratia
1116 5247 1217 5304 Dei
1235 5253 1656 5318 interpretatur,
1671 5253 1912 5317 ﬁguram
1927 5252 2136 5306 Christi

542 5343 738 5396 tenuit.

613 5424 656 5484 Γ
700 5427 904 5500 Incipit
959 5423 1242 5499 Expositio
1281 5425 1446 5480 Beda:
1487 5425 1694 5480 Christi
1732 5425 1928 5480 famuli
1966 5443 2136 5498 super

539 5519 874 5592 Apocalypsi
901 5515 1136 5574 Joannis
1177 5513 1438 5590 apostoli,
1470 5512 1596 5570 libri
1627 5527 1714 5585 In,
1741 5519 1973 5587 excepto
2001 5531 2132 5590 pro-

2218 4813 2532 4864 Beatissimo
2563 4812 2891 4879 imperatori
2907 4815 2956 4862 et
2983 4812 3410 4864 clementissimo
3427 4809 3660 4878 principi
3678 4803 3781 4859 Am-

2219 4897 2453 4966 brosius,
2472 4903 2576 4954 etc.
2607 4901 2747 4954 Item
2779 4897 2890 4951 alia
2919 4896 2989 4952 ab
3017 4897 3229 4952 eisdem
3259 4897 3539 4968 episcopis
3565 4895 3630 4950 ad
3657 4906 3780 4946 eum-

2217 4985 2345 5041 dem
2375 4987 2789 5059 imperatorem.
2817 4987 3134 5040 Beatissimo
3165 4988 3500 5055 imperatori
3515 4989 3562 5038 et
3589 4985 3782 5038 clemen-

2219 5077 2428 5130 tissimo
2449 5079 2702 5145 principi
2735 5073 3022 5130 Theodosio
3051 5075 3404 5139 Ambrosius,
3427 5079 3476 5127 et
3505 5071 3674 5126 caten'
3695 5069 3778 5137 epi-

2216 5167 2364 5232 scopi
2407 5165 2599 5218 Italim.
2643 5161 2720 5217 De
2761 5156 3111 5217 humanitate
3167 5166 3222 5216 et
3266 5161 3544 5232 religione
3570 5154 3778 5213 Valenti-

2217 5251 2372 5305 niani
2411 5249 2678 5306 Junioris.
2707 5251 3034 5305 Ambrosius
3079 5245 3393 5306 Theodosio
3438 5244 3774 5320 imperatori:

2214 5332 2513 5395 Silentium
2546 5357 2728 5394 meum
2758 5341 2928 5409 rupit.
2957 5332 3062 5394 Ubi
3091 5356 3151 5394 se
3181 5345 3412 5393 excusat
3430 5339 3560 5408 jure
3585 5329 3774 5391 Maximi

2214 5427 2442 5500 tyranni
2471 5427 2780 5482 declinasse
2800 5427 3158 5499 praesentiam
3183 5446 3194 5482 :
3227 5428 3554 5482 Ambrosius
3579 5421 3780 5479 neode-

2213 5519 2294 5571 sio
2323 5519 2666 5592 imperatori.
2699 5511 2844 5572 Item
2870 5513 3153 5574 Ambrosii
3180 5513 3429 5590 episcopi
3455 5511 3529 5570 ad
3555 5505 3781 5569 Theodo-
