4016 6178
278 226 412 286 1357
1488 224 1710 279 EPIST.
1750 224 1847 279 AD

1975 225 2326 280 EPHANUM
3397 224 3536 283 1358

270 354 452 408 sium:
500 353 819 429 Ambrosius
876 351 1162 403 Theodosio
1218 352 1562 417 imperatori.
1612 349 1923 419 EpistolaA
1947 348 2222 403 Chronica
2242 349 2420 402 sancti
2460 347 2662 403 Isidori
2696 348 2982 420 Spalensis
3024 348 3291 419 episcopi;
3331 349 3537 403 descri-

266 439 548 494 Ambrosii
596 437 667 492 ad
712 424 1024 508 Eugenium
1068 437 1497 507 imperatorem:
1551 438 1862 491 Ctemenlis-
1948 437 2081 491 bens
2120 437 2495 491 Historiarum
2540 436 2873 492 breviarium
2919 435 2988 492 ab
3041 435 3268 491 exordio
3312 432 3529 502 mundi,

266 532 405 583 sime
432 528 756 596 imperatori
785 524 1046 593 Eugenio,
1084 524 1405 579 Ambrosius
1437 527 1729 592 episcopus.
1774 526 1862 579 In-

266 617 402 688 cipit
427 616 569 671 Iiber
587 614 765 670 sancti
785 613 1066 669 Ambrosii
1097 613 1182 668 De
1214 613 1370 667 obitu
1409 613 1709 667 Theodosii
1763 614 1864 666 im-

266 705 541 778 peratoris
578 724 589 758 :
621 704 730 759 Hoc
754 704 909 757 nobis
954 708 1132 756 motus
1176 706 1384 771 gravis.
1434 698 1639 772 Incipit
1686 701 1864 756 sancti

266 793 548 850 Ambrosii
580 792 825 864 epiScopi
845 792 925 846 De
960 808 1189 846 excessu
1216 786 1407 845 fratris
1449 790 1576 844 libri
1621 805 1681 855 II,
1724 807 1864 860 quo-

265 900 394 938 rum
424 882 637 954 primus
662 882 740 936 sic
759 880 988 952 incipit:
1027 878 1379 943 Deduwimus,
1400 881 1604 947 fratres
1629 879 1866 932 dilectis-

266 975 418 1033 simi,
447 968 681 1024 hostiam
712 987 910 1024 meam.
945 968 1151 1039 Incipit
1171 968 1452 1023 secundus
1480 969 1549 1022 de
1565 968 1761 1021 eadem
1777 982 1855 1021 re:

268 1052 336 1116 In
367 1062 454 1114 die
486 1060 667 1113 octavo
704 1061 984 1127 superiore
1037 1059 1215 1112 libello
1258 1058 1477 1125 aliquid
1522 1059 1863 1111 indulsimus

267 1148 552 1204 desiderio.
578 1148 908 1203 AmbrosiUs
927 1147 1218 1218 episcopus
1247 1142 1462 1202 clericis
1488 1164 1500 1200 :
1533 1148 1865 1213 Plerumque

270 1240 537 1292 humanis
579 1237 809 1305 obrepsit
850 1237 1142 1291 mentibus.
1197 1235 1526 1291 Ambrosius
1574 1235 1867 1305 episcoptIs

268 1320 522 1382 Irenaeo:
570 1327 777 1393 Quaeris
808 1342 844 1378 α
883 1328 966 1379 me
1006 1341 1109 1379 cur
1147 1327 1418 1379 Dominus
1464 1326 1606 1379 Deus
1656 1338 1868 1378 manna

264 1418 496 1485 pluerit.

341 1492 386 1557 Τ
416 1503 521 1558 Sex
548 1490 676 1557 libri
694 1503 996 1574 Augustini
1034 1501 1279 1574 episcopi
1308 1502 1563 1555 catholici
1596 1500 1652 1556 in
1695 1501 1869 1555 libros

1944 546 2123 599 usque
2148 530 2219 583 ad
2240 529 2483 583 Heraclii
2509 536 2751 601 tempus,
2787 530 2944 585 liber.
2983 518 3150 584 Liber
3175 530 3535 585 Ditferentia-

1944 628 2070 672 rum
2101 617 2298 672 Isidori
2326 616 2611 689 Spalensis
2632 620 2874 690 episcopi
2899 644 2909 676 :
2960 618 3051 673 hic
3098 602 3241 673 liber
3268 619 3347 673 sic
3393 619 3535 674 inci-

1945 707 2052 777 pit.
2078 751 2088 763 .
2113 751 2125 763 .
2148 751 2160 762 .
2185 752 2196 763 .
2293 752 2304 762 .
2336 700 2479 761 Item
2508 707 2589 761 De
2617 708 3068 763 distinctionibus
3101 714 3343 779 quatuor
3370 707 3536 762 vitio-

1946 812 2071 848 rum
2092 841 2105 861 ,
2139 795 2229 848 hic
2252 794 2394 849 liber
2422 795 2501 849 sic
2520 795 2741 866 incipit:
2776 797 2980 851 Contra
3013 798 3120 851 haec
3151 803 3264 851 tam
3284 812 3340 850 Iv
3360 800 3538 852 virtu-

1948 886 2065 937 tum
2094 900 2313 951 genera.
2344 885 2487 938 Item
2518 885 2816 951 secundus,
2844 872 2925 940 De
2969 882 3300 940 dill'erentiis
3338 880 3535 940 verbo-

1945 989 2071 1026 rum
2095 991 2107 1037 ;
2142 972 2232 1025 hic
2257 972 2397 1027 liber
2422 973 2503 1027 sic
2530 973 2750 1045 incipit:
2778 962 3022 1029 Isidorus
3054 977 3258 1037 lectori,
3278 977 3534 1029 salutem.

1945 1059 2198 1129 Plerique
2224 1069 2468 1115 veterum
2484 1079 2803 1118 sermonum
2833 1064 3172 1129 di/l'erentias
3199 1065 3539 1132 distinguere

1948 1140 2299 1205 studuerunt.
2353 1152 2549 1206 Sermo
2602 1152 2802 1207 Isidori
2858 1158 3056 1206 contra
3109 1153 3389 1207 Arianos;
3443 1153 3539 1226 qui

1949 1238 2029 1293 sic
2056 1238 2277 1309 incipit:
2331 1241 2473 1301 Veni,
2516 1241 2747 1294 Domine
2789 1243 2915 1295 Jesu
2961 1241 3190 1305 Christe,
3233 1242 3540 1310 redemptor

1950 1332 2152 1379 naster.

2021 1414 2216 1469 Sermo
2245 1410 2422 1468 sancti
2444 1413 2675 1469 Joannis
2702 1406 2766 1471 0s
2790 1419 2970 1480 aurei,
3022 1408 3103 1470 De
3148 1417 3364 1487 psalmo
3391 1434 3442 1483 ιι,
3488 1423 3546 1472 et

1950 1501 2277 1575 pmnitentia
2305 1492 2727 1579 David,qui.sic
2753 1503 2984 1575 incipit:
3025 1506 3108 1558 Ad
3139 1512 3294 1559 αεηώ
3331 1522 3420 1559 vos
3453 1522 3541 1579 re-

268 1578 479 1646 .luliani
512 1591 757 1645 haeretici
789 1590 1102 1661 Pelagianae
1120 1590 1367 1653 haeresis,
1386 1600 1615 1660 excepta
1636 1589 1872 1660 epistola
1955 1586 2158 1660 liquias
2206 1578 2732 1663 vocamus.Epistola
2771 1594 3021 1662 ejusdem
3069 1580 3143 1647 ad
3180 1610 3273 1647 eos
3319 1594 3415 1664 qui
3456 1576 3542 1649 di-

269 1680 343 1735 ad
368 1686 537 1751 caput
556 1680 837 1749 adjuncta.
863 1666 987 1733 HOC
1015 1695 1154 1749 Opus
1201 1679 1280 1732 sic
1318 1678 1537 1749 incipit:
1580 1665 2103 1745 Contume-Bcunt,
2149 1681 2334 1744 Quare
2372 1698 2484 1735 non
2522 1680 2591 1735 de
2634 1681 2822 1735 medio‘
2850 1681 3103 1736 sublatus
3124 1688 3211 1736 est
3254 1668 3541 1751 diabolus;

271 1773 382 1823 tias
410 1775 532 1823 tuas
561 1774 609 1822 et
642 1770 801 1822 verba
828 1770 1114 1829 maledica,
1140 1770 1385 1821 Juliane.

344 1858 389 1910 Γ
417 1857 719 1926 Augustini
742 1856 1008 1910 adversus
1038 1855 1208 1908 libros
1232 1854 1591 1908 Parmeniani
1633 1853 1868 1907 Donati-

272 1952 392 2009 stze,
424 1946 555 2000 libri
581 1960 661 1999 In.
698 1946 815 1999 Hoc
840 1961 980 2016 Opus
1010 1944 1089 1998 sic
1108 1944 1305 2014 incipit
1328 1963 1339 1997 :
1374 1930 1550 1997 Multa
1577 1945 1797 2010 quidem
1822 1946 1869 1994 et

270 2038 419 2089 alias
441 2037 705 2088 adversus
723 2036 1057 2088 Donatislas.
1088 2032 1233 2087 Item
1252 2032 1607 2101 Augustinus
1632 2031 1706 2085 De
1724 2031 1871 2085 bono

272 2122 577 2193 conjugali.
606 2110 710 2175 Hic
738 2121 883 2174 liber
919 2120 998 2174 sic
1020 2121 1244 2191 incipit:
1272 2122 1339 2174 In
1369 2119 1655 2187 coniugali
1675 2122 1873 2186 quippe

273 2214 515 2272 vinculo,
552 2212 648 2263 hoc
666 2212 729 2264 de
756 2212 894 2263 libro
930 2212 1415 2265 Retractationum.
1473 2208 1552 2261 De
1581 2207 1782 2278 spiritu
1817 2212 1875 2259 et

275 2300 489 2364 littera,
520 2299 591 2352 ad
622 2298 1013 2359 Marcelinum,
1048 2297 1226 2351 sancti
1246 2296 1548 2366 Augustini
1588 2296 1869 2365 prologus,

274 2390 361 2444 adli
379 2398 555 2459 quem
581 2388 878 2458 scripserat
906 2394 1023 2441 tros
1051 2386 1238 2441 libros.
1274 2385 1441 2440 Liber
1472 2385 1653 2440 sancti
1679 2385 1874 2453 Augué

276 2472 412 2533 δεῇί
445 2465 520 2533 ad
544 2462 934 2531 Marcellinum
963 2476 1043 2530 De
1070 2474 1273 2546 spiritu
1305 2468 1595 2528 etlittei‘a:
1628 2473 1719 2526 hic
1734 2471 1877 2525 liber

277 2568 357 2621 sic
396 2565 629 2637 incipit:
677 2568 839 2620 Lectis
884 2568 1158 2633 opusculis
1198 2580 1317 2631 qua
1357 2571 1533 2630 nuper
1575 2563 1867 2615 elaboravi.

280 2657 482 2710 Sermo
509 2654 684 2707 sancti
714 2653 1013 2723 Augustini
1044 2652 1124 2705 De
1154 2650 1453 2722 prementia
1476 2650 1597 2713 Dei,
1628 2649 1698 2703 ad
1730 2649 1874 2702 Dar-

279 2744 530 2809 danum;
561 2742 651 2795 hic
679 2740 819 2794 liber
844 2741 922 2794 sic
964 2739 1188 2810 incipit:
1238 2738 1429 2792 Fateor
1466 2746 1566 2799 me,
1620 2736 1706 2804 ﬁli
1741 2738 1878 2790 Dar-

281 2834 443 2885 dane.
471 2832 614 2884 Item
645 2846 833 2883 sermo
871 2828 1049 2881 sancti
1076 2826 1378 2897 Augustini
1406 2827 1485 2880 De
1522 2824 1876 2895 virginitate;

280 2920 374 2973 hic
404 2919 549 2973 liber
577 2918 656 2972 sic
686 2918 913 2988 incipit:
950 2918 1229 2983 Quantam
1258 2919 1319 2969 in
1340 2916 1633 2968 caelestibus
1654 2914 1883 2966 beatitu-

283 3010 477 3061 dinem
508 3010 805 3074 virginitas
834 3010 1029 3059 sancta
1056 3006 1345 3072 possideat.
1365 3002 1571 3073 Incipit
1598 3002 1740 3054 liber
1767 3004 1885 3053 Aun

283 3095 502 3167 gustini
532 3096 613 3149 De
646 3100 771 3148 ver‘a
797 3093 1067 3163 teligibne
1092 3111 1106 3160 ;
1130 3091 1221 3147 hic
1248 3090 1392 3145 liber
1405 3088 1885 3161 sicincipit:Cum

285 3188 470 3238 omnis
497 3186 617 3237 vita:
638 3184 784 3235 bona:
811 3199 876 3235 ac
902 3182 1077 3235 beatae.

358 3273 404 3327 I‘
435 3271 592 3325 Libri
620 3286 684 3325 iu
714 3270 893 3325 sancti
915 3268 1221 3339 Augustini
1244 3269 1321 3323 De
1349 3266 1518 3322 verbo
1556 3264 1782 3320 Domini
1827 3263 1887 3317 in

284 3361 662 3430 evangelistas
692 3364 825 3420 tres,
858 3357 913 3411 id
938 3364 1023 3412 est
1052 3357 1367 3421 Matthzeus,
1401 3357 1580 3409 Lucas
1610 3360 1665 3408 et
1715 3354 1887 3407 Joan-

286 3471 430 3521 nes;
464 3453 613 3524 quod
660 3469 799 3523 opus
830 3451 890 3504 in
932 3449 1149 3504 duobus
1194 3448 1573 3504 voluminibus
1618 3447 1886 3517 scriptum

288 3542 585 3596 habemus.
625 3542 754 3596 Non
783 3540 906 3594 dico
938 3538 1087 3609 quod
1116 3538 1185 3592 de
1214 3554 1325 3592 uno
1357 3537 1499 3590 libro
1529 3536 1886 3590 divisiotacta

292 3630 480 3685 fuitin
511 3616 622 3683 duo
658 3628 974 3694 volumina;
1016 3626 1113 3681 sed
1151 3626 1284 3696 quia
1314 3624 1575 3679 eumdem
1615 3618 1699 3677 bis
1750 3622 1887 3677 scri-

287 3726 452 3789 ptum
484 3718 779 3771 habemus.
809 3716 1223 3786 Scripseramus
1250 3713 1475 3784 quidem
1494 3730 1618 3766 eum
1645 3710 1885 3783 pridem,

287 3808 391 3863 sed
420 3823 536 3861 non
565 3813 683 3860 tam
708 3805 1023 3859 luculenter
1050 3809 1115 3857 ut
1141 3798 1370 3874 postea;
1396 3818 1635 3873 quorum
1674 3800 1889 3871 primus

288 3884 371 3952 sic
394 3895 619 3966 incipit:
652 3880 1066 3960 Evangelistam
1091 3893 1430 3956 audivimus,
1459 3895 1509 3943 et
1544 3892 1605 3942 in
1632 3906 1689 3942 eo
1712 3878 1891 3943 Domi-

290 4002 437 4039 num
466 4000 550 4037 eos
580 3983 924 4050 arguentem.

364 4074 408 4128 Γ
441 4072 524 4125 De
545 4087 821 4125 consensu
837 4068 1344 4139 Evangelistarum,
1367 4066 1495 4121 libri
1520 4082 1573 4121 IV
1588 4069 1612 4133 ’;
1637 4062 1742 4121 hoc
1752 4082 1892 4136 opus

1948 1770 2038 1824 hic
2061 1769 2202 1822 liber
2228 1769 2307 1822 sic
2340 1770 2574 1840 incipit:
2612 1772 2853 1825 Rursum
2893 1772 3039 1824 vobis
3084 1788 3332 1825 mensam
3372 1774 3542 1839 quam

1945 1860 2164 1926 pridem
2188 1859 2515 1925 promisi.In
2541 1859 2766 1912 nomine
2795 1865 3000 1913 sanctas
3032 1865 3087 1912 et
3105 1859 3404 1914 individuus
3424 1861 3544 1914 Tri-

1951 1947 2164 2009 nitatis,
2195 1946 2471 2016 incipiunt
2494 1953 2620 2001 acta
2649 1947 2825 2001 sancti
2848 1940 3115 2001 Methodii
3147 1948 3390 2018 Episcopi
3431 1949 3542 2003 Pa-

1951 2034 2210 2097 terensis,
2242 2035 2322 2089 De
2361 2035 2548 2105 regnis
2578 2052 2776 2105 regum
2799 2037 3079 2106 gentium,
3104 2042 3163 2090 et
3188 2038 3267 2091 De
3298 2037 3541 2092 novissi-

1954 2124 2062 2177 mis
2082 2122 2427 2193 temporibus
2448 2130 2611 2177 certa
2630 2124 3036 2178 demonstratio
3068 2125 3408 2179 Christiana.

2025 2213 2146 2265 Duo
2176 2211 2303 2265 libri
2321 2213 2465 2281 Aug.
2489 2213 2570 2266 De
2592 2212 2795 2266 Genesi
2815 2218 3009 2266 contra
3038 2213 3372 2268 Manichaeos
3399 2233 3410 2267 :
3443 2214 3549 2269 hoc

1955 2318 2095 2371 opus
2124 2300 2207 2353 sic
2230 2300 2462 2371 incipit:
2492 2300 2556 2355 Si
2580 2304 2838 2368 eligerent
2868 2302 3160 2355 Manichzi
3186 2318 3318 2369 quos
3347 2302 3554 2369 decipe-

1957 2395 2098 2443 rent.
2129 2390 2283 2443 Idem
2313 2389 2424 2443 duo
2447 2389 2576 2443 libri
2609 2390 2789 2443 moti
2817 2390 3207 2460 Augustiniad
3232 2390 3548 2462 Simplici!-

1957 2478 2129 2544 niitn;
2160 2477 2262 2530 hoc
2295 2478 2435 2548 o’p’us
2475 2478 2561 2532 sic
2602 2478 2834 2548 incipit:
2880 2470 3359 2534 Grdttosistim‘ant
3380 2478 3550 2547 plaﬁe

1959 2572 2121 2633 atque
2146 2569 2534 2619 suavissimam
2561 2554 3064 2633 interrogatibnum
3097 2573 3325 2620 tuarum
3357 2569 3553 2635 digna-

1962 2650 2335 2706 tionemltem
2366 2653 2714 2722 Augustinus
2729 2653 2800 2706 ad
2817 2654 3213 2720 Dulcitium,de
3229 2659 3353 2709 octo
3373 2671 3555 2725 quaes-

1961 2739 2242 2793 tionibus:
2271 2742 2376 2794 hoc
2406 2750 2547 2811 opus
2577 2741 2656 2795 sic
2682 2741 2917 2811 incipit:
2968 2744 3251 2808 Quantum
3293 2745 3438 2796 mihi
3474 2745 3554 2795 vi-

1962 2830 2141 2889 detur,
2168 2831 2252 2895 ﬁli
2279 2831 2628 2883 dilectissime
2654 2832 2884 2884 Dulciti.

2033 2916 2235 2986 Incipit
2268 2917 2553 2987 Expositio
2582 2934 2755 2989 super
2781 2918 3010 2973 Cantica
3050 2918 3395 2973 canticorum
3437 2921 3554 2991 Ap-

1967 3004 2155 3075 ponii;
2192 3005 2280 3058 hic
2318 3005 2461 3058 liber
2497 3006 2577 3060 sic
2626 3006 2850 3077 incipit:
2900 3008 3329 3062 Admiranlibus
3374 3025 3554 3063 vocem

1964 3093 2213 3162 Spiritus
2240 3094 2439 3148 sancti.

2037 3174 2336 3237 TDeCreta
2380 3168 2795 3254 pontiﬁcum...
2829 3184 2996 3254 primi
3041 3168 3346 3240 Clementis
3400 3202 3559 3258 papae

1969 3271 2039 3325 ad
2072 3271 2399 3325 Damasum;

2039 3360 2083 3413 T
2114 3360 2256 3413 Item
2282 3358 2581 3429 Augustini
2620 3359 2749 3413 libri
2784 3375 2856 3414 xv
2884 3361 2965 3415 De
3005 3361 3228 3417 civitate
3264 3363 3386 3431 Dei,
3416 3378 3454 3417 Χ
3498 3364 3558 3417 in

1969 3446 2248 3500 volumine
2268 3463 2400 3513 uno,
2433 3452 2491 3501 et
2514 3464 2543 3499 ν
2573 3447 2632 3500 in
2662 3449 2792 3502 alio.

2038 3531 2083 3589 T
2118 3534 2494 3589 Historiarum
2522 3535 2885 3606 antiquarum
2912 3552 3039 3593 XLIV
3068 3537 3163 3592 lib.
3197 3538 3369 3610 Τι’οεὶ
3390 3540 3559 3595 Pom-

1970 3640 2100 3695 pen.

2039 3712 2083 3766 T
2112 3712 2393 3783 Expositio
2422 3712 2474 3765 in
2499 3705 2861 3782 Evangelium
2899 3702 3146 3770 Mattheei
3191 3700 3343 3770 edita
3372 3719 3561 3773 nescio

1970 3818 2004 3855 a
2040 3817 2149 3871 quo
2184 3807 2434 3864 auctore.
2467 3818 2592 3883 cum
2626 3803 2855 3881 prologo
2886 3788 2962 3856 ad
2987 3810 3155 3879 caput
3194 3790 3426 3875 juncta;
3471 3792 3564 3861 hic

1970 3889 2113 3943 liber
2140 3889 2218 3943 sic
2246 3889 2441 3960 incipit
2463 3909 2474 3943 :
2500 3889 2636 3943 Cum
2657 3892 2915 3958 diligenti
2939 3894 3140 3953 studio,
3174 3910 3240 3947 ac
3268 3911 3393 3948 cum
3413 3898 3564 3948 solli-

1974 3981 2081 4031 cita
2093 3978 2319 4030 diversis
2332 3979 2657 4030 testimoniis
2673 3979 2937 4045 propheta
2945 3984 3563 4047 rum,evangelistarum

1974 4082 2270 4119 numerum
2294 4068 2546 4118 volumus
2574 4067 2895 4132 approbare.
2929 4054 3046 4120 Hoc
3067 4073 3259 4122 autem
3289 4085 3430 4138 opus
3443 4075 3563 4124 ten-

290 4161 374 4215 sic
416 4146 617 4229 incipit
651 4148 840 4215 :Inter
886 4175 1069 4212 omnes
1118 4160 1336 4211 divinas
1384 4159 1737 4209 auctoritates
1776 4170 1894 4223 qua;
1974 4154 2057 4208 dit
2084 4170 2261 4223 usque
2299 4153 2369 4206 ad
2419 4153 2805 4222 Evangelium,
2863 4171 2974 4225 quo
3021 4156 3147 4211 ait:
3205 4158 3357 4210 Tunc
3391 4158 3562 4212 oblati

290 4238 469 4303 sacris
497 4236 698 4301 litteris
719 4250 1093 4300 continentur.

1907 4247 2103 4339 1)sunt
2133 4245 2183 4295 ei
2203 4243 2434 4309 parvuli
2462 4246 2523 4294 ut
2561 4258 2761 4295 manus
2794 4246 2868 4296 eis
2896 4247 3199 4311 imponeret
3240 4250 3289 4298 et
3337 4251 3522 4299 oraret
3540 4265 3557 4310 ;

363 4338 410 4393 T
450 4322 616 4418 Liber
655 4322 1135 4407 Etymologiarum
1183 4318 1383 4388 Isidori
1434 4324 1718 4403 Spalensis
1776 4318 1956 4400 (sic)‘"
1975 4337 2030 4384 et
2058 4329 2325 4384 dividitur
2351 4330 2623 4401 expositio
2648 4331 2775 4386 libri
2804 4333 2862 4386 in
2886 4349 3051 4387 LXXVI
3079 4334 3341 4405 capitula.

293 4441 566 4497 eplSCOpl.

367 4500 411 4568 Γ
442 4513 597 4567 Libri
621 4529 657 4568 Χ
687 4498 826 4567 LiVii
859 4512 973 4580 (sic)
998 4511 1067 4565 ab
1110 4498 1257 4565 Urbe
1287 4507 1533 4573 condita,
1573 4508 1669 4563 sed
1707 4508 1892 4580 capita

290 4617 384 4668 XL,
406 4602 592 4656 adhuc
618 4590 823 4656 desunt
846 4586 1217 4671 Pomposiano
1247 4594 1455 4664 abbati,
1489 4614 1611 4668 qua:
1641 4597 1889 4669 reperire

291 4680 460 4745 avide
498 4680 747 4745 anhelat.

364 4781 408 4834 Γ
438 4768 609 4834 Liber
638 4776 1017 4849 praemiorum
1064 4776 1143 4830 De
1182 4766 1341 4830 libris
1398 4762 1538 4829 NOvi
1580 4779 1636 4827 et
1668 4768 1888 4828 Veteris

285 4848 659 4925 Testamenti.
694 4850 840 4921 item
868 4866 1010 4919 liber
1036 4865 1215 4918 sancti
1236 4860 1435 4918 I'sidori
1480 4848 1562 4917 De
1600 4862 1731 4926 vita,
1760 4866 1888 4916 ortu

288 4964 350 5012 et
369 4957 530 5012 obitu
551 4944 884 5010 Sanctorum
931 4940 1184 5019 Patrum,
1222 4951 1317 5023 qui
1364 4952 1419 5005 in
1469 4948 1886 5021 Scripturarum

286 5042 561 5100 laudibus
606 5045 963 5109 referuntur;
997 5042 1087 5096 hic
1133 5041 1275 5097 liber
1320 5041 1398 5095 sic
1450 5040 1684 5111 incipit:
1749 5030 1890 5094 Inci-

278 5138 460 5204 piunt
483 5136 730 5188 nomina.
771 5169 784 5187 .
822 5172 834 5186 .
868 5173 879 5185 .
914 5176 926 5189 .
958 5172 971 5185 .
1008 5171 1020 5184 .
1057 5172 1069 5185 .
1107 5132 1475 5184 .Sanctorum
1525 5129 1756 5182 Patrum
1787 5119 1891 5182 Ve-

282 5222 433 5279 teris
461 5210 809 5276 Testamenti
838 5219 1074 5291 mystice
1107 5219 1356 5290 exposita
1387 5235 1421 5271 a
1450 5223 1643 5273 sancto
1672 5212 1888 5271 Isidoro

284 5296 558 5382 Spalensi
579 5309 855 5380 episcopo.
890 5294 999 5361 Hic
1031 5305 1174 5360 liber
1210 5306 1290 5360 sic
1330 5296 1562 5376 incipit:
1610 5298 1789 5360 Adam

281 5380 505 5467 garum
527 5388 735 5453 Christi
750 5399 997 5465 gestavit.
1029 5384 1173 5449 Item
1202 5395 1432 5450 nomina
1460 5399 1781 5450 sanctorum
1810 5380 1890 5448 De

278 5472 454 5543 Novo
480 5472 872 5543 Testamento;
894 5478 1001 5541 hoc
1040 5500 1181 5557 opus
1219 5484 1301 5539 sic
1344 5474 1574 5555 incipit:
1618 5480 1887 5550 Quatuor.

2043 4420 2349 4495 Memento,
2369 4419 2615 4489 prudens
2647 4421 2840 4487 lector,
2870 4422 3005 4491 quia
3047 4423 3240 4477 solerti
3264 4439 3402 4478 cura
3442 4424 3561 4495 (sic)

1973 4506 2343 4560 strenuissimi
2367 4507 2586 4562 abbatis
2615 4509 2943 4580 Hieronymi
2971 4511 3229 4580 superius
3255 4511 3411 4578 dicti,
3436 4529 3562 4567 om-

1972 4612 2070 4649 nes
2098 4600 2240 4665 pe‘ne
2270 4600 2441 4666 supra
2466 4603 2933 4651 oommemoratos
2963 4584 3133 4653 libros
3180 4600 3434 4670 diligenti
3456 4600 3563 4655 sibi

1972 4684 2233 4738 exercitio
2248 4685 2366 4754 jam
2393 4684 2637 4738 scribere
2665 4684 2808 4739 fecit.
2839 4685 2971 4739 Ideo
3013 4686 3164 4740 enim
3208 4688 3349 4754 dixi,
3390 4705 3555 4760 pene,

1970 4773 2100 4843 quia
2127 4772 2397 4843 quosdam
2425 4790 2565 4843 quos
2603 4779 2829 4827 sanctus
2849 4762 3199 4844 Augustinus
3218 4777 3278 4831 in
3295 4778 3437 4833 libro
3455 4779 3560 4833 Re-

1968 4861 2364 4915 tractationum
2395 4868 2815 4928 commemorat,
2848 4863 2968 4933 ejus
2996 4864 3171 4919 avidae
3197 4882 3559 4921 manusnun—

1970 4950 2104 5004 dum
2132 4947 2259 5019 (sic)
2278 4950 2555 5020 attingere
2571 4951 2882 5005 valuerunt.
2903 4952 3061 5006 Unde
3081 4970 3248 5023 sagax
3270 4954 3558 5024 ingenium

1969 5039 2120 5092 illius
2154 5054 2441 5108 nunquam
2480 5026 2717 5109 quiescit
2762 5039 2955 5094 sedulo
2998 5042 3292 5111 rOgitando
3326 5057 3559 5111 percun—

1971 5114 2173 5180 ctando
2193 5112 2286 5180 ubi
2308 5125 2521 5180 habiles
2542 5134 2858 5182 sanctorum
2880 5128 3004 5182 libri
3024 5130 3559 5199 latitent,quatenus

1971 5208 2047 5269 ad.
2072 5232 2265 5270 eorum
2291 5201 2615 5286 indaginem
2636 5217 2942 5293 pervenire,
2978 5223 3036 5270 et
3062 5233 3163 5270 suo
3190 5216 3435 5270 armario
3462 5216 3558 5271 ad-

1971 5304 2105 5359 dere
2129 5305 2330 5389 valeat,
2353 5294 2417 5358 ut
2440 5304 2588 5357 inter
2624 5304 2843 5379 Italicas
2872 5298 3245 5379 Pomposiana
3272 5304 3412 5358 mire
3456 5303 3562 5359 tul.

1970 5398 2102 5462 geat
2122 5391 2382 5448 Ecclesia.
2407 5391 2615 5446 Omnia
2641 5391 2741 5445 Dei
2762 5392 3063 5445 clementia
3086 5391 3236 5446 circa
3261 5409 3412 5459 suos,
3432 5409 3564 5464 qua

1973 5481 2053 5535 sic
2073 5474 2243 5536 ﬁdem
2533 5468 2687 5550 facit,
2720 5484 2785 5535 ut
2824 5480 2986 5553 quasi
3013 5480 3264 5539 esuriens
3299 5482 3561 5541 comedat
