3972 6172
583 314 718 374 1359

572 528 908 583 desiderium
942 528 1112 593 illius,
1141 528 1367 582 modum
1389 528 1445 581 in
1468 528 1804 599 requirendo
1823 545 1932 582 non
1956 528 2167 598 reperit

569 618 766 682 ullum,
801 617 898 671 sed
922 617 1277 685 pnhelanter,
1311 634 1657 688 operoseque
1704 617 1994 681 annititur,
2030 634 2161 687 quo,

568 722 629 759 se
686 705 825 767 vivo,
896 705 1100 759 eximia
1139 706 1409 760 librorum
1439 706 1596 776 copia
1614 705 1895 776 propriam
1911 706 2053 759 ditet
2071 706 2166 760 Ec-

567 794 815 849 clesiam.
841 794 949 849 Sed
969 795 1102 865 quia
1129 794 1271 848 livor
1303 800 1360 848 et
1387 794 1592 865 iniquae
1624 794 1871 864 [linguae]
1928 792 1981 864 1)
2026 811 2160 848 con-

565 883 781 954 tagium
804 900 949 954 saepe
978 882 1127 937 inter
1155 883 1335 937 felicia
1365 900 1557 937 secure
1601 900 1665 936 ac
1704 882 1842 937 bene
1881 891 2041 953 gesta
2078 900 2164 937 ro-

564 973 697 1027 dere
726 973 925 1038 solent,
967 988 1078 1025 non
1108 972 1433 1042 ignoramus
1456 973 1710 1026 futurum
1742 972 1860 1025 fore
1890 972 2162 1042 quosdam

564 1060 980 1132 superstitiosos
1008 1068 1066 1115 et
1115 1061 1422 1125 malivolos,
1468 1061 1563 1131 qui
1600 1066 1665 1114 ut
1694 1066 1887 1115 sancto
1916 1061 2037 1114 loco
2065 1061 2164 1115 de-

561 1151 813 1208 trahant.
837 1156 901 1204 ut
929 1150 1141 1221 optimo
1169 1149 1355 1203 abbati
1382 1150 1743 1203 calumnize...
1764 1152 2025 1220 ingerant
2040 1166 2163 1220 pro-

562 1239 678 1294 caci
722 1255 857 1293 cura
899 1238 1205 1308 indagare;
1254 1255 1355 1292 cur
1414 1238 1559 1292 idem
1612 1237 1945 1291 venerabilis
1990 1238 2161 1293 abbas

561 1327 938 1398 Hieronymus
991 1326 1168 1381 voluit
1198 1326 1493 1397 gentilium
1542 1326 1778 1389 codices,
1832 1325 2160 1396 fabulasque

558 1415 1122 1485 erroris,exactosque
1145 1421 1415 1485 tyrannos
1433 1415 1633 1469 divinae
1662 1414 1908 1468 inserere
1934 1414 2154 1467 veritati

555 1504 889 1576 paginaeque
915 1502 1182 1557 librorum
1204 1508 1544 1557 sanctorum.
1570 1502 1782 1566 Quibus
1806 1502 2151 1572 responden-

551 1592 689 1647 dum
718 1592 1038 1664 apostolicis
1066 1592 1265 1653 verbis,
1302 1592 1433 1662 quia
1463 1591 1521 1645 in
1547 1591 1712 1645 domo
1755 1590 1999 1661 potentis
2032 1608 2142 1645 non

550 1681 735 1736 solum
753 1697 885 1734 vasa
912 1696 1085 1735 aurea
1114 1685 1171 1734 et
1198 1685 1483 1750 argentea,
1521 1679 1619 1734 sed
1644 1685 1702 1734 et
1725 1679 1917 1733 ﬁctilia
1945 1684 2143 1734 sunt...

552 1771 633 1837 (ΙΙ
658 1771 796 1824 Tim.
826 1784 886 1834 Il,
930 1767 1045 1838 ‘20).

614 1948 699 2019 (l)
726 1948 817 2006 Sic
842 1948 1141 2020 legendum
1164 1953 1318 2019 puto,
1348 1947 1573 2003 nonnisi
1595 1963 1697 2001 vox
1728 1963 1843 2001 una
1874 1946 2050 2001 deest.

1664 315 1975 371 ROBERTI
2013 315 2318 371 ABBATIS
2358 317 2416 371 S.
2456 315 2758 372 VIGORIS

573 457 676 495 nec
696 441 950 504 satietur,
983 439 1176 494 sitiens
1199 438 1746 511 ebibatampliusque
1767 438 2167 510 sitiat.Quippe
2188 444 2238 500 Α

3113 222 3153 241 δ

3625 325 3731 383 1360

2459 442 2576 496 Hoc
2604 442 2719 513 egit
2736 446 2801 497 ut
2830 458 2930 513 pro
2958 440 3144 495 studio
3174 445 3230 494 et
3253 442 3429 496 merito
3464 461 3547 499 suo
3579 446 3731 504 habeat

2248 531 2634 601 unusquisque
2666 532 2720 584 in
2752 529 2952 601 quibus
2984 530 3288 591 oblectatur
3321 536 3371 583 et
3396 534 3579 604 proprie
3614 552 3732 590 exet.

2247 626 2371 674 ceat
2399 620 2706 691 ingenium.
2743 619 2890 673 Hinc
2917 626 2973 673 et
3001 619 3127 689 ipsa
3156 619 3368 673 Veritas
3393 621 3460 673 ait
3496 639 3505 674 :
3540 624 3592 677 In
3617 625 3731 679 doma

2246 713 2430 765 Patris
2475 712 2583 762 mei
2623 712 2935 762 mansiones
2976 709 3163 761 multae
3200 713 3324 760 sunt
3362 711 3523 775 (Joan.
3558 725 3641 772 Juv,
3675 711 3729 780 2).

2247 799 2425 855 Credo
2450 806 2514 852 ut
2543 805 2752 870 quanto
2786 798 2910 868 quis
2944 797 3034 852 hic
3078 796 3186 850 erit
3222 796 3461 861 sanctior,
3501 802 3625 852 tanto
3652 799 3731 854 illic

2244 887 2477 942 beatior.
2507 887 2658 941 Idem
2686 903 2907 957 quoque
2934 885 3233 956 gentilium
3261 891 3586 940 commentum
3610 886 3728 941 libro-

2246 995 2391 1041 rum,
2424 976 2467 1030 si
2490 977 2559 1030 ad
2590 993 2788 1047 puram
2821 974 3213 1037 intentionem,
3250 973 3590 1043 intelligantur
3613 976 3731 1044 [utile

2239 1068 2344 1137 est]
2378 1066 2468 1129 ('2).
2503 1066 2645 1129 Quid
2676 1064 2826 1118 enim
2858 1064 3010 1117 aliud
3040 1068 3243 1116 sonant
3292 1078 3445 1132 quam
3486 1062 3730 1116 saecularem

2244 1174 2505 1232 pompam
2538 1154 2676 1209 nihil
2699 1153 3027 1220 esse;unde
3068 1150 3386 1222 Apostolus:
3430 1150 3607 1205 Scimus
3637 1168 3732 1218 quo-

2243 1252 2399 1302 niam
2420 1244 2777 1312 diligentibus
2791 1243 2960 1295 Deum
2973 1244 3161 1293 omnia
3178 1241 3572 1306 cooperanturin
3585 1239 3733 1291 bonum

2244 1339 2414 1405 (Rom.
2448 1349 2566 1399 vni,
2613 1330 2722 1396 ‘28).
2775 1330 3077 1395 Quiescant
3120 1328 3352 1398 itaque;
3390 1333 3736 1396 argumentosus

2237 1444 2364 1482 vero
2393 1424 2564 1479 abbas
2589 1422 2647 1475 in
2676 1424 2868 1475 sancto
2898 1435 3085 1490 opere,
3133 1422 3198 1470 ut
3245 1416 3337 1486 qui
3382 1415 3506 1469 bene
3545 1415 3736 1485 ceperit,

2233 1531 2411 1587 usque
2450 1514 2508 1568 in
2534 1513 2702 1566 ﬁnem
2734 1512 3072 1580 perseveret.
3122 1511 3185 1559 ut
3212 1504 3336 1559 libri
3362 1503 3569 1575 posteris
3594 1503 3737 1574 profu-

2231 1606 2345 1660 turi
2374 1603 2691 1657 scribantur
2728 1605 2785 1653 et
2810 1614 2910 1669 pro
2930 1595 3135 1651 futuris
3159 1592 3487 1665 temporibus
3504 1592 3563 1645 ad
3578 1608 3739 1645 memo-

2231 1696 2375 1749 riam
2414 1689 2772 1746 retinendum
2803 1687 2999 1741 itidem
3039 1683 3420 1739 subnotentur.

2304 1942 2372 2015 (‘3)
2404 1940 2493 1995 Sic
2531 1900 2807 2011 suppleto.

542 2142 3745 2175 Ψ

1860 2298 2026 2344 ANNO
2069 2296 2286 2342 DOMINI
2316 2294 2483 2339 MXCII
2898 2304 2901 2307 λ

540 2450 1782 2617 ROBERTUS
1919 2448 2227 2614 DE
2382 2428 3739 2607 TUMBALENA

1374 2728 1925 2861 ABBAS
2038 2726 2161 2861 S.

2260 2722 2990 2860 VIGOBIS.

916 3140 1461 3252 NOTITIA
1537 3137 2271 3249 HISTORICA
2347 3135 2508 3244 ET
2588 3129 3432 3242 LITTERARIA.

1676 3333 1879 3392 (Ouum
1907 3333 2110 3400 Script.
2145 3333 2367 3395 Eccles.,
2404 3333 2476 3398 Il,
2499 3327 2649 3401 769.)

589 3622 865 3678 Robertus
898 3624 968 3677 de
1014 3621 1378 3685 Tumbalena,
1432 3622 1739 3677 monachus
1780 3622 1961 3675 sancti
2005 3622 2111 3676 Mi-

516 3710 725 3765 chaelis
744 3711 801 3764 in
824 3711 1070 3782 periculo
1092 3710 1283 3775 maris,
1302 3716 1365 3763 ut
1379 3710 1572 3764 scribit
1592 3710 1891 3764 Ordericus
1914 3710 2111 3764 Vitalis

514 3795 618 3854 lib.
668 3812 767 3853 vm
814 3797 1073 3853 Historiae
1111 3797 1183 3851 ad
1228 3813 1438 3851 annum
1488 3794 1650 3864 1091,
1714 3796 1886 3851 abbas
1928 3797 2109 3852 factus

512 3892 710 3957 postea
736 3887 1061 3943 monasterii
1087 3887 1143 3941 S.
1176 3886 1399 3957 Vigoris
1420 3887 1491 3941 ad
1523 3903 1713 3941 muros
1766 3887 1920 3941 urbis
1952 3887 2111 3957 Baio-

512 3976 696 4029 censis
724 3974 782 4029 in
812 3974 1178 4030 Normannia.
1210 3976 1435 4029 Romam
1464 3976 1558 4028 ille
1580 3977 1856 4042 profectus
1886 3980 1980 4036 est,
2014 3975 2112 4027 ubi

510 4079 547 4117 a
575 4064 831 4131 Gregorio
880 4064 967 4117 γι]
1009 4079 1155 4132 papa
1199 4064 1446 4117 detentus
1489 4064 1782 4130 honoriﬁce
1820 4079 1989 4130 usque
2038 4063 2110 4114 ad

510 4157 741 4205 mortem
768 4154 1023 4207 Romana:
1051 4154 1285 4219 ﬁdeliter
1312 4153 1534 4205 servivit
1557 4152 1818 4217 Ecclesiae,
1848 4156 1912 4205 ut
1937 4150 2109 4205 Orde-

508 4240 659 4294 ricus
692 4238 840 4294 idem
872 4239 1069 4294 scribit
1096 4239 1167 4293 ad
1207 4255 1418 4293 annum
1459 4236 1621 4305 1087,
1656 4238 1801 4293 libro
1827 4240 1920 4293 cit.
1953 4242 2107 4294 Inter

507 4331 726 4395 reliqua
741 4332 955 4396 peritiae
982 4345 1093 4382 sua
1117 4333 1495 4387 monumenta,
1532 4328 1742 4381 brevem
1773 4334 1820 4381 et
1853 4330 2102 4381 luculen-

420 4468 427 4471 _
509 4421 623 4469 tam
651 4432 916 4486 sensuque
940 4418 1284 4485 profundam
1313 4431 1477 4483 super
1507 4410 1735 4470 Cantica
1758 4420 2103 4469 canticorum

504 4506 892 4571 expositionem
920 4507 983 4557 in
1013 4505 1249 4558 Ecclesia
1278 4506 1512 4565 dimisit,
1547 4508 1693 4557 teste
1744 4504 1958 4558 eodem.
2002 4504 2105 4558 Hic

504 4590 954 4646 Commentarius
983 4592 1042 4645 in
1070 4592 1303 4646 Cantica
1324 4592 1691 4657 canticorum,
1725 4594 1885 4662 cujus
1915 4593 2103 4663 prolo-

502 4694 638 4746 gum
670 4678 843 4733 edidit
868 4680 1112 4733 Joannes
1137 4679 1401 4733 Mabillon
1430 4686 1567 4734 tom.
1596 4679 1623 4733 Ι
1673 4680 2095 4743 Analectorum,

502 4781 630 4836 pag.
663 4765 788 4832 125,
814 4784 879 4821 ex
904 4784 1007 4821 ms.
1038 4768 1225 4821 codice
1256 4767 1610 4822 Balernensis
1651 4768 1708 4822 in
1757 4768 2099 4839 Burgundiaa

500 4852 708 4908 ducatu
730 4853 966 4908 abbatiae
985 4855 1197 4909 ordinis
1222 4854 1629 4922 Cisterciensis,
1663 4856 1811 4911 idem
1860 4874 1987 4911 cum
2031 4874 2096 4911 eo

499 4946 586 4996 est
613 4942 709 5013 qui
737 4942 847 4996 huc
873 4958 1049 5012 usque
1073 4943 1129 4997 S.
1155 4943 1424 5014 Gregorio
1450 4944 1656 5016 Magno
1686 4946 1963 5017 ascriptus
1984 4952 2086 5012 est,

2194 3621 2400 3692 scripto
2421 3621 2538 3675 RR.
2579 3618 2661 3685 1‘2,
2694 3619 2789 3673 fol.
2825 3617 2944 3675 187.
2994 3617 3149 3672 Idem
3197 3618 3289 3671 vel
3338 3628 3648 3687 anonymus,
3685 3615 3750 3667 vel

2194 3710 2297 3763 sub
2318 3709 2576 3780 Gregorii
2592 3708 2818 3762 nomine
2839 3704 3254 3777 simpliciter,in
3279 3703 3473 3759 multis
3493 3699 3748 3756 Galliarum

2194 3797 2542 3852 bibliothecis
2571 3814 2676 3851 ms.
2702 3802 2905 3863 exstat,
2935 3800 3000 3849 ut
3019 3794 3189 3847 habet
3217 3793 3425 3847 Petrus
3452 3791 3519 3844 de
3542 3789 3737 3842 Gussxm-

2191 3886 2323 3940 villa
2352 3886 2574 3947 citatus,
2605 3885 2701 3940 ubi
2727 3885 2784 3938 in
2815 3884 3059 3938 editione
3093 3898 3195 3936 sua
3226 3898 3466 3953 operum
3492 3880 3547 3933 S.
3577 3876 3746 3942 Grego-

2192 3973 2261 4027 rii
2284 3975 2470 4045 Magni
2494 3975 2563 4029 de
2612 3991 2744 4027 mss.
2787 3971 3072 4027 codicibus
3123 3970 3244 4041 agit
3305 3971 3378 4024 ad
3427 3983 3560 4040 quos
3594 3962 3749 4016 eadem

2192 4064 2448 4118 contulit.
2483 4062 2695 4126 Quibus
2720 4062 2865 4115 addo
2887 4060 3028 4114 alios
3057 4061 3230 4129 hujus
3253 4065 3480 4113 exstare
3502 4072 3625 4110 mss.
3643 4048 3753 4106 codi-

2192 4166 2282 4204 ces
2311 4152 2368 4205 in
2392 4151 2738 4205 bibliothecis
2760 4150 2935 4205 Clarae
2959 4149 3133 4202 Vallis
3155 4155 3215 4201 et
3236 4150 3442 4202 Aureae
3461 4144 3624 4198 Vallis
3655 4136 3748 4192 cod-

2190 4237 2538 4309 92,ejusdem
2556 4239 2937 4293 tlisterciensis
2949 4236 3405 4308 instituti,atque
3419 4236 3476 4289 in
3494 4227 3755 4302 majoribUS

2188 4329 2398 4398 passim
2420 4328 2745 4383 earumdem
2774 4325 3143 4381 bibliothecis.
3192 4324 3339 4379 Esse
3389 4329 3574 4378 autem
3613 4330 3753 4373 unum

2188 4422 2244 4470 et
2268 4417 2527 4471 eumdem
2558 4418 2705 4471 hunc
2734 4414 3196 4469 commentarium
3222 4429 3358 4468 cum
3388 4429 3454 4467 eo
3476 4409 3568 4482 qui
3587 4408 3756 4475 Grego-

2187 4504 2381 4559 rianus
2408 4505 2593 4559 dictus
2622 4510 2724 4566 est,
2764 4502 3073 4558 conferenti
3118 4501 3424 4572 utriusque
3471 4498 3621 4553 initia
3652 4508 3755 4548 cum

2144 4576 2679 4665 \consequentibus,
2739 4592 2971 4665 patebit.
3031 4590 3351 4661 Nullusque
3407 4594 3496 4645 est
3524 4586 3613 4659 qui
3654 4588 3751 4637 tam

2184 4688 2389 4753 apertae
2429 4682 2802 4753 refragabitur
2848 4681 2950 4746 rei,
2991 4679 3100 4733 nisi
3149 4679 3243 4750 qui
3298 4684 3550 4733 mentem
3589 4685 3755 4729 sanam

2181 4770 2468 4840 abjecerit.
2494 4772 2688 4842 Neque
2717 4766 3090 4840 objiciendum
3119 4784 3183 4822 ex
3225 4766 3523 4822 Analectis
3553 4769 3675 4818 tom.
3722 4758 3760 4821 Ι,

2180 4877 2307 4930 pag.
2341 4857 2466 4923 ΗΒ,
2497 4859 2803 4913 Robertum
2830 4857 3090 4913 abbatem
3122 4856 3314 4911 Sancti
3372 4854 3589 4926 Vigoris
3614 4848 3758 4904 dimi-

2178 4948 2316 5002 sisse
2336 4947 2813 5002 Commentarium
2838 4961 3001 5000 suum
3026 4945 3083 4998 in
3117 4944 3339 4998 duobus
3358 4943 3539 5003 libris,
3566 4950 3763 5005 anony-

497 5030 568 5084 ad
581 5047 748 5101 quem
777 5031 932 5085 nullo
962 5031 1126 5086 modo
1156 5039 1410 5103 spectare
1433 5040 1622 5087 censet
1642 5035 1841 5088 Petrus
1861 5035 1929 5087 de
1950 5035 2089 5088 Gus-
2174 5053 2328 5090 mum
2360 5042 2546 5090 autem
2577 5042 2730 5090 tomo
2758 5035 2836 5089 III
2867 5034 3114 5104 Operum
3163 5032 3221 5087 S.
3249 5031 3520 5101 Gregorii
3564 5025 3748 5096 Magni.

493 5120 747 5185 sanvilla,
781 5120 839 5173 in
869 5120 1171 5174 editionem
1205 5121 1450 5191 Operum
1478 5122 1589 5175 divi
1620 5122 1875 5192 Gregorii
1897 5124 2084 5193 Magni
2169 5122 2399 5197 pagﬁﬁl
2435 5124 2897 5192 Eaplanationem
2921 5123 3177 5175 incudem
3201 5121 3435 5174 Cantica
3452 5120 3753 5172 continuam

491 5208 713 5263 ultima.
738 5208 935 5263 Exstat
953 5224 1083 5263 vero
1106 5226 1209 5263 ms.
1242 5208 1299 5263 in
1332 5208 1667 5262 bibliotheca
1683 5209 1886 5280 insigni
1909 5210 1965 5265 S.
1994 5212 2084 5265 Vi-
2166 5215 2370 5281 fecisse.
2401 5214 2517 5267 Hoc
2543 5213 2692 5267 enim
2718 5217 2913 5283 postea
2940 5210 3148 5264 factum
3168 5208 3237 5262 ab
3262 5209 3369 5263 SS.
3404 5204 3769 5278 scriptoribus

488 5296 657 5351 ctoris
687 5296 1036 5363 Parisiensis,
1062 5313 1172 5351 non
1205 5314 1305 5368 pro
1334 5313 1489 5350 more
1518 5313 1619 5351 suo
1640 5299 2078 5369 anonymus,sed
2166 5308 2252 5356 est
2268 5307 2333 5356 ut
2350 5302 2496 5355 dicto
2516 5302 2971 5371 obtemperarent
3032 5297 3221 5352 abbati
3266 5298 3368 5367 qui
3423 5297 3484 5350 id
3534 5296 3591 5348 in
3632 5290 3752 5346 votis

487 5400 616 5440 cum
646 5384 975 5454 prefatione,
1009 5403 1131 5456 quae
1159 5386 1218 5439 in
1266 5384 1391 5438 aliis
1443 5400 1576 5439 mss.
1626 5386 1801 5453 deest,
1856 5397 1914 5441 et
1953 5404 2078 5442 cum
2163 5389 2361 5444 habuit
2385 5395 2441 5444 et
2464 5387 2965 5443 transcribentibus
2990 5386 3249 5456 injunxit,
3286 5384 3401 5439 sub
3442 5378 3770 5455 praefationis

483 5473 677 5529 littera
715 5472 901 5543 prima
922 5490 1023 5530 seu
1051 5473 1282 5529 initialis
1309 5473 1554 5529 auctoris
1582 5474 1649 5529 R.
1688 5475 1747 5530 in
1782 5475 1970 5530 codice
2000 5475 2082 5531 in-
2162 5495 2277 5533 suae
2300 5479 2469 5534 ﬁnem
2490 5483 2643 5534 tomo
2675 5474 2987 5549 I,pag.128,
3011 5475 3453 5532 Analectorum.
3476 5474 3594 5529 Nec
3613 5468 3768 5525 alium
