3972 6172
206 280 336 340 1361
1257 281 1631 337 COMMENT.
1674 283 1753 338 1N
1792 281 2075 345 CANTIC,
2116 266 2401 340 CANTIC.
3346 281 3485 342 1362

198 423 323 461 esse
351 406 647 478 prologum
665 404 945 460 dictorum
961 404 1509 461 Commentariorum
1527 406 1584 460 in
1603 407 1807 478 Operi-
1827 410 2041 469 Atrum
2070 409 2376 480 inscripsit,
2409 406 2638 462 Parisiis
2682 403 2817 472 in-8,
2861 423 3007 461 anno
3047 407 3208 475 1684,
3243 408 3477 464 editum.

200 494 303 551 bus
330 495 510 551 sancti
531 495 810 565 Gregorii,
837 495 1008 549 alium
1038 496 1096 549 in
1135 495 1437 557 Analectis,
1480 495 1669 550 instet.
1697 496 1805 561 Qui
1886 496 2166 568 Deceptus
2218 497 2312 550 ille
2356 514 2421 550 ex
2469 496 2660 550 littera
2711 496 2831 550 sola
2882 496 3125 551 nominis
3162 497 3366 552 initiali
3414 499 3481 564 R,

197 585 351 638 enim
389 585 448 638 in
481 584 756 656 Operibus
782 585 847 638 D.
883 584 1140 654 Gregorii
1169 592 1273 645 est,
1293 585 1458 654 juxta
1481 584 1711 638 Petrum
1736 586 1804 639 de
1887 600 2054 652 quam
2098 584 2310 637 invenit
2354 583 2412 637 in
2436 600 2540 637 ms.
2575 583 2763 637 codice
2794 583 3114 638 Navarrica:
3152 584 3485 639 Parisiensis

195 674 567 739 Gussanville,
597 690 721 744 pag.
741 670 867 741 458,
895 672 953 726 in
976 673 1374 743 manuscriptis
1404 673 1593 727 multis
1623 673 1798 739 deest,

193 762 253 816 in
273 763 403 817 aliis
439 763 735 833 discrepat,
768 763 827 815 in
865 761 990 815 aliis
1020 761 1239 814 brevior
1267 762 1349 815 vel
1382 762 1649 832 prolixior
1668 763 1804 832 legi-

191 857 305 915 tur,
342 868 444 923 pro
484 857 648 922 captu
679 850 877 904 scribae
901 851 1302 920 cujuscunque.
1337 850 1464 919 Ipso
1486 851 1652 920 hujus
1673 868 1800 922 ope-

191 941 272 995 ris
313 947 375 994 et
415 940 661 995 auctoris
718 956 847 994 vero
900 940 1133 1010 prologo
1178 939 1236 992 in
1296 939 1577 993 Analectis
1613 939 1797 994 citatis

191 1030 489 1097 existente,
521 1046 587 1083 ex
624 1046 731 1083 ms.
763 1028 951 1083 codice
991 1028 1339 1085 Balernensi.
1379 1044 1506 1082 cum
1552 1030 1797 1083 auctoris

190 1120 442 1184 nomine,
467 1125 636 1190 atque
664 1119 722 1171 in
739 1118 915 1172 altero
937 1117 994 1171 S.
1013 1117 1254 1170 Victoris
1275 1116 1623 1183 Parisiensis,
1647 1118 1795 1172 unde

191 1208 388 1262 eduxit
420 1207 654 1261 Iacobus
683 1207 978 1276 Hommey,
998 1205 1066 1259 de
1096 1221 1205 1276 quo
1234 1205 1397 1257 infra.
1435 1205 1541 1257 .-\lii
1570 1222 1794 1275 quoque

191 1296 302 1350 duo
352 1313 489 1350 mss.
538 1296 757 1349 codices
804 1295 956 1348 inter
996 1310 1133 1347 mss.
1175 1292 1392 1346 codices
1433 1292 1791 1346 ecclesiarum

189 1382 408 1451 Anglia:
428 1381 836 1435 cathedralium
881 1384 937 1432 et
978 1378 1217 1432 aliarum
1259 1376 1565 1447 insignium
1594 1375 1792 1431 biblio-

190 1471 507 1534 thecarum,
531 1469 589 1524 in
618 1486 750 1523 mss.
784 1467 1068 1521 codicibus
1107 1465 1350 1519 ecclesia:
1372 1465 1711 1519 cathedralis
1735 1472 1792 1520 et

190 1559 613 1630 metropolitica:
665 1558 721 1612 S.
773 1556 925 1611 Petri
974 1556 1124 1627 apud
1168 1555 1479 1608 Eboracum
1517 1553 1703 1608 codice
1733 1555 1785 1621 9,

190 1665 344 1702 num.
379 1648 453 1702 2:
490 1650 682 1702 Frater
719 1648 980 1702 Robertus
1032 1648 1094 1698 in
1117 1646 1362 1699 Cantica.
1397 1643 1739 1714 Principium
1776 1663 1788 1698 :

1888 669 2253 737 bibliothecae,
2294 677 2358 724 ut
2396 687 2522 742 pag.
2564 668 2668 727 273
2705 670 2930 732 fatetur,
2963 673 3305 742 anonymum
3337 673 3487 727 hunc

1884 776 1948 813 ex
2009 761 2342 830 conjecturis
2391 760 2868 814 Commentarium
2943 767 3130 815 sancto
3195 763 3485 831 Radulpho

1881 850 2289 903 Fontanellensi
2309 850 2510 910 abbati,
2534 849 2887 920 phantastica
2909 866 3141 919 prorsus
3167 850 3485 905 sanctitatis

1881 943 2049 1007 atque
2075 937 2567 990 commentationis
2595 938 2780 1002 laude,
2812 938 3106 992 concessit.
3137 939 3313 1003 Quem
3346 956 3484 1010 pro-

1880 1024 2040 1094 logus
2060 1025 2279 1095 integer
2298 1033 2435 1079 tom.
2464 1026 2487 1079 Ι
2528 1026 2924 1080 Analectorum
2949 1028 3180 1081 Joannis
3217 1027 3483 1082 Mabillon

1879 1129 2008 1183 pag.
2042 1112 2147 1169 1'25
2179 1114 2386 1167 diserte
2414 1116 2638 1169 Roberto
2678 1115 2865 1169 Sancti
2896 1116 3119 1186 Vigoris
3164 1116 3485 1186 Bajocensis

1877 1200 2065 1254 abbati
2116 1202 2376 1256 attribuit
2409 1221 2420 1255 :
2456 1202 2626 1273 idque
2670 1209 2797 1274 post
2843 1203 3172 1258 Ordericum
3213 1204 3479 1266 Vitalem,

1875 1296 2406 1361 contemporaneum
2436 1308 2501 1345 ac
2532 1292 2816 1345 oculatum
2846 1297 3069 1359 testem,
3102 1294 3357 1363 ejusdem
3386 1311 3479 1348 re-

1871 1378 2073 1447 gionis,
2109 1380 2380 1451 temporis
2417 1386 2472 1434 et
2493 1380 2705 1433 ordinis
2734 1381 3048 1436 alumnum.
3085 1383 3197 1437 Nec
3227 1384 3477 1437 validum

1874 1467 2180 1538 quidquam
2236 1468 2507 1521 adversus
2535 1473 2752 1522 tantam
2792 1471 3190 1525 auctoritatem
3218 1472 3415 1543 reponi
3446 1489 3480 1526 a

1873 1572 2155 1627 quoquam
2187 1562 2388 1627 potest.
2423 1557 2845 1623 Ansfridus,cui
2862 1559 3140 1614 Robertus
3157 1576 3298 1632 Opus
3316 1577 3482 1616 suum

1875 1652 2182 1717 nuncupat,
2196 1645 2416 1700 videtur
2436 1662 2556 1700 esse
2587 1647 2884 1701 Ansfridus
2901 1648 3262 1703 Pratellensis
3282 1649 3475 1717 abbas,

185 1739 350 1794 Serra
383 1740 480 1792 Dei
505 1737 789 1803 Ansfrido.
811 1735 880 1788 Et
900 1733 1090 1787 codice
1138 1730 1299 1796 8666,
1332 1732 1391 1785 in
1433 1749 1569 1785 mss.
1594 1726 2154 1801 codici-BAufridus
2184 1734 2310 1788 aliis
2344 1734 2546 1799 dictus,
2583 1736 2741 1805 cujus
2787 1737 3135 1808 epitaphium
3179 1738 3480 1794 Ordericus

187 1827 287 1881 bus
317 1826 667 1880 bibliotheca:
706 1823 977 1877 Jacobmze
1013 1821 1200 1876 codice
1242 1819 1363 1877 9’14.
1395 1822 1611 1876 Roberti
1631 1823 1791 1877 Com-
1874 1823 2048 1877 refert
2074 1824 2197 1877 loco
2218 1823 2418 1890 citato;
2450 1824 2537 1878 vel
2568 1829 2719 1878 certe
2744 1826 3036 1880 Ansfridus
3064 1825 3237 1881 abbas
3274 1828 3479 1883 tertius

186 1919 503 1970 mentarius
534 1918 596 1969 in
626 1914 853 1968 Cantica
874 1915 1241 1976 canticorum,
1276 1910 1516 1963 habetur
1558 1927 1792 1964 excusus
1876 1911 2206 1966 monasterii
2252 1913 2440 1966 Sancti
2463 1912 2766 1966 Salvatoris
2796 1913 3323 1974 Constantiniensis.
3356 1916 3479 1980 Quo

183 2006 333 2060 inter
366 2005 552 2075 Opera
596 2001 849 2072 Gregorii
898 2000 1105 2070 Magni.
1146 2001 1233 2053 Ita
1268 1998 1324 2052 in
1362 2000 1615 2069 catalogo
1653 2016 1787 2053 mss.
1876 2002 1945 2055 de
1968 2001 2229 2054 Ansfrido
2252 2000 2579 2054 Pratellensi
2601 2001 2765 2072 plura
2793 2002 2966 2056 videri
2992 2011 3229 2074 possunt
3244 2005 3300 2059 in
3323 2005 3481 2060 chro-

183 2095 442 2149 codicum
487 2094 726 2146 istarum
770 2090 1249 2144 bibliothecarum.
1286 2088 1504 2158 Adjicio
1546 2088 1787 2158 denique
1870 2090 1994 2143 nico
2025 2089 2255 2144 Roberti
2286 2090 2354 2143 de
2389 2097 2599 2149 monte,
2630 2090 2778 2160 apud
2810 2093 3133 2145 Neustriam
3160 2096 3323 2162 piam
3370 2095 3480 2148 Ar-

181 2185 483 2255 prologum
516 2182 611 2252 qui
642 2182 699 2234 in
738 2179 981 2233 editione
1032 2178 1279 2248 Operum
1322 2177 1378 2230 S.
1414 2176 1669 2246 Gregorii
1709 2178 1788 2231 le-
1870 2179 1985 2232 turi
2013 2178 2088 2231 du
2119 2178 2377 2242 Montier,
2418 2184 2475 2231 et
2510 2179 2971 2233 Sammarthanos
2999 2180 3203 2235 fratres
3231 2187 3368 2236 tom.
3403 2183 3480 2236 IV

179 2274 356 2343 gitur,
392 2272 464 2325 ab
512 2270 849 2340 exscriptore
894 2268 1106 2338 aliquo,
1155 2266 1245 2319 cui
1293 2265 1349 2318 id
1390 2265 1618 2336 placuit,
1669 2282 1790 2319 esse
1874 2266 2067 2320 Galliae
2093 2265 2425 2321 Christianae
2455 2267 2512 2320 in
2542 2267 2811 2338 Catalogo
2853 2267 3281 2323 Pratellensium
3305 2268 3478 2323 abba-

180 2364 508 2426 conﬁctum,
550 2366 718 2429 atque
770 2362 1089 2427 excerptum
1136 2372 1199 2408 ex
1247 2355 1478 2426 prologo
1528 2354 1791 2408 Richardi

179 2450 458 2506 Victorini
488 2450 545 2502 in
575 2448 770 2502 eadem
805 2446 1052 2509 Cantica,
1102 2461 1229 2515 pag.
1275 2442 1378 2498 489
1424 2443 1790 2496 Richardino—

179 2558 306 2595 rum
339 2540 592 2611 Operum
618 2557 628 2592 :
651 2553 818 2608 quem
848 2550 1163 2605 anonymus
1210 2532 1415 2603 aliquis
1444 2532 1646 2602 partim
1677 2532 1786 2586 im-

176 2630 436 2693 mutavit,
475 2628 681 2698 partim
726 2642 826 2697 per
865 2623 1256 2694 compendium
1303 2638 1403 2693 pro
1451 2620 1611 2674 libitu
1658 2638 1785 2675 con-

173 2720 428 2775 strinxit.
467 2716 721 2787 Denique
750 2712 1234 2769 Commentarium
1265 2711 1412 2765 hunc
1460 2709 1782 2780 nuperrime

171 2809 278 2864 sub
298 2807 529 2862 nomine
558 2806 615 2861 S.
640 2803 920 2871 Radutphi
945 2802 1374 2855 Fontanetlensis
1401 2800 1631 2859 abbatis,
1668 2799 1787 2853 edi-

1872 2362 2011 2410 tum.
2038 2355 2176 2419 Quis
2203 2371 2331 2408 vero
2362 2355 2437 2408 sit
2465 2356 2797 2409 Anastasius
2837 2356 2952 2422 ille,
2992 2358 3151 2427 cujus
3184 2364 3387 2428 rogatu
3417 2358 3476 2413 id

1870 2442 2151 2497 Robertus
2214 2459 2475 2513 agressus
2517 2443 2611 2508 sit,
2669 2444 2918 2498 nondum
2971 2461 3100 2499 cum
3152 2446 3476 2502 Mabillouio

1872 2536 2023 2585 tomo
2054 2531 2082 2585 Ι
2112 2532 2531 2598 Analectorum,
2565 2547 2693 2603 pag.
2739 2530 2859 2598 1372,
2894 2540 3243 2605 compertum
3271 2535 3469 2591 habeo.

1869 2620 2087 2674 Claruit
2109 2621 2303 2690 itaque
2332 2619 2610 2674 Robertus
2636 2620 2807 2674 abbas
2837 2622 2894 2675 S.
2922 2622 3165 2692 Vigoris,
3210 2640 3245 2677 a
3286 2624 3473 2679 medio

1865 2710 2091 2763 circiter
2114 2711 2183 2763 ad
2202 2710 2457 2763 undecim
2480 2711 2667 2764 saeculi
2682 2713 2874 2774 finem,
2895 2712 2978 2765 vel
2998 2712 3239 2766 circiter.
3259 2712 3338 2767 De
3358 2730 3470 2784 quo

1870 2800 1988 2870 ipse
2013 2816 2116 2870 ego
2146 2800 2201 2853 in
2231 2800 2630 2870 Supplementa
2650 2800 2975 2854 Bellarmini
3004 2801 3072 2854 de
3102 2800 3470 2871 scriptoribus

173 2900 261 2953 dit
318 2896 566 2952 Jacobus
626 2894 925 2963 Hommey,
1000 2889 1449 2960 Augustinianus
1527 2888 1779 2942 eremita,
1869 2888 2273 2957 ecclesiasticis,
2308 2905 2433 2959 pag.
2485 2886 2621 2955 3'18;
2665 2889 2908 2943 Joannes
2948 2888 3237 2943 Mabillon.
3268 2894 3408 2943 tom.
3440 2890 3466 2944 Ι

171 3004 302 3061 pag.
329 2984 459 3041 276.
496 2982 694 3055 Operis
715 2981 865 3052 quod
896 2979 1179 3034 immerito
1199 2976 1653 3048 supplementum
1673 2976 1781 3031 Pa-
1864 2978 2260 3032 Analectorum
2289 2976 2610 3044 citatorum,
2646 2993 2773 3048 pag.
2812 2976 2911 3034 125
2937 2984 2994 3032 et
3021 2994 3176 3049 seqq.

167 3161 3417 3189 Μ

632 3324 1431 3448 BOBBBTI
1501 3324 1749 3444 DE
1819 3320 2989 3444 TUMBALBNA

1418 3529 1455 3584 S
1516 3527 1818 3583 VIGORIS
1857 3525 2168 3581 ABBATIS

444 3698 1547 3888 C0llllENTARl0BUM
1624 3694 1744 3878 IN

1861 3694 2335 3877 IANTICA
2415 3693 3175 3877 ClNTlllilllUil

1326 3996 1782 4129 LIBRI
1896 3991 2279 4126 DUO.

1235 4232 1453 4312 (OUDIN
1498 4230 1728 4312 Script.
1783 4226 2010 4305 eccles.,
2058 4229 2134 4301 ll,
2179 4227 2357 4306 773.)

1661 4391 1887 4413 ‘—

1834 4535 2000 4591 quam
2008 4518 2281 4590 plurimos
2293 4519 2412 4573 dies
2427 4534 2597 4589 super
2607 4517 2838 4572 Cantica
2856 4515 3200 4571 canticorum
3213 4516 3433 4589 scripsi,

1834 4608 2080 4661 mittam.
2104 4608 2208 4661 Vix
2239 4607 2412 4677 igitur
2436 4623 2586 4661 nunc
2615 4606 2798 4673 mitto,
2839 4621 3007 4676 quem
3030 4621 3065 4658 a
3099 4604 3324 4659 nemine
3354 4604 3437 4659 vi-

1836 4697 1955 4752 deri
1984 4696 2199 4762 vellem,
2243 4696 2289 4750 si
2332 4695 2592 4750 omnibus
2620 4694 2962 4749 abscondere
2987 4711 3227 4766 possem.
3256 4694 3437 4759 Quem

214 4532 591 4589 EPISTOLA
621 4531 753 4586 SEU
786 4528 1161 4583 PRJEFATIO
1198 4525 1556 4582 AUCTORIS
1583 4523 1678 4578 AD

547 4619 969 4675 ANSFRIDUM
1006 4618 1360 4673 ABBATEM.

212 4714 404 4768 Servo
449 4711 555 4766 Dei
604 4710 819 4763 incluso
867 4708 1229 4763 dilectissimo
1286 4722 1407 4771 suo,
1457 4705 1749 4765 ANSFRIDO,

120 4803 439 4876 quondam
475 4800 591 4855 ﬁlio
622 4805 680 4853 et
706 4798 906 4861 amico,
944 4798 1129 4860 modo,
1172 4796 1361 4850 divina
1402 4793 1618 4846 favente
1662 4790 1751 4844 cui

116 4891 395 4946 voluerit
437 4888 643 4960 gratia,
693 4887 848 4941 Patri
912 4892 969 4940 et
1014 4886 1266 4954 domino,
1307 4884 1482 4936 frater
1531 4879 1752 4933 Rom-za-

113 4999 236 5035 TCS
298 4981 398 5047 (1),
442 4977 736 5032 hominum
791 4976 1081 5040 minimus,
1130 4975 1322 5040 vitam,
1370 4970 1640 5043 gaudium
1696 4974 1752 5022 et

106 5069 409 5141 gloriam,
441 5083 567 5137 quae
596 5082 724 5119 vere
749 5065 932 5134 gloria
957 5071 1061 5119 est.

192 5157 416 5213 Multis
435 5157 555 5225 jam
581 5155 794 5209 nuntiis
815 5154 1076 5209 inertiam
1105 5170 1289 5207 meam
1318 5152 1503 5207 fervor
1530 5155 1662 5205 tuus
1687 5149 1748 5205 in

104 5245 457 5303 Dominum
498 5243 783 5308 sollicitat,
813 5248 876 5297 ut
903 5242 1006 5297 tibi
1043 5243 1269 5304 librum,
1299 5258 1464 5314 quem
1494 5246 1624 5294 ante
1652 5240 1753 5294 hos

1836 4785 1986 4840 enim
2008 4786 2164 4839 rudis
2201 4790 2259 4840 et
2280 4784 2571 4856 impolitus
2599 4783 2795 4838 artifex
2824 4784 3019 4838 fecerit
3044 4784 3342 4849 annulum,
3364 4784 3437 4839 ab

1834 4874 1959 4929 aliis
1986 4874 2161 4928 videri
2188 4874 2489 4940 formidat;
2523 4890 2625 4927 suo
2656 4874 2888 4928 minime
2916 4873 3114 4939 credit,
3161 4878 3218 4927 et
3253 4873 3325 4927 de
3353 4874 3436 4927 al-

1831 4964 2009 5018 terius
2032 4962 2245 5033 judicio
2284 4979 2393 5017 non
2424 4962 2657 5016 conﬁdit
2686 4980 2697 5015 :
2725 4963 2860 5017 dum
2885 4962 2962 5029 id,
2988 4962 3138 5034 quod
3177 4961 3284 5017 sibi
3330 4963 3444 5017 soli

1832 5058 1963 5107 ante
1989 5068 2223 5106 examen
2240 5051 2481 5122 perfecte
2510 5067 2622 5105 non
2643 5052 2845 5122 placet,
2870 5052 2928 5106 in
2961 5051 3215 5106 examine
3243 5050 3435 5119 displi-

1830 5157 1954 5195 cere
1982 5140 2236 5212 pluribus
2256 5140 2436 5194 timet.
2466 5139 2558 5194 Sic
2584 5140 2931 5195 ostendentis
2970 5146 3028 5194 et
3056 5140 3136 5193 sic
3160 5138 3432 5208 paventis,

1836 5230 2025 5301 accipe
2052 5230 2381 5300 Opusculum
2421 5229 2587 5284 amici
2614 5228 2720 5283 tui.
2751 5228 2953 5283 Judica
2981 5228 3113 5299 quid
3139 5225 3439 5297 placuerit,

184 5408 249 5478 (l
268 5413 297 5472 )
329 5406 612 5487 Robertus.
664 5404 755 5460 Ita
802 5421 1005 5489 nomen
1022 5407 1338 5489 "integrum
1376 5406 1606 5489 inﬁmsz
1641 5405 1765 5487 Baf‘
1831 5425 1938 5463 nus
1964 5408 2718 5489 ergtnita,iILSupple_mento
2745 5406 3001 5489 Patrum,
3033 5420 3160 5489 pag.
3181 5401 3308 5486 .276,
3330 5402 3438 5487 hoc

106 5477 418 5539 lemensi,
471 5493 601 5529 cum
654 5494 760 5551 ms.
797 5478 968 5551 codex
988 5480 1077 5551 _S.
1132 5477 1372 5551 Victoris
1434 5477 1765 5551 Parisiensis
1846 5497 1986 5551 opus
2018 5477 2913 5551 RadulloFontanelleusiabbati.
2948 5477 3204 5551 scriptori
3234 5477 3439 5545 imagi-

104 5554 398 5606 litteram
432 5554 653 5602 tantum
685 5548 960 5619 initialem
988 5549 1037 5602 R
1068 5549 1305 5603 habeat:
1340 5551 1488 5604 unde
1518 5549 1763 5603 occasio-
1846 5547 2025 5614 nario,
2057 5559 2249 5604 sancto
2279 5550 2406 5604 novi
2436 5548 2778 5615 Kalendarii,
2818 5547 3029 5619 absque
3058 5547 3198 5601 duce
3229 5551 3287 5600 et
3314 5561 3441 5601 con-

98 5639 263 5683 nem
306 5618 542 5677 errandi
563 5619 763 5681 habuit
808 5618 1052 5675 Jacobus
1092 5621 1388 5692 Hommey,
1422 5623 1764 5692 Augusnita-
1845 5624 1985 5687 sule,
2018 5620 2319 5675 ascribens.
