3972 6172
276 272 420 332 i365

1329 280 1701 337 COMMENT.
1743 283 1822 337 IN
1860 284 2141 341 CANTIC.
2185 285 2468 341 CANTIC.

3392 278 3534 340 1366

256 401 448 469 majus
468 398 785 454 dilectionis
814 401 1065 454 osculum
1097 403 1365 457 accendit.
1390 404 1549 459 Unde
1564 406 1856 461 hiecillum
1879 409 2060 469 ΑΙ)θο
2089 411 2410 464 coniiciunt.
2444 408 2551 473 Qui
2580 407 2856 479 ejusmodi
2875 412 2979 474 est,
3003 406 3280 461 desiderio
3309 412 3527 473 aestuat,

260 489 538 554 sentiens,
570 489 640 543 ad
672 504 800 543 eum
831 506 891 543 se
918 490 1224 558 convertit;
1251 497 1308 545 et
1338 508 1501 563 quem
1534 502 1863 564 praesentem
1947 502 2004 551 et
2028 499 2187 570 quasi
2234 500 2375 553 nihil
2419 499 2642 566 habeat,
2676 513 2897 569 semper
2935 497 3150 565 majora
3181 501 3425 567 exoptat.
3462 497 3534 552 Et

257 575 450 642 habet,
506 593 634 631 mox
674 576 946 662 gaudens,
987 594 1118 632 voce
1172 585 1408 643 mutata,
1455 582 1761 652 alloquitur
1807 590 1863 637 et
1946 586 2077 657 quia
2096 587 2199 641 sibi
2227 588 2404 653 virtus
2432 604 2545 640 non
2574 586 2842 657 suppetit,
2874 585 2931 638 in
2959 585 3136 638 Deum
3167 584 3534 651 inhians,tra—

255 665 395 718 dicit
426 682 439 715 :

479 755 673 822 (Ubera
691 756 895 823 sponsi,
917 756 1133 809 dilectio
1158 759 1257 811 Dei
1284 764 1333 813 et
1350 762 1645 835 prorimi.)

326 841 388 895 ‘2.
419 843 561 909 Quia
588 847 823 897 meliora
868 849 999 897 sunt
1029 846 1199 899 ubera
1231 851 1325 901 tua
1354 852 1501 915 vino,
1533 850 1857 916 fragrantia

254 935 560 997 unguentis
611 934 851 999 optimis.
908 931 1094 987 Ubera
1142 937 1348 1006 sponsi,
1398 936 1620 991 dilectio
1659 939 1761 992 Dei
1799 944 1855 992 et

250 1020 518 1089 proximi.
538 1019 613 1087 Ex
643 1019 731 1073 his
749 1019 1014 1075 uberibus
1031 1039 1291 1092 sponsam
1317 1043 1475 1079 suam
1506 1026 1649 1080 lacte
1672 1026 1851 1098 pieta-

250 1108 326 1160 tis
346 1108 531 1161 nutrit
557 1114 614 1162 et
641 1108 790 1162 inter
818 1111 1193 1165 tentationum
1225 1113 1500 1175 turbines,
1526 1115 1613 1169 his
1632 1132 1754 1169 eam
1776 1116 1854 1170 fo-

250 1201 361 1260 vet,
399 1201 475 1258 et,
507 1202 570 1250 ut
593 1196 875 1269 persistat,
901 1200 1096 1252 reﬁcit.
1119 1201 1263 1263 Quid
1293 1208 1482 1269 autem
1509 1220 1609 1274 per
1638 1206 1846 1271 vinum,

251 1284 359 1338 nisi
391 1299 529 1338 cura
552 1287 879 1356 temporalis
904 1288 1270 1358 exprimitur?
1290 1292 1336 1344 Α
1369 1309 1479 1362 qua
1500 1310 1657 1346 mens
1685 1311 1852 1348 saecu-

248 1372 389 1427 laris
414 1374 717 1444 cujuslibet
745 1374 1072 1445 inebriatur,
1112 1382 1175 1431 ut
1207 1379 1275 1432 ad
1313 1379 1615 1435 invisibilia
1644 1398 1848 1457 cogno~

1942 676 2001 729 hi
2039 692 2098 729 se
2128 676 2375 746 postulat
2394 675 2583 729 dicens
2619 692 2630 726 :

1939 765 2107 833 (Odor
2121 770 2552 832 unguentorum,
2577 767 2764 831 gratia
2784 765 3174 839 divina,quam
3198 767 3529 832 sequimur.)

2007 853 2066 909 5.
2105 854 2264 910 Vers.
2294 853 2347 906 3.
2390 853 2563 906 Trahc
2613 868 2694 904 me
2719 857 2837 919 post
2878 857 2940 912 te,
2977 867 3267 905 curremus
3313 858 3376 906 in
3409 855 3534 907 odo-

1937 958 2052 995 rem
2085 946 2498 1008 unguentorum
2523 947 2767 994 tuorum.
2789 941 2914 993 Non
2937 941 3130 1001 currit,
3164 941 3257 1019 qui
3288 958 3401 1001 non
3421 946 3532 996 tra-

1935 1030 2108 1097 hitur,
2138 1032 2268 1100 quia
2294 1046 2459 1100 quem
2498 1028 2684 1099 gratia
2710 1028 2894 1082 divina
2923 1045 3036 1082 non
3065 1028 3309 1099 adjuvat,
3353 1030 3529 1085 mole-

1934 1117 2043 1171 stia
2066 1134 2180 1171 suae
2210 1117 2583 1188 corruptionis
2611 1121 2894 1187 gravatur.
2929 1115 3128 1170 Gratia
3148 1119 3354 1189 quippe
3377 1119 3519 1172 divi-

1933 1222 2006 1259 na
2034 1223 2135 1259 nos
2164 1207 2449 1276 praevenit,
2484 1212 2538 1259 et
2565 1206 2915 1259 internorum
2960 1196 3313 1260 dulcedinem
3368 1206 3529 1267 nobis

1934 1295 2256 1359 ostendens,
2297 1295 2365 1348 de
2400 1295 2765 1349 exterioribus
2798 1310 2901 1348 nos
2921 1294 3264 1365 compungit,
3288 1300 3528 1367 moxque

1935 1383 1991 1437 in
2015 1383 2109 1437 illa
2149 1384 2429 1437 transiens
2459 1384 2681 1437 animus
2711 1400 2822 1457 prae
2849 1400 3044 1437 eorum
3074 1384 3369 1437 dilectione
3389 1391 3529 1439 tem-

248 1464 480 1526 scenda,
522 1470 622 1519 aut
640 1481 707 1518 ex
726 1470 865 1529 toto,
906 1473 1005 1520 aut
1029 1483 1171 1537 pene
1200 1468 1539 1523 insensibilis
1560 1471 1846 1524 reddatur.
1934 1473 2149 1543 poralia
2200 1470 2513 1543 vilipendit.
2560 1474 2673 1527 Iste
2719 1462 2851 1542 ergo
2883 1473 2979 1543 qui
3023 1470 3287 1539 trahitur,
3331 1474 3526 1540 currit,

250 1552 363 1605 Sed
396 1552 573 1606 ubera
599 1554 788 1624 sponsi
814 1555 941 1607 vino
973 1556 1207 1610 meliora
1236 1557 1500 1624 existunt,
1541 1560 1675 1630 quia
1708 1554 1846 1615 illud
1935 1562 2069 1633 quia
2098 1562 2380 1616 vinculum
2407 1561 2617 1615 amoris
2638 1552 2878 1615 libenter
2904 1578 3162 1632 sequens,
3208 1561 3405 1632 gratiae
3435 1578 3528 1617 ro-

248 1647 435 1704 necat,
461 1642 578 1696 haec
603 1644 889 1709 nutriunt;
924 1642 1057 1697 illud
1081 1646 1270 1699 oculos
1289 1648 1491 1701 mentis
1512 1649 1848 1714 turbat,haec
1933 1648 2163 1705 boratus
2215 1668 2424 1711 amore,
2476 1652 2597 1705 sine
2642 1651 2942 1722 gravedine
2998 1640 3284 1704 obstacula
3339 1650 3532 1711 omnia

248 1730 1012 1825 acuuntrillud-apostatare
1036 1732 1170 1787 facit
1198 1733 1481 1825 sapientes
1517 1738 1696 1803 (Eccli.
1734 1754 1843 1805 χιχ,
1870 1740 2153 1825 Btransit.
2185 1742 2301 1795 Nec
2331 1741 2561 1809 mirum,
2592 1757 2718 1794 cum
2750 1746 3166 1809 unguentorum
3188 1732 3416 1793 odorem
3446 1755 3529 1792 se-

245 1815 322 1885 2),
356 1818 478 1872 haec
501 1819 650 1890 ipsos
672 1818 875 1873 idiotas
902 1820 1097 1892 utique
1120 1823 1569 1893 sapientissimos
1613 1815 2157 1899 faciunt,wquatur,
2203 1829 2334 1900 quia
2379 1846 2506 1883 cum
2553 1829 2889 1901 spiritalium
2945 1828 3218 1892 donorum
3280 1827 3526 1881 suavitas

248 1924 375 1977 quae
403 1914 542 1977 quot
568 1908 780 1962 vicibus
818 1926 1024 1980 sponsa
1074 1927 1202 1964 cum
1230 1912 1547 1968 dilectionis
1590 1914 1849 1970 ubertate

246 1996 420 2071 sugit,
457 2002 543 2050 tot
570 1998 877 2052 sententias
906 2000 1197 2069 sapientia:
1228 2000 1330 2055 sibi
1361 2001 1419 2055 in
1457 2009 1708 2058 ventrem
1738 2022 1851 2060 me-

245 2085 444 2140 moria
464 2087 662 2140 trahit.
696 2086 956 2141 Charitas
988 2088 1138 2142 enim
1170 2106 1265 2143 cor
1288 2091 1564 2165 paciﬁcat,
1599 2102 1848 2157 mentem

246 2175 307 2228 in
338 2175 754 2229 tentationibus
783 2174 1030 2241 roborat,
1073 2182 1130 2231 et
1160 2184 1226 2231 ut
1253 2180 1413 2233 sedes
1459 2182 1747 2252 sapientiae
1777 2185 1850 2245 sit

246 2264 444 2317 anima
460 2262 873 2335 justi.quietem
896 2265 1111 2331 tribuit,
1135 2272 1192 2320 et
1212 2268 1392 2322 locum
1417 2273 1850 2347 praeparatﬂaec

246 2354 443 2427 itaque
473 2353 646 2408 ubera
678 2356 979 2431 unguentis
1009 2356 1234 2426 optimis
1256 2358 1529 2428 fragrant,
1550 2362 1682 2431 quia
1710 2363 1846 2416 odo-

246 2459 370 2496 rem
414 2442 707 2496 suavitatis
736 2458 836 2513 per
883 2442 1173 2512 sapientiae
1216 2445 1379 2498 verba
1433 2454 1490 2500 et
1532 2449 1848 2503 sanctitatis

245 2532 505 2602 exempla
556 2547 743 2585 secum
798 2537 1043 2602 portant.
1095 2532 1423 2604 Quicunque
1472 2536 1620 2589 enim
1656 2542 1848 2592 sancta

246 2621 524 2674 charitate
555 2620 654 2693 Dei
685 2636 743 2674 se
770 2619 966 2681 reficit,
991 2619 1037 2673 is
1075 2621 1452 2691 spiritualium
1484 2625 1761 2680 donorum
1793 2633 1846 2682 et

245 2710 476 2762 odorem
523 2711 580 2763 et
628 2709 962 2762 suavitatem
1021 2710 1211 2763 sentit.
1265 2711 1513 2777 Quorum
1568 2713 1841 2768 bonorum

245 2799 506 2854 ubertate
541 2799 822 2870 proximos
874 2815 1121 2870 quosque
1152 2801 1221 2853 ad
1260 2800 1531 2858 interiora
1567 2806 1847 2874 gustanda

241 2906 436 2943 secum
448 2889 642 2953 trahit,
668 2894 723 2941 et
745 2888 876 2943 utin
896 2878 1148 2942 amorem
1167 2889 1416 2951 divinum
1432 2893 1840 2959 convalescant,

243 2977 370 3032 istis
400 2977 666 3032 uberibus
694 2977 892 3031 nutrit.

496 3067 709 3131 (Oleum
738 3068 968 3132 eﬂ'usum
1000 3067 1210 3121 Christi
1242 3083 1439 3122 nomen
1469 3070 1588 3141 est.)

313 3154 369 3211 3.
400 3154 563 3210 Vers.
589 3154 640 3210 ’2.
677 3155 866 3209 Oleum
887 3156 1138 3221 e/rusum,
1166 3173 1365 3210 nomen
1409 3163 1586 3211 tuum.
1622 3160 1839 3215 Nomen

241 3244 727 3314 sponsi,Christus
757 3249 859 3296 est.
885 3244 992 3297 Sed
1021 3260 1224 3297 nomen
1246 3246 1436 3315 sponsi
1468 3248 1627 3318 quasi
1653 3249 1839 3303 oleum

240 3333 570 3398 effunditur,
611 3333 743 3403 quia
783 3333 1100 3407 quicunque
1146 3335 1375 3388 nomine
1419 3320 1737 3391 Christiano
1783 3339 1843 3394 in

239 3423 480 3476 veritate
520 3426 838 3488 censentur,
891 3423 1165 3477 charitate
1197 3431 1391 3478 sancta
1442 3426 1702 3494 afﬂuunt,
1732 3446 1844 3500 qua

240 3510 594 3576 molliuntur,
651 3515 705 3565 et
749 3515 814 3565 ut
858 3511 1116 3565 flammas
1145 3514 1525 3587 exemplorum
1556 3517 1836 3583 emittant,

240 3599 438 3653 eadem
466 3598 741 3653 charitate
754 3606 1025 3675 perpetuo
1048 3601 1591 3656 suifundunturilac
1604 3604 1843 3660 Charita-

239 3694 295 3742 te
323 3688 385 3742 in
405 3704 660 3741 amorem
686 3687 863 3758 ipsius
893 3688 1101 3742 Christi
1124 3689 1507 3744 vehementius
1527 3695 1840 3755 accendun‘

236 3784 348 3841 tur,
387 3783 446 3831 et
462 3777 532 3830 ab
556 3775 675 3847 ipso
694 3778 994 3847 accipiunt,
1019 3794 1127 3848 quo
1160 3778 1209 3831 ei
1240 3780 1483 3849 amplius
1506 3781 1834 3850 inhaereant,

238 3884 349 3938 quo
371 3866 804 3937 perfunduntur.
836 3865 975 3919 Hinc
996 3870 1081 3919 est
1099 3866 1248 3936 quod
1276 3869 1530 3938 sequitur
1556 3888 1567 3923 :

569 3956 1023 4019 (Adolescenrtulz,
1052 3962 1250 4008 sanctae
1277 3958 1521 4035 eminus.)

305 4046 361 4102 4.
412 4047 539 4101 Ideo
584 4042 992 4098 adclescentutas
1036 4045 1354 4098 dilexerunt
1398 4054 1461 4098 te.
1512 4046 1654 4110 Quid
1687 4050 1833 4104 enim

235 4152 339 4206 per
362 4133 830 4193 adolescentulas,
848 4131 957 4185 nisi
986 4126 1192 4186 sanctae
1221 4134 1421 4188 anima
1450 4135 1834 4205 designantur,

233 4241 357 4294 quae
383 4220 739 4293 baptismatis
769 4237 916 4291 aqua
949 4237 1049 4291 per
1090 4221 1361 4291 Spiritum
1392 4230 1647 4278 sanctum
1682 4244 1836 4298 rege-

230 4318 527 4375 nerantur,
557 4318 614 4365 et
634 4310 691 4364 in
714 4326 911 4363 novam
927 4309 1099 4362 vitam
1128 4327 1230 4380 per
1256 4311 1473 4364 Novum
1502 4313 1833 4369 Testamen-

1932 1917 2191 1983 sentitur,
2226 1918 2357 1989 quid
2396 1924 2481 1972 est
2506 1912 2565 1971 in
2587 1919 2691 1972 hac
2721 1915 3159 1988 temporalitate,
3197 1916 3357 1988 cujus
3385 1916 3529 1970 desi-

1932 2006 2087 2060 derio
2109 2008 2299 2061 omnia
2319 2013 2514 2061 sancta
2541 2024 2746 2091 sponsa
2775 2005 3001 2071 Christi,
3025 2022 3095 2065 ne
3131 2006 3188 2059 in
3200 2000 3295 2059 illa
3325 2020 3528 2087 prope-

1930 2100 2036 2159 ret,
2056 2096 2349 2148 teneatur?
2370 2095 2453 2149 lbi
2473 2096 2678 2167 quippe
2704 2094 2936 2149 lenitate
2954 2099 3372 2164 unguentorum
3393 2109 3530 2169 gau-

1930 2183 2043 2244 det,
2102 2188 2159 2236 et
2202 2183 2334 2238 dum
2380 2184 2611 2238 naribus
2655 2183 3006 2238 discretionis
3053 2178 3251 2253 spirat,
3283 2181 3530 2235 Charitas

1930 2271 2033 2325 sibi
2055 2272 2301 2324 suaviter
2322 2272 2459 2327 olet.
2492 2271 2632 2325 Hinc
2655 2276 2741 2325 est
2768 2271 2915 2347 quod
2937 2288 2971 2324 a
2998 2270 3272 2340 singulari
3292 2286 3530 2335 numero

1929 2358 1998 2411 ad
2038 2359 2314 2429 pluralem
2351 2358 2574 2423 transit,
2611 2358 2744 2428 quia
2778 2359 2835 2412 in
2865 2358 3164 2412 dilectione
3204 2357 3324 2423 Dei,
3358 2357 3526 2412 etiam

1931 2454 2289 2518 praeceptum.
2323 2448 2472 2519 quod
2501 2446 2569 2501 de
2595 2447 2833 2519 proximi
2859 2446 3159 2505 dilectione
3197 2463 3301 2500 nos
3330 2436 3529 2510 adme-

1931 2542 2045 2603 net,
2068 2535 2281 2591 invenit
2300 2556 2311 2603 ;
2331 2553 2440 2607 quo
2462 2536 2754 2598 instructa,
2779 2539 2996 2590 eructat
3024 2535 3185 2589 nobis
3204 2536 3370 2597 foras,
3381 2534 3529 2622 quod

1928 2627 2174 2694 gustavit
2202 2625 2446 2678 suaviter
2475 2623 2648 2689 intus,
2683 2623 2871 2677 dicens
2896 2639 2907 2673 :

2038 2716 2319 2781 (Ueltarza,
2354 2720 2553 2767 sancta
2578 2715 3063 2773 contemplationis
3093 2711 3413 2791 mysteria.)

1998 2798 2050 2857 6.
2086 2804 2403 2855 Introduxit
2434 2819 2517 2855 me
2554 2817 2651 2855 rear
2684 2805 2746 2855 in
2766 2803 2994 2854 cellaria
3014 2817 3136 2853 sua.
3164 2798 3271 2869 Qui
3298 2817 3399 2872 per
3425 2801 3528 2858 hu-

1921 2892 2015 2959 jus
2063 2890 2270 2961 sponsi,
2306 2891 2402 2961 qui
2443 2906 2538 2942 rex
2588 2895 2691 2955 est,
2724 2888 2947 2949 cellaria
2995 2888 3384 2963 intelligimus,
3417 2888 3527 2949 nisi

1928 2984 2135 3045 sanctae
2151 2978 2452 3050 Scriptura:
2473 2994 2697 3043 arcana,
2720 2995 2841 3048 quae
2872 2977 3161 3041 rimantur,
3187 2972 3297 3037 nisi
3318 2982 3526 3032 sanctae

1861 3031 1906 3097 0
1927 3067 2415 3138 contemplationis
2446 3066 2734 3138 mysteria,
2759 3083 2996 3137 quorum
3018 3065 3249 3131 deliciis,
3282 3066 3329 3125 si
3350 3066 3527 3137 reﬁci-

1926 3173 2071 3221 mur,
2128 3172 2253 3209 mox
2289 3156 2775 3210 convalesclmus?
2834 3156 2897 3209 ln
2953 3152 3049 3217 illa
3086 3155 3280 3233 procul
3328 3153 3520 3224 dubio,

1925 3244 2774 3315 quisquisintroducitur,omnia
2784 3243 3118 3321 temporalia
3135 3261 3263 3298 mox
3278 3240 3525 3299 contem-

1924 3335 2025 3395 nit,
2050 3334 2178 3405 quia
2202 3334 2424 3387 azternis
2444 3333 2676 3387 ditatur.
2711 3333 2842 3387 Ideo
2874 3333 3129 3403 sequitur
3152 3351 3163 3386 :

2192 3424 2543 3488 (Emsuttatio,
2580 3427 2641 3476 in
2672 3423 2930 3475 uberibus
2952 3406 3236 3479 Ecclesiae.)

1994 3508 2046 3567 7.
2072 3513 2485 3565 Ersultabimus
2516 3516 2565 3564 et
2597 3512 2910 3564 tutabimur
2926 3513 2987 3569 in
3012 3515 3077 3573 te,
3106 3525 3367 3569 memores
3390 3511 3521 3568 ube-

1923 3617 2054 3654 rum
2074 3606 2297 3654 tuorum
2311 3616 2475 3668 super
2490 3600 2914 3654 vinum.Sancta
2933 3600 3125 3652 anima
3143 3598 3524 3670 sponsaChri-

1923 3689 1995 3744 sti
2023 3690 2079 3743 in
2110 3689 2299 3760 sponsi
2339 3689 2425 3742 sui
2474 3687 2688 3742 deliciis
2727 3688 2987 3753 exsultat,
3023 3688 3157 3745 dum
3206 3685 3522 3758 corporalia

1920 3779 2154 3849 respuit,
2182 3784 2239 3832 et
2269 3778 2324 3831 in
2355 3776 2699 3849 spiritalibus
2727 3794 2787 3830 se
2826 3776 3090 3831 occultat.
3136 3775 3523 3847 Eumdemque

1923 3884 2187 3938 sponsum
2221 3867 2449 3921 delicias
2476 3882 2606 3920 suas
2628 3866 2782 3931 facit,
2802 3866 2860 3919 in
2885 3868 3046 3943 cujus
3074 3871 3331 3936 respectu
3361 3881 3523 3919 mun-

1920 3956 2070 4010 dana
2099 3957 2290 4009 omnia
2308 3971 2417 4009 non
2439 3961 2616 4009 curat.
2641 3954 2750 4008 Sed
2772 3955 2889 4007 haec
2910 3948 2967 4007 in
2986 3954 3260 4008 memoria
3278 3952 3520 4009 uberum

1919 4046 2054 4115 agit,
2089 4044 2238 4121 quia,
2288 4045 2420 4097 dum
2472 4043 2669 4097 recolit
2697 4048 2909 4112 quanta
2948 4040 3222 4096 charitate
3264 4034 3519 4100 Christus

1923 4150 2044 4188 eam
2096 4134 2370 4198 dilexerit,
2421 4131 2516 4202 qui
2547 4132 2820 4200 sanguine
2870 4145 2974 4184 suo
3018 4146 3140 4184 eam
3186 4128 3431 4189 moriens
3456 4129 3515 4182 in

1918 4238 2082 4276 cruce
2131 4222 2387 4285 redemit,
2444 4227 2501 4274 et
2539 4219 2788 4291 quotidie
2834 4233 2955 4271 eam
3000 4218 3058 4271 in
3088 4217 3215 4271 sinu
3260 4216 3518 4271 Ecclesiae

1917 4312 2116 4377 matris
2137 4310 2408 4383 ejusdem,
2429 4309 2718 4380 sanguinis
2745 4309 2886 4390 lacte
2913 4308 3110 4371 nutrit,
3130 4307 3323 4378 procul
3342 4307 3511 4367 dubio

227 4408 349 4456 tum
378 4398 902 4455 transformamur?
932 4399 1066 4462 Quae
1105 4404 1333 4480 propter
1361 4400 1468 4453 olei
1496 4402 1828 4458 infusionem
1850 4386 1897 4444 ἶ)
1917 4401 2095 4471 magis
2117 4400 2407 4471 magisque
2434 4399 2483 4469 ej
2495 4416 2556 4452 us
2576 4386 2931 4451 dilectionem
2954 4396 3216 4450 intendit.
3238 4397 3398 4460 Quod
3428 4397 3514 4459 lac

227 4490 523 4545 Christum
571 4488 831 4558 diligunt,
880 4486 1012 4557 quia
1055 4486 1123 4540 ad
1156 4488 1399 4557 gratiam
1430 4496 1654 4554 vocatae,
1680 4490 1735 4545 in
1768 4510 1833 4546 eo

1915 4489 2056 4543 bene
2077 4506 2247 4560 super
2273 4492 2464 4543 vinum
2488 4487 2649 4542 dulce
2682 4502 2802 4540 esse
2837 4485 3062 4551 dicitur,
3087 4485 3219 4556 quia
3248 4488 3351 4557 per
3379 4502 3512 4539 san-

226 4580 569 4634 suavitatem
600 4577 725 4631 vitae
746 4581 1029 4648 perpetuae
1057 4576 1367 4642 inveniunt,
1389 4594 1489 4647 pro
1522 4580 1681 4648 cujus
1706 4598 1832 4635 sua-
1911 4579 2143 4648 guinem
2184 4578 2390 4631 Christi
2434 4575 2871 4629 misericorditer
2919 4574 3245 4643 educamur,
3274 4574 3371 4646 qui
3413 4589 3517 4645 per

225 4669 419 4723 vitatis
448 4668 766 4731 dilectione,
815 4682 1010 4720 omnes
1039 4666 1236 4720 mundi
1283 4667 1462 4721 fastus
1509 4674 1566 4721 et
1608 4669 1830 4724 divitias

226 4764 525 4830 respuunt.
542 4758 688 4811 Sunt
710 4755 858 4810 enim
875 4755 1131 4809 nonnulli
1160 4755 1255 4826 qui
1274 4755 1357 4809 ita
1376 4757 1552 4810 Deum
1584 4757 1828 4831 diligunt

224 4854 292 4901 ut
313 4863 377 4901 se
414 4847 566 4917 ipsos
599 4849 982 4908 contemnant,
1014 4843 1072 4897 in
1104 4844 1373 4898 interiora
1415 4861 1475 4898 se
1508 4846 1736 4916 rapiunt
1764 4852 1829 4900 ut

222 4937 411 4991 Deum
455 4935 760 4989 inveniant.
816 4933 884 4986 Et
925 4930 1057 5003 quia
1099 4933 1247 4986 Deus
1294 4933 1351 4986 in
1381 4935 1676 5003 superficie
1715 4952 1826 4990 non

218 5028 395 5097 jacet.
422 5022 883 5078 meditationibus
914 5023 1191 5084 laborant,
1225 5021 1589 5077 subtilissime
1618 5025 1830 5095 cogita-

222 5117 410 5170 tiones
460 5130 594 5167 suas
642 5112 983 5176 examinant,
1019 5111 1350 5165 lectionibus
1381 5124 1606 5180 vacant;
1637 5120 1692 5167 et
1721 5131 1830 5185 quo

224 5205 397 5259 modo
422 5203 574 5256 Deus
619 5200 955 5265 inveniatur,
979 5200 1248 5254 Omnibus
1278 5200 1458 5254 modis
1507 5202 1830 5272 perquirere

224 5310 339 5349 non
373 5296 614 5345 cessant.
649 5289 719 5343 Hi
749 5291 996 5360 profecto
1025 5289 1251 5342 odorem
1275 5296 1690 5359 unguentorum
1708 5308 1833 5345 sen-

222 5385 381 5438 tiunt
400 5386 460 5433 et
483 5379 592 5433 olei
621 5378 901 5433 infusione
916 5395 974 5432 se
1002 5377 1441 5448 inungunt.quia
1455 5380 1586 5433 dum
1608 5396 1829 5433 omnem

224 5469 590 5545 putredinem
612 5468 879 5522 vitiorum
910 5467 1380 5538 abjiciunt,tlores
1391 5467 1494 5521 sibi
1514 5467 1829 5533 inveniunt,

227 5575 473 5633 quorum
486 5557 783 5630 compositi
790 5574 897 5614 one
908 5557 1289 5613 suaveolentia
1299 5560 1587 5627 unguenta
1595 5556 1832 5611 faciente

1914 4668 2054 4738 legis
2086 4668 2333 4722 litteram
2378 4680 2568 4720 severe
2600 4664 2755 4734 prius
2802 4658 3352 4733 constringebamur.
3406 4656 3514 4717 Per

1913 4774 2081 4828 quam
2107 4757 2460 4811 dilectionem
2483 4753 2824 4824 adimpletur
2843 4752 2991 4823 quod
3021 4752 3230 4806 dicitur
3253 4770 3265 4804 :

2443 4844 2623 4913 (Περεῖ,
2644 4842 2993 4909 Christiani.)

1978 4932 2197 4989 8.Recti
2220 4935 2467 5000 diligunt
2498 4938 2560 4985 te.
2591 4926 2703 4986 Soli
2735 4930 2930 5001 utique
2958 4928 3095 4983 recti
3120 4928 3407 4983 Christum
3425 4928 3514 4983 di-

1912 5023 2112 5093 ligunt,
2140 5021 2273 5097 quia
2295 5022 2612 5093 quicunque
2629 5020 2811 5073 adhuc
2842 5035 2941 5090 per
2970 5019 3209 5073 distorta
3224 5019 3510 5082 vitiorum,

1913 5129 1975 5166 ex
2008 5111 2285 5166 desiderio
2336 5116 2593 5171 currunt,
2646 5109 2781 5163 dum
2829 5109 2887 5161 in
2918 5108 3271 5162 rectitudinis
3300 5106 3509 5160 lineam

1913 5216 2135 5270 semper
2149 5198 2455 5262 offendunt,
2470 5200 2651 5270 ipsum
2668 5195 2900 5267 justitize
2921 5202 3203 5249 auctorem
3221 5192 3508 5248 Christum

1914 5290 2142 5344 omnino
2165 5290 2398 5360 diligere
2428 5305 2540 5342 non
2570 5293 2826 5359 possunt.
2858 5286 3014 5339 Tunc
3043 5300 3174 5336 vero
3211 5282 3377 5335 homo
3408 5298 3511 5353 per

1914 5379 2061 5432 viam
2094 5378 2347 5432 veritatis
2377 5378 2607 5442 incedit,
2631 5392 2757 5430 cum
2787 5379 2843 5427 et
2871 5389 3039 5443 Opera
3062 5372 3331 5425 virtutum
3359 5387 3510 5426 exse-

1915 5468 2125 5539 quitur,
2154 5473 2211 5520 et
2235 5476 2425 5521 tamen
2455 5471 2682 5538 peccata
2700 5479 2802 5518 sua
2821 5476 3044 5531 semper
3065 5460 3337 5529 agnoscit.
3356 5458 3510 5515 Ideo-

1914 5572 2022 5627 que
2052 5560 2108 5609 et
2127 5555 2291 5609 dicit.
