3972 6172
440 241 583 300 1367

1526 244 1835 301 ROBERTI
1875 241 2179 298 ABBATIS
2226 241 2283 297 S.
2328 242 2622 298 VIGORIS

3530 238 3644 296 1368

480 372 734 442 (Nigredo
761 379 811 427 et
840 374 1025 440 forma
1056 387 1278 440 sponsa,
1312 388 1409 441 per
1469 373 1990 441 mortiﬁcationem.)
2049 371 2095 428 A
2115 370 2336 436 cipiam‘
2357 375 2475 436 post
2520 384 2712 436 greges
2753 366 3033 419 sodalium
3077 367 3314 418 tuorum.
3356 363 3418 417 In
3451 365 3646 421 meridie

513 456 572 517 9.
611 459 767 513 Vers.
805 458 857 514 4.
889 460 1066 526 Nigra
1096 476 1218 512 sum
1241 461 1599 526 sedformosa,
1616 465 1745 527 lilia?
1766 462 2034 515 Hierusa-

444 551 570 609 lem,
587 549 1101 602 sicuttabernacula
1121 548 1309 609 Uedar,
1345 552 1485 602 sicut
1505 552 1668 617 pelles
1697 549 2026 605 Salomonis.

441 636 674 706 Nigram
699 636 907 707 quippe
937 640 994 690 et
1022 636 1326 691 formosam
1358 644 1551 692 sancta
1577 637 1767 692 anima
1804 655 1863 691 se
1895 637 2033 691 bene

439 724 731 796 dicit,quia
757 741 982 796 semper
1004 730 1061 778 et
1087 725 1494 796 turpitudinem
1525 733 1879 797 peccatorum
1910 742 2035 781 suo-

439 829 568 867 rum
600 813 885 885 perspicit,
907 818 964 868 et
993 818 1182 866 tamen
1217 813 1369 867 illius
1395 814 1631 884 justitiae
1658 832 1824 885 quem
1854 815 1912 869 in
1952 815 2036 869 in-

439 900 594 955 timis
646 901 813 967 videt,
862 900 922 955 in
968 901 1340 956 exterioribus
1382 902 1487 956 sibi
1518 904 1755 957 solerter
1793 904 2033 957 formam

436 989 604 1060 gerit.
628 990 761 1054 Quae
780 989 922 1044 bene
940 993 1081 1044 sicut
1116 992 1479 1045 tabernacula
1497 992 1669 1047 Gedar
1682 996 1867 1060 nigra,
1892 997 2034 1046 sicut

434 1081 604 1148 pelles
632 1079 944 1134 Salomonis
981 1081 1225 1146 formosa
1256 1080 1479 1145 dicitur,
1513 1081 1645 1151 quia
1671 1080 1727 1134 in
1761 1086 2036 1151 quantum

440 1165 704 1221 tenebras
736 1166 1099 1220 mortalitatis
1127 1168 1641 1238 portat,nigredine
1663 1169 2036 1240 corruptionis

441 1254 784 1309 sordidatur.
805 1255 1140 1310 Cedarenim
1167 1257 1394 1310 tenebra
1421 1256 1851 1327 interpretatur;
1884 1259 2037 1312 Salo-

439 1360 573 1398 mon
602 1360 752 1409 vero,
778 1344 875 1415 qui
904 1344 1189 1399 Christum
1208 1344 1505 1415 signiﬁcat,
1522 1346 1787 1416 paciﬁcus
1808 1346 2031 1401 dicitur.

438 1431 769 1487 Formosam
799 1449 931 1503 ergo
960 1450 1019 1487 se
1047 1433 1192 1487 sicut
1223 1434 1396 1504 pelles
1413 1435 1728 1489 Salomonis
1743 1435 2036 1506 dicit.quia

438 1520 574 1575 dum
604 1526 830 1576 sanctos
858 1538 1108 1593 quosque
1137 1522 1232 1592 qui
1250 1522 1321 1576 ad
1357 1523 1727 1577 imitationem
1746 1524 1953 1579 Christi
1974 1542 2035 1579 se

439 1610 799 1675 mortiﬁcant,
824 1610 1035 1664 imitari
1056 1627 1167 1665 non
1198 1602 1450 1681 negligit,
1478 1628 1672 1666 eorum
1692 1613 1888 1684 utique
1917 1614 2036 1683 pul-

2115 457 2399 511 Christum
2420 457 2522 510 sub
2545 455 2742 511 umbra
2762 453 3031 525 pascit,et
3058 451 3238 507 cubat.
3262 451 3352 521 qui
3376 452 3429 505 in
3453 452 3647 522 refrige-

2114 545 2331 599 ratione
2351 545 2594 615 Spiritus
2614 542 2815 611 sancti,
2832 540 2939 595 sibi
2963 540 3121 611 quasi
3141 539 3381 610 requiem
3398 546 3451 593 et
3464 548 3650 611 pastum

2115 639 2296 703 parat.
2330 633 2435 687 Per
2456 633 2749 687 meridiem
2780 630 2990 702 quippe
3032 629 3199 682 ardor
3226 628 3471 683 vitiorum
3498 631 3651 701 expri-
3743 642 3757 654 '

2117 722 2326 788 mitur;
2382 739 2484 793 per
2528 721 2782 797 umbram
2828 735 2961 773 vero
3003 717 3268 789 spiritalis
3302 718 3482 787 gratia
3513 719 3651 774 ﬂatus

2117 810 2460 879 designatur.
2494 808 2732 862 Meridie
2770 823 2904 877 ergo
2928 806 3192 870 fervente,
3224 806 3281 859 in
3316 805 3495 859 umbra
3526 806 3653 862 Chri-

2117 904 2239 952 stus
2258 897 2717 969 requiescit,quia
2738 896 2869 950 dum
2902 896 2959 949 in
2986 894 3239 966 reprobis
3258 900 3417 948 aestus
3434 895 3654 950 vitiorum

2117 987 2340 1057 ﬂagrat,
2360 987 2479 1058 ipse
2499 1003 2715 1056 sponsa;
2735 1002 2849 1039 sua:
2868 984 3219 1054 refrigerium
3231 982 3438 1047 tribuit,
3456 989 3507 1037 et
3530 984 3579 1037 in
3601 1001 3655 1038 ea

2119 1075 2224 1129 sibi
2257 1074 2639 1129 delectabilem
2671 1075 2854 1127 locum
2882 1073 3084 1144 quietis
3113 1072 3301 1127 efﬁcit.
3338 1071 3439 1126 Sed
3460 1072 3550 1126 hoc
3571 1072 3655 1127 sibi

2118 1181 2324 1235 sponsa
2351 1163 2585 1218 indicari
2603 1163 2871 1233 deposcit,
2904 1162 3051 1232 quod
3077 1161 3217 1215 nulli
3244 1177 3479 1232 unquam
3505 1162 3656 1214 decla-

2119 1257 2296 1316 ratur,
2327 1251 2434 1305 nisi
2465 1251 2517 1305 ei
2546 1251 2640 1321 qui
2662 1250 2809 1303 idem
2826 1248 3268 1303 sanctificatricis
3284 1248 3467 1318 gratiae
3493 1265 3657 1302 munus

2118 1340 2372 1411 percipit.
2433 1339 2617 1403 Quare
2666 1355 2797 1392 vero
2837 1338 2908 1391 ad
2946 1338 3063 1392 haec
3098 1336 3448 1408 percipienda
3480 1341 3655 1402 aestuet,

2121 1428 2515 1483 manifestatur
2534 1444 2661 1482 cum
2682 1427 2889 1481 dicitur
2921 1443 2932 1478 :

2360 1518 2456 1583 (Ne
2485 1532 2623 1585 raga
2652 1519 2723 1570 sit
2748 1521 2865 1584 post
2889 1530 3073 1583 greges
3096 1517 3415 1584 passionum
3439 1515 3452 1583 )

2191 1606 2276 1660 14.
2304 1607 2381 1661 Ne
2409 1609 2609 1673 vagari
2634 1608 2906 1673 incipiam
2942 1610 3061 1672 post
3089 1620 3274 1672 greges
3297 1606 3550 1658 sodalium
3572 1610 3663 1659 tuo-

439 1696 745 1752 chritudini
770 1715 870 1769 per
896 1698 1323 1753 similitudinem
1357 1680 1416 1754 se
1431 1700 1640 1770 jungit.
1664 1702 1747 1755 Ne.
1766 1680 1896 1756 vero
1912 1680 2097 1773 pro-B
2117 1712 2270 1749 rum.
2321 1695 2487 1757 Vere,
2518 1693 2576 1748 in
2608 1709 2719 1763 quo
2762 1692 3019 1746 Christus
3057 1709 3170 1747 non
3223 1692 3405 1756 cubat,
3448 1700 3663 1764 vagatur,

436 1784 575 1839 ximi
600 1787 719 1856 ejus
756 1787 1107 1857 nigredinem
1151 1787 1529 1855 intendentes,
1565 1790 1750 1844 minus
1780 1792 2036 1862 exempla

436 1872 712 1929 bonorum
742 1877 866 1946 ejus
895 1876 966 1930 ad
986 1876 1361 1931 imitationem
1383 1876 1639 1948 diligant,
1670 1879 2036 1949 turpitudinis

436 1977 666 2017 causam
696 1963 1044 2018 satisfaciens
1072 1965 1337 2029 ostendit,
1374 1966 1507 2019 dum
1547 1965 1617 2019 ab
1662 1967 2035 2023 admiratione

437 2066 540 2105 sua
570 2051 718 2105 tilias
742 2051 1095 2107 Hierusalem
1126 2053 1366 2126 repellit,
1394 2053 1585 2107 dicens
1618 2072 1629 2107 :

500 2139 717 2209 (Omnis
747 2142 943 2195 anima
963 2147 1173 2203 sancta,
1208 2145 1271 2196 in
1291 2146 1701 2215 comparatione
1732 2144 1957 2207 Christi,

1148 2230 1349 2296 fusca.)

508 2310 597 2369 10.
632 2313 793 2370 Vers.
837 2314 886 2368 5.
938 2316 1118 2370 Nolite
1161 2332 1247 2370 me
1283 2319 1648 2381 considerare,
1693 2323 1836 2388 quod
1876 2323 2033 2389 fusca

439 2404 566 2464 sim,
604 2405 739 2470 quia
792 2403 1121 2457 decoloravit
1162 2420 1246 2458 me
1283 2408 1381 2459 sol.
1410 2406 1519 2461 Per
1557 2408 1733 2462 solem
1777 2410 2031 2466 Christus

439 2488 808 2560 signiﬁcatur.
842 2490 935 2545 Sol
968 2508 1101 2562 ergo
1130 2508 1258 2546 eum
1287 2493 1639 2562 decoloravit,
1673 2497 1806 2567 quia
1852 2516 2031 2569 quan-

438 2577 702 2632 tumlibet
748 2578 963 2649 fulgeat
1008 2581 1217 2647 anima,
1249 2581 1309 2635 in
1352 2585 1771 2654 comparatione
1798 2585 2026 2651 Christi,

438 2666 715 2737 fulgorem
736 2667 968 2721 amittit.
993 2669 1137 2723 Sunt
1159 2670 1365 2741 quippe
1407 2673 1682 2738 nonnulli,
1718 2674 1815 2745 qui
1843 2675 1901 2729 in
1930 2677 2034 2731 hac

439 2760 605 2810 nocte
634 2756 831 2810 mundi
859 2758 1013 2812 velut
1040 2758 1214 2813 stellae
1255 2759 1573 2816 hominibus
1601 2761 1837 2833 fulgent,
1862 2764 2033 2819 lumi-

438 2844 601 2899 naria
618 2845 886 2916 proximis
914 2852 1219 2918 apparent:
1255 2848 1352 2902 sed
1382 2865 1511 2904 mox
1529 2856 1594 2905 ut
1601 2852 1835 2921 justitiae
1870 2853 2035 2908 Chri-

2118 1784 2250 1854 quia
2282 1799 2459 1845 mens,
2487 1798 2653 1854 quam
2694 1782 2787 1835 ille
2816 1780 3002 1835 suavis
3032 1787 3088 1835 et
3130 1782 3468 1851 ponderosus
3496 1783 3663 1837 Christi

2119 1873 2360 1944 Spiritus
2390 1888 2503 1925 non
2527 1871 2742 1941 implet,
2768 1869 2961 1924 multis
2981 1870 3412 1940 cogitationibus
3437 1871 3668 1926 dissoluta

2118 1960 2526 2018 circumfertur.
2576 1959 2686 2014 Sed
2733 1958 2828 2029 qui
2884 1964 3019 2012 sunt
3058 1959 3282 2013 sodales
3332 1960 3543 2024 Christi,
3586 1979 3667 2032 per

2118 2066 2357 2122 quorum
2385 2065 2586 2119 greges
2615 2063 2821 2118 sponsa
2851 2047 3041 2117 vagari
3068 2048 3428 2118 pertimescit,
3453 2048 3548 2103 nisi
3566 2050 3668 2104 falsi

2118 2139 2326 2211 quique
2348 2137 2690 2192 Christiani?
2728 2136 2837 2201 Qui
2858 2142 2958 2190 aut
2994 2135 3064 2189 ob
3102 2138 3350 2191 nominis
3389 2138 3563 2201 solius,
3591 2147 3672 2193 aut

2117 2228 2289 2281 etiam
2320 2230 2798 2286 sacramentorum
2818 2224 3299 2288 communionem,
3318 2225 3511 2280 fratres
3536 2226 3673 2281 Chri-

2116 2316 2189 2371 sti
2215 2320 2502 2377 vocantur,
2530 2313 2664 2384 quia
2692 2313 2883 2367 electis
2908 2330 3048 2384 quos
3081 2314 3201 2384 ipse
3250 2314 3449 2369 fratres
3471 2317 3670 2382 vocavit,

2113 2405 2171 2459 in
2205 2404 2451 2458 Ecclesia
2478 2401 2870 2471 cohabitando,
2898 2402 3202 2457 sociantur.
3241 2403 3483 2468 Quorum
3509 2405 3673 2458 multi-

2113 2493 2339 2549 tudines
2377 2491 2517 2546 bene
2546 2508 2648 2562 per
2678 2490 3161 2561 exprobrationem
3195 2509 3398 2564 greges
3424 2494 3675 2565 appellan-

2114 2589 2228 2645 tur.
2260 2582 2413 2653 quia,
2460 2581 2594 2634 dum
2642 2580 2802 2650 quasi
2849 2580 3263 2635 irrationabilia
3292 2582 3545 2636 animalia
3577 2582 3676 2636 sine

2116 2671 2313 2726 ordine
2338 2670 2546 2734 vivunt,
2593 2668 2982 2723 seductoribus
3010 2669 3304 2740 spiritibus
3341 2671 3410 2725 ad
3438 2671 3680 2725 devoran-

2114 2761 2248 2814 dum
2307 2759 2627 2813 traduntur.
2689 2758 2796 2811 Per
2848 2758 3172 2828 huiusmodi
3229 2776 3430 2830 greges
3482 2766 3682 2830 vagatur

2116 2849 2370 2920 quisquis
2391 2847 2460 2901 ab
2489 2846 2691 2900 intimo
2716 2847 2996 2900 desiderio
3026 2848 3316 2918 expulsus,
3354 2848 3681 2920 reproborum

441 2933 516 2987 sti
536 2950 596 2987 se
623 2935 1149 3006 comparant,quasi
1171 2936 1291 2990 sine
1317 2937 1440 2991 luce
1463 2944 1616 3002 sunt,
1642 2941 1740 3010 qui
1770 2940 1912 2996 bene
1943 2942 2035 2995 in-
2054 2990 2095 3010 η
2116 2938 2413 2993 stultitiam
2485 2934 2798 3007 persimiles
2849 2935 3186 3006 cupiditates
3250 2938 3519 2991 imitatur.
3583 2938 3678 2990 Hos

440 3022 895 3094 comparabiliter
924 3024 1080 3095 prius
1126 3025 1448 3080 hominibus
1478 3027 1757 3085 lucebant.
1783 3030 2036 3094 Qualiter

438 3127 569 3165 vero
606 3111 677 3166 ad
719 3113 825 3199 hoc
863 3114 1201 3185 pervenerit,
1246 3119 1310 3169 ut
1339 3116 1752 3187 aliquantulum
1780 3119 2031 3191 luceret),

441 3200 686 3254 ostendit
713 3217 840 3255 cum
869 3201 1195 3274 subjuugit:

448 3289 645 3359 (Mater
673 3305 896 3358 sponsas,
933 3297 1127 3345 sancta
1158 3293 1421 3357 Ecclesia,
1454 3299 1613 3364 cujus
1640 3299 1754 3364 ﬁlii
1780 3302 2031 3366 apostoli.

514 3376 606 3433 11.
640 3379 774 3432 Filii
801 3383 1004 3433 matris
1028 3397 1157 3435 mea?
1180 3390 1574 3449 pugnaverunt
1594 3391 1788 3440 contra
1809 3404 1912 3449 me,
1938 3404 2032 3456 po-

441 3471 675 3520 suerunt
693 3482 783 3520 me
812 3469 1084 3521 custodem
1101 3473 1163 3522 in
1186 3472 1567 3527 vineis.Mater
1580 3490 1817 3544 sponsae,
1844 3482 2040 3530 sancta

2052 2990 2097 3050 C

2118 3029 2325 3099 quippe
2377 3025 2539 3079 electi
2584 3040 2710 3078 cum
2757 3024 2990 3078 moleste
3038 3025 3352 3095 patiantur,
3384 3042 3480 3098 per
3519 3042 3684 3081 eorum

2116 3114 2532 3176 persecutiones
2574 3112 2813 3184 probati,
2863 3113 3188 3168 mundiores
3217 3115 3291 3169 ad
3342 3122 3542 3170 aeterna
3566 3114 3686 3168 bona

2116 3206 2519 3276 perducuntur.
2553 3203 2712 3257 Unde
2735 3202 3072 3257 admonetur
3098 3220 3327 3275 sponsa,
3358 3221 3481 3259 cum
3508 3220 3597 3276 per
3613 3204 3686 3258 in-

2117 3293 2498 3366 crepationem
2527 3291 2731 3346 dicitur
2765 3307 2776 3341 :

2368 3382 2765 3449 (Pugnandum
2785 3386 2859 3433 est
2892 3386 3086 3435 contra
3109 3383 3475 3450 tentationes.)

2196 3470 2281 3527 15.
2305 3470 2465 3525 Vers.
2507 3466 2558 3523 7.
2590 3468 2653 3523 Si
2680 3472 2906 3536 ignoras
2945 3474 3009 3531 te,
3056 3486 3086 3523 ο
3118 3472 3368 3538 pulchra
3410 3475 3549 3527 inter
3582 3488 3689 3525 mu-

445 3553 727 3620 Ecclesia;
763 3554 865 3607 ﬁlii
912 3556 1129 3621 matris,
1181 3559 1359 3612 sancti
1399 3561 1640 3630 apostoli
1681 3564 2036 3618 exstiterunt.
2126 3564 2300 3622 lieres,
2358 3559 2623 3626 egredere.
2686 3563 2735 3612 et
2790 3558 2885 3611 abi
2918 3564 3033 3626 post
3090 3563 3326 3627 vestigia
3383 3576 3613 3629 gregum.
3643 3558 3690 3612 Si

447 3641 602 3695 Ante
617 3643 997 3713 apostolorum
1017 3645 1223 3716 quippe
1243 3648 1716 3717 praedicationem,
1732 3669 1873 3722 pene
1889 3659 2041 3709 totus
2121 3649 2346 3719 ignorat
2367 3664 2428 3702 se
2449 3664 2674 3719 sponsa,
2710 3648 3034 3717 egrediatur
3050 3654 3107 3702 et
3121 3647 3451 3721 abeat,quia
3472 3649 3689 3721 quisquis

446 3730 691 3784 mundus
736 3730 964 3786 rebellis
1009 3734 1242 3797 exstitit,
1273 3736 1456 3791 omnis
1483 3755 1626 3809 pene
1661 3740 1848 3794 anima
1868 3741 2042 3796 idolo-
2121 3737 2300 3792 nescit
2326 3754 2385 3791 se
2424 3737 2483 3791 in
2515 3737 2620 3791 hoc
2646 3736 2913 3807 positum,
2956 3742 3022 3791 ut
3045 3738 3394 3793 tentationes
3424 3756 3520 3808 per
3558 3738 3691 3791 suffe-

447 3835 574 3873 rum
598 3835 658 3873 se
678 3820 922 3875 cultibus
951 3822 1277 3888 sordidavit,
1300 3830 1355 3879 et
1383 3826 1721 3898 cupiditates
1742 3831 2040 3886 sceleratas
2122 3826 2365 3881 rentiam
2393 3827 2592 3891 vincat,
2626 3842 2661 3879 a
2684 3825 3068 3880 familiaritate
3098 3826 3313 3881 Christi
3331 3828 3558 3892 recedit,
3586 3827 3693 3898 quia

451 3909 1246 3981 accumulavit.Apostolorum
1276 3930 1409 3968 vero
1438 3916 1759 3986 praedicatio
1781 3935 2037 3990 superve-
2117 3916 2176 3969 in
2203 3914 2349 3968 bello
2378 3915 2614 3985 positus,
2645 3931 2772 3968 cum
2806 3914 3044 3969 Domino
3073 3932 3175 3969 suo
3206 3932 3465 3987 pugnare
3483 3922 3687 3971 recusat.

447 3996 631 4063 niens,
664 4003 860 4053 contra
888 4016 1083 4055 omnes
1113 4002 1278 4057 verbo
1307 4006 1593 4075 pugnavit.
1636 4006 1692 4060 in
1724 4008 1916 4062 multis
1946 4026 2037 4063 re-
2120 4004 2418 4059 Sciendum
2447 4008 2534 4058 est
2559 4004 2708 4058 enim
2734 4004 2994 4058 omnibus
3023 4004 3171 4074 quod
3191 4021 3323 4059 cum
3345 4005 3406 4060 in
3424 4006 3696 4061 tentatione

445 4102 622 4156 gnum
650 4086 968 4143 daemonum
1000 4092 1354 4162 expugnavit,
1386 4098 1443 4148 et
1470 4111 1705 4164 regnum
1736 4096 2037 4163 Christi,id
2129 4098 2531 4148 sumuscontra
2549 4109 2744 4147 aereas
2756 4098 3065 4164 potestates
3083 4110 3344 4164 pugnare
3356 4096 3693 4167 praecipimur,

448 4181 536 4229 est
555 4182 808 4230 sanctam
823 4177 1729 4252 Ecclesium,ampliavit.Vinctam
1746 4202 1880 4256 ergo
1895 4187 2054 4241 Chri-
2138 4182 2271 4252 quia
2292 4183 2412 4237 sine
2437 4182 2673 4236 victoria
2702 4183 2958 4236 coronari
2986 4199 3098 4237 non
3132 4200 3457 4254 possumus.
3488 4185 3595 4241 Etsi
3615 4185 3698 4238 ad-

448 4270 557 4331 sto,
577 4272 634 4320 et
656 4268 1062 4324 sanctiﬁcatam
1090 4272 2116 4345 congregationem,apostolicusto-,,
2134 4271 2417 4325 versarins
2446 4271 2619 4334 deest,
2654 4287 2757 4325 nec
2784 4277 2871 4325 est
2913 4288 3077 4341 quem
3122 4272 3446 4341 Vincamus;
3494 4275 3699 4344 ideoque

449 4355 580 4409 dem
618 4354 678 4409 in
701 4356 876 4411 vineis
908 4366 1236 4428 posuerunt,
1274 4361 1406 4431 quia
1431 4362 1641 4433 primos
1671 4364 1963 4419 credentes
1990 4354 2339 4420 inucol‘ona
2369 4360 2568 4423 deerit.
2611 4375 2779 4430 quam
2826 4360 3050 4414 nonnisi
3090 4361 3381 4417 Vincentes
3424 4363 3698 4435 capiemus-

448 4444 725 4501 Ecclesias
761 4465 864 4522 per
907 4449 1201 4516 mundum,
1234 4456 1298 4504 ut
1323 4467 1418 4505 eas
1447 4457 1505 4506 et
1547 4459 1956 4524 congregarent
1992 4461 2049 4510 et
2132 4450 2250 4503 Hoc
2278 4449 2372 4520 qui
2395 4450 2619 4519 ignorat
2647 4449 2703 4502 in
2732 4448 2874 4502 bello
2904 4455 2991 4503 est
3017 4454 3074 4503 et
3110 4451 3271 4521 quasi
3301 4452 3362 4506 in
3393 4469 3525 4524 pace
3543 4451 3702 4506 exsul-

449 4539 816 4603 custodirent,
834 4539 1423 4611 disperserunt.Cujus
1440 4540 1806 4611 dispersionis
1817 4559 2046 4598 causam
2132 4543 2237 4604 tat,
2273 4543 2333 4592 et
2361 4554 2427 4592 eo
2448 4537 2798 4608 frequentius
2832 4538 3178 4601 vulneratur,
3202 4556 3316 4610 quo
3335 4543 3577 4596 securior
3601 4545 3698 4594 est:

450 4627 718 4696 ostendit,
741 4627 932 4682 dicens
966 4646 977 4680 :

1017 4717 1234 4787 (Vinea,
1265 4718 1499 4787 Judza.)

521 4801 613 4859 12.
653 4805 874 4859 Vineam
896 4820 1077 4858 meam
1106 4820 1219 4859 non
1240 4807 1526 4860 custodivi.
1547 4806 1691 4871 Quid
1713 4824 1813 4879 per
1825 4808 2045 4863 vineam

451 4891 834 4963 singulariter,
866 4892 978 4946 nisi
1001 4890 1201 4948 Judaea
1222 4893 1584 4964 designatur?
1603 4896 1737 4960 Quae
1766 4913 1800 4950 a
1827 4914 1887 4952 se
1915 4898 2049 4952 ﬁde-

452 4981 536 5037 les
573 4981 806 5053 expulit,
842 4981 974 5053 quia
1002 4982 1269 5036 custodiri
1305 4982 1733 5053 aspernabatur.
1767 4986 2045 5041 Praedica-

451 5070 606 5126 tione
637 5070 843 5142 quippe
865 5074 1203 5141 expugnata,
1224 5075 1281 5124 et
1300 5087 1505 5141 sponsa
1524 5072 1733 5128 Christi
1761 5074 1907 5129 facta
1931 5076 2049 5130 ani-

450 5175 564 5224 ma,
630 5158 927 5214 dilectione
972 5157 1154 5223 ardet,
1205 5164 1262 5212 et
1307 5159 1644 5229 inquirendo
1681 5179 1830 5230 eum,
1881 5180 2047 5235 quem

449 5248 651 5319 diligit,
675 5248 736 5303 in
763 5248 981 5304 intimis
1007 5265 1067 5303 se
1088 5254 1332 5312 exercet,
1364 5249 1555 5305 dicens
1587 5268 1598 5304 :

559 5337 708 5405 (Quae
735 5341 800 5392 in
830 5338 1063 5393 meridie
1094 5338 1376 5392 Christum
1397 5342 1728 5406 requiescere
1757 5342 1937 5409 facit.)

518 5423 795 5480 13.Vers.
846 5423 901 5483 6.
950 5427 1146 5485 Indica
1199 5427 1359 5489 mihi,
1411 5442 1574 5494 quem
1620 5429 1808 5496 diligit
1851 5431 2049 5483 anima

450 5525 589 5573 mea,
613 5514 712 5567 ubi
723 5529 937 5584 pascas,
972 5515 1070 5575 ubi
1087 5515 1243 5573 cubes
1267 5517 1331 5573 in
1358 5515 1607 5577 meridie,
1648 5531 1713 5569 ne
1735 5517 1934 5583 vagari
1959 5519 2048 5570 in-

2131 4628 2265 4698 quia
2284 4627 2462 4681 nescit
2487 4627 2676 4681 videre
2693 4644 2860 4698 quem
2883 4632 3092 4681 caveat.
3108 4627 3287 4699 Digne
3304 4646 3439 4700 ergo
3461 4647 3495 4684 a
3513 4644 3703 4700 pugna-

2128 4717 2344 4772 toribus
2400 4717 2731 4785 secernitur,
2784 4722 2846 4772 ut
2894 4717 3128 4788 vestigia
3159 4735 3401 4790 gregum
3442 4724 3701 4791 sequatur,

2130 4806 2261 4878 quia
2291 4807 2429 4861 dum
2470 4806 2777 4877 prudentes
2818 4823 3069 4878 quosque
3100 4807 3316 4861 imitari
3354 4810 3601 4880 negligit,
3627 4824 3706 4861 ne-

2135 4896 2382 4951 cessario
2403 4895 2669 4967 reprobos
2689 4895 2964 4967 sequitur,
2988 4912 3128 4967 quos
3143 4896 3389 4952 stultitia
3403 4897 3577 4952 brutis
3604 4896 3706 4951 ani-

2131 4983 2371 5038 malibus
2395 4983 2607 5038 similes
2636 4984 2784 5039 fecit.

2132 5074 3011 5143 (Haedi,immundwcogilationes;
3044 5076 3403 5131 tabernacula
3419 5081 3703 5145 pastorum,

2557 5167 2852 5216 conventus
2879 5162 3305 5233 haereticorum.)

2206 5248 2293 5304 16.
2320 5252 2387 5304 Et
2412 5266 2567 5319 pasce
2597 5252 2770 5305 hzdos
2801 5256 2920 5305 tuos
2951 5254 3122 5320 jumta
3154 5254 3571 5307 tabernaculum
3592 5267 3707 5319 pas-

2136 5344 2339 5393 torum.
2402 5339 2511 5392 Per
2565 5339 2778 5407 haedos,
2827 5340 3132 5394 immunda;
3172 5341 3541 5411 cogitationes
3579 5338 3709 5392 desi-

2128 5433 2405 5497 gnantur;
2444 5444 2545 5498 per
2589 5428 2953 5483 tabernacula
2993 5433 3302 5499 pastorum,
3344 5426 3710 5483 conventicula

2130 5516 2524 5575 haereticorum
2546 5518 2954 5589 exprimuntur.
2986 5517 3093 5582 Qui
3113 5535 3245 5589 ergo
3264 5533 3517 5590 pugnare
3530 5514 3707 5582 nescit,
