4016 6178
265 274 409 339 1369

266 497 397 566 quis
427 495 829 551 obsistentibus
857 496 1226 550 tentationem
1251 498 1455 566 gladiis
1500 500 1734 554 viriliter
1759 517 1868 553 non

266 585 504 650 resistit,
529 585 850 638 immundas
878 585 1263 653 cogitationes,
1299 587 1459 657 quasi
1491 588 1685 642 haedos
1713 589 1870 642 lasci-

264 689 383 739 vos,
435 673 492 726 in
522 673 687 726 corde
735 672 936 738 nutrit,
988 680 1045 727 et
1091 674 1335 728 efﬁcitur
1371 675 1421 728 ei
1461 675 1660 730 similis
1697 676 1868 730 etiam

271 762 369 833 qui
401 762 564 816 aﬁde
586 760 815 815 recedit.
849 762 1052 815 Anima
1099 780 1230 817 vero
1271 780 1393 833 quae
1439 781 1643 835 sponsa
1683 765 1870 820 Chris-

270 851 346 904 sti
388 850 529 904 efﬁci
571 850 929 920 concupiscit,
975 851 1215 922 qualiter
1251 868 1311 905 se
1348 852 1570 918 habeat,
1614 852 1869 907 Christus

265 954 394 992 eam
425 939 604 1004 docet,
633 954 758 992 cum
792 938 844 991 ei
875 956 976 1010 per
995 942 1470 1010 comparationem
1497 943 1755 1012 protinus
1782 943 1868 996 di-

264 1027 345 1081 cit
368 1045 380 1078 :

396 1117 715 1185 (Equitatus
746 1118 1105 1179 Israeliticus,
1132 1121 1325 1172 multis
1358 1121 1750 1173 tentationibus

906 1190 1216 1257 probatus.)

339 1275 425 1331 17.
450 1274 614 1329 Vers.
634 1273 688 1332 8.
713 1277 1006 1344 Equitatui
1033 1294 1147 1331 meo
1177 1281 1239 1331 in
1266 1280 1527 1332 curribus
1558 1281 1869 1333 Pharaonis

268 1366 587 1417 assimitavi
634 1369 698 1427 te,
733 1368 916 1418 amica
946 1381 1083 1418 mea.
1146 1366 1364 1420 Scimus
1415 1369 1545 1438 quia
1585 1368 1869 1439 equitatus

266 1452 634 1517 Israeliticus,
652 1469 851 1507 currus
884 1453 1192 1509 Pharaonis
1220 1454 1461 1525 fugiens,
1494 1457 1553 1510 in
1594 1457 1739 1511 mari
1777 1458 1872 1512 de-

265 1557 484 1595 mersos
507 1541 755 1611 reliquit,
775 1558 877 1595 nec
895 1547 1083 1596 tamen
1107 1544 1296 1597 statim
1316 1550 1525 1598 terram
1566 1546 1869 1616 repromis-

262 1630 437 1684 sionis
454 1630 809 1691 intravit,sed
831 1632 989 1702 prius
1008 1633 1218 1687 multas
1238 1634 1581 1688 tentationes
1603 1635 1660 1688 in
1682 1651 1869 1690 eremo

1472 286 1823 343 EPISTULA
1859 287 1956 343 AD
1995 287 2347 344 FRATRES.

259 409 427 478 juxta
441 406 804 462 tabernacula
822 410 1108 477 pastorum
1128 407 1322 462 hoedos
1342 411 1539 480 pascit,
1556 412 1686 482 quia
1715 412 1863 483 quis-
1883 414 1933 471 A

3400 282 3541 345 1370

2192 414 2517 476 (.llurenulas
2544 427 2743 477 aureae,
2777 427 2937 465 sacra
2965 412 3302 480 Scriptura.)

2022 496 2111 553 ‘20.
2139 499 2298 552 Vers.
2342 498 2425 555 l0.
2465 501 2789 553 Murenulas
2846 516 3046 553 aureas
3093 501 3359 566 faciemus
3419 501 3541 563 tibi,

1950 590 2344 640 vermiculatas
2358 593 2605 655 argento.
2631 588 3062 658 Murena‘piscis
3092 595 3194 653 est,
3228 589 3323 658 qui
3346 594 3542 658 captus

1950 674 2117 728 vertit
2132 691 2190 728 se
2208 675 2263 728 in
2293 675 2583 741 circulum,
2612 677 2678 729 ad
2703 678 2863 746 cujus
2885 677 3172 747 exemplar
3194 678 3259 729 ﬁt
3304 676 3537 739 inauris,

1953 780 2076 833 quae
2107 765 2404 818 murenula
2425 764 2649 829 dicitur,
2700 782 2810 835 qua
2840 765 3169 835 designatur
3203 765 3545 835 praedicatio,

1953 869 2075 923 quae
2106 852 2160 905 in
2186 852 2416 907 auribus
2450 853 2702 921 inhaeret,
2733 860 2789 907 et
2809 870 2904 908 eas
2930 853 3539 925 penetrat.Murenulis,
3592 886 3595 889 η

1952 942 2186 995 monilia
2215 943 2356 996 collo
2377 943 2642 1012 ligantur,
2678 943 2811 1013 quia
2832 948 2888 996 et
2908 943 3181 1014 sapientia
3209 948 3266 997 et
3294 942 3490 1012 religio
3511 959 3546 997 a

1952 1030 2254 1101 Scripturis
2285 1031 2514 1091 sanctis,
2560 1032 3016 1102 praedicatoribus
3049 1032 3397 1102 adjurgitur.
3433 1032 3541 1085 Per

1952 1120 2279 1173 murcuulas
2302 1120 2451 1174 enim
2484 1120 2774 1191 Scriptura
2805 1127 2995 1174 sancta
3020 1119 3371 1190 intelligitur.
3408 1119 3542 1184 Quae

1952 1206 2092 1261 bene
2122 1226 2306 1263 aureae
2329 1215 2385 1263 et
2403 1217 2668 1278 argenteo
2697 1209 3072 1263 vermiculata}
3101 1209 3383 1274 dicuntur,
3413 1209 3544 1279 quia

1952 1302 2010 1349 et
2038 1296 2313 1367 sapientia
2338 1298 2627 1368 Scriptura
2656 1303 2849 1352 sancta
2868 1298 3064 1367 fulget,
3094 1302 3150 1351 et
3171 1313 3372 1351 sonora
3408 1313 3546 1367 prae-

1953 1384 2233 1439 dicatione
2287 1402 2390 1455 per
2435 1386 2756 1440 universum
2805 1387 3076 1440 mundum
3108 1386 3351 1439 auditur.
3393 1385 3547 1439 Sicut

1953 1473 2100 1526 enim
2115 1490 2215 1544 per
2230 1490 2431 1528 aurum
2462 1474 2757 1546 sapientia,
2785 1476 2864 1529 sic
2888 1490 2987 1546 per
3014 1479 3311 1544 argentum
3352 1477 3546 1527 sancta

1952 1562 2269 1633 praedicatio
2291 1563 2726 1618 demonstratur.
2760 1565 2859 1617 His
2900 1563 3082 1617 verbis
3122 1562 3312 1634 sponsi
3342 1578 3547 1633 sponsa

1954 1652 2274 1721 respondet,
2293 1658 2349 1706 et
2389 1669 2491 1722 per
2513 1668 2809 1723 corporeas
2834 1668 3023 1705 rerum
3053 1652 3265 1723 species
3290 1667 3544 1705 amorem

265 1721 645 1812 ξιιξειάιῗξιείηιδ
700 1722 877 1812 annis,
905 1725 1195 1787 ευδίίηυίῖν
1226 1727 1435 1780 "mltos
1488 1744 1648 1797 reges
1677 1727 1868 1782 milli-is
1887 1730 2194 1806 Bintimat,
2227 1758 2335 1811 quo
2366 1721 2697 1812 spiritaliter
2717 1741 2868 1795 intus
2887 1741 3067 1803 ardet,
3086 1721 3291 1794 dicens
3327 1760 3337 1794 :

261 1809 556 1865 laboribus
577 1811 935 1882 expugnavit,
966 1818 1023 1866 et
1051 1813 1132 1867 sic
1159 1815 1387 1868 tandem
1418 1815 1485 1869 ad
1512 1815 1729 1870 beatam
1759 1822 1871 1870 ter-

262 1914 412 1963 ram,
443 1899 502 1952 in
528 1915 639 1970 qua
659 1916 784 1954 cum
832 1917 1035 1971 sponso
1086 1902 1415 1971 delectetur,
1451 1904 1721 1976 pervenit.
1762 1905 1866 1960 Cui

258 1985 406 2041 bene
432 1988 661 2054 dicitur,
693 1988 842 2059 quod
870 1988 1131 2044 subditur
1154 2007 1167 2046 :

837 2078 1011 2143 (Gens:
1040 2083 1288 2147 sponsae.)

334 2163 427 2218 18.
454 2165 616 2219 Vers.
646 2165 699 2222 9.
754 2169 1002 2221 Pulchrae
1055 2174 1189 2221 sunt
1234 2184 1399 2236 genae,
1424 2172 1566 2223 sicut
1599 2173 1858 2224 turturis.

264 2256 480 2310 Turtur
515 2260 813 2325 postquam
870 2272 1063 2326 parem
1111 2273 1275 2311 suum
1317 2258 1627 2328 perdiderit
1662 2259 1860 2325 semel,

265 2348 559 2414 nunquam
592 2344 755 2397 alteri
784 2361 845 2398 se
868 2345 1077 2415 jungit,
1105 2347 1199 2400 sed
1230 2363 1455 2417 semper
1481 2347 1733 2401 solitarie
1762 2348 1865 2401 ha-

258 2431 463 2485 bitans
493 2431 548 2485 in
590 2433 807 2502 gemitu
854 2441 1193 2503 perseverat.
1221 2435 1353 2505 quia
1401 2452 1569 2506 quem
1599 2436 1869 2506 diligebat

263 2536 381 2575 non
409 2520 719 2583 inveniens,
758 2522 976 2592 quaerit.
1013 2523 1105 2577 Sic
1148 2529 1343 2577 sancta
1389 2540 1623 2594 quaeque
1652 2525 1859 2589 anima,

265 2610 403 2663 dum
421 2625 455 2662 a
473 2626 677 2680 sponso
699 2627 800 2665 suo
812 2610 1014 2665 absens
1032 2618 1138 2677 est,
1157 2612 1227 2666 ab
1248 2613 1369 2682 ejus
1415 2628 1610 2666 amore
1639 2629 1751 2667 non
1771 2631 1862 2667 re-

259 2698 430 2763 cedit,
457 2699 552 2752 sed
582 2699 641 2752 in
670 2701 792 2769 ejus
823 2699 1162 2753 desiderium
1194 2717 1418 2772 semper
1432 2702 1662 2756 anhelat
1680 2710 1737 2756 et
1762 2720 1861 2772 ge-

2179 1830 2428 1896 (Nardus
2452 1846 2673 1897 sponsa,
2713 1832 2915 1883 bonum
2945 1827 3305 1898 exemplum.)

2020 1915 2283 1973 2LVers.
2308 1917 2387 1974 11.
2426 1920 2570 1973 Dum
2601 1923 2729 1972 esset
2754 1935 2852 1972 rere
2880 1921 2942 1972 in.
2979 1921 3234 1972 accubitu
3262 1934 3378 1980 suo,
3415 1933 3547 1970 nar-

1950 2007 2055 2058 dus
2083 2022 2204 2059 mea
2224 2006 2369 2058 dedit
2396 2007 2613 2060 odorem
2642 2023 2827 2060 suum.
2860 2006 3084 2060 Nardus
3113 2012 3199 2060 est
3228 2006 3402 2060 herba
3442 2007 3545 2060 hu-

1950 2093 2260 2164 milis,quae
2287 2099 2515 2163 gustata
2537 2094 2714 2163 frigus
2743 2094 2987 2165 expellit,
3006 2100 3062 2148 et
3090 2094 3342 2148 calefacit
3365 2111 3545 2148 mem-

1945 2180 2129 2235 brum.
2162 2180 2495 2236 Accubitum
2526 2199 2690 2236 suum
2720 2199 2814 2236 rex
2854 2189 2989 2236 tunc
3018 2183 3268 2250 intravit,
3318 2183 3542 2253 quando

1947 2271 2219 2325 Dominus
2257 2276 2447 2324 noster
2501 2272 2664 2325 Jesus
2712 2270 2971 2325 Christus
3015 2271 3381 2342 corporaliter
3418 2272 3541 2325 caeli

1946 2360 2217 2413 interiora
2244 2360 2576 2430 penetravit.
2611 2360 2733 2423 Quo
2767 2359 2843 2412 ibi
2892 2361 3296 2430 requiescente,
3331 2361 3540 2415 nardus

1948 2464 2167 2517 sponsae
2196 2435 2425 2501 odorem
2449 2465 2611 2502 suum
2636 2448 2808 2512 dedit,
2835 2449 2966 2518 quia
2992 2449 3168 2503 virtus
3198 2456 3402 2504 sancta}
3446 2449 3543 2504 Ec~

1948 2535 2148 2599 clesite,
2164 2552 2388 2589 suavem
2406 2535 2609 2589 famam
2638 2536 2903 2590 bonitatis
2929 2538 3094 2608 longe
3116 2539 3340 2610 lateque
3378 2556 3540 2610 spar-

1946 2624 2038 2678 sit.
2068 2624 2154 2676 Ad
2179 2624 2345 2677 caelos
2380 2625 2530 2678 enim
2572 2625 2842 2678 Dominus
2879 2628 3150 2693 ascendit,
3184 2634 3241 2681 et
3271 2628 3543 2698 Spiritum

1945 2717 2200 2766 sanctum
2234 2731 2395 2767 suum
2428 2730 2597 2784 super
2621 2714 2925 2785 discipulos
2972 2716 3142 2778 misit,
3187 2734 3295 2788 quo
3326 2717 3543 2788 impleti

262 2787 389 2840 mit.
424 2787 493 2840 Et
523 2787 656 2841 dum
688 2788 847 2841 illum
878 2804 1046 2858 quem
1069 2789 1227 2843 valde
1246 2789 1449 2859 diligit,
1482 2806 1594 2843 non
1625 2790 1854 2856 invenit,
1940 2798 2109 2852 verba
2154 2800 2352 2854 salutis
2398 2801 2607 2854 mundo
2647 2801 3040 2871 prmdicarent,
3081 2809 3137 2857 et
3201 2820 3301 2874 per
3348 2787 3544 2857 sancta

265 2875 403 2946 quia
423 2875 495 2929 ab
514 2876 668 2930 omni
685 2876 1072 2931 alienoamore
1100 2894 1160 2931 se
1190 2879 1447 2944 retrahit,
1481 2879 1642 2949 quasi
1672 2879 1729 2932 in
1758 2897 1857 2949 ge-

263 2980 476 3018 narum
494 2965 829 3019 verecundia
853 2966 1166 3021 castitatem
1196 2968 1400 3034 cordis,
1432 2966 1553 3039 ipso
1582 2966 1781 3022 habitu
1806 2974 1864 3023 et

261 3058 393 3107 actu
421 3054 685 3107 exteriori
705 3055 971 3109 ostendit.
997 3055 1265 3126 Sequitur
1297 3076 1308 3110 :

598 3144 833 3210 (Collum
852 3159 1076 3211 sponsae,
1092 3146 1525 3217 praedicatores.)

332 3228 645 3287 l9.Cottum
666 3237 828 3285 tuum
848 3237 991 3286 sicut
1011 3234 1383 3287 monitia.Per
1398 3235 1603 3288 collum
1626 3252 1861 3306 sponsae,

256 3319 659 3391 praedicatores
705 3326 912 3375 sanctae
935 3321 1189 3376 Ecclesiae
1217 3322 1611 3392 designantur.
1649 3324 1866 3378 Monili-

257 3406 364 3463 bus
390 3408 790 3480 praedicatores
820 3416 1239 3480 comparantur,
1280 3411 1367 3464 vel
1418 3412 1552 3481 quia
1606 3413 1862 3467 Ecclesiae

255 3504 388 3551 sunt
411 3503 831 3563 ornamentum,
861 3498 948 3552 vel
978 3499 1111 3568 quia
1144 3498 1453 3553 Ecclesiam
1476 3500 1757 3567 muniunt,
1801 3506 1864 3555 ut

256 3592 457 3657 pectus
485 3585 694 3639 monile
729 3586 813 3639 vel
844 3602 877 3640 a
902 3588 1266 3654 rotunditate,
1286 3589 1343 3642 id
1388 3594 1474 3643 est
1501 3589 1859 3660 perfectione.

260 3678 324 3730 In
353 3675 683 3741 monilibus,
704 3690 943 3743 gemmae
964 3676 1022 3730 in
1044 3693 1183 3731 auro
1204 3683 1507 3749 ponuntur.
1533 3678 1642 3732 Per
1661 3695 1861 3732 aurum

256 3764 469 3835 quippe
500 3763 796 3833 sapientia,
819 3781 920 3835 per
948 3766 1162 3836 lapides
1192 3773 1524 3821 ornamenta
1546 3768 1864 3839 eXprimun-

254 3861 369 3907 tur.
396 3851 617 3906 Collum
640 3868 775 3922 ergo
798 3870 1016 3924 sponsae
1050 3854 1198 3909 sicut
1224 3855 1459 3909 monilia
1484 3856 1695 3922 existit,
1729 3858 1862 3927 quia

253 3941 496 4013 quilibet
516 3946 703 3994 rectus
726 3942 984 3996 Ecclesiae
1010 3943 1363 4014 praedicator,
1388 3949 1446 3997 et
1472 3944 1748 4015 sapientia
1773 3946 1862 4000 in-

250 4030 437 4085 terius
467 4044 527 4082 se
557 4027 761 4092 induit,
785 4037 845 4084 et
874 4047 1043 4102 opera
1069 4032 1312 4087 exterius
1360 4039 1598 4097 exercet,
1640 4050 1762 4104 quae
1798 4036 1862 4089 in

252 4118 542 4193 sapientia
570 4116 725 4172 vidit.
760 4120 863 4174 Cui
889 4125 947 4173 et
974 4120 1158 4174 adhuc
1182 4121 1387 4175 dicitur
1420 4140 1431 4174 :

1943 2903 2114 2957 opera
2137 2887 2262 2943 boni
2311 2890 2499 2943 odoris
2542 2889 2751 2943 famam
2787 2890 3223 2963 circumquaque
3253 2892 3533 2946 diffunde-

1944 2980 2088 3029 rent.
2115 2978 2274 3031 Hunc
2305 2979 2510 3049 quippe
2540 2979 2599 3032 in
2646 2978 2922 3051 baptismo
2972 2997 3324 3052 unaquaeque
3363 2981 3544 3036 ﬁdelis

1945 3065 2136 3118 anima
2164 3066 2381 3136 recipit.
2416 3073 2481 3120 ut
2510 3084 2611 3137 per
2654 3084 2783 3120 eum
2831 3068 2937 3122 sibi
2992 3087 3058 3123 ex
3104 3071 3372 3124 virtutum
3403 3087 3540 3124 con-

1945 3152 2185 3207 fectione
2214 3161 2502 3224 unguenta
2524 3164 2842 3226 componat,
2872 3164 2929 3211 et
2974 3158 3256 3229 proximos
3302 3159 3540 3229 exempli

1947 3241 2312 3309 exhibitione,
2355 3243 2516 3314 quasi
2545 3245 2818 3313 unguenti
2871 3246 3041 3300 odore
3074 3247 3308 3300 reficiat.
3343 3246 3541 3318 Sequi-

1944 3334 2039 3383 tur
2070 3348 2081 3383 :

2193 3420 2533 3491 (Fasciculus
2554 3422 2817 3489 myrrhae,
2855 3424 3251 3490 mortiﬁcatio.)

2014 3506 2112 3564 22.
2151 3507 2308 3561 Vers.
2347 3506 2427 3563 1'2.
2463 3509 2776 3564 Fasciculus
2805 3510 3052 3578 myrrha:
3105 3511 3336 3566 dilectus
3389 3530 3542 3566 meus

1946 3597 2109 3655 mihi,
2146 3599 2295 3650 inter
2319 3598 2485 3650 ubera
2516 3614 2636 3651 mea
2691 3600 3141 3652 commorabitur.
3195 3603 3539 3656 Mortuorum

1946 3700 2182 3755 corpora
2212 3686 2668 3757 myrrhacondiri
2698 3687 2897 3752 solent,
2922 3704 2992 3741 ne
3021 3695 3364 3759 putrescant.
3395 3691 3543 3761 Myr-

1943 3773 2105 3827 rham
2124 3774 2350 3845 quippe,
2374 3782 2479 3828 etc.
2503 3777 2726 3843 Reliqua
2758 3792 2927 3846 usque
2954 3780 3028 3830 ad
3057 3781 3216 3844 ﬁnem
3253 3780 3543 3833 Commen-

1946 3865 2085 3915 tarii
2114 3864 2272 3916 habes
2302 3864 2376 3916 ad
2395 3865 2622 3917 verbum
2654 3868 2731 3917 im
2770 3866 3116 3934 Expositione
3170 3884 3289 3935 qua
3316 3871 3415 3922 sub
3443 3886 3543 3923 no-

1944 3953 2101 4003 mine
2124 3949 2181 4003 S.
2209 3952 2461 4019 Gregorii
2484 3953 2678 4018 Magni
2725 3955 2874 4006 inter
2922 3958 3037 4022 ejus
3069 3956 3242 4022 Opera
3266 3958 3411 4010 edita
3442 3963 3536 4011 est.

1956 4039 2077 4092 Vide
2104 4041 2426 4106 Patrotogia?
2448 4045 2577 4093 tom.
2601 4040 2842 4109 LXXIX,
2874 4044 2970 4096 col.
3001 4042 3126 4097 471.

648 4424 1517 4538 BOBBRTI
1594 4425 1847 4535 ΒΕ
1917 4431 3158 4541 TUMBALBNA.

1536 4608 1828 4662 PRIORIS
1874 4609 1931 4662 S.
1972 4607 2270 4663 VIGORIS

374 4761 927 4859 EPISTOLA
1014 4764 1171 4859 AD
1245 4765 1873 4862 MONACHOS

1948 4768 2037 4861 S.
2116 4765 2737 4860 MICHAELIS
2810 4767 2959 4860 DE
3036 4768 3425 4862 MONTE

1064 4946 1151 5006 De
1179 4944 1437 5027 quodam
1465 4947 1746 5007 monacho
1784 4945 2092 5027 epileptico
2122 4965 2160 5007 a
2191 4946 2428 5007 levitate
2456 4965 2752 5007 converso.

336 5104 613 5183 (Manna.
671 5103 901 5167 Annal.
934 5104 1195 5183 ﬂeued.,
1232 5108 1278 5166 t.
1315 5107 1387 5179 V,
1421 5108 1747 5186 Append,
1780 5126 1846 5186 p.
1881 5104 2028 5170 659.
2063 5124 2135 5166 ex
2164 5123 2281 5166 ms.
2318 5104 2458 5166 cod.
2498 5106 2645 5167 olim
2668 5104 3062 5169 bibliotheca:
3101 5110 3162 5170 S.
3222 5106 3518 5186 Stephani

1372 5186 1745 5247 Cadomensi
1775 5204 1942 5247 nunc
1972 5186 2459 5261 Ottobonianaa.)

1734 5307 2039 5322 ὠ

330 5404 629 5460 Fratribus
657 5412 906 5461 montem
936 5407 1095 5462 Beati
1142 5408 1429 5463 Michaelis
1459 5408 1861 5475 habitantibus,

242 5497 444 5550 frater
473 5495 767 5549 Roasa'rus
797 5501 855 5550 et
911 5496 1116 5550 fratres
1163 5498 1349 5551 caeteri
1410 5496 1558 5551 beati
1584 5496 1775 5566 Vigori
1804 5497 1864 5551 in

240 5583 853 5641 Monte-chrismatum
883 5584 1207 5640 servientes.

2020 5410 2358 5464 Benedictus
2388 5410 2536 5463 Deus
2566 5410 2753 5472 Pater,
2768 5413 2825 5462 et
2858 5406 3182 5461 benedictus
3208 5408 3307 5462 Dei
3342 5407 3534 5472 Filius,

1947 5505 2286 5569 sanctusque
2307 5498 2599 5567 utriusque
2644 5496 2906 5566 Spiritus,
2938 5495 3122 5548 trinus
3171 5496 3230 5550 in
3289 5496 3541 5568 ejusdem

1948 5587 2259 5656 majestatis
2290 5584 2603 5640 substantia
2630 5585 2798 5650 Deus,
2826 5582 2921 5653 qui
2936 5582 3015 5637 nil
3044 5583 3161 5638 odit
3189 5601 3387 5639 eorum
3414 5601 3539 5655 quae
