3972 6172
430 314 561 378 1371

1504 320 1818 377 ROBERTI
1856 318 2165 375 ABBATIS
2206 318 2264 371 s.
2304 296 2600 372 VIGORIS

3512 321 3627 377 1372

425 447 556 503 fecit
576 446 722 515 lSap.
756 460 831 509 x1,
867 444 975 512 55),
1027 446 1291 515 quoniam
1342 445 1461 499 vult
1510 462 1705 498 omnes
1760 444 2017 501 homines
2035 446 2080 503 A
2103 442 2344 495 surrexit
2375 440 2634 515 planctus
2664 441 3015 499 miserabiles
3029 442 3303 507 amittens,
3332 449 3627 519 nosque,qui

428 537 607 589 salvos
630 533 832 599 fieri,et
854 534 921 586 ad
951 533 1293 603 agnitionem
1326 534 1577 587 veritatis
1609 533 1796 586 venire
1838 535 2013 593 (Tim.

427 625 503 693 1),
539 624 634 704 qui
664 639 764 683 nos
790 623 959 683 etiam
992 628 1404 695 contemptores
1436 639 1547 676 non
1566 622 1897 687 contemnit,
1922 620 2019 679 sed

428 713 691 775 adversos
712 711 1003 775 convertit,
1026 728 1319 764 conversos
1339 711 1541 781 diligit,
1579 710 1921 780 dilectosque
1951 708 2019 771 ad

428 802 618 871 vultus
640 800 725 853 sui
747 800 1145 861 hilarissimam
1160 800 1655 869 beatissimamque
1677 799 1946 855 visionem
1964 798 2020 857 in

429 886 781 945 mirabilibus
790 905 905 941 suae
918 889 1211 959 potestatis
1226 888 1529 965 singularis
1542 888 1812 958 provehit.
1823 889 1867 947 Ii
1877 887 1923 940 ic
1937 892 2021 941 est

429 977 577 1043 Deus
598 983 808 1037 noster,
828 977 979 1035 solus
990 976 1293 1037 timendus,
1318 977 1469 1029 solus
1483 977 1879 1046 amandus,qui
1908 992 2019 1035 non

427 1067 655 1138 respicit
670 1065 914 1127 hominis
927 1062 1413 1141 U.homines].sed
1432 1065 1639 1137 perdit,
1660 1082 1726 1117 ea
1747 1082 1871 1134 quae
1890 1070 2021 1121 sunt

430 1159 495 1223 ut
522 1171 588 1208 ea
606 1172 728 1226 quae
758 1171 869 1208 non
898 1154 1313 1221 suntinstruat,
1336 1142 1441 1233 qui
1479 1152 1627 1225 apud
1658 1169 1759 1205 nos
1798 1168 2018 1223 (μιιρίιυθ

430 1243 661 1297 ultimos
692 1259 879 1297 servos
908 1259 1039 1296 suos
1059 1241 1317 1305 timorem
1350 1258 1515 1294 suum
1538 1247 1595 1293 et
1611 1256 1857 1295 amorem
1877 1257 2025 1293 reve-

430 1332 584 1397 lavit,
613 1332 931 1402 percutiens
963 1330 1254 1409 superbos,
1287 1336 1343 1382 et
1369 1346 1573 1382 sanans
1596 1329 1854 1382 humiles.
1886 1328 2024 1387 Rem

431 1420 584 1474 vobis
614 1421 812 1491 loquar
830 1420 1055 1490 dignam
1104 1418 1394 1483 memoria,
1427 1417 1635 1470 nostris
1677 1417 2025 1493 temporibus

432 1509 768 1579 inauditam,
794 1524 916 1585 quae
961 1524 1091 1565 cum
1125 1507 1371 1561 omnium
1417 1523 1582 1560 aures
1636 1505 2026 1577 magnitudine

430 1597 837 1667 singularitatis
861 1614 975 1663 sua:
1004 1597 1185 1649 valeat
1203 1594 1519 1659 exturbare,
1540 1612 1634 1648 vos
1654 1600 1846 1653 tamen
1866 1611 2019 1649 mon-

2102 549 2226 583 eum
2248 529 2821 594 circumdederamus,
2848 531 3039 585 dolore
3069 531 3236 584 nimio
3265 537 3317 587 et
3343 532 3629 592 intolerabili

2102 619 2443 678 concutiens.
2499 619 2727 679 Surrexi
2782 626 2916 674 tunc
2947 636 2977 675 e
3005 620 3123 675 solo
3154 620 3367 677 veniens
3400 622 3463 677 ad
3480 623 3625 687 illum,

2102 707 2199 762 ubi
2236 709 2292 770 in
2316 704 2576 767 manibus
2591 708 2826 769 fratrum
2835 710 3108 778 jacuerat,
3126 709 3347 781 jamque
3362 718 3633 775 surrexerat

2102 804 2324 861 tantum
2343 805 2407 852 ut
2426 801 2665 861 sederet.
2696 798 3073 868 Aspicientein
3103 814 3229 855 vero
3256 814 3378 857 eum
3400 804 3451 857 et
3469 799 3542 855 vix
3561 818 3633 868 me

2102 894 2497 957 agnoscentem
2518 887 2709 959 rogavi
2740 887 3002 959 lacrymis
3029 886 3338 951 infusus,ut
3365 887 3504 943 nobis
3527 904 3634 958 quo-

2103 976 2268 1029 modo
2288 993 2423 1045 erga
2452 995 2511 1031 se
2531 983 2680 1031 esset
2700 976 2946 1030 ediceret
2973 995 2986 1042 ;
3020 976 3115 1046 qui
3163 975 3381 1028 tandem
3419 976 3633 1032 nimis...

2103 1070 2160 1117 et
2186 1064 2463 1125 submisse
2508 1066 2745 1144 loquens
2771 1064 2852 1123 ait
2872 1082 2932 1118 se
2977 1063 3365 1125 miserabiliter
3391 1070 3572 1124 tortum
3593 1072 3637 1118 et

2102 1154 2466 1210 confractum.
2502 1153 2744 1224 Praecepi
2771 1152 2944 1223 igitur
2986 1158 3052 1211 ut
3101 1152 3156 1205 in
3206 1152 3453 1222 quodam,
3481 1153 3561 1222 qui
3578 1153 3640 1207 ibi

2106 1242 2318 1306 aderat,
2350 1244 2493 1303 lecto
2520 1248 2824 1313 poneretur
2858 1248 2922 1299 ut
2951 1241 3399 1311 quiesceretQuo
3414 1242 3487 1295 sic
3505 1244 3637 1305 tacto,

2105 1332 2296 1400 rogavi
2325 1332 2528 1389 fratres
2555 1342 2619 1391 ut
2639 1346 2792 1390 more
2821 1346 2922 1385 suo
2945 1330 3003 1387 in
3035 1330 3340 1400 capitulum
3366 1330 3515 1391 irent,
3537 1329 3643 1399 quia

2107 1435 2209 1488 ego
2238 1419 2483 1484 afratre,
2516 1419 2744 1480 omnino
2771 1419 2964 1477 dolore
2990 1434 3082 1475 me
3137 1418 3402 1488 agitante,
3430 1417 3644 1471 recedere

2110 1523 2218 1562 non
2239 1507 2489 1565 valebam
2522 1526 2540 1576 ί
2585 1507 2705 1568 sedi
2736 1523 2866 1565 vero
2884 1521 3073 1566 coram
3091 1522 3156 1564 eo
3176 1521 3408 1563 monens
3428 1510 3481 1561 et
3502 1504 3646 1575 lacry-

2102 1611 2283 1662 maus,
2298 1596 2629 1665 locutusque
2650 1612 2778 1655 cum
2803 1611 2890 1659 eo,
2915 1595 2995 1651 ait
3012 1594 3235 1664 itaque:
3260 1612 3287 1645 α
3310 1592 3646 1649 Mihiﬁmtaeu

428 1692 592 1740 tanos
622 1687 822 1739 fratres
845 1685 1087 1738 maxime
1116 1684 1360 1755 percutit
1389 1689 1446 1741 et
1474 1683 1754 1747 sollicitat,
1782 1683 1913 1753 quia
1950 1682 2018 1735 de
2046 1755 2075 1756 ἡ
2100 1700 2200 1739 vox
2216 1685 2472 1756 quaedam
2494 1683 2764 1744 terribilis
2776 1683 2941 1743 modo
2958 1683 3149 1743 dicens
3165 1700 3183 1741 ~:
3216 1701 3243 1741 ί
3277 1683 3387 1741 Cur
3413 1682 3475 1739 de
3489 1697 3647 1741 manu.

430 1775 585 1828 vobis
611 1780 697 1828 est
717 1780 773 1827 et
799 1773 953 1827 vobis
983 1773 1246 1826 mittitur.
1273 1772 1439 1842 Hugo
1472 1779 1697 1825 vocatus
1715 1772 1886 1825 frater
1898 1770 2023 1841 qui-
2044 1755 2091 1813 Β
2113 1791 2135 1822 ‹‹
2160 1772 2331 1833 sterio
2353 1780 2449 1829 tuo
2479 1789 2741 1842 egressus
2757 1772 2855 1827 es?
2889 1792 2912 1831 ι
2954 1772 3058 1827 Cui
3085 1772 3165 1829 sic
3188 1771 3487 1849 increpanti
3511 1787 3587 1827 me
3607 1776 3653 1827 et

433 1863 561 1927 dam
584 1863 733 1933 apud
763 1879 863 1917 nos
886 1862 1113 1932 degens,
1138 1878 1309 1933 nepos
1322 1861 1593 1915 Lonensis
1622 1859 1839 1913 abbatis
1855 1875 2023 1929 quem

431 1967 528 2005 vos
549 1951 763 2021 optime
793 1950 987 2019 nostis,
1021 1950 1153 2021 quia
1181 1949 1325 2023 apud
1351 1966 1445 2002 vos
1463 1949 1523 2002 in
1548 1948 1753 2003 scholis
1779 1948 2026 2003 nutritus

432 2046 520 2093 est
537 2057 697 2119 puer,
720 2039 827 2095 iste
857 2056 1020 2111 quem
1044 2038 1242 2109 loquor
1270 2055 1390 2099 rem
1444 2037 1681 2097 incurrit
1723 2053 1848 2108 quae
1872 2036 2025 2097 vobis

433 2145 660 2183 necesse
684 2135 768 2181 est
787 2133 852 2181 ut
871 2135 1005 2189 nota
1028 2128 1144 2181 fiat.
1171 2129 1231 2181 In
1254 2128 1421 2181 choro
1450 2126 1690 2199 quadam
1712 2126 1823 2194 die,
1852 2125 2023 2187 tertia

433 2217 593 2289 feria,
616 2217 751 2270 dum
783 2217 985 2269 fratres
1004 2216 1179 2275 nostri
1203 2216 1432 2275 missam
1464 2215 1849 2277 matutinalem
1876 2214 2023 2266 cele-

432 2304 680 2377 brarent,
710 2310 832 2358 erat
857 2312 913 2358 et
937 2305 1055 2376 ipse
1083 2321 1209 2358 cum
1241 2305 1475 2369 caeteris,
1507 2311 1570 2361 ut
1600 2303 1758 2357 nobis
1798 2302 2023 2361 videba-

433 2399 546 2461 tur,
579 2410 749 2455 sanus
806 2400 863 2447 et
917 2394 1132 2459 hilaris,
1169 2394 1263 2463 qui
1310 2392 1677 2464 pauxillulum
1730 2391 1937 2452 doloris
1968 2391 2026 2444 in

436 2483 618 2557 capite
647 2483 894 2545 sentiens
924 2483 1126 2536 lectum
1150 2481 1308 2549 adiit,
1342 2489 1405 2535 ut
1457 2499 1516 2537 se
1565 2486 1945 2551 prosterneret.
1972 2484 2029 2533 et

438 2572 769 2642 quiesceret,
802 2571 898 2624 ubi
927 2587 1074 2635 cum,
1108 2569 1268 2622 nobis
1298 2569 1556 2623 omnibus
1613 2568 2022 2637 ignorantibus,

429 2661 661 2729 jaceret,
688 2660 872 2713 subito
900 2659 995 2717 illa
1025 2658 1281 2713 molestia
1330 2658 1599 2729 arripitur
1627 2674 1793 2728 quam
1826 2656 2027 2719 medici

436 2748 764 2832 epilepsiam
793 2747 1054 2815 vocabulo
1068 2746 1260 2801 Graeco
1289 2746 1500 2813 dicunt,
1520 2747 1605 2800 vel
1632 2763 1850 2800 sacrum
1877 2762 2029 2799 mor-

436 2836 588 2902 bum,
608 2854 673 2891 eo
696 2837 841 2917 quod
865 2853 1051 2899 sacras
1068 2835 1311 2897 hominis
1331 2842 1538 2909 partes,
1575 2846 1635 2887 ut
1666 2842 1752 2889 est
1779 2842 1946 2912 caput
1973 2840 2029 2889 et

436 2934 702 2995 mentem,
737 2932 986 3009 occupet.
1011 2926 1126 2989 Nos
1164 2941 1292 2987 vero
1342 2924 1647 2999 vulgariter
1697 2931 1915 3001 guttam
1941 2940 2029 2987 ca-

437 3015 658 3075 ducam,
693 3032 757 3068 ex
815 3031 880 3075 eo
925 3014 1071 3084 quod
1121 3013 1320 3073 cadere
1376 3013 1561 3085 faciat,
1604 3029 1883 3073 vocamus.
1910 3013 2027 3075 Hac

434 3104 609 3177 igitur
620 3109 878 3175 arreptus
889 3110 993 3171 est;
1018 3101 1307 3163 confestim
1339 3109 1583 3164 mentem
1614 3102 1876 3172 perdidit,
1902 3118 2025 3162 ocu-

436 3193 520 3247 los
531 3192 750 3263 clausit,
791 3209 931 3265 quos
951 3191 1120 3245 etiam
1146 3190 1404 3253 manibus
1425 3191 1667 3260 stringit,
1700 3206 1886 3259 genua
1905 3207 2028 3248 cur-

435 3281 604 3335 vavit.
632 3280 930 3334 calcitrans
961 3286 1017 3333 et
1052 3278 1272 3332 volvens
1326 3295 1386 3332 se
1441 3279 1498 3332 in
1554 3279 1713 3332 lecto.
1748 3278 1867 3348 Ego
1900 3294 2027 3336 vero

437 3386 563 3424 cum
603 3369 837 3423 fortuito
894 3385 1028 3423 casu
1082 3369 1138 3422 in
1178 3369 1421 3429 claustro
1470 3368 1670 3427 sedens
1701 3367 2026 3434 scriberem,

436 3458 686 3512 cucurrit
711 3458 887 3520 frater
916 3457 1142 3527 quidam
1167 3457 1511 3521 exturbatus,
1545 3464 1601 3510 et
1628 3457 1816 3515 dicens
1844 3457 2029 3526 Hagn-

435 3564 564 3600 nem
594 3546 756 3607 mori.
786 3546 870 3608 Ad
911 3547 1055 3598 hanc
1110 3562 1299 3598 vocem
1348 3563 1471 3599 cum
1533 3562 1635 3615 ego
1667 3545 2028 3603 tremefactus

437 3651 745 3706 surgerem,
782 3649 1180 3702 curreremque
1197 3639 1323 3701 post
1344 3649 1491 3693 eum,
1514 3634 1634 3707 jam
1657 3633 1816 3693 ﬁnita
1837 3634 2025 3698 missa,

438 3709 639 3776 fratres
665 3739 857 3775 omnes
887 3720 1188 3783 currebant
1215 3727 1503 3791 portantes
1543 3737 1761 3779 crucem
1795 3738 2031 3797 aquam-

438 3827 545 3882 que
571 3809 1261 3871 benedictam.Venientes
1284 3811 1475 3880 igitur.
1507 3810 1627 3865 sine
1648 3813 2034 3881 mentejacen-

437 3910 553 3953 tem
610 3899 946 3967 invenimus,
1006 3900 1374 3971 stringentem
1416 3899 1675 3963 manibus
1723 3902 1930 3965 oculos,
1973 3907 2030 3954 et

434 3988 672 4059 genibus
701 3990 1104 4053 calcitrantem.
1140 3989 1521 4063 Expergefacti
1559 3991 1770 4060 itaque,
1813 3997 2027 4060 septem

435 4080 682 4150 psalmos
712 4079 1122 4149 pmnitentiales
1145 4080 1477 4150 incmpimus
1499 4098 1508 4140 ;
1534 4080 1726 4133 videns
1754 4098 1884 4134 vero
1914 4098 2027 4134 ma-

434 4184 543 4221 nus
566 4168 718 4221 illius
740 4169 930 4221 oculos
953 4168 1100 4221 ultra
1123 4184 1289 4237 quam
1323 4168 1584 4238 expedire
1614 4167 1897 4221 videretur
1925 4185 2025 4239 op-

434 4255 763 4326 primentes,
794 4256 998 4309 attraxi
1018 4272 1114 4309 eas
1142 4272 1175 4308 a
1223 4256 1365 4318 loco,
1394 4256 1633 4325 dedique
1661 4256 1929 4310 fratribus
1966 4262 2029 4310 ut

2105 1862 2360 1927 terrenti,
2411 1861 2525 1923 alia
2570 1878 2690 1927 vox,
2749 1877 2840 1919 me
2886 1861 3173 1925 audiente,
3204 1860 3340 1919 satis
3385 1858 3578 1929 placida
3604 1864 3651 1913 et

2106 1950 2292 2003 suavis
2320 1950 2610 2004 confestim
2636 1950 2927 2020 respondit
2958 1968 2970 2003 :
3008 1970 3032 2000 ι
3067 1950 3213 2014 Quid
3236 1967 3304 2009 ex
3327 1948 3510 2009 haud
3531 1946 3612 2005 te?
3632 1966 3650 1998 ι

2106 2040 2365 2109 Dumque
2385 2056 2488 2109 ego
2521 2040 2568 2093 si
2598 2039 2808 2109 aliquid
2839 2039 3071 2099 vidisset
3097 2040 3433 2110 quaesissem,
3468 2045 3655 2090 tantum

2105 2128 2348 2193 audisse,
2384 2128 2634 2198 nihilque
2683 2145 2744 2184 se
2783 2128 2984 2185 vidisse
3033 2128 3192 2187 dixit.
3243 2127 3424 2188 Finito
3460 2126 3655 2181 tandem

2105 2217 2370 2293 capitulo,
2397 2229 2456 2273 et
2494 2217 2699 2279 vocatis
2720 2216 3052 2287 quibusdam
3080 2215 3512 2285 fratribus,jussi
3535 2214 3659 2272 utin

2105 2305 2331 2365 domum
2350 2306 2701 2365 infirmorum
2734 2311 3073 2375 portaretui’.
3100 2305 3195 2381 qui
3224 2309 3471 2376 portatus
3489 2302 3657 2373 iacuit.

2109 2410 2325 2465 egoque
2343 2400 2571 2453 secutus
2598 2410 2748 2458 eum,
2778 2395 2987 2464 quippe
3015 2410 3181 2464 quem
3226 2394 3380 2454 nullo
3406 2392 3558 2453 modo
3583 2406 3657 2448 res

2107 2488 2222 2543 tam
2241 2500 2380 2545 nova
2401 2490 2459 2541 et
2486 2488 2601 2543 tam
2633 2482 2811 2543 tristis
2849 2482 3131 2541 dimittere
3183 2499 3275 2543 me
3307 2480 3531 2542 sinebat,
3551 2477 3663 2538 λεπὶς

2109 2573 2253 2631 duus
2270 2571 2677 2641 eram.Septies
2694 2578 2882 2631 autem
2914 2587 3091 2641 usque
3116 2571 3185 2631 ad
3217 2570 3467 2632 eamdem
3496 2569 3662 2626 horam

2109 2661 2431 2721 crastinam.
2465 2660 2626 2719 nobis
2655 2659 3022 2730 praesentibus
3052 2666 3108 2715 et
3138 2659 3471 2717 videntibus.
3500 2656 3663 2713 eadem

2112 2751 2295 2820 passio
2316 2766 2448 2809 eum
2480 2749 2737 2819 arripuit,
2760 2749 2887 2808 aliis
2909 2765 3037 2803 vero
3057 2747 3257 2808 diebus
3273 2765 3413 2819 pene
3440 2746 3578 2803 omni
3594 2744 3666 2801 die

2111 2839 2283 2895 semel
2312 2843 2410 2899 aut
2430 2837 2516 2895 bis
2547 2838 2697 2893 idem
2727 2854 2926 2908 passus
2956 2844 3056 2899 est,
3075 2838 3273 2898 Vocati
3304 2837 3471 2907 igitur
3497 2832 3668 2892 medici

2110 2927 2221 2985 duo
2240 2927 2568 2989 doctissimi.
2603 2927 2697 3001 qui
2744 2926 2801 2983 in
2848 2926 3069 2987 civitate
3098 2933 3403 2997 praesentes
3440 2925 3664 2993 aderant,

2109 3017 2364 3070 fecerunt
2385 3017 2435 3070 ei
2453 3015 2723 3086 quidquid
2754 3020 3019 3086 poterunt
3041 3035 3054 3083 ;
3088 3016 3187 3076 sed
3214 3032 3379 3085 quem
3402 3030 3496 3072 sua
3523 3027 3670 3071 manu

2110 3111 2454 3176 prostratum
2500 3105 2647 3161 Deus
2692 3105 2816 3159 sola
2862 3121 2967 3165 sua
3029 3105 3358 3175 operatione
3392 3102 3672 3161 sanandum

2109 3193 2456 3264 providebat.
2490 3193 2748 3257 humana:
2792 3210 2994 3253 manus
3048 3192 3431 3253 molitionibus
3479 3191 3673 3259 erigen-

2109 3283 2243 3339 dum
2266 3299 2377 3337 non
2402 3282 2632 3352 aptavit.

2180 3373 2323 3435 Dum
2354 3372 2473 3431 haec
2503 3376 2825 3441 agerentur,
2868 3371 3110 3441 quadam
3148 3370 3246 3426 die
3266 3386 3393 3440 ego,
3432 3369 3519 3440 qui
3556 3381 3675 3437 pene

2110 3460 2371 3523 assiduus
2399 3460 2647 3524 aderam.
2679 3460 2908 3521 domum
2932 3459 2988 3519 in
3014 3475 3127 3529 qua
3180 3459 3359 3521 frater
3394 3461 3673 3529 separetur.

2110 3556 2175 3603 ut
2189 3547 2576 3617 hujuscemodi
2598 3548 2676 3600 rei
2706 3546 3074 3618 competebat,
3096 3546 3433 3608 habebatur,
3466 3546 3672 3605 intrans,

2112 3655 2241 3693 eum
2270 3644 2328 3701 et
2356 3637 2653 3701 ridentem,
2688 3638 2999 3699 sedentem,
3024 3637 3428 3707 jocantemque
3472 3649 3588 3691 cum
3614 3630 3679 3689 fa-

2112 3729 2301 3794 mulis,
2326 3728 2422 3798 qui
2444 3728 2567 3796 ejus
2590 3726 2835 3790 servitio,
2873 3742 2962 3783 me
3011 3724 3396 3802 praecipiente,
3427 3722 3591 3781 seduli
3609 3736 3680 3778 ριν

2113 3817 2410 3884 sistebant,
2457 3815 2682 3882 inveni;
2742 3820 2914 3877 tantae
2970 3829 3216 3883 namque
3289 3811 3526 3873 levitatis
3580 3813 3681 3865 erat

2115 3910 2337 3977 quantm
2358 3921 2453 3959 νοῦ
2472 3904 2648 3967 scitis.
2672 3910 2736 3967 ut
2754 3903 2887 3966 dum
2941 3918 3160 3963 mecum
3206 3903 3269 3962 in
3309 3903 3547 3960 claustro
3570 3903 3679 3955 ante

2110 3995 2254 4059 hanc
2272 3993 2660 4063 egritudinem
2677 3991 3077 4056 viveret,nullis
3098 3990 3291 4053 minis,
3324 3990 3492 4049 nullis
3508 3987 3679 4059 plagis,

2110 4083 2280 4137 nullis
2308 4081 2613 4145 blanditiis,
2637 4080 2808 4139 nullis
2830 4078 3313 4141 admonitionibus
3328 4080 3401 4139 ad
3416 4095 3475 4135 se
3502 4076 3684 4135 rediret

2109 4178 2173 4225 ut
2186 4188 2245 4225 se
2266 4175 2644 4240 cognosceret;
2672 4167 3089 4223 indomabiliter
3117 4168 3268 4221 enim
3315 4166 3544 4231 levitati,
3562 4164 3680 4235 jocis

2110 4266 2168 4314 et
2194 4259 2431 4314 lasciviae
2448 4258 2682 4328 juvenili
2722 4258 2957 4321 instans,
2988 4256 3364 4310 scurrilitates
3395 4273 3459 4310 ex
3486 4262 3594 4308 toto
3608 4267 3680 4305 se-

433 4348 711 4407 tenerent,
745 4346 1055 4399 reluctante
1099 4344 1196 4397 illo
1236 4344 1562 4414 plurimum,
1606 4346 1858 4426 quamvis
1886 4347 2026 4399 nihil
2050 4385 2093 4445 Β
2113 4364 2308 4417 quens,
2342 4346 2735 4414 contemnebat
2762 4346 3010 4416 omnino,
3053 4361 3153 4399 nec
3184 4345 3297 4407 alio
3330 4345 3493 4405 modo
3520 4343 3682 4396 frena-

437 4434 734 4487 sentiente.
769 4432 1070 4497 Paululum
1102 4449 1233 4497 vero
1251 4432 1467 4511 cumibi
1488 4432 1658 4514 super
1686 4430 1842 4497 Illum
1874 4436 2026 4508 pssl-
2050 4426 2092 4451 "
2115 4435 2226 4497 bat.
2252 4432 2356 4501 Sed
2389 4435 2521 4504 quid
2550 4434 2749 4508 loquor
2777 4434 2845 4493 de
2882 4426 3127 4499 humano
3168 4433 3399 4497 adnisa,
3424 4449 3544 4487 cum
3571 4440 3684 4484 tunc

435 4521 616 4575 lentes
645 4528 702 4575 et
727 4522 1013 4592 signantes
1034 4538 1158 4575 cum
1189 4537 1354 4574 cruce
1388 4522 1758 4587 stetissemus,
1792 4524 1936 4595 jussi
1968 4530 2031 4578 ut

436 4608 496 4662 in
553 4609 860 4663 oratorium
927 4615 1266 4680 portaretur.
1300 4610 1477 4673 Quem
1523 4627 1647 4664 cum
1709 4611 2030 4666 obedientes

438 4697 639 4750 fratres
669 4697 915 4767 undique
937 4698 1347 4781 apprehensum
1369 4698 1455 4763 vix
1477 4705 1816 4769 portassent,
1860 4700 2029 4769 jacio-

439 4785 607 4839 batur
621 4785 770 4845 enim
792 4786 938 4839 inter
956 4800 1158 4841 manus
1185 4793 1405 4840 nostras
1438 4786 1652 4847 morbo,
1684 4794 1744 4857 et
1765 4788 2026 4843 dissolve—

440 4873 607 4927 batur
618 4874 880 4929 omnibus
891 4874 1157 4928 membris
1172 4876 1418 4928 torsione
1432 4875 1679 4929 mirabili
1706 4882 1762 4930 et
1792 4880 2025 4935 misera-

438 4963 556 5026 bili,
589 4968 720 5016 ante
752 4962 900 5016 beati
931 4963 1145 5017 Nicolai
1169 4970 1595 5034 prostraverunt
1631 4964 1827 5028 altare,
1860 4983 2030 5037 seque

435 5057 856 5124 prosternentes
907 5058 964 5107 et
1005 5053 1179 5115 nimia
1211 5054 1546 5117 contritione
1576 5055 1893 5124 psallentes.
1926 5056 2030 5111 Ubi

436 5158 562 5195 cum
595 5158 697 5211 ego
727 5142 979 5195 adessem
1005 5147 1061 5194 et
1088 5139 1421 5194 mirabiliter
1449 5138 1716 5213 dolerem,
1750 5143 1890 5203 adeo
1909 5160 2032 5200 cru-

435 5230 624 5285 ciabar
674 5230 936 5301 lacrymis
978 5235 1036 5283 et
1089 5229 1348 5299 suspiriis
1396 5230 1796 5299 quatientibus.
1839 5238 1901 5285 ut
1929 5248 2030 5285 nec

422 5314 588 5389 'loqui
615 5335 716 5372 nec
746 5320 984 5389 psallere
1014 5319 1277 5382 valerem,
1324 5318 1541 5371 haerens
1572 5324 1791 5372 tantum
1823 5320 1942 5372 solo
1973 5325 2028 5373 et

436 5407 660 5461 ﬂetibus
678 5408 911 5461 maestis.
937 5407 1311 5476 Dictisitaque
1326 5407 1556 5476 psalmis
1571 5413 1786 5475 septem
1818 5414 1874 5461 et
1896 5409 2028 5461 lita-

436 5496 549 5557 nia,
566 5501 761 5566 postea
788 5495 1117 5550 dicebantur
1138 5495 1392 5565 triginta,
1417 5512 1556 5566 quos
1573 5513 1708 5550 usus
1739 5497 2028 5550 monachis

438 5589 525 5637 est
549 5589 683 5646 ante
727 5590 1061 5639 nocturnam
1116 5583 1371 5653 oynaxim
1428 5584 1730 5651 celebrare,
1772 5602 1897 5640 eum
1935 5585 2029 5639 ille

2110 4522 2299 4576 divino
2322 4523 2534 4605 judicio
2564 4528 2765 4585 tortus,
2785 4528 2901 4575 tam
2933 4522 3181 4583 incertis,
3201 4527 3322 4574 tam
3355 4516 3685 4574 horribilibus

2111 4611 2412 4664 tormentis
2439 4615 2766 4680 quateretur
2792 4630 2802 4669 ;
2832 4626 2934 4663 nec
2948 4609 3028 4663 sic
3048 4609 3261 4662 duritia
3277 4610 3405 4679 ejus
3425 4608 3687 4677 frangere-

2110 4706 2224 4765 tur,
2255 4706 2319 4763 ut
2334 4699 2418 4757 vel
2441 4698 2853 4768 aliquantulum
2883 4698 3070 4761 minus
3097 4698 3414 4763 lasciveret,
3447 4697 3555 4769 imo
3581 4708 3687 4751 am-

2111 4788 2259 4858 plius
2296 4794 2354 4841 et
2375 4786 2616 4858 amplius
2658 4785 2910 4840 moribus
2961 4782 3315 4840 solvebatur.
3350 4800 3531 4855 neque
3557 4781 3687 4836 enim

2111 4877 2376 4937 continua
2429 4875 2709 4951 passione,
2753 4874 2851 4928 sed
2908 4874 3135 4935 incertis
3172 4874 3372 4944 spatiis
3400 4869 3692 4933 accedebat

2112 4965 2315 5035 passio,
2340 4960 2727 5033 torquebatur,
2745 4962 3058 5022 tenebatur.
3072 4968 3128 5016 et
3150 4960 3576 5016 dimittebatur?
3598 4956 3693 5022 Qui

2112 5053 2377 5121 dimissus
2427 5067 2542 5111 una
2588 5051 2725 5105 hora
2772 5062 2872 5107 aut
2927 5051 3180 5116 dimidia,
3212 5051 3455 5131 repertis
3484 5047 3691 5109 viribus,

2111 5139 2378 5213 surgebat
2399 5145 2454 5197 et
2482 5139 2718 5210 pristina
2743 5140 2971 5194 levitate
3010 5139 3368 5210 pascebatur,
3404 5138 3693 5206 morboque

2111 5236 2295 5286 tortus
2325 5228 2539 5281 insania
2559 5230 2872 5297 juventutis
2901 5246 2966 5282 eo
3002 5230 3163 5298 pejus
3191 5244 3298 5298 quo
3320 5225 3693 5298 voluptuosius

2111 5317 2497 5389 torquebatur.
2516 5314 2739 5369 Intrans
2760 5317 2968 5393 itaque,
2994 5323 3058 5369 ut
3080 5316 3261 5369 dicere
3286 5330 3590 5385 coeperam,
3608 5311 3693 5364 do-

2110 5424 2284 5471 mum,
2314 5419 2441 5458 cum
2474 5403 2610 5455 mihi
2640 5403 2798 5457 valde
2820 5405 2967 5458 risus
2986 5410 3103 5458 tam
3128 5405 3487 5474 importunus
3511 5399 3692 5471 displi-

2111 5502 2280 5560 ceret,
2315 5492 2484 5558 tacui,
2518 5498 2575 5545 et
2620 5492 2739 5546 sedi
2785 5510 2911 5547 cum
2971 5508 3310 5565 eo.parrens
3351 5492 3405 5545 ei
3458 5490 3693 5563 nihilque

2112 5585 2322 5651 dicens,
2346 5582 2519 5637 etiam
2539 5597 2651 5635 non
2679 5581 2975 5654 displicere
3000 5580 3148 5653 quod
3181 5579 3387 5651 agebat
3417 5572 3694 5640 simulavi;
