4016 6178
334 306 474 409 1373

1532 352 1881 411 EPISTOLA
1918 342 2015 408 Ai)
2050 351 2402 408 FRATREB.

3372 370 3377 375 π
3465 332 3604 413 1374

328 475 603 531 timebam
624 476 774 531 enim
808 491 878 528 ne
902 476 1050 529 forte
1086 475 1273 531 verbis
1302 476 1462 541 meis,
1494 478 1540 531 si
1586 479 1799 549 aliquid
1829 479 1928 531 du-
1945 482 1991 537 Α
2015 477 2243 530 excitari
2270 477 2472 531 fratres
2502 478 2594 548 qui
2616 479 2993 547 dormiebant,
3007 486 3073 534 ut
3090 480 3346 535 venirent
3368 499 3381 549 ;
3407 482 3609 553 quibus

330 566 447 620 rius
474 566 753 636 loquerer,
785 564 1045 619 turbatus
1073 564 1393 635 passionem
1426 567 1648 621 solitam
1680 569 1925 621 incurre-

330 661 435 719 ret,
460 655 609 708 unde
638 672 741 723 ego
758 670 904 725 saepe
925 655 1096 707 etiam
1127 654 1493 707 dissimulans
1517 656 1766 725 jocabar,
1801 672 1927 708 con-

326 742 580 813 gaudens
608 743 836 796 omnino
863 741 1092 795 sanitati
1121 741 1241 809 ejus
1263 748 1319 794 et
1348 743 1545 811 quieti.
1581 744 1720 797 Cum
1754 743 1929 809 igitur

328 832 583 885 sederem
608 848 736 885 cum
767 847 851 895 eo,
885 831 965 884 ait
999 852 1007 882 :
1039 853 1064 883 ς
1109 831 1285 885 Nocte
1334 831 1443 884 ista
1484 832 1766 901 praeterita
1790 832 1931 885 ‘dor-

330 919 531 984 miens,
575 921 729 973 visus
767 936 893 974 sum
940 919 1079 972 mihi
1103 918 1316 988 judicio
1346 919 1531 975 divino
1558 920 1924 989 praesentari;

329 1008 427 1061 ubi
455 1025 584 1062 cum
611 1009 954 1072 assisterem,
988 1007 1333 1062 conscientia
1359 1013 1678 1077 torquente,
1710 1023 1933 1062 accusa-

329 1096 452 1162 bar,
483 1097 738 1151 adductis
765 1112 952 1150 coram
981 1112 1070 1149 me
1102 1095 1313 1160 multis,
1337 1111 1461 1166 quin
1479 1096 1741 1161 feceram,
1772 1098 1935 1151 malis

331 1201 455 1255 quae
468 1185 766 1240 horrebam
788 1185 1105 1256 poenaliter,
1126 1184 1460 1238 erubescens
1480 1186 1744 1255 amplius,
1764 1202 1931 1256 quam

331 1288 481 1326 nunc
508 1273 845 1343 cogitatione
861 1272 1352 1342 comprehendam.
1382 1292 1403 1323 ι
1426 1274 1542 1326 Hoc
1573 1289 1676 1343 ego
1696 1274 1931 1328 audiens

330 1368 389 1415 et
415 1363 475 1414 in
499 1377 566 1415 eo
596 1362 736 1415 nihil
765 1362 986 1415 timoris
1033 1361 1283 1431 nihilque
1318 1362 1596 1432 aspiciens
1614 1362 1927 1431 gravitatis,

328 1451 537 1505 tacitus
566 1450 738 1515 dolui,
756 1457 814 1504 et
839 1450 1126 1504 inclinatis
1151 1451 1327 1503 oculis
1357 1450 1671 1520 cogitabam
1707 1457 1930 1521 quantae

331 1540 556 1596 duritiae
580 1547 728 1593 esset
742 1540 936 1607 homo,
957 1540 1053 1610 qui
1072 1555 1175 1593 nec
1194 1539 1380 1593 divino
1392 1539 1605 1609 judicio
1625 1542 1931 1595 exterritus

331 1627 671 1682 terrebatur.

402 1717 725 1771 Transactis
774 1716 1004 1770 tandem
1056 1716 1113 1769 in
1166 1716 1271 1769 hac
1325 1716 1601 1787 passionis
1648 1719 1833 1772 euntis
1876 1724 1934 1772 et

2008 567 2155 618 illico
2174 565 2551 636 introgressis,
2592 568 2967 637 psallebamus
2997 584 3190 624 omnes
3211 570 3403 624 eadem
3424 560 3615 626 inten-

2008 656 2162 708 tione
2185 660 2495 725 precantes,
2520 662 2586 709 ut
2623 657 2784 710 fratri
2806 664 3018 722 nostro,
3045 658 3139 728 qui
3170 665 3291 712 erat
3318 660 3464 725 sicut
3483 676 3605 725 nos,

2010 744 2189 814 pietas
2218 744 2405 797 divina
2433 743 2769 799 subveniret.
2793 746 2934 799 Tum
2956 746 3269 809 subitoiile,
3292 747 3609 802 videntibus

2010 832 2170 886 nobis
2191 832 2469 893 omnibus,
2490 833 2756 887 claudens
2778 849 2934 888 more
2970 851 3071 888 suo
3094 836 3284 889 oculos
3310 818 3607 918 abscessit,

2012 922 2200 991 sicque
2222 920 2635 990 aliquantulum
2660 923 2856 996 jacens
2887 923 3072 987 rediit,
3093 924 3416 996 apertisque
3434 925 3610 979 oculis

2017 1027 2105 1063 me
2158 1011 2403 1075 intuens,
2451 1010 2547 1080 qui
2595 991 2818 1081 semper
2858 1011 3023 1065 faciei
3079 1012 3201 1081 ejus
3257 1013 3607 1080 assistebam,

2015 1100 2154 1153 dixit
2187 1117 2197 1151 :
2235 1119 2256 1149 ε
2299 1090 2481 1153 Dicite
2510 1099 2752 1153 dominis
2781 1100 2906 1153 istis
2955 1107 3021 1153 ut
3065 1101 3274 1155 vadant
3303 1108 3359 1156 et
3386 1102 3611 1172 requie-

2015 1194 2190 1250 scant,
2224 1187 2355 1259 quia
2375 1204 2481 1257 ego
2502 1188 2599 1242 Dei
2629 1189 2815 1258 gratia
2842 1188 2984 1242 liber
3013 1200 3136 1242 eum
3159 1196 3215 1244 et
3231 1189 3522 1245 absolutus
3541 1191 3611 1245 ab

2014 1280 2116 1331 hac
2160 1277 2435 1346 passione,
2481 1276 2619 1330 nihil
2674 1292 2939 1347 passurus
2976 1294 3154 1348 usque
3208 1278 3269 1332 in
3313 1279 3460 1334 diem
3501 1284 3613 1334 ter-

2013 1368 2173 1421 tium.
2224 1389 2247 1413 ν
2277 1368 2324 1419 Α
2353 1382 2463 1434 quo
2484 1381 2609 1418 rum
2634 1366 3010 1435 quaesivissem
3035 1366 3276 1437 qualiter
3295 1368 3400 1420 hoc
3417 1368 3605 1433 sciret,

2016 1454 2307 1525 respondit
2338 1472 2348 1505 :
2383 1473 2407 1504 «
2440 1454 2639 1507 Audivi
2679 1471 2869 1507 vocem
2902 1471 3024 1525 quae
3068 1455 3203 1508 mihi
3233 1455 3476 1509 diceret:
3511 1456 3612 1509 Dic

2015 1544 2187 1598 servis
2208 1544 2307 1597 Dei
2338 1542 2431 1612 qui
2450 1542 2596 1596 circa
2615 1548 2672 1596 te
2686 1548 2911 1604 sunt,ut
2925 1544 3130 1597 vadant
3154 1549 3209 1597 et
3234 1543 3610 1614 requiescant,

2016 1632 2148 1702 quia
2173 1648 2349 1701 usque
2382 1631 2437 1683 in
2470 1630 2698 1684 tertium
2726 1630 2873 1683 diem
2902 1630 3041 1683 nihil
3077 1631 3249 1707 hujus
3276 1617 3456 1684 morbi
3482 1647 3612 1703 pas-

2014 1737 2179 1775 surus
2209 1738 2284 1773 es.
2322 1739 2349 1770 ιν
2370 1720 2570 1773 Certus
2593 1719 2767 1787 igitur
2789 1718 2990 1782 factus,
3017 1719 3162 1788 jussi
3191 1724 3257 1773 ut
3283 1720 3614 1775 recederent

334 1805 625 1860 redeuntis
683 1805 1056 1859 alternatione
1105 1805 1303 1874 viginti
1349 1812 1405 1859 et
1442 1812 1657 1876 septem
1714 1807 1993 1884 diebus,B
2015 1810 2108 1880 qui
2142 1813 2426 1871 venerant,
2458 1815 2516 1861 et
2535 1807 2813 1861 abierunt.

333 1893 599 1947 vicesimo
619 1899 811 1947 octavo
831 1909 952 1963 ego,
989 1892 1083 1963 qui
1109 1909 1236 1947 eum
1271 1893 1481 1963 absque
1508 1892 1927 1949 intermissione

334 1982 394 2035 in
423 1983 755 2036 memoriam
776 1982 1061 2052 gerebam,
1084 1989 1214 2053 post
1237 1998 1450 2036 canam
1475 1982 1713 2036 fratrum
1740 1983 1924 2036 locum

334 2071 662 2141 ingrediens
709 2072 826 2125 sedi
868 2073 1027 2140 juxta
1057 2071 1353 2136 cortinam,
1395 2087 1519 2141 qua
1555 2077 1687 2125 ante
1725 2072 1930 2126 lectum

334 2160 527 2214 fratris
557 2166 717 2214 tensa
745 2160 1042 2231 pendebat.
1067 2161 1320 2230 Cumque
1340 2160 1436 2213 diu
1463 2160 1737 2223 sederem,
1761 2165 1818 2213 et
1838 2160 1933 2214 ille

331 2249 392 2302 in
415 2250 557 2313 lecto
575 2251 806 2319 jaceret,
821 2248 1070 2302 mirabar
1089 2249 1237 2319 quod
1267 2265 1380 2301 non
1415 2249 1773 2319 loqueretur:
1800 2265 1933 2318 ape-

333 2338 488 2391 riens
517 2353 645 2390 vero
671 2338 945 2391 cortinam
974 2337 1187 2407 aspexi,
1205 2344 1262 2390 et
1281 2354 1406 2391 ecce
1422 2337 1647 2407 jacebat
1674 2338 1930 2407 supinus,

331 2426 541 2479 clausis
584 2426 777 2489 oculis,
809 2432 1081 2496 tanquam
1125 2426 1433 2479 dormiens.
1485 2426 1738 2496 Cumque
1778 2425 1933 2496 aspi-

330 2514 484 2568 ciens
504 2516 847 2583 hiesitarem,
876 2515 1140 2569 dubitans
1168 2521 1359 2569 utrum
1389 2531 1586 2579 somno
1634 2532 1707 2568 an
1739 2514 1933 2568 morbo

332 2610 640 2665 teneretur,
676 2604 998 2658 nullatenus
1030 2604 1199 2669 enim,
1235 2604 1379 2661 sicut
1397 2603 1612 2674 pridem
1638 2603 1936 2657 accedente

332 2693 594 2762 passione
637 2692 870 2754 solebat,
918 2692 1263 2755 movebatur,
1310 2692 1515 2747 accessi
1555 2693 1819 2762 propius,
1879 2698 1937 2745 et

332 2788 505 2852 caput
518 2782 642 2851 ejus
660 2782 902 2851 agitans,
917 2782 1282 2851 clamansque
1302 2798 1429 2833 eum
1444 2781 1669 2834 nomine
1688 2780 1931 2851 proprio,

334 2887 462 2924 cum
488 2887 600 2924 non
628 2870 1027 2941 respondisset,
1048 2886 1151 2929 nec
1178 2870 1368 2923 oculos
1387 2869 1717 2939 aperuisset,
1740 2870 1935 2939 depre-

2083 1899 2181 1952 Iiis
2216 1898 2409 1967 itaque
2430 1895 2592 1949 dictis
2613 1901 2670 1951 et
2688 1896 2844 1959 actis,
2877 1896 3059 1949 factus
3088 1900 3175 1949 est
3212 1910 3384 1949 sanus
3412 1889 3608 1963 frater,

2010 1990 2088 2043 sic
2116 2001 2455 2058 permanens
2486 1989 2604 2037 tota
2630 1983 2727 2037 illa
2765 1984 2878 2051 die,
2917 1990 3080 2038 nocte
3117 1990 3173 2038 et
3213 1985 3302 2038 die
3333 1985 3611 2055 sequenti,

2012 2092 2191 2145 usque
2218 2075 2277 2128 in
2324 2073 2435 2127 diei
2480 2072 2660 2125 tertiae
2696 2087 2899 2125 nonam
2942 2073 3028 2126 vel
3065 2073 3339 2126 decimam
3392 2073 3608 2139 horam.

2015 2165 2218 2222 Mansit
2265 2177 2392 2215 vero
2437 2160 2669 2215 timidus
2716 2161 2894 2226 valde,
2938 2166 2998 2215 et
3040 2162 3261 2215 frenata
3307 2162 3609 2216 admodum

2016 2254 2252 2325 pristina
2278 2251 2523 2312 levitate,
2561 2265 2686 2302 cum
2719 2265 2957 2303 mcerore
2975 2251 3131 2319 gravi
3161 2248 3609 2320 praestolabatur,

2016 2343 2147 2413 quid
2177 2356 2345 2411 super
2381 2355 2446 2392 eo
2470 2338 2594 2391 ﬁeri
2618 2338 2786 2391 vellet
2812 2339 2981 2392 Deus.
3026 2339 3148 2393 Adii
3177 2345 3369 2392 autem
3399 2354 3527 2393 eum
3556 2345 3615 2393 et

2015 2430 2278 2485 accersiri
2305 2428 2507 2490 verbis,
2541 2443 2747 2497 rogans
2786 2433 2851 2480 ut
2879 2428 2949 2480 ad
2988 2442 3083 2480 cor
3112 2442 3278 2480 suum
3304 2425 3517 2480 rediret
3552 2432 3610 2481 et

2016 2524 2346 2591 agnosceret
2381 2516 2513 2587 quid
2544 2516 2734 2580 fuerit,
2767 2516 3239 2585 ronﬁtereturque
3277 2515 3466 2569 omnia
3489 2531 3614 2586 pec-

2017 2616 2141 2663 cata
2170 2624 2291 2666 sua,
2318 2612 2373 2660 et
2393 2606 2491 2659 illa
2522 2605 2781 2665 maxime,
2804 2604 3007 2673 quibus
3028 2610 3296 2673 tanquam
3316 2603 3615 2657 tormentis

2019 2697 2359 2751 conscientia
2385 2710 2514 2748 eum
2558 2693 2616 2746 in
2654 2694 2841 2750 divino
2865 2692 3098 2761 judicio.
3142 2692 3287 2745 sicut
3313 2693 3371 2745 in
3403 2692 3615 2761 somnis

2017 2787 2195 2839 visum
2240 2792 2322 2838 est
2364 2783 2487 2845 sibi,
2538 2781 2918 2845 cruciaverat;
2963 2782 3110 2850 quod
3152 2781 3247 2834 ille
3285 2782 3519 2835 audiens
3558 2790 3614 2834 et

2014 2888 2287 2935 annuens,
2306 2871 2453 2924 illico
2471 2869 2743 2923 conﬁtens
2761 2867 3015 2937 exposuit
3032 2867 3167 2923 mihi
3198 2883 3422 2921 omnem
3439 2869 3612 2922 vitam

332 2959 508 3012 bendi
556 2960 871 3029 passionem
908 2959 1226 3023 accessisse,
1283 2963 1339 3011 et
1387 2958 1700 3028 exspectavi
1755 2958 1933 3011 donec
2013 2978 2173 3016 suam
2194 2959 2556 3032 praeteritam,
2584 2962 2856 3027 quantum
2870 2956 3150 3009 recordari
3169 2956 3370 3027 potuit,
3388 2957 3615 3027 planctu

331 3048 805 3118 recederet;quae
833 3064 960 3101 cum
986 3047 1326 3112 recessisset,
1350 3047 1573 3117 aperuit
1595 3046 1689 3101 ille
1719 3046 1928 3110 oculos,
2014 3066 2125 3144 quo
2172 3048 2365 3112 valuit,
2424 3040 2829 3114 assumensque
2886 3044 3180 3097 consilium
3222 3059 3256 3097 a
3310 3058 3420 3108 me,
3466 3045 3615 3116 quod

332 3143 393 3189 et
451 3137 694 3190 extemis
738 3136 1039 3207 Ppplitibus
1086 3137 1374 3206 planctum
1430 3135 1672 3188 ﬂebilem
1721 3130 2216 3199 emisit,Cmelius
2252 3135 2458 3191 inveni.
2494 3133 2594 3188 Die
2619 3132 2805 3195 tertia,
2843 3148 2966 3203 quae
2998 3133 3279 3187 minarum
3308 3131 3428 3187 dies
3466 3132 3607 3199 erat,

331 3225 526 3279 dicens
553 3242 613 3279 se
626 3226 794 3279 nimis
815 3225 1118 3287 laborasse,
1142 3229 1199 3278 et
1225 3223 1635 3278 lacessentibus
1665 3222 1933 3277 membris
2016 3244 2107 3281 me
2135 3227 2461 3279 consulente
2491 3229 2548 3276 et
2566 3228 2847 3285 monente,
2871 3237 3035 3274 mane
3055 3221 3112 3274 in
3137 3222 3461 3285 oratorium,
3483 3238 3613 3276 cum

329 3314 579 3384 fatigari,
600 3314 793 3383 sicque
810 3321 897 3368 ter
917 3314 1113 3368 eadem
1140 3314 1280 3367 hora
1320 3329 1540 3367 mecum
1562 3328 1626 3365 eo
1647 3312 1930 3382 loquente,
2018 3321 2079 3369 et
2105 3331 2207 3385 ego
2236 3328 2427 3366 secum
2452 3312 2614 3376 irem,
2650 3310 2912 3381 perrexit,
2954 3310 3335 3381 fratribusque
3373 3311 3615 3382 primam

329 3404 633 3457 accedente
651 3402 909 3473 passione
938 3403 1037 3469 ivit
1064 3408 1121 3455 et
1146 3401 1330 3469 rediit.
1364 3401 1618 3470 Cumque
1647 3417 1751 3470 ego
1779 3402 1938 3455 valde
2018 3404 2375 3475 psalmosque
2404 3415 2644 3471 sequens
2667 3405 2725 3453 et
2751 3399 2984 3455 missam
3039 3390 3456 3466 matutinalem,
3493 3414 3615 3470 quae

328 3493 603 3555 dolerem,
631 3496 792 3546 tanta
820 3491 1159 3545 contritione
1188 3490 1385 3543 videns
1412 3489 1645 3555 fratrem
1676 3496 1734 3543 et
1755 3490 1936 3543 ﬁlium

327 3597 522 3635 meum
545 3580 818 3639 laborare,
849 3597 949 3650 pro
980 3594 1089 3649 quo
1121 3580 1365 3647 animam
1399 3594 1686 3648 ponerem,
1729 3579 1777 3631 si
1807 3595 1934 3648 pos-

327 3686 471 3727 sem,
506 3686 610 3722 nec
637 3670 877 3723 valerem
907 3685 1255 3731 succurrere,
1296 3667 1670 3736 ingemiscens
1712 3667 1935 3721 interno

329 3758 599 3827 suspirio,
617 3758 756 3811 dixit
787 3757 951 3811 mihi:
974 3775 1001 3809 α
1020 3758 1205 3819 Pater,
1233 3757 1417 3819 Pater,
1443 3772 1610 3826 quam
1636 3756 1933 3825 pessimam

326 3854 555 3903 noctem
603 3846 807 3903 ducere
835 3862 925 3917 me
951 3851 1174 3915 oportet
1223 3846 1385 3913 hanc,
1419 3861 1542 3914 qua;
1570 3844 1861 3899 imminet!
1908 3862 1932 3896 »

329 3936 478 3991 Cum
513 3950 793 4005 rogassem
835 3941 898 3989 ut
931 3934 1142 3989 diceret
1170 3933 1303 4004 quid
1335 3934 1578 3995 timeret,
1613 3938 1670 3987 et
1699 3933 1939 4003 qualiter

327 4025 439 4078 hoc
478 4023 665 4087 sciret,
698 4023 939 4092 adjecit:
977 4043 999 4073 ι
1044 4023 1250 4079 Vocem
1288 4022 1475 4077 audivi
1506 4028 1811 4076 terrentem
1844 4038 1936 4077 me

329 4112 505 4168 nimis
530 4127 595 4167 ac
620 4111 897 4181 dicentem
923 4129 934 4165 τ
969 4112 1126 4180 Roga
1164 4110 1409 4181 priorem
1442 4115 1600 4165 tuum
1626 4109 1934 4165 Robertum

328 4207 391 4255 et
408 4201 615 4256 fratres
643 4206 771 4255 tuos
800 4204 1051 4261 caeteros,
1096 4205 1159 4255 ut
1185 4204 1348 4254 orent
1392 4215 1492 4268 pro
1540 4203 1617 4263 te,
1666 4198 1800 4268 quia
1828 4197 1935 4253 nisi

327 4290 523 4347 divina
539 4289 719 4360 pietas
738 4287 1075 4349 subvenerit,
1100 4288 1401 4357 pessimam
1424 4293 1642 4342 noctem
1668 4303 1936 4357 passurus

327 4396 392 4433 es
406 4380 598 4434 istam.
632 4379 796 4433 Nunc
817 4394 971 4447 ergo,
1010 4378 1221 4439 Patres,
1241 4376 1552 4432 succurrite
1574 4384 1630 4430 et
1650 4383 1807 4429 orate
1835 4392 1935 4445 pro

2019 3493 2189 3551 etiam
2217 3508 2284 3545 ex
2303 3492 2464 3561 jussu
2495 3495 2686 3542 nostro
2726 3504 2827 3558 pro
2876 3486 3115 3557 peccatis
3146 3487 3300 3562 illius
3328 3487 3617 3542 celebran-

2016 3581 2188 3643 tibus,
2216 3580 2311 3633 ille
2350 3585 2507 3632 extra
2546 3578 2775 3631 chorum
2817 3576 3038 3640 sedens,
3072 3576 3131 3628 in
3162 3574 3620 3631 meditationibus

2018 3671 2350 3741 etlacrymis
2371 3667 2779 3739 perseverabat.
2802 3667 2916 3720 Nos
2941 3681 3071 3719 vero
3090 3666 3262 3719 ﬁnitis
3283 3682 3405 3737 quae
3425 3666 3618 3720 ﬁnien-

2019 3760 2089 3813 da
2119 3766 2297 3821 erant,
2333 3760 2471 3815 hora
2509 3758 2606 3815 illa
2630 3754 2938 3826 capitulum
2976 3756 3306 3826 introgressi
3348 3756 3616 3821 sedimus,

2020 3856 2076 3902 et
2100 3854 2227 3919 post
2247 3849 2386 3901 alias
2415 3844 2929 3907 sermocinationes,
2958 3860 3080 3914 quae
3113 3845 3441 3899 necessariae
3466 3844 3621 3898 vide-

2020 3937 2244 3999 bantur,
2276 3937 2346 3990 de
2390 3936 2486 3989 illo
2526 3932 2865 3988 mentionem
2913 3922 3216 3995 introduxi,
3250 3932 3621 4003 omnibusque

2019 4024 2399 4083 annuentibus
2429 4028 2656 4079 vocatus
2685 4027 2772 4075 est
2799 4021 2855 4074 in
2882 4021 3211 4090 capitulum,
3255 4022 3358 4074 hoc
3397 4014 3547 4074 enim
3579 4036 3613 4089 a

2017 4129 2109 4166 me
2128 4112 2385 4182 petierat,
2411 4125 2499 4163 me
2520 4114 2709 4162 tamen
2733 4108 2889 4177 prius
2908 4108 3233 4160 consulente
3255 4111 3312 4160 et
3333 4113 3616 4173 monente,

2018 4199 2358 4270 sequebatur
2383 4218 2395 4265 ;
2439 4198 2645 4268 quippe
2665 4198 2782 4266 jam
2808 4197 3047 4251 multum
3077 4194 3323 4249 domitus
3352 4195 3615 4249 volunta-

2017 4295 2131 4342 tem
2162 4304 2341 4347 meam
2376 4302 2441 4340 ex
2470 4292 2589 4339 toto
2617 4285 2675 4339 in
2698 4284 3124 4355 quibuscunque
3145 4289 3381 4354 poterat.
3401 4284 3619 4353 Ingres-

2017 4394 2113 4432 sus
2146 4377 2321 4446 igitur
2358 4374 2734 4445 prosternitur
2764 4378 2882 4426 toto
2928 4387 3161 4442 corpore
3201 4387 3389 4424 coram
3434 4370 3615 4433 nobis,

326 4485 443 4532 me,
473 4468 610 4537 quia
647 4467 806 4522 valde
852 4467 1026 4522 timeo
1056 4466 1352 4522 attendens
1401 4464 1570 4519 verba
1616 4482 1738 4535 quae
1786 4465 1936 4518 dicta
1957 4448 2191 4516 Dtantis
2233 4459 2495 4531 lacrymis
2543 4459 2760 4529 plenus,
2792 4462 2950 4510 tanto
3000 4456 3153 4511 luctu
3190 4456 3400 4510 fractus
3432 4462 3494 4510 ut
3530 4471 3621 4509 me

323 4562 462 4613 sunt
486 4556 646 4612 mihi.
678 4581 701 4612 η
733 4556 819 4612 Me
839 4555 1031 4625 itaque
1056 4554 1430 4624 praecipiente,
1447 4553 1738 4608 confestim
1759 4554 1935 4607 vocati

324 4652 467 4700 sunt.
493 4645 699 4700 fratres
711 4649 971 4714 quatuor,
997 4660 1138 4713 quos
1158 4660 1261 4713 ego
1283 4642 1605 4697 nominibus
1625 4643 1933 4712 designavi,

322 4735 617 4804 allatoque
654 4750 779 4789 cum
808 4749 973 4788 cruce
1002 4740 1059 4785 et
1087 4730 1440 4787 candelabris
1472 4731 1682 4786 Christi
1715 4731 1936 4785 Domini

327 4824 517 4878 nostri
533 4828 891 4878 sacrosancto
922 4837 1177 4894 corpore,
1198 4837 1288 4875 me
1310 4821 1664 4881 exhortante,
1682 4820 1905 4891 praemis
1920 4852 1933 4862 ‹

324 4929 509 4983 saque
570 4910 937 4974 confessione,
989 4909 1238 4980 corporis
1285 4910 1431 4964 sacri
1484 4909 1933 4963 communionem

324 5001 596 5071 sumpsit,
629 5000 921 5069 factusque
961 4999 1214 5055 securior
1251 4998 1496 5068 jacebat,
1541 4998 1702 5053 nobis
1747 5014 1935 5051 coram

324 5089 660 5146 sedentibus
699 5095 756 5144 et
784 5088 1234 5159 exspectantibus
1282 5088 1494 5158 pariter
1540 5086 1801 5141 omnibus
1841 5091 1940 5140 aut

325 5181 582 5252 gratiam
634 5184 735 5234 aut
774 5177 1051 5251 judicium
1099 5177 1220 5237 Dei,
1269 5178 1403 5247 quia
1456 5176 1647 5230 omnia
1674 5191 1937 5246 quascun-

328 5285 449 5340 que
480 5268 601 5324 vult
628 5273 812 5337 potest
854 5267 922 5321 Et
941 5282 1066 5320 ecce
1076 5266 1193 5334 jam
1221 5264 1366 5321 facta
1384 5269 1547 5319 nocte
1569 5269 1625 5318 et
1645 5264 1936 5334 quiescen-

324 5357 490 5413 tibus
518 5356 806 5414 fratribus,
827 5355 1071 5424 exceptis
1092 5355 1161 5411 iis
1203 5355 1299 5424 qui
1324 5370 1540 5409 mecum
1573 5359 1753 5421 erant.
1788 5369 1939 5407 acce-

323 5448 506 5501 dente
557 5446 838 5516 passione,
888 5444 1027 5503 abiit
1065 5460 1099 5497 a
1128 5443 1306 5511 nobis,
1360 5442 1507 5496 sicut
1555 5448 1938 5504 consueverat,

322 5535 605 5589 claudens
641 5534 851 5598 oculos,
896 5539 953 5587 et
994 5533 1186 5602 jacens
1222 5532 1508 5586 immotus.
1557 5531 1812 5600 Cumque
1842 5546 1943 5597 nos

325 5623 730 5697 psalleremus,
779 5628 837 5691 et
871 5623 992 5692 ipse
1028 5621 1233 5693 sepius
1280 5620 1391 5675 iret
1430 5626 1488 5675 et
1531 5619 1761 5685 rediret,
1797 5618 1941 5687 jussi

2019 4569 2084 4605 ex
2116 4551 2230 4603 imo
2261 4550 2426 4602 corde
2474 4546 2815 4609 concuteret,
2868 4549 3141 4615 tantoque
3183 4543 3377 4599 dolore
3424 4550 3490 4599 ut
3536 4545 3621 4598 vix

2017 4640 2169 4710 loqui
2192 4639 2262 4692 ad
2293 4637 2459 4691 verba
2479 4636 2630 4689 illius
2658 4635 2920 4699 valerem,
2946 4633 3111 4687 misto
3126 4633 3335 4703 gaudio
3357 4634 3616 4704 agitaret.

2020 4727 2345 4791 Gaudebam
2374 4727 2522 4779 enim
2549 4724 2932 4787 vehementer,
2965 4722 3113 4792 quod
3140 4728 3257 4781 tam
3289 4722 3615 4794 superbum,

2018 4824 2132 4871 tam
2156 4816 2446 4879 lascivum,
2468 4819 2583 4867 tam
2610 4813 2954 4883 pertinacem
2976 4812 3033 4865 in
3056 4811 3209 4865 omni
3231 4808 3621 4867 adolescentiae

2019 4906 2284 4970 vanitate,
2307 4903 2470 4957 modo
2503 4907 2868 4973 prostratum,
2893 4907 3009 4954 tam
3032 4901 3324 4965 humilem,
3348 4908 3464 4955 tam
3495 4917 3619 4954 mo-

2018 4996 2392 5058 destum,tam
2417 5006 2743 5046 conversum
2779 4990 2848 5053 ad
2881 5006 3102 5044 omnem
3126 4990 3466 5060 paenitentiae
3494 5004 3621 5058 gra-

2018 5086 2249 5139 vitatem
2278 5081 2550 5135 videbam.
2578 5080 2833 5135 Surrexit
2855 5079 3047 5149 igitur,
3082 5096 3171 5133 me
3196 5078 3446 5149 jubente,
3480 5082 3537 5130 et
3562 5076 3621 5129 in

2021 5174 2216 5227 eodem
2262 5172 2417 5225 luctu
2465 5170 2796 5240 persistens,
2835 5169 2975 5221 adeo
3023 5173 3086 5220 ut
3145 5167 3233 5219 vix
3272 5167 3617 5234 loqueretur,

2021 5262 2272 5334 quaesivit
2303 5279 2337 5314 a
2364 5259 2525 5321 nobis
2555 5264 2619 5313 ut
2641 5274 2811 5328 super
2837 5273 2903 5309 eo
2932 5261 2990 5309 et
3013 5269 3182 5324 super
3210 5253 3453 5324 peccatis
3482 5252 3617 5319 suis,

2022 5368 2144 5422 qua
2169 5350 2326 5413 valde
2349 5348 2587 5420 plurima
2607 5364 2667 5400 se
2688 5346 2883 5400 fecisse
2900 5341 3290 5412 cognoscebat,
3317 5347 3372 5394 et
3389 5339 3614 5411 quibus,

2025 5441 2176 5497 ultra
2228 5456 2395 5509 quam
2438 5440 2748 5508 potaverat,
2788 5430 3146 5501 gravabatur,
3190 5430 3622 5500 praeciperemus

2026 5529 2171 5600 quod
2203 5528 2466 5599 placeret.
2505 5527 2645 5594 Ergo
2676 5520 2934 5591 respondi
2981 5535 3083 5588 ego
3128 5534 3228 5588 pro
3271 5517 3532 5572 omnibus
3557 5524 3622 5572 ut

2024 5617 2200 5688 potui,
2232 5631 2416 5685 neque
2458 5613 2606 5666 enim
2644 5610 2716 5664 ad
2741 5607 3048 5680 perfectum
3074 5606 3258 5671 cordis
3284 5605 3529 5676 gemitus
3565 5612 3625 5666 et
