4016 6178
414 306 550 367 1375

1511 313 1822 369 ROBERTI
1860 310 2164 366 ABBATIS
2202 310 2261 364 S.
2304 308 2599 364 VIGORIS

3510 299 3624 357 1376

410 435 672 508 lacrymze
714 439 1044 496 defﬂuentes
1071 442 1382 513 exprimere
1418 438 1821 512 permittebant
1844 436 1992 509 quod
2010 436 2063 495 A
2080 434 2435 489 mirantibus.
2452 430 2835 487 Psallebamus
2850 427 3025 499 igitur
3041 430 3309 497 quantum
3320 428 3624 495 poteramus,

412 525 684 581 volebam.
720 528 974 602 Suscepit
1007 531 1197 602 itaque
1228 549 1261 585 a
1301 531 1493 595 fratre,
1526 530 1617 583 cui
1660 532 1998 599 praeceptum

414 620 517 679 est,
552 624 754 671 exutus
786 620 1048 674 staminio
1072 621 1347 691 judicium
1377 620 1660 689 virgarum
1688 634 1814 671 cum
1840 621 2000 669 tanta

409 702 749 772 humilitate,
780 708 926 762 sicut
944 709 1082 762 mihi
1113 716 1302 780 postea
1329 708 1588 780 privatim
1611 706 1680 761 ab
1703 724 1768 759 eo
1787 707 1999 758 dictum

411 797 514 854 est,
558 799 622 846 ut
665 812 862 865 parum
901 797 1006 851 sibi
1051 799 1347 853 videretur.
1380 798 1527 868 quod
1558 794 1996 867 percutiebatur.

408 878 653 953 Przecepi
694 884 868 955 igitur
893 887 1179 951 fratribus,
1213 888 1308 959 qui
1338 904 1438 958 per
1464 886 1654 941 omnia
1678 883 2002 938 obedientes

411 976 592 1035 erant,
622 980 685 1025 ut
708 972 805 1027 illa
833 975 921 1029 die
946 977 1268 1046 jejunantes
1297 983 1354 1030 et
1378 977 1792 1047 pulmentorum
1821 978 2023 1027 cocto-‘

409 1071 537 1111 rum
556 1062 911 1131 perceptione
932 1064 1155 1135 penitus
1173 1062 1852 1119 abstinerent.Prandium
1873 1076 2001 1113 vero

410 1151 676 1212 vestrum,
709 1149 961 1220 inquam,
984 1168 1049 1205 ex
1079 1158 1196 1206 toto
1227 1169 1348 1222 ego,
1369 1158 1434 1206 ut
1460 1151 1686 1206 solitum
1715 1154 1817 1215 est,
1848 1146 2001 1201 vobis

413 1236 600 1305 parari
626 1236 845 1300 faciam,
878 1241 1027 1310 quod
1067 1258 1166 1311 pro
1204 1240 1357 1295 vobis
1388 1256 1661 1311 pauperes
1708 1239 1768 1292 in
1803 1238 1999 1291 eadem

413 1321 579 1377 domo
625 1327 921 1381 refectoria
942 1344 1055 1382 una
1080 1330 1217 1382 hora
1264 1336 1395 1383 ante
1441 1345 1535 1383 vos
1584 1325 1999 1403 discumbentes

413 1413 729 1478 comedant,
749 1423 811 1469 ut
842 1417 897 1470 in
915 1417 1172 1472 omnibus
1194 1435 1313 1488 quae
1344 1434 1659 1489 possumus,
1693 1422 1750 1469 et
1773 1414 2001 1484 jejuniis

414 1505 473 1554 et
500 1502 846 1558 orationibus
883 1512 941 1559 et
989 1506 1359 1578 eleemosynis
1404 1507 1564 1561 fratri
1586 1506 1642 1559 in
1671 1504 2001 1558 necessitate

414 1594 572 1646 tanta
604 1592 784 1662 posito
808 1611 1220 1650 succurramus.
1306 1596 1313 1603 ’

2082 529 2467 594 exspectantes
2511 528 2572 575 ut
2622 520 2834 574 rediret
2857 517 2927 571 ad
2957 532 3171 578 sensus,
3213 518 3269 567 et
3303 513 3545 566 sciremus
3568 512 3627 566 ab

2082 630 2146 667 eo
2186 629 2358 683 quare
2390 612 2494 665 hoc
2541 610 2777 664 fecisset.
2829 609 2898 662 Et
2945 622 3070 660 ecce
3118 603 3301 667 rediit,
3341 602 3545 672 planctu
3579 619 3629 655 se

2082 702 2430 767 concutiens,
2453 706 2511 754 et
2529 700 2720 753 dicens
2744 716 2756 750 :
2789 717 2811 748 ι
2855 697 3025 759 Deus,
3049 694 3215 755 Deus,
3247 696 3500 761 quantum
3525 705 3632 742 con-

2082 792 2348 861 stringor.
2392 813 2408 837 -
2437 789 2540 843 Cui
2566 804 2693 843 cum
2723 803 2847 857 ego,
2872 780 3237 855 psallentibus
3265 778 3485 842 caeteris,
3504 778 3631 830 dice-

2082 897 2200 935 rem
2215 886 2278 934 ut
2298 879 2429 950 quid
2448 894 2581 949 erga
2598 894 2658 931 se
2680 877 2839 930 fieret
2853 872 3114 944 aperiret,
3128 867 3411 939 respondit
3433 885 3474 919 :c
3497 865 3632 919 Malae

2084 969 2271 1023 bestiae
2301 985 2391 1023 me
2421 968 2716 1038 impetunt.
2752 966 2839 1017 »Α
2867 978 2976 1032 quo
2996 975 3121 1023 cum
3144 972 3448 1028 quaererem
3471 961 3634 1009 utrum

2084 1079 2232 1117 nunc
2252 1066 2553 1133 praesentes
2569 1064 2719 1122 sunt,
2747 1073 2816 1111 an
2838 1058 3210 1116 recesserunt,
3233 1051 3336 1104 ait:
3350 1068 3375 1102 ι
3404 1050 3635 1102 Recesse-

2084 1156 2236 1204 runt.
2273 1168 2299 1203 ιδ
2330 1148 2572 1219 Praecepi
2610 1147 2757 1201 illico
2786 1143 3054 1198 fratribus
3081 1138 3338 1195 omnibus
3376 1143 3439 1190 ut
3469 1142 3634 1190 euntes

2082 1243 2314 1308 agerent
2368 1237 2649 1299 orationes
2695 1240 2752 1288 et
2798 1233 2993 1287 laudes
3038 1228 3402 1301 vespertinas.
3455 1225 3636 1288 Quibus

2083 1326 2341 1396 egressis,
2373 1341 2670 1380 remanens
2709 1339 2812 1393 ego
2847 1322 2999 1376 solus
3050 1335 3176 1373 cum
3234 1317 3405 1370 fratre
3448 1316 3636 1385 jacente

2083 1415 2407 1470 sciscitabar
2430 1415 2750 1484 diligenter,
2794 1416 2857 1464 ut
2902 1409 3156 1464 audirem
3185 1406 3257 1460 ab
3288 1421 3353 1459 eo
3400 1404 3465 1457 de
3506 1404 3636 1472 signo

2083 1505 2263 1560 crucis
2284 1504 2431 1575 quod
2452 1510 2540 1558 ter
2561 1504 2789 1568 fecerat,
2811 1506 2869 1555 et
2896 1498 3088 1553 bestiis
3113 1513 3256 1568 quas
3275 1495 3498 1560 dixerat,
3525 1492 3639 1544 veri-

2084 1600 2277 1648 tatem.
2320 1595 2401 1648 De
2452 1610 2562 1664 quo
2613 1608 2738 1646 cum
2782 1590 3082 1645 sollicitum
3121 1603 3213 1640 me
3256 1584 3497 1638 vidisset.
3530 1582 3635 1634 ait:

484 1679 697 1744 Quibus
727 1683 985 1738 omnibus
1013 1685 1308 1749 concessis,
1333 1686 1634 1757 petitisque
1658 1682 2003 1738 orationibus
2023 1755 2049 1757 ᾗ
2090 1704 2111 1735 ι
2154 1684 2321 1737 Visus
2351 1687 2436 1737 est
2463 1682 2600 1736 mihi
2627 1680 2793 1734 modo
2818 1678 3078 1734 ostiolum
3109 1674 3261 1730 istud
3278 1674 3479 1726 intrare
3501 1671 3640 1724 homo

413 1783 448 1820 a
469 1767 662 1836 fratre,
691 1771 988 1841 quicoram
1010 1772 1231 1826 astabat
1253 1755 1393 1827 flens
1422 1755 1663 1827 ubertim
1684 1778 1738 1827 et
1760 1755 2066 1842 graviterB
2086 1772 2424 1842 nigerrimus
2471 1777 2528 1826 et
2575 1769 2837 1824 horridus
2885 1768 3180 1839 plusquam
3226 1763 3410 1817 dicere
3439 1760 3640 1823 valeam,

412 1855 795 1926 suspirans,et
828 1861 1131 1930 praemissis
1157 1879 1189 1915 a
1218 1862 1378 1916 nobis
1414 1862 1509 1933 qui
1535 1861 1883 1925 sedebamus,
1917 1860 2005 1913 vix

412 1944 578 1999 ﬂetus
605 1954 670 2001 ut
699 1947 1058 2019 loqueremur
1098 1951 1592 2023 interrumpentes,
1638 1951 2001 2015 surreximus,

410 2039 608 2088 euntes
637 2053 762 2090 cum
786 2039 1128 2108 psalmorum
1146 2047 1359 2111 septem
1380 2040 1770 2094 decantatione
1790 2040 1849 2092 in
1874 2054 2002 2091 ora-

407 2122 639 2190 torium,
681 2125 775 2179 ubi
813 2130 1079 2197 prostrati
1114 2130 1415 2199 jacuimus,
1444 2131 1621 2183 donec
1657 2129 1801 2183 finiti
1848 2135 1998 2183 sunt.

411 2209 548 2264 Post
569 2229 691 2283 quae
712 2216 901 2268 omnia
922 2219 1156 2288 praecepi
1185 2219 1283 2272 uni
1300 2236 1362 2272 ex
1384 2219 1650 2272 fratribus
1680 2225 1744 2272 ut
1775 2219 2003 2271 missam

412 2314 514 2369 pro
545 2303 787 2370 peccatis
808 2304 958 2359 illius
969 2306 1160 2360 statim
1183 2307 1408 2372 diceret,
1429 2324 1595 2377 quam
1620 2307 1840 2361 audiret
1861 2308 1999 2377 ipse,

413 2391 471 2440 et
498 2398 849 2446 sacramenta
887 2396 1135 2465 corporis
1165 2402 1222 2450 et
1259 2396 1547 2466 sanguinis
1585 2394 1792 2450 Christi
1825 2394 2003 2466 perci-

413 2484 589 2546 peret.
608 2479 790 2535 Factis
814 2481 986 2551 igitur
1004 2484 1265 2538 omnibus
1276 2502 1398 2555 qua:
1409 2486 1558 2542 dicta
1574 2490 1723 2550 sunt,
1747 2484 2005 2554 datisque

410 2567 749 2636 pauperibus
788 2571 1007 2625 refectis
1037 2590 1135 2642 per
1164 2573 1413 2643 singulos
1453 2574 1689 2644 singulis
1737 2572 1998 2638 denariis,

409 2652 514 2709 feci
542 2656 712 2711 etiam
740 2675 927 2713 coram
972 2660 1164 2725 fratre,
1199 2668 1426 2733 propter
1467 2679 1632 2733 quem
1668 2663 1786 2716 haec
1812 2662 2003 2716 omnia

411 2741 638 2811 fiebant,
659 2749 1003 2814 comedente,
1049 2767 1351 2821 pauperem
1382 2752 1476 2822 qui
1508 2752 1766 2805 inventus
1798 2757 1886 2804 est
1912 2768 2001 2805 se-

409 2829 561 2898 dere,
595 2839 660 2888 ut
686 2851 813 2890 cum
843 2853 908 2891 eo
933 2839 1268 2893 comederet.
1302 2840 1569 2893 Volebam
1591 2839 1741 2894 enim
1771 2839 1999 2893 omnino

408 2925 473 2975 ut
501 2937 614 2976 non
644 2925 823 2981 solum
851 2944 951 2997 pro
980 2944 1066 2992 eo,
1091 2929 1185 2982 sed
1216 2929 1385 2983 etiam
1415 2946 1542 2983 cum
1573 2945 1639 2983 eo
1663 2929 1918 2983 Christus
1947 2929 2005 2983 in

409 3006 590 3063 forma
611 3014 871 3084 pauperis
889 3018 1234 3079 reﬁceretur,
1259 3034 1423 3088 quem
1446 3018 1504 3071 in
1524 3018 1858 3071 necessitate
1884 3024 2000 3071 tam

407 3099 657 3167 proxime
669 3102 855 3159 futura
870 3104 1309 3175 deprecabamur
1319 3123 1512 3161 omnes
1532 3107 1652 3160 fieri
1664 3106 1730 3160 ad
1731 3107 1753 3177 j
1762 3113 1999 3160 utorem.

409 3185 537 3241 Dati
560 3196 693 3243 sunt
729 3192 896 3247 etiam
926 3193 1056 3248 huic
1085 3195 1195 3248 duo
1227 3195 1462 3260 denarii,
1491 3212 1630 3266 quos
1659 3196 1729 3249 ad
1759 3196 1862 3249 hoc
1899 3211 2001 3265 ego

408 3274 570 3330 fratri
598 3280 1110 3337 tradideram.Cum
1124 3284 1314 3354 itaque
1335 3284 1770 3337 comedissemus
1784 3299 1997 3349 omnes,

410 3368 467 3419 et
491 3365 629 3419 hora
659 3384 781 3438 quae
809 3369 1115 3424 timebatur
1146 3371 1399 3441 proxima
1427 3372 1603 3434 ﬁeret,
1640 3388 1742 3440 ego
1770 3371 2001 3424 domum

408 3451 625 3508 intrans
649 3455 880 3511 fratrem
906 3458 1196 3513 sedentem
1236 3460 1421 3513 inveni
1469 3466 1527 3513 et
1561 3460 1862 3526 timidum;
1905 3459 2001 3530 qui

406 3540 555 3595 illico
586 3544 724 3597 mihi
750 3546 892 3599 dans
912 3563 1139 3601 manum
1173 3553 1230 3601 et
1262 3565 1296 3601 a
1324 3565 1413 3601 me
1438 3554 1731 3619 susceptus
1758 3549 2003 3602 surrexit

406 3644 441 3680 ει
473 3629 593 3683 loco
612 3630 671 3684 in
692 3649 802 3703 quo
823 3634 1071 3700 sedebat,
1101 3636 1305 3689 vadens
1319 3652 1534 3690 mecum
1552 3643 1607 3690 et
1617 3636 1831 3706 jaciens
1863 3653 1922 3689 se
1941 3636 2000 3690 in

407 3716 636 3783 lectum,
660 3721 754 3773 ubi
784 3738 910 3776 cum
935 3740 1124 3777 coram
1150 3740 1216 3778 eo
1246 3725 1519 3790 sederem,
1554 3733 1676 3796 post
1704 3725 1995 3795 paululum

408 3807 719 3876 suspirans,
768 3809 891 3863 ait:
932 3831 953 3863 ι
997 3813 1139 3877 Heu,
1191 3813 1378 3877 Pater,
1423 3822 1694 3884 quantum
1735 3814 1902 3869 modo
1940 3813 1999 3867 in

406 3896 589 3965 capite
608 3896 769 3952 doleo
795 3900 807 3952 ἔ
830 3901 993 3955 modo
1015 3901 1149 3955 mihi
1162 3918 1347 3972 genua
1366 3903 1575 3968 dolent,
1601 3903 1763 3956 modo
1791 3918 1958 3956 crura
1981 3921 1993 3969 ;

406 3997 556 4037 nunc
587 3983 831 4052 brachia,
855 3994 911 4042 et
939 4005 1064 4043 ecce
1094 4006 1194 4061 per
1218 3997 1400 4045 totum
1431 4007 1634 4062 corpus
1653 3991 1814 4044 dolor
1840 3990 1997 4060 inge-

406 4072 658 4128 minatur
681 4081 737 4129 et
764 4078 982 4133 crescit.
1019 4079 1313 4150 »Cumque
1343 4080 1459 4134 haec
1489 4080 1680 4134 dicens
1707 4080 2000 4134 vehemen-

407 4164 495 4213 ter
530 4161 763 4230 doleret,
808 4166 969 4221 aﬁ‘uit
1013 4168 1242 4238 quidam
1280 4169 1475 4234 laicus,
1516 4169 1606 4223 cui
1650 4174 1710 4222 ut
1740 4168 2000 4239 loquerer

406 4250 719 4319 oportebat,
755 4260 812 4308 et
840 4256 999 4310 exivi.
1033 4273 1160 4310 cum
1191 4257 1383 4311 statim
1422 4262 1711 4311 revocatus
1740 4273 1774 4309 a
1802 4273 1997 4326 puero,

2086 1863 2275 1917 oculos
2298 1861 2510 1915 habens
2538 1860 2731 1930 igneos
2752 1865 2808 1912 et
2838 1857 2907 1912 ab
2936 1873 3032 1910 ore
3051 1856 3241 1923 ignem
3267 1851 3472 1922 jaciens
3498 1854 3548 1902 et
3571 1864 3644 1901 su-

2088 1967 2189 2021 per
2236 1966 2324 2003 me
2372 1949 2589 2012 efﬂans,
2635 1947 2978 2016 trahensque
3009 1944 3151 1997 duos
3204 1952 3372 1995 canes
3423 1936 3643 1992 horridos

2082 2055 2272 2102 manu,
2314 2038 2459 2091 sicut
2487 2042 2608 2091 erat
2635 2043 2692 2090 et
2710 2035 2850 2106 ipse,
2882 2050 3021 2104 quos
3040 2048 3168 2086 cum
3196 2030 3256 2083 in
3288 2045 3376 2082 me
3402 2026 3646 2080 animaret

2083 2134 2141 2182 et
2169 2133 2411 2197 cogeret,
2437 2142 2650 2196 egoque
2679 2125 2804 2178 illos
2832 2139 2922 2177 me
2952 2121 3302 2191 impedentes
3326 2117 3477 2171 valde
3500 2132 3643 2184 expa-

2084 2232 2385 2276 vescerem,
2431 2232 2605 2268 unum
2634 2229 2848 2277 eorum,
2882 2211 2979 2282 qui
3007 2208 3280 2272 anteibat,
3321 2220 3498 2277 pugno
3537 2218 3643 2273 per-

2084 2305 2232 2358 cussi
2265 2309 2323 2358 et
2351 2303 2607 2374 effugavi,
2632 2317 2874 2372 cumque
2902 2298 3232 2354 accessisset
3252 2290 3409 2359 alter,
3432 2309 3525 2347 nec
3545 2299 3643 2346 tam

2086 2393 2394 2465 proximus,
2409 2409 2575 2464 quam
2599 2392 2744 2445 alius
2758 2389 2961 2454 fuerat,
2983 2389 3160 2450 fieret,
3190 2383 3436 2457 percussi
3461 2392 3515 2435 et
3536 2395 3645 2434 eum

2088 2499 2297 2554 pugno,
2315 2489 2372 2537 et
2390 2487 2516 2552 post
2532 2481 2774 2552 primum
2797 2477 3003 2549 expuli.
3036 2476 3119 2530 Ab
3139 2475 3210 2528 iis
3242 2474 3501 2528 liberatus
3527 2468 3645 2523 effu-

2084 2573 2229 2641 gatis
2259 2570 2331 2624 ivi
2356 2571 2426 2624 ad
2459 2570 2761 2633 hominem,
2788 2568 2883 2639 qui
2903 2567 3024 2620 loco
3046 2566 3307 2625 haeserat,
3339 2568 3394 2616 et
3423 2558 3647 2614 similiter

2084 2677 2271 2732 pugno
2310 2659 2647 2731 percutiens,
2671 2663 2798 2728 post
2823 2672 2989 2710 canes
3018 2654 3180 2724 ejeci,
3208 2653 3415 2722 sicque,
3440 2647 3644 2703 Domino

2084 2752 2408 2811 miserante,
2439 2749 2620 2804 tribus
2640 2747 2843 2802 ictibus
2868 2746 3010 2800 liber
3027 2747 3209 2799 factus
3234 2760 3358 2798 sum
3380 2741 3447 2795 ab
3470 2740 3548 2793 his
3567 2738 3649 2791 tri~

2081 2840 2186 2895 bus
2214 2839 2488 2894 hostibus.
2517 2837 2771 2893 Intellexi
2802 2836 2994 2907 igitur,
3044 2833 3203 2905 quod
3236 2840 3353 2887 tres
3397 2831 3527 2884 ictus
3568 2827 3646 2880 isti

2085 2931 2314 2984 fuerunt
2342 2929 2454 2983 tria
2481 2928 2642 2999 signa
2666 2925 2847 2981 crucis
2876 2941 2998 2996 quae
3026 2923 3298 2989 videram,
3342 2919 3493 2974 nobis
3518 2916 3646 2988 psal-

2086 3020 2347 3086 lentibus,
2379 3018 2521 3073 fieri.
2566 3036 2592 3070 »

2156 3108 2400 3174 Interea,
2430 3111 2686 3160 revocato
2717 3120 2831 3158 uno
2869 3119 2936 3157 ex
2965 3101 3236 3156 fratribus
3269 3098 3366 3170 qui
3401 3096 3642 3154 abierant,

2085 3212 2318 3267 pensum
2354 3195 2674 3249 orationum
2704 3191 3149 3263 vespertinarum
3189 3196 3250 3244 et
3287 3187 3511 3242 laudum
3536 3196 3643 3236 cum

2084 3292 2312 3355 aegroto,
2336 3284 2431 3355 qui
2453 3284 2641 3354 etipse
2658 3282 2945 3337 nobiscum
2967 3279 3265 3352 psallebat,
3289 3274 3641 3349 persolvimus.

2084 3375 2285 3428 Postea
2313 3373 2483 3427 etiam
2504 3372 2655 3426 aliud
2685 3370 2869 3425 vocari
2909 3369 3161 3441 praecepi,
3189 3374 3258 3423 ut
3282 3373 3397 3421 tres
3427 3376 3644 3418 essemus

2084 3478 2211 3517 cum
2236 3462 2409 3516 fratre
2430 3462 2686 3532 jacente;
2719 3460 2817 3513 alii
2856 3475 2984 3513 vero
3013 3474 3232 3522 omnes,
3266 3455 3439 3510 finitis
3474 3449 3642 3506 oﬂiciis

2083 3551 2454 3611 diurnalibus.
2496 3567 2563 3604 ex
2599 3554 2876 3621 praecepto
2917 3554 3108 3602 nostro
3150 3544 3458 3616 temperius
3500 3552 3642 3611 quam

2082 3640 2501 3694 consuevissent
2553 3639 2860 3693 dormitum
2897 3638 3101 3691 ierunt.
3138 3633 3486 3706 Reputabam
3520 3627 3644 3682 enim

2082 3735 2332 3783 tractans
2360 3729 2418 3781 in
2450 3728 2636 3789 corde,
2660 3727 2784 3780 utsi
2806 3725 3051 3779 maxima
3075 3724 3408 3777 imminente
3434 3716 3646 3774 necessi-

2080 3824 2197 3872 tate
2225 3824 2325 3872 aut
2350 3817 2544 3871 mortis
2570 3821 2671 3870 aut
2700 3816 2935 3885 alicujus
2964 3813 3136 3879 exitii,
3170 3812 3309 3883 quid
3336 3810 3492 3865 enim
3519 3807 3646 3861 futu-

2081 3923 2207 3960 rum
2224 3912 2373 3960 esset
2391 3906 2588 3960 incerti
2613 3920 2860 3967 eramus,
2874 3902 3167 3973 oportebat
3185 3918 3387 3955 omnes
3406 3899 3647 3953 aﬂ'uturos

2080 4012 2202 4050 esse
2226 4014 2238 4062 ;
2263 3994 2470 4049 bonum
2490 3999 2613 4048 erat
2645 3994 2693 4047 si
2722 3993 3075 4063 aliquantum
3114 4006 3317 4044 somno
3347 3985 3528 4043 refecti
3551 3984 3647 4036 fue-

2080 4085 2212 4150 rint,
2255 4089 2312 4138 et
2354 4084 2531 4153 magis
2570 4081 2755 4136 sobrie
2802 4082 3053 4135 facerent
3089 4069 3369 4150 quidquid
3395 4072 3644 4146 agendum

2082 4179 2249 4227 esset.
2278 4173 2508 4227 Fuimus
2538 4172 2729 4242 itaque
2755 4176 2870 4224 tres
2892 4185 3018 4223 cum
3040 4168 3136 4222 illo
3165 4174 3373 4238 quarto
3394 4164 3483 4236 qui
3501 4160 3647 4233 patie-

2082 4260 2266 4325 batur,
2292 4261 2584 4331 loquentes
2613 4276 2737 4314 cum
2771 4275 2836 4312 eo
2865 4265 2921 4312 et
2946 4257 3303 4312 consolantes
3331 4265 3645 4323 eum,quan-

408 4338 504 4408 qni
525 4348 736 4411 aegroto
766 4344 1080 4409 assistebat,
1101 4346 1534 4416 ingrediensque
1556 4346 1784 4400 domum
1813 4345 2000 4399 inveni
2019 4349 2203 4408 Dtum
2234 4366 2394 4419 posse
2414 4349 2656 4403 dabatur
2680 4348 2860 4402 nobis.
2887 4349 3078 4401 Tantae
3107 4361 3238 4398 vero
3268 4340 3560 4398 debilitatis
3575 4337 3645 4390 vel

406 4442 534 4482 eum
553 4431 833 4499 jacentem
873 4440 1272 4504 arreptumque
1303 4435 1559 4489 molestia
1588 4435 1854 4505 pristina;
1888 4452 2002 4489 non

410 4520 598 4571 tamen
631 4521 951 4576 caltitrabat
988 4529 1088 4577 aut
1129 4522 1454 4577 volvebatur
1494 4523 1639 4577 sicut
1681 4524 1856 4594 prius,
1903 4524 2002 4578 sed

407 4602 611 4659 clausis
636 4610 828 4674 oculis,
861 4616 1129 4681 tanquam
1179 4612 1464 4665 dormiens
1501 4628 1613 4666 non
1655 4612 1997 4667 movebatur.

407 4690 661 4764 Cumque
673 4703 801 4766 post
813 4698 1222 4768 aliquantulum
1235 4706 1346 4754 tem
1354 4702 1503 4771 poris
1521 4701 1743 4755 rediens
1758 4701 2004 4772 aperiret

408 4780 597 4835 oculos
626 4799 827 4855 meque
854 4785 1156 4857 inspiceret
1178 4788 1553 4850 assistentem,
1579 4790 1782 4843 iterum
1805 4790 1999 4844 eodem

407 4871 574 4925 modo
603 4880 798 4943 raptus
827 4881 914 4929 est
937 4894 949 4942 ;
983 4882 1041 4930 et
1066 4893 1194 4930 cum
1223 4878 1428 4948 saepius
1453 4879 1633 4941 fieret,
1658 4885 1716 4932 et
1742 4879 1836 4932 ille
1864 4896 2002 4949 spu—

408 4966 609 5027 maret,
640 4962 832 5017 videns
853 4980 955 5035 ego
987 4965 1234 5020 laborem
1266 4967 1388 5036 ejus
1416 4972 1637 5020 tantum
1668 4968 2000 5037 ingemuiex

404 5049 627 5118 intimo,
663 5059 719 5107 et
749 5054 875 5108 misi
900 5071 1001 5124 pro
1029 5061 1302 5109 conventu
1339 5056 1578 5109 fratrum
1609 5061 1672 5109 ut
1699 5056 1997 5124 adessent;

409 5139 608 5210 quibus
628 5142 997 5213 praesentibus
1017 5150 1074 5197 et
1096 5144 1465 5214 psallentibus
1488 5143 1647 5199 nobis
1668 5160 1855 5198 coram
1887 5162 2002 5198 om-

407 5229 570 5284 nibus
590 5238 862 5302 aegrotum
886 5233 1141 5287 molestia
1158 5249 1260 5287 sua
1283 5234 1799 5305 arripuit-Cumque
1820 5234 2001 5288 adhuc

407 5318 477 5372 ab
509 5320 704 5375 eadem
758 5328 1065 5388 teneretur,
1101 5323 1415 5394 clausisque
1464 5324 1640 5378 oculis
1679 5331 1737 5377 et
1774 5324 1997 5394 pugnis,

406 5408 545 5462 nihil
593 5427 808 5478 eorum,
870 5429 992 5482 quae
1040 5428 1073 5466 a
1111 5412 1272 5466 nobis
1324 5412 1689 5483 gerebantur,
1745 5412 1997 5477 sentiret,

406 5499 629 5567 aperuit
649 5517 878 5555 manum
910 5501 1166 5555 dextram
1207 5500 1413 5567 subito,
1447 5506 1504 5555 et
1532 5502 1752 5570 erigens
1777 5516 1899 5553 eam
1930 5501 2001 5554 ad

406 5594 591 5657 caput.
630 5589 873 5659 signavit
912 5591 1161 5661 seipsum
1210 5596 1316 5650 ter,
1360 5591 1521 5645 nobis
1585 5590 1901 5645 videntibus
1944 5596 2001 5644 et

2083 4439 2430 4493 lassitudinis
2458 4439 2518 4492 in
2546 4454 2778 4509 corpore
2808 4441 2930 4490 erat
2958 4442 3022 4489 ut
3047 4451 3174 4488 cum
3204 4434 3268 4487 in
3299 4435 3441 4487 lecto
3460 4446 3560 4501 quo
3575 4429 3646 4497 ja-

2082 4527 2259 4593 cebat,
2304 4543 2528 4598 quoquo
2566 4527 2752 4591 modo,
2798 4532 2862 4579 ut
2906 4525 2992 4578 vel
3031 4539 3233 4595 parum
3274 4530 3391 4576 tam
3430 4518 3646 4573 maxima

2083 4617 2339 4670 molestia
2362 4617 2559 4669 saltem
2590 4614 2845 4668 mutandi
2876 4614 3046 4667 situm
3075 4613 3434 4681 levigaretur.
3452 4622 3644 4676 compo-

2084 4722 2218 4759 nere
2247 4722 2307 4759 se
2336 4705 2500 4759 vellet
2553 4704 2707 4757 nullo
2747 4703 2910 4756 modo
2947 4702 3177 4755 valeret.
3228 4701 3344 4755 Nos
3391 4713 3532 4758 vero,
3562 4691 3642 4763 qui

2082 4795 2398 4859 aderamus,
2425 4810 2551 4847 cum
2581 4793 2652 4846 ad
2681 4791 3195 4863 appetitum,quem
3225 4789 3348 4843 fieri
3364 4789 3420 4841 in
3436 4802 3497 4840 eo
3512 4782 3642 4836 vide-

2084 4882 2300 4941 bamus.
2343 4882 2614 4935 vellemus
2660 4897 2789 4934 eum
2828 4894 3185 4949 componere,
3225 4878 3313 4931 vix
3343 4891 3466 4930 eum
3495 4872 3641 4926 etiam

2081 4989 2206 5025 cum
2230 4970 2420 5024 labore
2438 4970 2814 5024 niovebamus.
2830 4970 2851 4991 ’⁸
2871 4968 2955 5021 Ad
2973 4974 3189 5021 naturae
3199 4963 3504 5021 necessaria
3531 4973 3643 5013 cum

2082 5061 2164 5114 ire
2188 5060 2375 5123 vellet,
2406 5075 2509 5112 nec
2534 5074 2766 5129 surgere
2792 5074 2895 5111 nec
2923 5073 2955 5110 a
2984 5056 3106 5110 loco
3131 5073 3190 5109 se
3213 5070 3429 5109 movere
3456 5050 3641 5111 valens,

2082 5149 2300 5203 duobus
2346 5147 2635 5213 fratribus,
2677 5147 2854 5201 tensis
2890 5145 3155 5209 brachiis,
3189 5142 3504 5214 erigendum
3530 5152 3643 5209 por-

2079 5239 2427 5309 tandumque
2457 5254 2517 5291 se
2548 5234 2802 5307 praebuit,
2835 5235 2930 5305 qui
2974 5250 3103 5288 eum
3135 5250 3260 5288 cum
3300 5232 3502 5291 labore,
3538 5226 3642 5280 sine

2081 5326 2233 5380 illius
2262 5327 2448 5398 aliquo
2489 5331 2645 5379 motu
2692 5323 3015 5387 auxiliabili,
3049 5330 3277 5394 excepto
3323 5319 3464 5391 quod
3494 5315 3642 5388 pedes

2082 5431 2182 5484 per
2209 5422 2417 5469 terram
2442 5413 2621 5483 magis
2637 5411 2899 5466 trahebat
2926 5429 3092 5483 quam
3125 5410 3365 5482 regebat,
3380 5410 3640 5478 portantes

2082 5509 2139 5555 et
2150 5508 2498 5573 reportantes
2518 5502 2575 5554 in
2597 5502 2739 5555 lecto
2752 5517 2939 5554 coram
2963 5518 3050 5553 me
3065 5504 3369 5571 posuerunt
3388 5488 3639 5565 quomodo

2082 5597 2403 5662 potuerunt.
2436 5592 2507 5644 Et
2532 5607 2661 5644 cum
2690 5595 2860 5643 tanta:
2902 5589 3247 5659 aegritudinis
3272 5585 3505 5658 pondere
3531 5592 3636 5651 pre-
