4016 6178
349 231 490 289 i377

1551 234 1900 290 EPISTOLA
1934 234 2032 288 AD
2071 234 2418 289 FRATRES.

3472 242 3607 302 1378

347 362 615 422 meretur,
660 356 880 411 dicebat
918 363 1108 412 tamen
1155 358 1329 413 videri
1371 360 1476 414 sibi
1520 361 1667 431 quod
1695 360 1835 413 nihil
1873 359 2127 419 inAait:
2164 359 2377 430 «Signa
2394 357 2549 415 vobis
2576 360 2872 417 verborum
2904 366 3317 436 istorum,quod
3332 370 3604 437 verasint,

342 460 575 516 corpore
612 450 918 515 pateretur,
965 464 1079 517 prae
1134 447 1336 502 timore
1387 466 1496 519 quo
1545 449 1767 503 animus
1811 449 1934 518 ejus

342 535 720 592 cruciabatur.
757 537 1010 606 Cumque
1040 553 1142 607 ego
1165 554 1471 607 quaererem
1505 538 1635 608 quid
1662 537 1888 590 timeret
1918 554 1929 588 :

345 641 370 674 α
401 624 615 690 Timeo,
648 625 848 696 inquit,
897 642 985 678 me
1037 625 1094 678 in
1140 615 1382 691 illorum,
1417 643 1555 696 quos
1580 625 1711 689 vidi,
1737 641 1934 678 manus

340 718 437 766 aut
468 712 526 766 in
558 714 855 783 nequiores
872 731 1245 769 reversurum.
1284 736 1308 767 »
1336 713 1729 785 Loquebamur
1744 719 1930 767 autem

341 802 416 855 sic
446 802 704 866 invicem,
727 809 786 857 et
822 820 966 863 ecce,
1000 805 1119 873 jam
1152 810 1314 857 nocte
1348 804 1697 867 imminente,
1740 808 1934 873 raptus

341 898 425 944 est
445 891 651 945 iterum
683 897 740 946 et
753 893 1071 963 spumabat,
1094 892 1426 963 erigensque
1453 892 1595 945 sicut
1624 892 1779 962 prius
1818 908 1935 945 ma-

341 997 495 1045 num,
527 982 768 1050 signavit
795 998 856 1035 se
887 987 1089 1035 totum.
1122 982 1378 1052 Cumque
1406 997 1507 1034 nos
1544 981 1929 1051 psalleremus,

342 1074 395 1121 et
415 1069 508 1123 ille
538 1069 764 1135 rediret,
790 1070 1146 1141 quasivimus
1167 1076 1432 1125 utrumne
1447 1069 1930 1140 vidissetaliquid?

344 1174 368 1207 α
402 1157 543 1222 Vidi,
566 1158 768 1229 inquit,
797 1159 1071 1212 intrantes
1100 1159 1327 1212 domum
1357 1159 1499 1211 hanc
1524 1156 1779 1211 homines
1793 1164 1927 1221 tres,

342 1245 431 1315 qui
462 1246 686 1300 lanceas
705 1253 821 1301 tres
846 1247 1145 1317 gestabant
1171 1247 1364 1317 igneas
1391 1248 1630 1300 fetentes
1658 1252 1929 1315 tanquam

340 1342 524 1389 essent
542 1336 820 1397 sulfurea.
842 1337 1044 1407 quibus
1064 1353 1188 1391 cum
1221 1354 1309 1391 me
1339 1337 1544 1390 vellent
1572 1337 1924 1404 transﬁgere,

339 1424 494 1493 signo
524 1425 703 1479 crucis
733 1426 880 1496 quod
910 1442 944 1478 a
974 1442 1062 1479 me
1082 1425 1262 1479 teneri
1281 1424 1572 1479 videbatur
1591 1424 1929 1495 (nosqhippe

338 1512 389 1565 in
413 1530 583 1568 manu
610 1513 761 1567 illius
777 1530 999 1568 crucem
1022 1514 1391 1579 tenebamus),
1429 1531 1517 1567 me
1538 1512 1924 1577 defendebam,

338 1607 389 1655 et
415 1601 541 1655 illos
570 1602 853 1672 fugabam.
884 1622 906 1653 ι
935 1603 1117 1657 Jacuit
1146 1603 1336 1673 itaque
1365 1602 1559 1656 dolens
1581 1607 1638 1656 et
1652 1602 1925 1672 plangens

2017 449 2268 505 dicturus
2298 468 2444 517 sum,
2475 452 2572 505 sed
2595 453 2842 508 nondum
2862 472 2927 509 ea
2943 455 3152 517 audita,
3172 458 3452 513 audienda
3465 477 3606 531 prae-

2017 538 2208 591 stolor.
2251 559 2272 588 ι
2299 539 2513 602 Quibus
2540 540 2723 607 dictis,
2756 560 2857 613 ego
2886 543 3151 598 fratribus
3180 545 3289 599 illis
3327 550 3609 605 montanis

2018 626 2201 691 (erant
2224 633 2410 681 autem
2444 629 2708 700 quinque)
2748 649 2759 683 :
2798 652 2819 680 ε
2857 632 2973 696 Eia,
3008 633 3219 687 domini
3251 636 3381 698 mei,
3415 639 3607 693 audis-

2014 713 2104 775 tis,
2141 730 2263 784 quie
2288 731 2321 767 a
2344 716 2454 768 Deo
2477 724 2753 787 praecepta
2790 726 2923 772 sunt
2945 719 3125 786 vobis;
3162 722 3403 777 recedite
3435 742 3599 791 nunc,

2015 808 2080 855 ut
2108 802 2310 856 iterum
2331 804 2387 857 in
2414 805 2605 859 stratis
2634 808 2832 860 vestris
2849 808 3167 878 quiescatis.
3191 828 3213 861 ις
3241 812 3434 877 Neque
3453 814 3602 868 enim

2014 907 2140 944 cum
2170 891 2357 945 omnia
2384 893 2496 947 alia
2523 894 2731 964 optime
2770 896 3156 958 attendissem.
3187 900 3255 953 de
3284 900 3458 970 signis
3480 919 3601 973 quae

2013 978 2247 1032 dicenda
2293 988 2455 1034 erant
2492 982 2699 1052 aliquid
2746 1000 3139 1055 perceperam;
3189 989 3284 1040 sed
3332 989 3437 1043 hoc
3481 990 3600 1061 ipse

2013 1066 2182 1132 idem,
2224 1069 2558 1124 testantibus
2602 1072 2860 1126 omnibus
2899 1074 2995 1143 qui
3034 1075 3330 1141 affuerant,
3371 1095 3430 1132 se
3460 1079 3604 1134 sicut

2012 1155 2217 1210 dixisse
2252 1156 2388 1210 mihi
2434 1164 2628 1229 postea
2661 1160 3050 1216 manifestavit.
3105 1165 3388 1235 Praecepto
3427 1167 3605 1238 igitur

2012 1260 2137 1298 meo
2166 1245 2367 1299 fratres
2381 1246 2620 1301 velocius
2641 1248 2963 1303 obedientes
2987 1252 3107 1320 jam
3138 1253 3600 1323 surgebant,cum

2010 1332 2104 1386 ille
2131 1334 2225 1403 qui
2248 1335 2471 1404 jacebat
2491 1352 2677 1390 coram
2700 1337 2857 1391 nobis
2885 1346 3080 1409 raptus
3101 1346 3215 1407 est;
3249 1342 3463 1397 detinui
3493 1344 3601 1399 ita-

2011 1438 2119 1491 que
2148 1422 2252 1476 hoc
2273 1424 2464 1478 videns
2484 1425 2684 1480 fratres
2705 1427 2799 1497 qui
2824 1429 2942 1497 jam
2967 1436 3412 1497 surrexerant,ut
3434 1433 3602 1488 simul

2010 1510 2397 1579 psalleremus,
2447 1519 2707 1567 eventum
2756 1514 2835 1567 rei
2894 1522 3297 1586 exspectantes.
3351 1518 3600 1575 Diximus

2008 1614 2141 1667 ergo
2170 1603 2350 1652 totum
2391 1601 2670 1671 psalmum
2696 1604 3021 1671 Quicunque
3048 1609 3185 1670 rult,
3212 1613 3266 1659 et
3295 1607 3602 1677 adjecimus

337 1706 390 1742 se
420 1690 813 1745 vehementer:
841 1692 961 1761 jam
1001 1697 1214 1759 tamen,
1257 1692 1637 1745 consolatione
1675 1696 1921 1761 accepta,
1946 1712 1985 1770 Β
2009 1687 2195 1740 Gloria
2232 1691 2408 1742 Patri.
2441 1690 2560 1753 Quo
2592 1691 2751 1744 ﬁnito
2782 1691 2947 1745 rediit
2976 1692 3068 1746 ille
3094 1699 3151 1746 et
3179 1694 3323 1748 sedit
3346 1696 3398 1749 in
3433 1697 3595 1763 lecto,

336 1777 552 1833 dicebat
580 1796 638 1833 se
664 1797 891 1850 sperare
916 1780 1125 1850 optime
1154 1797 1473 1835 evasurum.
1505 1780 1758 1851 Cumque
1797 1797 1919 1852 ego,

334 1866 451 1938 ipso
466 1869 750 1934 audiente,
765 1869 998 1923 obillius
1022 1869 1459 1924 consolationem
1481 1868 1923 1923 conﬁrmandam

334 1958 518 2027 aliqua
546 1957 812 2012 fratribus
842 1958 935 2029 qui
958 1958 1193 2012 aderant
1211 1959 1280 2012 de
1302 1958 1604 2029 Scripturis
1624 1964 1679 2011 et
1708 1958 1776 2011 de
1816 1958 1924 2012 ﬁde

335 2046 620 2100 Trinitatis
646 2046 914 2115 dicerem,
937 2054 994 2101 et
1024 2048 1200 2102 multa
1223 2049 1342 2117 jam
1372 2048 1552 2101 noctis
1580 2063 1710 2117 pars
1734 2053 1925 2101 trans-

335 2135 488 2199 isset,
538 2135 723 2190 subito
774 2152 901 2189 cum
944 2136 1039 2189 ille
1087 2136 1387 2206 diligenter
1434 2136 1674 2199 audiret,
1723 2136 1925 2189 clausit

335 2224 541 2289 oculos,
575 2229 633 2277 et
674 2240 843 2278 sensu
880 2224 1019 2278 abiit
1060 2242 1094 2278 a
1131 2224 1309 2280 nobis.
1345 2225 1486 2279 Cum
1516 2225 1573 2278 in
1604 2225 1796 2278 eodem
1829 2241 1926 2278 ex-

334 2328 488 2366 cessu
520 2312 752 2383 positus,
792 2314 910 2383 jam
943 2313 1090 2366 enim
1122 2330 1426 2377 excessum,
1467 2330 1580 2367 non
1609 2313 1923 2367 molestiam

332 2408 426 2456 aut
460 2402 774 2473 passionem
799 2402 1088 2456 nominare
1112 2401 1310 2465 habeo,
1342 2418 1544 2455 manus
1570 2403 1814 2471 jungens
1851 2401 1921 2455 ad

332 2492 530 2544 coelum
560 2491 804 2561 erigeret
833 2498 1100 2562 tanquam
1149 2508 1335 2552 orans,
1382 2508 1594 2561 nosque
1640 2492 1920 2561 psalmum

335 2580 786 2634 ﬁdcidiceremus
808 2581 1130 2647 Quicunque
1144 2583 1259 2633 vult
1278 2582 1481 2645 salvus,
1505 2580 1919 2649 repetitumque

334 2669 726 2733 mediaremus,
754 2669 847 2721 ille
871 2669 1130 2737 aperiens
1160 2669 1707 2738 oculos,erectasque
1722 2673 1921 2722 tenens

333 2757 704 2821 manus,sicut
716 2757 1101 2827 easjunxerat,
1118 2756 1337 2811 locutus
1355 2760 1459 2821 est,
1477 2755 1667 2809 dicens
1692 2774 1706 2809 :
1732 2756 1921 2810 Gloria

335 2847 616 2911 tibi,Deus.
635 2846 890 2916 Cumque
908 2862 1009 2899 nos
1031 2846 1234 2916 psalmi
1253 2846 1421 2898 ﬁnem
1431 2844 1915 2907 accelerassemus,

2005 1775 2254 1847 dixitque
2290 1795 2300 1829 :
2344 1796 2371 1829 α
2418 1779 2749 1833 Benedictus
2788 1780 2953 1843 Deus,
2998 1782 3329 1837 Benedictus
3354 1785 3528 1852 Deus;
3568 1804 3593 1839 ο

2001 1865 2246 1938 jungens
2276 1883 2477 1921 manus
2507 1874 2563 1921 et
2581 1869 2842 1931 adorans,
2878 1870 3163 1941 oculisque
3188 1873 3465 1928 alacribus
3493 1892 3595 1930 nos

2005 1956 2282 2026 aspiciens
2305 1974 2317 2008 :
2349 1978 2369 2004 ι
2392 1957 2470 2010 En
2503 1956 2680 2027 signa,
2705 1957 2805 2019 ait,
2837 1958 2991 2012 vobis
3016 1964 3081 2013 ut
3098 1960 3299 2023 dicam,
3334 1963 3380 2016 si
3398 1964 3596 2018 audire

2006 2045 2297 2115 placuerit.
2334 2064 2355 2096 ι
2383 2045 2540 2109 Quod
2560 2062 2686 2099 cum
2708 2046 2934 2100 omnino
2958 2048 3193 2117 placere,
3212 2052 3595 2121 respondisse-

2006 2149 2132 2186 mus
2160 2150 2482 2191 omnes.nos
2508 2134 2689 2188 verbis
2719 2135 3019 2189 etillinutu
3044 2137 3140 2207 qui
3168 2139 3596 2209 completorium

2006 2222 2281 2285 dixerant,
2313 2223 2391 2277 sic
2415 2224 2634 2278 locutus
2665 2230 2751 2278 est
2780 2241 2792 2275 :
2829 2246 2850 2275 σ
2884 2225 2941 2279 Si
2971 2242 3220 2297 unquam
3258 2229 3498 2300 amplius
3536 2230 3595 2285 in

2006 2313 2159 2365 omni
2184 2312 2298 2365 vita
2328 2328 2452 2366 mea
2482 2318 2538 2366 et
2560 2319 2742 2367 vestra
2770 2330 2859 2367 me
2889 2314 3058 2384 hujus
3089 2315 3434 2372 inﬁrmitatis
3463 2335 3594 2390 pro-

2006 2406 2131 2469 pter
2159 2418 2324 2471 quam
2356 2400 2445 2454 hic
2468 2402 2649 2470 jaceo,
2674 2402 2893 2472 signum
2917 2404 3144 2474 aliquod
3163 2411 3262 2459 aut
3278 2408 3593 2462 molestiam

2004 2490 2308 2559 patientem
2337 2490 2602 2552 videritis,
2634 2491 2824 2545 sciatis
2844 2508 3198 2563 nequaquam
3221 2512 3411 2550 verum
3424 2496 3595 2552 fuisse

2005 2578 2151 2648 quod
2182 2595 2216 2631 a
2245 2595 2334 2632 me
2360 2579 2569 2632 dictum
2601 2585 2718 2644 est;
2759 2586 2816 2633 et
2843 2597 2967 2634 ecce
3000 2598 3148 2636 nunc
3176 2583 3394 2655 integre
3423 2603 3594 2641 sanus

2002 2665 2182 2719 factus
2211 2683 2335 2720 sum
2358 2672 2415 2719 et
2436 2667 2646 2727 ﬁrmus,
2678 2677 2877 2738 potens
2905 2686 3138 2739 surgere
3159 2678 3215 2725 et
3234 2672 3317 2726 ire
3346 2679 3404 2727 et
3426 2690 3592 2744 agere

2002 2752 2273 2824 quidquid
2288 2770 2423 2807 sano
2454 2754 2665 2808 homini
2694 2756 2973 2825 agendum
2995 2763 3096 2811 est.
3125 2775 3151 2810 ι
3184 2758 3440 2830 Cumque
3469 2767 3591 2816 stu-

2000 2840 2203 2910 pefacti
2230 2841 2437 2910 gaudio
2467 2848 2525 2896 et
2559 2843 2838 2896 evidentia
2866 2844 2947 2897 rei
2980 2844 3321 2910 (videbamus
3344 2848 3492 2902 enim
3531 2849 3591 2903 in

331 2940 386 2987 et
412 2934 511 2987 ille
537 2934 760 3005 saepius,
790 2934 977 2988 Gloria
1000 2935 1116 2998 tibi,
1150 2935 1308 2998 Deus,
1342 2928 1914 3004 repetiss'et,.omnino
1936 2945 1977 3002 ρ
1999 2930 2123 2999 ejus
2162 2930 2300 2983 facie
2338 2930 2523 2984 nescio
2562 2932 2709 3000 quod
2756 2931 3007 2987 divinum
3046 2933 3269 3005 signum
3309 2937 3584 3006 sanitatis)

323 3022 470 3075 unde
491 3027 607 3076 tam
639 3022 767 3077 laeta
794 3026 1024 3093 tamque
1053 3021 1310 3076 amabilis
1350 3038 1452 3076 vox
1480 3022 1561 3075 illi
1587 3021 1718 3075 data
1745 3024 1910 3082 esset,

323 3127 443 3180 quae
472 3110 643 3165 toties
674 3110 1069 3176 reiterabatur,
1102 3111 1245 3165 scire
1275 3115 1622 3182 appetentes,
1648 3108 1915 3163 sciscitati

320 3199 620 3253 sumus.At
644 3198 738 3252 ille
763 3198 1175 3270 aliquantulum
1205 3215 1396 3253 severe
1426 3215 1515 3253 me
1544 3198 1910 3261 intuens,ait:

322 3305 348 3339 ι
372 3288 659 3342 Vocantur
688 3287 827 3340 mihi
858 3304 1051 3342 omnes
1083 3288 1343 3341 monachi
1376 3288 1446 3341 de
1495 3292 1684 3341 monte
1724 3286 1913 3341 Sancti

317 3375 628 3442 Michaelis,
663 3374 758 3446 qui
800 3376 859 3429 in
898 3375 1238 3430 monasterio
1291 3375 1400 3429 isto
1443 3379 1864 3430 commorantur
1896 3392 1908 3427 :

315 3464 527 3518 missus
555 3480 677 3519 sum
710 3464 859 3518 enim
880 3464 1140 3530 nuntius;
1171 3484 1196 3517 ››
1220 3481 1461 3535 cumque
1487 3464 1591 3518 hoc
1619 3464 1755 3517 mihi
1777 3463 1913 3517 satis

316 3552 659 3624 displiceret,
681 3554 888 3607 timens
902 3554 1006 3607 hoc
1019 3553 1249 3623 aliquod
1271 3570 1391 3607 esse
1410 3552 1721 3606 illusorium
1741 3552 1913 3623 phan-

314 3646 524 3705 tasma,
555 3658 861 3713 verensque
893 3642 1115 3703 fratres,
1148 3641 1243 3711 qui
1283 3642 1353 3695 ad
1397 3647 1701 3695 nocturnas
1729 3657 1912 3694 surre-

314 3731 460 3784 cturi
510 3737 675 3784 erant
724 3729 1026 3795 orationes,
1069 3730 1358 3784 excitando
1404 3730 1661 3801 fatigare,
1717 3729 1911 3783 multis

313 3818 497 3872 verbis
524 3834 596 3872 ne
632 3819 736 3872 hoc
764 3819 925 3872 ﬁeret
954 3818 1253 3874 renitebar.
1286 3820 1360 3871 At
1387 3818 1481 3872 ille
1518 3818 1654 3872 mihi
1684 3834 1911 3888 prorsus

310 3907 554 3975 restitit,
578 3906 785 3967 dicens,
816 3923 882 3960 ex
906 3912 1023 3961 toto
1039 3906 1119 3960 sic
1145 3906 1266 3960 ﬁeri
1295 3907 1572 3977 expedire.
1597 3905 1763 3961 Nolui
1785 3911 1913 3959 tan-

310 3995 439 4050 dem
470 3996 721 4065 amplius
741 3995 1019 4058 resistere,
1048 4000 1305 4049 metuens
1328 4012 1392 4049 ex
1413 3996 1612 4059 altero,
1641 4011 1711 4049 ne
1731 3994 1778 4048 si
1808 3995 1913 4047 hoc

306 4089 658 4155 praeceptum
674 4084 921 4138 divinum
940 4090 1106 4145 esset,
1121 4083 1659 4138 Deoinobedientem
1679 4084 1911 4136 fratrem

306 4172 581 4236 facerem,
606 4172 753 4225 unde
790 4189 893 4242 ego
924 4178 981 4226 et
1007 4172 1125 4242 ipse
1151 4172 1362 4242 pariter
1390 4171 1471 4225 rei
1500 4171 1865 4225 existeremus
1894 4189 1908 4237 ;

306 4260 675 4331 quaesivimus
696 4259 766 4313 de
794 4276 853 4313 se
873 4260 995 4329 ipso
1023 4259 1157 4329 quid
1185 4259 1292 4313 sibi
1322 4258 1576 4313 futurum
1606 4259 1908 4323 videretur,

305 4354 360 4401 et
390 4348 491 4401 ille
519 4364 582 4401 se
610 4347 792 4400 adhuc
819 4347 1033 4401 nescire
1050 4347 1356 4416 respondit.

376 4434 584 4490 Vocati
622 4435 811 4505 itaque
856 4452 996 4505 quos
1031 4434 1225 4500 voluit,
1276 4434 1543 4489 citissime
1585 4435 1904 4503 affuerunt;

303 4525 518 4596 quibus
539 4523 926 4595 prmsentibus,
951 4540 1041 4578 me
1072 4529 1305 4594 rogante
1331 4532 1396 4578 ut
1417 4524 1757 4595 loqueretur,
1779 4524 1860 4578 ait
1891 4542 1904 4577 :

305 4634 327 4665 σ
361 4616 413 4668 Α
443 4614 569 4669 Deo
608 4618 665 4666 et
700 4629 734 4665 a
770 4618 960 4667 sancto
999 4612 1265 4667 Michaele
1307 4618 1365 4666 et
1401 4629 1437 4666 a
1463 4618 1655 4667 sancto
1682 4613 1906 4678 Vigore,

300 4702 526 4773 optimo
545 4706 801 4771 patrono,
816 4700 971 4754 vobis
999 4700 1257 4755 omnibus
1277 4700 1418 4763 dico,
1443 4707 1508 4755 ut
1536 4718 1824 4771 nunquam
1848 4701 1906 4754 in

297 4796 568 4845 montem
590 4789 779 4843 Sancti
805 4789 1094 4843 Michaelis
1117 4789 1359 4843 redeatis
1374 4795 1468 4843 aut
1491 4789 1711 4843 intretis
1722 4789 1908 4860 gratia

296 4878 376 4931 ibi
409 4876 772 4939 remanendi,
799 4878 1046 4947 quandiu
1074 4878 1208 4939 iste,
1237 4878 1332 4948 qui
1353 4894 1501 4932 nunc
1520 4877 1777 4931 ibiabbas
1799 4883 1904 4944 est,

296 4966 531 5021 vixerit.
572 4965 731 5028 Quod
772 4966 820 5019 si
857 4966 1036 5020 ieritis
1074 4972 1131 5020 et
1163 4966 1503 5027 manseritis.
1538 4968 1649 5021 fine
1675 4967 1822 5020 malo
1852 4971 1909 5020 et

295 5061 490 5109 morte
514 5054 761 5125 pessima
779 5054 1205 5108 consumemini.
1239 5073 1260 5104 ι
1282 5054 1622 5126 Cumqueilli
1654 5056 1722 5109 ad
1742 5054 1909 5109 verba

294 5161 357 5199 se
392 5143 794 5209 inclinassent,
829 5144 1026 5198 ﬂentes
1059 5160 1172 5214 prae
1208 5144 1435 5213 gaudio,
1473 5144 1676 5214 adjecit
1718 5145 1812 5199 ille
1852 5150 1909 5199 et

1998 3017 2352 3082 miraremur,
2381 3018 2611 3073 ineunte
2629 3019 2765 3073 mihi
2792 3020 3033 3090 quodam
3063 3037 3130 3075 ex
3156 3023 3422 3079 fratribus
3452 3025 3589 3080 dixi-

1996 3122 2122 3159 mus
2160 3122 2295 3159 voce
2321 3105 2507 3160 sobria
2549 3111 2606 3160 et
2627 3105 2901 3161 submisse
2942 3109 3007 3161 Te
3038 3110 3209 3162 Deum
3249 3112 3584 3175 laudamus;

1996 3200 2054 3247 et
2079 3194 2161 3247 illi
2190 3195 2414 3265 quidem
2437 3195 2657 3259 fratres,
2682 3195 2884 3266 quibus
2904 3202 3135 3268 prapter
3161 3200 3587 3269 completorium

1993 3282 2259 3353 loquendi
2298 3283 2523 3338 licentia
2570 3301 2680 3338 non
2711 3289 2852 3347 erat,
2884 3286 2954 3339 ad
2998 3291 3178 3341 strata
3214 3304 3334 3352 sua,
3368 3306 3458 3343 me
3489 3291 3587 3360 ju-

1992 3370 2179 3433 bente,
2212 3372 2487 3427 abierunt.
2506 3372 2607 3426 Ille
2623 3389 2755 3427 vero
2782 3374 2973 3428 statim
2996 3374 3155 3429 nobis
3182 3393 3369 3431 coram
3391 3377 3585 3448 positis

1994 3463 2052 3513 et
2075 3476 2199 3515 cum
2231 3477 2296 3515 eo
2326 3460 2684 3531 surgentibus
2710 3462 2807 3532 qui
2836 3479 2947 3516 non
2968 3463 3304 3525 abieramus,
3320 3466 3580 3531 surrexit,

1993 3548 2131 3602 mihi
2161 3549 2294 3603 data
2325 3566 2515 3615 manu,
2548 3567 2718 3604 sanus
2753 3557 2810 3604 et
2843 3552 3038 3606 hilaris
3066 3560 3124 3606 et
3153 3553 3413 3608 robustus
3440 3556 3588 3609 sicut

1992 3637 2318 3691 nos.Stabat
2344 3637 2519 3707 igitur
2534 3639 2871 3708 gaudens,et
2890 3657 2993 3694 nos
3013 3641 3359 3696 mirabamur
3376 3648 3433 3697 et
3450 3659 3585 3697 con-

1989 3726 2408 3796 gaudebamus;
2430 3727 2748 3781 videbamus
2773 3730 2980 3799 quippe
3010 3728 3292 3784 hominem
3325 3731 3488 3785 modo
3525 3732 3584 3786 in

1993 3814 2135 3868 lecto
2160 3815 2461 3884 jacentem,
2494 3815 2761 3869 diuturna
2789 3822 2846 3870 et
2876 3817 3112 3871 molesta
3149 3818 3405 3889 passione
3434 3820 3586 3874 colli-

1994 3918 2120 3955 sum
2167 3903 2600 3973 contritumque,
2635 3909 2693 3957 et
2716 3921 2858 3974 pene
2889 3905 3150 3959 omnibus
3176 3906 3439 3960 membris
3467 3907 3584 3961 dis-

1995 3993 2260 4055 solutum,
2285 3997 2349 4045 ut
2366 4008 2467 4045 nec
2494 3992 2663 4045 etiam
2697 3993 2906 4046 moveri
2928 3994 2999 4046 ad
3020 3995 3327 4048 sedendum
3352 3996 3578 4061 valeret,

1991 4086 2247 4150 essetque
2270 4081 2320 4134 ei
2350 4080 2473 4151 ipsa
2511 4080 2638 4133 lecti
2683 4081 2947 4135 mollities
2988 4087 3329 4137 tormentum
3359 4084 3575 4153 ingens,

1994 4185 2142 4222 nunc
2162 4184 2289 4222 vero
2310 4169 2432 4238 ipsa
2448 4168 2644 4223 eadem
2672 4169 2810 4223 hora
2829 4168 3055 4223 robuste
3074 4170 3397 4237 surrexisse,
3430 4178 3582 4227 stare

1994 4256 2280 4310 nobiscum
2312 4273 2513 4311 sanum
2531 4262 2589 4311 et
2614 4257 3374 4327 gaudentemBenediximus
3391 4259 3582 4331 itaque

1927 4366 1977 4424 D
1994 4346 2193 4407 Deum,
2227 4346 2323 4415 qui
2351 4345 2592 4414 percutit
2616 4351 2673 4399 et
2709 4351 2891 4411 sanat,
2916 4347 3217 4401 mortiﬁcat
3244 4354 3301 4401 et
3320 4348 3578 4416 viviﬁcat,

1989 4433 2216 4487 deducit
2243 4434 2313 4487 ad
2342 4434 2550 4487 inferos
2582 4439 2641 4488 et
2660 4434 2874 4487 reducit
2903 4436 3047 4493 (Tob.
3080 4449 3200 4498 xm,
3224 4434 3298 4503 2).
3332 4437 3428 4491 Est
3447 4453 3581 4507 ergo

1989 4521 2156 4576 hodie
2184 4522 2243 4576 in
2272 4522 2536 4588 claustro,
2569 4522 2860 4577 nobiscum
2898 4522 3231 4577 benedicens
3270 4525 3459 4587 lieum,
3485 4526 3582 4597 qui

1990 4627 2118 4665 eum
2140 4627 2286 4675 vere,
2302 4617 2365 4665 ut
2385 4616 2545 4682 pater
2562 4611 2802 4681 diligens
2816 4611 3015 4677 ﬁlium,
3048 4612 3324 4683 percussit
3339 4620 3398 4668 et
3414 4630 3582 4669 sana-

1988 4700 2084 4753 vit.
2093 4700 2275 4754 Sanus
2286 4716 2530 4771 namque
2542 4716 2772 4770 corpore
2784 4700 3069 4754 meliorem
3085 4707 3143 4755 et
3152 4702 3221 4755 de
3235 4701 3341 4756 ﬁde
3353 4703 3585 4773 amplio-

1989 4806 2106 4843 rem
2135 4790 2382 4860 suscepit
2419 4789 2477 4842 in
2524 4790 2713 4843 anima
2742 4789 3060 4845 sanitatem.
3096 4791 3400 4862 Correptus
3432 4793 3582 4846 enim

1990 4883 2047 4932 et
2073 4883 2354 4932 correctus
2385 4893 2568 4931 mores
2607 4876 2832 4931 omnino
2872 4878 3132 4942 mutavit,
3173 4879 3285 4933 Deo
3326 4880 3583 4950 omnipo-

1987 4965 2132 5020 tenti
2158 4965 2405 5019 subdidit
2429 4965 2552 5035 ipsa
2580 4981 2681 5018 sua
2708 4964 2824 5018 vita
2851 4965 2991 5019 dans
3020 4966 3581 5037 testimonium,quod

1990 5071 2116 5108 vere
2146 5070 2374 5107 manum
2421 5052 2836 5123 Omnipotentis
2879 5055 3136 5113 senserit,
3175 5054 3263 5107 cui
3292 5059 3376 5107 est
3404 5054 3584 5107 honor

1989 5149 2047 5198 et
2067 5143 2248 5214 gloria
2278 5150 2335 5196 et
2361 5147 2610 5212 potestas
2640 5141 2698 5195 in
2734 5142 2937 5196 saecula
2970 5142 3320 5196 saeculorum.
3362 5142 3571 5200 Amen.

1787 5383 2141 5403 me“...
