4016 6178
1734 497 1906 554 λωφῄο
1949 501 2164 553 bonist
2207 502 2376 552 mxcn

1231 685 2583 868 GEHARDUS
2689 687 2864 864 ll

1513 983 2114 1046 CAMEBACENSIS
2158 985 2610 1046 EPISCOPUS.

864 1283 1351 1378 NOTITIA
1409 1280 2062 1376 HISTORIOA
2115 1281 2259 1374 IN
2318 1280 3022 1376 GERABDUM
3084 1281 3198 1374 II

1657 1485 1846 1566 (Gall.
1901 1484 2123 1546 ΓΙινιέτ.
2174 1479 2277 1562 Ill,
2327 1485 2460 1564 21.)

497 1817 780 1871 Gerardus
812 1817 868 1870 in
891 1818 1175 1870 territorio
1197 1817 1473 1870 Alostensi
1504 1817 1679 1880 ortus,
1707 1817 2010 1869 monachus
2031 1817 2083 1874 A
2105 1816 2338 1881 bcmont)
2369 1831 2470 1886 pro
2500 1818 2778 1871 crectione
2822 1819 3148 1873 monasterii
3178 1820 3291 1871 hoc
3315 1819 3371 1871 in
3399 1820 3546 1883 loco,
3577 1831 3698 1872 nec-

423 1910 483 1960 et
510 1906 840 1976 praepositos
857 1907 1004 1976 apud
1022 1908 1075 1960 S.
1103 1907 1404 1959 Vedastum
1435 1905 1538 1958 sub
1567 1905 1764 1958 Adolfo
1794 1905 2012 1968 abbate,
2100 1913 2213 1956 non
2262 1905 2511 1974 diploma
2559 1907 2796 1976 Philippi
2840 1909 2988 1976 regis
3031 1925 3123 1961 an.
3157 1909 3353 1961 eodem
3395 1906 3553 1963 l083.
3596 1908 3696 1960 Au.

423 2006 552 2049 cum
580 1995 724 2048 foret
754 1996 809 2048 S.
843 1995 1079 2048 Litberti
1107 2011 1299 2064 nepos,
1329 1995 1540 2047 electus
1567 2004 1652 2047 est
1683 1994 1736 2046 in
1761 1995 1880 2062 ejus
1901 2009 2019 2046 sue—
2099 1994 2353 2062 sequenti
2396 1995 2688 2048 ecclesiam
2716 1997 2771 2049 S‘.
2824 1997 2977 2050 Petri
3024 1997 3334 2050 Montensis
3379 1997 3543 2049 dedit
3584 2012 3697 2048 mo-

424 2100 700 2138 cessorem
740 2099 834 2136 an.
869 2082 1022 2137 i076.
1067 2083 1149 2136 Ab
1182 2084 1421 2136 Henrico
1462 2097 1595 2152 rege
1632 2083 2016 2135 investituram
2101 2081 2350 2134 nasterio
2391 2085 2444 2136 S.
2499 2084 2748 2154 Dionysii
2795 2101 2966 2155 prope
3018 2085 3239 2138 Montes
3289 2085 3344 2137 in
3377 2085 3694 2145 Hannonis,

425 2172 627 2241 accipit
660 2182 674 2238 ;'
714 2181 1056 2242 quapropter
1101 2173 1168 2225 de
1219 2175 1341 2241 ejus
1383 2172 1733 2225 ordinatione
1763 2172 2017 2240 legitima.
2099 2169 2330 2222 consilio
2365 2171 2620 2224 Balduini
2663 2174 2885 2225 comitis
2926 2175 3257 2227 Haemoniae.
3293 2173 3689 2227 EcclesiamB.

426 2260 700 2316 dubitavit
754 2261 1056 2329 Gregorius
1117 2278 1259 2330 papa
1315 2262 1435 2324 VII,
1482 2260 1851 2330 praecepitque
1908 2261 2016 2313 Hu-
2099 2257 2287 2310 Maria:
2318 2258 2386 2311 de
2412 2259 2757 2322 Valencenis‘,
2793 2262 2884 2330 pia
2915 2262 3253 2314 libera‘iitate
3290 2262 3551 2329 ejusdem
3581 2261 3700 2314 Bai-

425 2349 559 2418 gonvi
593 2349 784 2402 Diensi
813 2350 1095 2419 episc0po,
1126 2366 1226 2402 suo
1257 2350 1460 2418 legato,
1495 2354 1557 2402 ut
1585 2356 1774 2402 coacta
1803 2349 2016 2417 synodo
2101 2345 2260 2398 duini
2304 2355 2360 2399 et
2400 2348 2667 2402 Richildis
2697 2349 2872 2419 ipsius
2911 2351 3110 2403 matris
3138 2351 3442 2412 conditam,
3475 2350 3698 2402 dicavit.

427 2438 744 2507 exploraret
768 2445 956 2490 utrum
990 2438 1252 2507 ignorans
1273 2454 1343 2489 an
1374 2437 1544 2507 probe
1573 2438 1754 2490 sciens
1783 2438 2023 2507 prohibi—
2104 2435 2209 2489 An.
2246 2435 2384 2490 ’1085
2403 2436 2660 2489 interfuit
2687 2439 2918 2492 concilio
2950 2438 3402 2509 Compendiensi,
3437 2454 3504 2490 ex
3535 2439 3701 2508 Spici-

427 2525 637 2580 tionem
663 2526 718 2579 S.
743 2525 889 2579 sedis
919 2526 986 2578 de
1009 2526 1355 2579 investituris
1385 2543 1418 2578 a
1448 2527 1588 2578 laica
1609 2543 1778 2578 manu
1800 2543 1910 2578 non
1942 2543 2024 2578 re-
2104 2523 2234 2591 iegii
2266 2531 2417 2577 tomo
2462 2526 2533 2587 II,
2570 2542 2696 2595 pag.
2729 2526 2851 2582 599.
2887 2528 3019 2580 ιεύῑι
3043 2528 3319 2581 mediator
3351 2528 3504 2580 inter
3534 2542 3694 2579 cano.

429 2614 718 2684 ci-piendis,
766 2615 1157 2668 investituram
1203 2615 1506 2684 accepisset
1555 2617 1646 2679 (l).
1703 2615 2023 2667 Emendatis
2106 2612 2258 2665 nicos
2289 2614 2343 2666 S.
2373 2614 2702 2667 Gaucherici
2724 2621 2779 2668 et
2811 2617 2868 2668 S.
2905 2617 3154 2687 Sepulcri
3185 2616 3505 2678 monachos,
3539 2629 3701 2685 super

431 2720 555 2776 qua;
591 2704 648 2756 in
688 2703 864 2773 ipsius
910 2704 1261 2774 promotione
1304 2703 1502 2756 vitiosa
1551 2703 1895 2762 videbantur,
1954 2701 2023 2754 ab
2105 2700 2416 2769 piscatione
2446 2703 2501 2754 in
2527 2703 2710 2756 Scaldi
2733 2704 2920 2757 ﬂuvio.

431 2792 666 2860 Hugone
695 2793 885 2861 legato
920 2793 1231 2862 episcopale
1262 2808 1464 2845 munus
1485 2791 1657 2844 libere
1677 2790 1940 2851 exercuit,
1967 2797 2024 2844 et
2176 2790 2337 2842 Anno
2361 2788 2514 2854 1089,
2533 2792 2618 2844 sui
2649 2793 2999 2862 episcopatus
3020 2792 3236 2845 decimo
3258 2791 3706 2862 quaﬂo,a!iquot

430 2881 656 2950 quidem
705 2898 796 2935 an.
838 2879 967 2936 1079
1001 2881 1093 2948 ('2),
1130 2883 1460 2951 praesulatus
1490 2881 1574 2934 sui
1610 2886 1828 2950 quarto,
1870 2881 2020 2933 Alar-
2107 2892 2172 2929 ex
2202 2879 2442 2948 propriis
2470 2879 2628 2932 bonis
2667 2881 2873 2934 allodia
2900 2881 3288 2934 Cameracensi
3328 2881 3496 2933 cessit
3526 2875 3709 2933 Eccle-

429 2969 568 3022 dum
594 2971 637 3033 Ι,
669 2969 1146 3039 Aquicintinensis
1172 2970 1500 3022 monasterii
1518 2969 1778 3022 abbatem
1807 2970 2024 3022 ordinav
2105 2965 2218 3018 sia.
2271 2968 2356 3019 Ad
2399 2969 2602 3021 caelum
2648 2969 2948 3038 praemissis
2994 2970 3187 3022 multis
3230 2969 3562 3038 hujusmedi
3608 2968 3706 3038 piis

431 3057 546 3124 vit;
579 3059 742 3127 cuius
779 3058 1015 3112 abbatizn
1057 3075 1230 3128 prope
1268 3059 1519 3111 Duacum
1563 3058 1686 3110 sita;
1709 3057 2021 3111 fund'ati'oni

430 3145 568 3199 favit
622 3146 739 3199 suis
788 3146 990 3200 litteris
1023 3147 1125 3200 hoc
1178 3163 1324 3198 anno
1371 3146 1536 3205 datis,
1584 3146 1732 3215 apud
1771 3146 2021 3198 Mirmum

431 3249 550 3303 cap.
579 3232 651 3289 40
682 3233 839 3304 Belg.
865 3235 1093 3304 diplom.
1112 3235 1317 3288 Eodem
1351 3251 1440 3287 an.
1474 3234 1804 3304 subscripsit
1822 3234 2023 3287 litteris

431 3321 674 3392 Philippi
711 3323 1053 3376 Francorum
1084 3323 1232 3392 regis
1261 3339 1360 3392 pro
1390 3323 1729 3376 monasterio
1763 3322 1817 3376 S.
1847 3323 2023 3385 Quin;

432 3410 539 3463 tini
570 3411 777 3465 Bellov.
807 3428 929 3481 quae
958 3411 1118 3464 editae
1150 3417 1283 3464 sunt
1310 3411 1382 3463 ab
1403 3414 1533 3464 Ant.
1565 3411 1801 3464 Loisello
1824 3411 1886 3463 in-
1911 3412 2025 3463 Mo-

433 3499 717 3552 numentis
740 3499 994 3553 Ecclesiae
1018 3499 1222 3553 Bellov.
1259 3501 1534 3552 Joannem
1559 3500 1616 3551 in
1647 3498 1904 3552 abbatem
1935 3499 2024 3552 Sid

432 3587 714 3640 thiensem
746 3588 969 3640 ordinat
1001 3587 1150 3639 circa
1178 3601 1269 3639 an.
1307 3584 1452 3642 [081.
1474 3587 1616 3639 Huic
1636 3587 1896 3656 episcopo
1914 3585 2026 3639 Mo-~

429 3674 672 3727 rinensis
703 3675 959 3727 Ecclesize
989 3691 1124 3727 cura
1159 3681 1278 3727 tum
1301 3675 1598 3727 commissa
1629 3681 1750 3727 erat
1781 3675 1851 3728 ob
1889 3675 2026 3728 inte-

432 3762 583 3816 stina
608 3762 1010 3815 Morinensium
1042 3779 1166 3815 cum
1195 3780 1296 3815 suo
1327 3763 1585 3832 episc0po
1619 3763 1867 3826 dissidia,
1903 3779 2026 3833 quae

432 3868 472 3904 a-
497 3857 680 3904 morte
707 3851 974 3919 Brogonis
1004 3852 1247 3921 episcopi
1286 3867 1507 3921 semper
1535 3852 1590 3905 in
1631 3853 1880 3907 deterius
1910 3869 2025 3906 cre-

431 3944 628 3992 verant
659 3944 908 4008 tempore
943 3939 1116 3992 trium
1149 3939 1556 4010 episcoporum,
1592 3941 1856 3994 Hucberti
1881 3941 2024 3994 scili-

432 4033 542 4090 cet,-
592 4026 876 4080 Lamberti
921 4045 954 4080 a
986 4027 1226 4081 Roberto
1277 4029 1508 4082 Frisone
1549 4029 1772 4093 intrusi,
1818 4037 1875 4083 et
1921 4032 2024 4084 Ge-

432 4116 603 4181 rardi,
649 4121 722 4169 ut
759 4133 827 4169 ex~
863 4117 1030 4185 Greg.
1068 4116 1170 4170 VlI
1217 4117 1438 4179 litteris,
1474 4124 1530 4170 et
1557 4118 1722 4187 Iperii
1765 4119 2028 4172 chronica

431 4210 604 4274 patet.
638 4205 742 4258 An.
785 4201 920 4260 1082
961 4205 1254 4274 subsignat
1295 4205 1510 4258 litteras
1542 4206 1744 4275 quibus
1791 4207 1849 4260 S.
1902 4207 2027 4260 Dio-

432 4293 582 4364 nysii
601 4293 659 4346 in
689 4293 990 4346 Dracereia-
1005 4294 1407 4347 monasterium
1433 4295 1837 4364 Sylva-Maiori
1860 4293 2029 4363 subji-

432 4381 579 4435 citur
598 4393 632 4434 a
652 4381 931 4436 Balduino‘
947 4382 1149 4435 comite
1181 4383 1456 4436 Flandriaa
1486 4390 1541 4436 et
1571 4383 1825 4436 Richilde
1850 4389 2028 4435 matre

2043 3085 2087 3142 B
2107 3053 2369 3124 operibus
2406 3057 2668 3125 migravit
2700 3057 2792 3110 die
2823 3071 2881 3110 Ix
2907 3058 3147 3127 Augusti
3177 3071 3268 3109 an.
3308 3056 3446 3111 1092
3473 3057 3552 3123 (3)
3577 3076 3588 3120 ;
3623 3068 3707 3109 se-

2108 3143 2410 3212 pulcroque
2434 3145 2676 3198 donatus
2701 3152 2788 3199 est
2809 3147 2865 3198 in
2902 3147 3102 3215 majori
3132 3145 3200 3200 B.
3233 3144 3426 3198 Maria:-
3447 3146 3705 3198 ecclesia.

2108 3230 2217 3284 Ilio
2247 3233 2476 3286 sedente
2499 3235 2790 3287 Cameraci
2808 3228 3042 3304 contigit
3083 3235 3235 3304 quod-
3254 3234 3570 3303 Gregorius
3588 3235 3705 3297 VII,

2107 3318 2152 3372 Ι.
2186 3334 2258 3385 Iv,
2293 3337 2380 3391 ep.
2413 3320 2502 3385 20,
2536 3323 2606 3375 ad
2638 3323 2943 3376 G'ofredum
2977 3323 3302 3392 episcopum
3330 3323 3706 3375 Parisiensem

2103 3409 2295 3462 scribit
2322 3428 2333 3462 :
2364 3426 2390 3461 α
2414 3411 2556 3464 Item
2585 3411 2828 3464 relatum
2854 3411 3014 3464 nobis
3036 3417 3122 3464 est
3151 3412 3592 3464 Cameracenses
3619 3411 3710 3462 ho-

2107 3498 2314 3551 minem
2335 3497 2629 3568 quemdam
2655 3500 2897 3552 flammis
2918 3499 3311 3560 tradidisse,eo
3345 3499 3502 3568 quod
3533 3500 3710 3552 Simo-

2108 3586 2298 3638 niacos
2325 3594 2377 3638 et
2395 3587 2751 3656 presbyteros
2775 3587 3146 3640 fornicatores
3161 3588 3358 3640 missas
3381 3602 3493 3639 non
3511 3587 3711 3640 debere

2108 3673 2410 3735 celebrare,
2445 3681 2502 3727 et
2533 3675 2679 3744 quod
2733 3674 2954 3728 illorum
2986 3675 3229 3728 officium
3263 3675 3500 3728 minime
3549 3675 3717 3727 susci—

2108 3762 2370 3832 piendum
2415 3763 2576 3824 foret,
2613 3764 2796 3816 dicere
2828 3778 3000 3816 ausus
3030 3758 3216 3817 fuerit.
3254 3763 3412 3826 Quod
3447 3763 3584 3832 quia
3617 3779 3712 3815 no-

2106 3851 2191 3904 bis
2213 3853 2376 3904 valde
2401 3851 2677 3917 terribile,
2701 3859 2759 3906 et
2801 3854 2847 3906 si
2873 3864 3064 3906 verum
3103 3859 3188 3906 est
3211 3853 3365 3906 omni
3395 3852 3588 3921 rigore
3621 3867 3711 3904 ca-

2105 3941 2317 3994 nonicae
2351 3941 2635 3994 severitati
2669 3941 3068 3994 vindicandum
3088 3953 3210 3994 esse
3245 3940 3488 3994 videtur.
3521 3940 3711 3992 frater

2105 4029 2340 4082 nitatem
2359 4035 2514 4082 tuam
2542 4030 2776 4083 sollicite
2795 4031 2966 4098 hujus
2994 4029 3075 4082 rei
3102 4029 3388 4081 veritatem
3417 4029 3703 4098 inquirere

2109 4118 2476 4170 admonemus
2509 4137 2520 4170 :
2556 4124 2612 4170 et
2637 4116 2686 4170 si»
2705 4133 2800 4171 eos
2827 4115 2894 4170 ad
2927 4121 3148 4170 tantum
3178 4117 3572 4170 crudelitatem
3601 4119 3703 4169 im-

2110 4205 2230 4274 pias
2273 4219 2478 4258 manus
2518 4206 2836 4259 extendisse
2878 4206 3218 4274 cognoveris,
3261 4205 3334 4257 ab
3378 4206 3618 4258 introitu
3657 4208 3708 4256 et

2111 4294 2264 4346 omni
2294 4294 2684 4346 communione
2705 4294 2949 4347 ecclesiae
2980 4299 3237 4346 auctores
3253 4293 3467 4362 pariter
3487 4301 3546 4345 et
3561 4305 3707 4346 com.

2110 4381 2278 4450 plices
2305 4397 2565 4452 separare
2587 4393 2702 4434 non=
2729 4382 2973 4445 differas,
2999 4391 3054 4435 et
3087 4381 3245 4434 nobis
3274 4382 3440 4450 hujus
3472 4381 3554 4433 rei
3583 4393 3703 4433 cere

433 4469 630 4539 ipsius,
662 4480 726 4523 ex
757 4470 1039 4524 Mabillon.
1069 4471 1361 4524 Consensit
1378 4466 2092 4524 fu-ndatienimonasteriiu
2110 4469 2406 4522 titudinem
2434 4470 2689 4522 indicare
2711 4470 2893 4523 stude.
2922 4491 2942 4518 ο
2972 4472 3164 4524 Mense
3189 4469 3534 4523 Martioanai
3572 4466 3703 4523 ιθῖῖ

433 4557 1026 4626 Affligemiensiscirca
1042 4571 1134 4611 an.
1169 4556 1307 4614 1-083
1332 4560 1414 4612 uti
1446 4560 1688 4612 refertur
1716 4559 1771 4612 in
1795 4560 2029 4612 historia

437 4643 604 4711 hujus
621 4644 1054 4698 monasteriilib.
1079 4662 1118 4709 i,
1152 4659 1200 4698 c.
1233 4645 1285 4710 4,
1320 4645 1414 4700 ubi
1442 4647 2019 4701 l-audaturGerard-us.

434 4730 775 4801 Approbavit
803 4731 1019 4785 litteras
1045 4734 1295 4787 Anseimi
1337 4735 1404 4787 de
1449 4735 1872 4789 Ribodi-Monte
1905 4736 2020 4804 (Ri-

507 4864 579 4938 (l')
611 4864 860 4943 Epistola
891 4874 1140 4943 Gregorii
1174 4894 1285 4946 qua
1315 4878 1563 4948 praecipit
1588 4884 1651 4932 ut
1674 4879 1803 4932 dato
1836 4896 2024 4933 sacra-

433 4961 938 5016 mentoGerardus
966 4963 1275 5020 afﬁrmaret
1303 4957 1358 5020 in
1382 4967 1765 5037 episcoporum
1789 4976 1935 5022 cmtu
1965 4987 2024 5023 se

433 5052 720 5122 ignorasse
741 5051 1025 5106 decretum
1044 5071 1218 5124 papa},
1244 5057 1336 5125 qui
1367 5057 1630 5109 laicorum
1665 5057 2022 5111 investituras

433 5129 782 5212 prohibebat,
807 5142 939 5194 data
969 5148 1054 5194 est
1094 5157 1146 5194 Iv
1186 5144 1310 5196 idus
1344 5143 1477 5196 Maii
1507 5145 1695 5198 indict.
1735 5161 1823 5209 xv,
1860 5146 1918 5198 id
1940 5155 2024 5200 est

435 5245 526 5283 an.
569 5223 700 5285 {O77
726 5248 736 5281 :
776 5230 919 5284 unde
949 5231 1148 5300 conjici
1170 5238 1352 5302 potest
1366 5238 1588 5302 tempus
1611 5225 1895 5287 electionis
1918 5235 2022 5288 Ge-

430 5317 604 5370 rardi.

507 5405 578 5474 (2)
632 5407 696 5460 In
737 5406 1018 5461 chartario
1083 5409 1145 5464 S.
1204 5409 1453 5480 Sepulcri
1518 5410 1726 5480 legitur
1782 5411 2026 5465 donasse

2109 4558 2202 4610 hic
2229 4558 2793 4628 episcopus‘quzedam
2823 4563 3034 4613 statuta
3064 4570 3165 4628 pro
3185 4557 3480 4611 monachis
3504 4556 3702 4610 8.61s-

2108 4647 2219 4699 leni
2251 4646 2442 4699 edidit.

2106 4881 2379 4936 VValterio
2415 4883 2604 4938 abbati
2652 4885 2705 4938 S.
2764 4883 3011 4953 Sepulcri
3044 4884 3221 4937 altare
3249 4883 3317 4935 de
3360 4883 3570 4946 Lewes,
3601 4899 3694 4933 an.

2104 4968 2268 5036 4079,
2297 4971 2383 5025 sui
2414 4973 2763 5042 episc0patus
2794 4989 2886 5025 an.
2931 4987 3000 5032 II;
3046 4971 3141 5025 ubi
3186 4971 3405 5023 videtur
3451 4971 3695 5040 primum

2105 5059 2224 5127 ejus
2248 5060 2599 5129 episcopatus
2619 5077 2827 5113 annum
2847 5077 2958 5113 non
2979 5059 3289 5129 computari
3313 5058 3382 5110 ab
3402 5059 3689 5114 electione.

2104 5148 2199 5199 sed
2232 5165 2267 5200 a
2297 5156 2550 5218 tempore
2581 5166 2689 5218 quo
2725 5149 2887 5217 Hugo
2918 5148 3179 5218 Gregorii
3217 5148 3442 5217 septimi
3486 5147 3688 5201 summi

2104 5236 2379 5305 pontiﬁcis
2411 5238 2626 5305 legatus
2647 5237 2715 5289 de
2745 5237 2866 5306 ipso
2891 5237 3164 5305 judicaum
3188 5235 3335 5288 tulit.

2171 5323 2244 5393 (3)
2273 5324 2454 5378 Pridie
2478 5325 2601 5377 Kal.
2621 5327 2763 5393 Aug.
2780 5341 2845 5377 ex
2874 5325 3018 5378 notis
3050 5322 3417 5377 mss.Baluzii
3448 5323 3517 5376 ad
3539 5321 3680 5376 Gall.

2106 5413 2236 5466 Chr.
2272 5411 2302 5467 3
2333 5411 2449 5466 Jul.
2481 5429 2546 5466 ex
2575 5413 2812 5466 Raissio.
