3972 6172
480 292 624 351 1383
1549 297 1919 356 RAYNALDI
1958 300 2320 363 REMENSIS
2358 309 2697 364 ARCHIEP.
3556 327 3659 387 1384

476 418 745 484 Avenaci;
794 418 1207 487 monachosque
1243 417 1694 489 Afﬂigemienses
1728 422 1949 479 fortiter
1984 431 2380 489 tu-Analdum
2409 438 2465 487 et
2495 434 2877 505 suffraganeos
2923 439 3046 508 ejus
3071 440 3285 496 naviter
3331 449 3524 519 carpsit,
3549 456 3662 524 quod

476 512 625 560 tatus
641 511 726 560 est
745 506 1009 559 adversus
1029 506 1341 560 Gerardum
1362 508 1843 567 Gameracensem.
1859 515 2071 569 Eodem
2154 525 2312 574 tanto
2324 520 2555 577 facinori
2573 540 2683 578 non
2704 542 2764 579 se
2784 506 3661 600 viriliteropposuissentdtnnolO‘Ji

476 612 623 648 anno
670 611 797 648 cum
849 594 1165 664 accingeret
1215 613 1273 649 se
1318 596 1387 650 ad
1440 597 1634 653 limina
1689 603 2069 672 apostolorum
2152 617 2403 664 coactum
2435 617 2520 665 est
2544 630 2712 682 snper
2738 615 2931 669 eodem
2976 620 3201 687 negotio
3227 622 3488 679 concilium
3519 628 3661 683 Duro-

474 683 769 746 visitanda,
795 684 1071 737 concessit
1102 685 1385 738 monachis
1415 687 1905 757 Andaginensibus
1925 694 2070 746 alta-
2152 699 2373 753 cortori.
2422 720 2444 751 «
2495 700 2888 773 Congregavit,
2932 683 3119 775 inquit
3149 708 3429 765 chronicon
3470 713 3514 767 S.
3546 716 3662 770 Petri

474 771 560 824 ria
590 771 868 842 quzedam,
900 771 1250 840 Remigianis
1289 789 1417 827 vero
1448 775 1626 828 altare
1665 778 1812 847 quod
1854 784 1975 832 erat
2011 780 2068 834 in
2151 787 2292 844 Vivi.
2313 789 2605 860 Philippus
2621 808 2716 845 rex
2745 792 3192 866 archiepiscopos
3216 804 3271 851 et
3288 800 3663 874 episcoposregni

472 860 591 913 νίοο
623 861 679 914 S-
702 860 975 930 Remigii;
1007 877 1173 931 quam
1207 861 1462 915 ultimam
1493 864 1851 920 donationem
1874 870 2071 922 confir-
2151 876 2238 929 sui
2267 876 2323 929 in
2355 878 2618 932 Remensi
2658 879 2815 942 urbe,
2851 887 2907 935 et
2938 882 3183 938 obtinuit
3219 884 3288 939 ab
3326 860 3662 963 archiepiscopo

607 948 640 963 ..
883 945 1012 963 ,ηοη
1081 950 1094 963 .
1546 952 1560 963 .
1633 952 1643 963 .
1810 955 1822 963 .
1908 959 1933 963 _
2062 960 2070 963 _

475 948 650 1002 mallit
678 964 824 1001 8ηηο
883 945 1031 1004 1089-
1060 950 1227 1040 ,Αηηο
1269 949 1407 1040 W88
1454 952 1741 1006 eCClGSiam
1792 955 1860 1008 de
1900 959 2071 1010 Βαιτοἰ
2155 965 2408 1019 Richerio
2438 968 2657 1038 magnis
2706 970 2963 1040 precibus
2991 980 3056 1025 ut
3104 974 3294 1029 Remis
3328 977 3390 1030 ad
3431 945 3663 1036 concilium

466 1037 630 1106 juxta
653 1036 919 1107 Oppidum
939 1037 1104 1090 Turis
1135 1054 1303 1108 super
1330 1039 1644 1094 Matronam
1673 1044 1949 1097 concessit
1973 1060 2067 1099 ec-
2152 1068 2264 1105 non
2286 1036 2690 1125 dedignaretur
2710 1058 2815 1126 ire,
2837 1060 3139 1114 ostendens
3154 1061 3466 1117 Rainaldum
3485 1066 3665 1123 Remen-

472 1125 657 1180 clesia:
684 1126 998 1179 Turonensi
1028 1142 1128 1195 pro
1156 1126 1538 1182 anniversario
1570 1147 1671 1184 suo
1710 1132 2062 1187 celebrando.
2150 1158 2265 1195 sem
2314 1144 2795 1217 archiepiscopum
2840 1148 3139 1219 podagrico
3178 1150 3364 1205 dolore
3382 1159 3666 1210 contractum

469 1215 632 1268 Anno
652 1212 794 1271 1089
809 1214 1160 1311 privilegium
1192 1216 1404 1311 accep-it.
1429 1216 1498 1311 ab
1528 1218 1753 1311 Urbano
1771 1222 2067 1311 IIUsummo
2149 1245 2261 1283 non
2286 1247 2447 1301 posse
2472 1212 2733 1302 progredi
2754 1235 2824 1288 de
2840 1212 2956 1289 sua
2986 1212 3152 1304 sede;
3187 1258 3211 1290 ι
3248 1240 3389 1293 unde
3414 1244 3581 1311 praesul
3596 1244 3667 1298 ille

468 1304 749 1374 pontifice,
783 1319 892 1372 quo
922 1303 1225 1356 Remenses
1256 1304 1657 1376 archiepiSCOpi
1678 1313 1735 1361 et
1753 1309 1920 1377 pallio
1940 1317 2065 1364 ute-
2147 1334 2181 1371 a
2204 1320 2488 1373 nonnullis
2517 1321 2698 1375 dictus
2724 1328 2810 1375 est
2836 1303 3145 1379 Rainaldus
3169 1303 3670 1386 ContractusEodem

469 1397 686 1455 rentur,
719 1397 776 1444 et
797 1391 1065 1461 primates
1095 1390 1418 1445 dicerentur
1446 1395 1703 1449 secundae
1739 1398 1987 1466 Belgicae,
2008 1404 2066 1452 et
2147 1423 2293 1460 anno
2314 1409 2607 1478 Hugonem
2628 1410 3072 1479 Regitestensem
3101 1415 3377 1482 comitem,
3401 1418 3484 1488 qui
3508 1418 3565 1471 ob
3580 1419 3669 1472 i113.

470 1496 631 1550 reges
661 1479 1164 1534 Christianissimos
1190 1491 1597 1536 consecrarent.
2145 1500 2233 1549 tas
2250 1496 2572 1551 hominibus
2594 1499 2651 1552 S.
2676 1498 2915 1570 Remigii
2941 1502 3264 1557 vexationes
3294 1506 3670 1561 excommunica~

541 1569 619 1622 ΕΧ
647 1568 809 1657 Italia
830 1585 930 1639 P6P
956 1568 1283 1657 Αντθΐηίὶιφ
1308 1569 1530 1624 rediens
1546 1588 1694 1626 anno
1732 1572 1883 1638 1090,
1913 1576 2063 1647 apud
2144 1589 2236 1638 tus
2265 1585 2467 1648 fuerat,
2486 1586 2615 1640 facti
2635 1568 2997 1657 poenitentem
3021 1590 3329 1646 Rainaldus
3343 1592 3547 1647 absolvit
3567 1595 3672 1648 :for-

470 1656 807 1711 Casam-Dei
837 1657 1169 1718 diversatur,
1213 1656 1307 1709 ubi
1349 1674 1473 1711 cum
1504 1661 1874 1715 monasticum
1909 1664 2122 1751 ordi-_~
2148 1689 2292 1726 mam
2344 1673 2711 1729 absolutionis
2741 1677 2863 1746 ejus
2898 1677 3105 1732 videsis
3135 1680 3195 1733 in
3246 1682 3527 1751 appendice
3559 1683 3675 1736 inter

468 1761 597 1799 nem
647 1744 979 1799 arctioribus
1026 1744 1253 1798 statutis
1293 1745 1695 1816 discipulorum
1727 1751 1783 1804 S.
1833 1751 2030 1806 Robert

2116 1745 2538 1817 ‘instrumenta.
2572 1765 2735 1818 Anno
2770 1740 2905 1821 l095
2944 1740 3605 1839 Philippum-consecravit
3631 1771 3675 1825 in

466 1851 602 1889 cura
622 1835 822 1888 ﬂorere
843 1833 1223 1903 comperisset.
1242 1833 1413 1887 subiit
1433 1836 1686 1890 animum
1704 1840 1826 1908 ejus
1848 1841 2063 1911 aliquot
2143 1850 2463 1921 episcopum
2487 1853 2955 1908 Catalaunensem
2980 1873 2995 1922 ;
3025 1862 3083 1909 et
3106 1856 3242 1911 data
3274 1858 3675 1913 Laudunensibus

466 1940 655 1978 secum
695 1922 767 1976 ad
796 1921 1000 1976 Remos
1028 1921 1323 1985 deducere.
1357 1923 1451 1993 qui
1481 1924 1841 1981 Nicasianum
1871 1945 2060 1984 COBUO-
2144 1939 2201 1991 S.
2229 1937 2511 1993 Vincentii
2554 1941 2839 1995 monachis
2882 1942 3118 1996 ecclesia
3153 1944 3508 2010 Alti-montis,
3537 1946 3678 2000 inter-

466 2011 621 2067 bium
648 2011 838 2065 statim
869 2028 904 2064 a
924 2016 1105 2064 morte
1127 2010 1377 2064 Gervasii
1408 2012 1809 2086 archiepiscopi
1837 2018 2059 2087 penitus
2140 2025 2250 2079 fuit
2278 2028 2511 2082 concilio
2543 2030 2981 2085 Claromontano
3006 2032 3086 2085 nil
3117 2032 3223 2086 sibi
3256 2034 3491 2088 conscius
3506 2034 3679 2089 adulte~

465 2102 773 2171 collapsum
800 2100 858 2153 in
899 2100 1183 2169 integrum
1215 2100 1612 2169 restituerent;
1645 2104 1802 2173 cujus
1832 2106 2027 2176 religio

2138 2131 2331 2168 rarum
2362 2117 2509 2187 regis
2537 2119 2883 2189 nuptiarum.
2917 2120 3090 2173 Paulo
3115 2126 3289 2175 antea
3332 2122 3680 2194 subscripserat

465 2190 701 2243 sissimis
723 2188 861 2241 votis
878 2188 1049 2241 abbas
1071 2187 1347 2256 Seguinus
1369 2191 1661 2259 acquievit.
1685 2193 1891 2246 Eodem
1908 2211 2056 2249 anno
2137 2204 2371 2258 concilio
2400 2205 2459 2259 in
2492 2187 2687 2262 Monﬁte
2717 2208 2773 2261 s,
2807 2207 2995 2263 Maria;
3024 2208 3307 2264 celebrato
3333 2211 3512 2265 eodem
3539 2228 3677 2265 anno,

465 2278 643 2332 altare
686 2276 860 2330 Vallis
907 2275 1289 2330 monasterioli
1318 2279 1590 2331 concessit
1622 2282 1956 2336 monialibus
1994 2284 2048 2338 S.
2207 2293 2293 2346 Ad
2331 2300 2641 2349 extremum
2675 2312 2801 2350 cum
2848 2312 2939 2350 res
2967 2297 3419 2354 Atrebatensium
3448 2315 3570 2370 quas
3600 2299 3683 2354 Ur.

462 2366 615 2421 Petri
640 2364 1195 2420 Remensibus.Anno
1224 2364 1349 2420 1091
1372 2366 1580 2420 donum
1603 2368 1846 2423 ecclesiae
1859 2371 2055 2426 Turris
2138 2378 2317 2435 banus
2346 2383 2397 2436 ΙΙ
2428 2399 2575 2453 papa
2603 2383 2708 2437 sibi
2735 2385 3245 2450 commendaverat,
3278 2364 3491 2443 ﬁrmam
3523 2388 3683 2442 stude.

461 2475 632 2530 super
677 2464 1013 2523 matronam,
1061 2457 1207 2512 datae
1236 2474 1383 2512 anno
1418 2457 1552 2516 1083
1594 2462 2053 2519 Cluniacensibus
2136 2475 2241 2531 ret,
2257 2469 2395 2523 nihil
2425 2488 2607 2541 operae
2623 2479 2680 2526 et
2707 2472 2913 2527 laboris
2934 2475 3367 2544 praetermittens
3381 2494 3481 2548 quo
3496 2494 3684 2535 omnem

460 2547 530 2601 ab
580 2548 815 2616 Hugone
861 2546 975 2599 filio
996 2545 1294 2607 Manassis,
1327 2549 1695 2604 conﬁrmavit.
1727 2553 1890 2605 Anno
1913 2552 2051 2609 109‘2
2134 2557 2192 2611 in
2222 2566 2506 2629 posterum
2526 2561 2783 2631 litigandi
2803 2569 3050 2633 segetem
3073 2581 3201 2618 cum
3238 2545 3683 2622 Cameracensibus

458 2635 754 2690 concilium
809 2635 1085 2688 Remense
1137 2634 1456 2699 celebravit.
1512 2638 1671 2706 cujus
1716 2641 2049 2696 auctoritate
2133 2646 2402 2701 radicitus
2433 2656 2772 2720 amputaret,
2805 2652 2999 2706 morbo
3028 2660 3323 2725 correptus
3347 2655 3477 2709 obiit
3493 2672 3561 2710 ιη
3581 2657 3682 2711 Kal.

457 2722 739 2777 Robertus
785 2738 971 2776 comes
1020 2721 1296 2775 Flandrim
1327 2723 1687 2777 morientium
1719 2726 2047 2782 clericorum
2135 2734 2403 2791 Februar.
2454 2754 2601 2792 anno
2654 2737 2795 2794 1096
2840 2742 3113 2808 Atrebati,
3148 2721 3244 2797 ubi
3294 2749 3352 2798 et
3378 2746 3686 2815 sepulturam

456 2811 604 2865 bona
637 2826 909 2880 occupare
952 2809 1134 2863 desiit.
1180 2811 1342 2863 Anno
1393 2813 1650 2881 sequenti
1688 2813 1845 2868 dedit
1873 2817 2052 2871 altare
2135 2824 2417 2894 accepisse
2447 2828 2703 2881 nonnulli
2732 2829 2986 2886 credunt.
3044 2831 3154 2885 Sed
3182 2832 3252 2886 iis
3274 2833 3601 2888 reclamitare
3626 2834 3688 2887 vi-

460 2898 940 2953 Hermundi-villaa
967 2898 1257 2951 monachis
1287 2899 1343 2952 S.
1386 2900 1734 2955 Theoderici.
1766 2903 2051 2974 Frequens
2135 2911 2301 2966 detur
2328 2914 2709 2985 necrologium
2726 2916 2986 2973 Ecclesia;
3005 2920 3301 2974 Remensis
3319 2921 3377 2975 in
3393 2922 3501 2976 hac
3518 2921 3687 2976 verba;

456 2992 542 3041 est
563 2985 960 3056 archiepiscopi
988 2985 1158 3056 hujus
1186 2986 1397 3040 mentio
1435 2987 1492 3040 in
1530 2988 1767 3044 historia
1804 2993 2050 3047 restituti
2131 3002 2233 3055 ΧΙΙ
2261 3002 2382 3055 Kal.
2422 3004 2575 3057 Febr.
2618 3004 2953 3074 Raynatdus
2983 3009 3129 3061 bona
3164 3012 3437 3063 memoria
3460 3011 3691 3079 archiepi-

452 3073 919 3165 Atrebatensibus
951 3073 1165 3165 proprii
1194 3074 1473 3165 episcopi;
1536 3078 1683 3147 quod
1723 3079 1934 3134 factum
1964 3089 2106 3149 estC
2129 3104 2317 3157 scopus
2347 3096 2527 3144 noster
2557 3097 2848 3161 requiescit
2890 3097 3064 3162 intus,
3112 3100 3211 3165 qui
3257 3099 3407 3152 dedit
3445 3098 3499 3154 S.
3531 3073 3694 3152 Maris

454 3163 618 3218 annis
661 3161 799 3218 1092
846 3168 903 3216 et
956 3160 1103 3255 109:3,
1139 3167 1197 3215 et
1224 3162 1777 3255 aAnobistractatum
1816 3169 1951 3222 olim
1989 3170 2048 3224 in
2130 3180 2340 3231 altaria
2362 3160 2708 3240 tria,utinde
2725 3160 3065 3251 sepeliantur
3081 3160 3355 3248 canonici,
3376 3189 3692 3255 reliquumin

452 3258 605 3306 tomo
633 3251 799 3305 tertio
829 3250 1009 3305 Gilliaa
1051 3250 1220 3321 hujus
1261 3251 1612 3307 Christiana).
1650 3254 1857 3309 Eodem
1901 3273 2047 3312 anno
2130 3268 2247 3333 ejus
2263 3269 3195 3326 solemnianniversariocanonicis
3222 3276 3283 3327 in
3309 3276 3696 3329 urbeeeistenti-

449 3339 589 3398 1093
636 3339 932 3394 concilium
981 3338 1130 3429 apud
1157 3339 1484 3393 Suessiones
1526 3341 1726 3397 indixit
1780 3345 2045 3402 adversus
2130 3354 2603 3409 busdz‘stribuitur
2625 3373 2982 3429 ;quanquam
3005 3360 3186 3416 exhac
3205 3363 3403 3417 vocula
3422 3362 3694 3417 intusnihil

450 3428 809 3482 Roscelinum
838 3426 1185 3517 haereticum.
1392 3515 1399 3517 Α
1614 3516 1617 3517 ν
2130 3441 2492 3512 peremptorii
2511 3426 2767 3499 concludi
2792 3426 2950 3517 posse
2970 3453 3189 3503 constat
3208 3466 3275 3503 ex
3295 3451 3463 3505 simili
3481 3451 3691 3505 formula

520 3516 747 3570 Interea
783 3531 909 3569 cum
942 3514 1241 3568 divortium
1285 3515 1434 3585 regis
1478 3516 1748 3572 maximas
1780 3519 1839 3573 in
1870 3538 2045 3591 regno
2132 3544 2298 3598 quam
2332 3530 2477 3584 infra
2504 3531 2563 3585 in
2593 3514 2865 3588 Rainaldo
2893 3534 2949 3589 II
2979 3536 3129 3607 apud
3158 3537 3511 3607 Igniacenses
3529 3555 3691 3594 mona-

444 3603 641 3659 turbas
669 3604 860 3666 cieret,
890 3603 982 3656 Ivo
1014 3603 1373 3690 Carnotensis
1411 3619 1477 3656 ea
1506 3604 1575 3657 de
1623 3622 1682 3658 re
1721 3607 1946 3678 scripsit
1972 3610 2043 3664 ad
2125 3618 2259 3672 chos
2288 3621 2508 3690 sepulta
2536 3621 2859 3677 referemus,
2880 3623 2954 3678 Ut
2972 3603 3036 3678 υἱ
3065 3625 3157 3688 sit,
3188 3603 3252 3680 ἶη
3276 3628 3461 3682 τηθάίο
3480 3626 3692 3682 ecclesia;

446 3692 784 3747 Rainaldum
823 3690 881 3786 in
919 3690 1069 3786 hunc
1099 3689 1339 3786 modum
1361 3695 1456 3758 (ep.
1494 3691 1582 3786 1E3)
1612 3712 1638 3786 ε.
1661 3712 1686 3744 ‹‹
1719 3695 1929 3786 Nuper,
1953 3697 2043 3752 in-
2123 3689 2459 3761 cathedralis
2480 3709 2649 3763 choro
2670 3711 2814 3781 lapis
2836 3712 3202 3782 sepulchralis
3226 3715 3375 3786 nigri
3404 3717 3592 3771 coloris
3608 3731 3692 3786 pro

447 3781 588 3853 quit,
620 3796 747 3832 cum
786 3795 819 3831 ὃ
847 3777 1073 3869 domin?
1104 3794 1234 3869 Pege
1264 3777 1797 3869 fui§sem_il1\'itatus
1830 3784 1902 3838 ad
1933 3786 2041 3840 001-
2123 3796 2409 3866 epitaphio
2440 3796 2556 3850 haec
2581 3777 2749 3852 verba
2779 3777 2984 3869 prae-se
3023 3802 3133 3855 fert
3164 3819 3176 3853 :
3212 3777 3554 3859 RAVYNALDUS
3577 3777 3693 3857 Gbs-

446 3869 698 3939 loquium
730 3872 795 3921 ιη
821 3882 1000 3920 essem
1022 3865 1073 3960 εξ
1099 3865 1324 3960 διδῶ-αῖον
1349 3866 1409 3920 in
1439 3867 1787 3924 celebrandis
1826 3874 2038 3944 nuptiis
2119 3865 2355 3938 Tmarus
2384 3865 2854 3943 sncnlsplscoeus.
2891 3890 3212 3960 Capitulum
3246 3893 3608 3947 Atrebatense
3640 3896 3693 3945 ut

448 3974 588 4030 quas
611 3958 793 4011 facere
811 3952 1145 4025 disponebat
1172 3953 1242 4007 de
1263 3954 1534 4008 Bertrada
1553 3958 1790 4028 conjuge
1817 3960 2037 4015 comitis

445 4044 861 4116 Andegavensis
886 4055 897 4089 ε
937 4042 1007 4096 ad
1033 4042 1180 4112 quod
1210 4058 1337 4095 cum
1376 4045 1788 4113 respondissem
1816 4065 1927 4102 non
1956 4049 2038 4102 ita

443 4142 701 4207 oportere
731 4131 1144 4202 ﬁeri,quoniam
1163 4130 1408 4185 nondum
1433 4138 1581 4186 esset
1605 4150 1774 4189 causa
1795 4136 2037 4193 dilﬁnita

443 4224 593 4278 inter
636 4223 822 4293 ipsum
874 4226 932 4273 et
977 4235 1204 4273 uxorem
1251 4220 1391 4288 ejus,
1414 4225 1652 4275 testatus
1681 4230 1767 4276 est
1795 4225 2036 4294 pleniter

442 4312 739 4366 ditiinitam
764 4325 886 4363 esse
911 4307 1215 4378 apostolica
1242 4308 1577 4363 auctoritate
1616 4316 1673 4363 et
1701 4319 1905 4380 vestra,
1937 4332 2032 4369 ve-

2118 3971 2403 4027 laboribus
2431 3973 2500 4027 ab
2530 3991 2595 4028 eo
2626 3975 2898 4046 impensis
2932 3978 3074 4032 vices
3120 3978 3407 4044 redderet,
3452 3981 3691 4051 jugisque

2118 4060 2392 4113 memoria
2408 4062 2530 4130 ejus
2550 4061 2871 4127 haberetur,
2891 4066 3341 4121 anniversarium
3362 4083 3461 4137 pro
3477 4083 3538 4120 eo
3560 4070 3696 4136 quot-

2115 4149 2278 4203 annis
2306 4149 2587 4204 celebrare
2632 4151 2874 4207 decrevit
2921 4153 2978 4207 in
3019 4155 3219 4225 majori
3268 4154 3519 4212 ecclesia.
3568 4152 3694 4207 Huic

2115 4238 2431 4309 parentavit
2449 4238 2709 4308 elegiacis
2730 4240 2976 4296 versibus
2993 4242 3317 4298 Baldericus
3335 4240 3696 4315 Burgoliensis

2118 4326 2308 4392 abbas,
2334 4325 2537 4397 quibus
2550 4328 2809 4383 Rainaldi
2826 4328 3091 4386 virtutem
3111 4334 3475 4388 commendat
3490 4333 3546 4386 in
3564 4332 3695 4385 hunc

441 4407 797 4470 strorumque
844 4395 1294 4466 coepiscoporum
1326 4395 1794 4463 laudatione.Quo
1820 4403 2032 4469 audito,
2055 4400 2102 4459 D
2121 4395 2401 4468 modum:

442 4489 704 4561 respondi
735 4503 824 4540 me
864 4487 967 4539 hoc
1013 4485 1292 4554 ignorare,
1326 4500 1429 4538 nec
1464 4486 1785 4556 hujusmodi
1825 4493 2037 4562 nuptiis

439 4581 579 4633 velle
608 4579 897 4637 interesse,
925 4572 1034 4626 nisi
1074 4588 1168 4625 vos
1216 4587 1406 4624 earum
1457 4574 1652 4628 essetis
1680 4586 2035 4635 consecrator

440 4673 495 4723 et
516 4672 730 4729 auctor,
755 4669 812 4718 et
831 4659 1141 4731 coepiscopi
1167 4660 1337 4713 vestri
1363 4668 1672 4717 assertores
1692 4671 1748 4718 et
1765 4683 2033 4739 coopera-

437 4763 609 4819 tores,
634 4751 900 4824 quoniam
940 4749 998 4803 id
1034 4748 1301 4819 competit
1322 4748 1440 4818 juri
1467 4751 1709 4808 ecclesia:
1740 4762 1935 4811 vestrm
1966 4775 2033 4812 ex

437 4841 743 4915 apostolica
760 4837 1093 4893 auctoritate
1112 4842 1170 4890 et
1187 4838 1420 4906 antiqua
1434 4842 1857 4897 consuetudine.
1878 4846 2030 4909 Quo-

436 4932 589 4985 niam
618 4928 791 4999 igitur
816 4926 1034 4982 conﬁdo
1063 4925 1131 4979 de
1156 4924 1423 4995 religione
1446 4934 1650 4994 vestra,
1674 4931 1815 4985 nihil
1842 4950 1939 4988 vos
1958 4935 2028 4991 de

433 5037 497 5075 re
524 5025 643 5073 tam
674 5016 985 5088 periculosa
1012 5019 1069 5068 et
1096 5014 1257 5067 famae
1296 5019 1508 5079 vestrae,
1541 5022 1599 5069 et
1626 5017 1906 5075 honestati
1946 5028 2027 5079 to-

430 5110 544 5164 tius
570 5106 728 5178 regni
745 5112 861 5159 tam
884 5102 1196 5175 perniciosa
1213 5102 1492 5157 facturum
1504 5103 1863 5163 dicturumve
1878 5113 2027 5181 quod

431 5216 543 5254 non
592 5194 924 5251 auctoritate
967 5191 1054 5245 vel
1085 5191 1301 5244 ratione
1331 5191 1582 5245 nitatur:
1616 5195 2026 5256 studiosissime

431 5295 489 5344 et
516 5283 876 5340 devotissime
904 5280 1132 5334 obsecro
1161 5277 1493 5332 charitatem
1524 5287 1765 5336 vestram
1797 5291 1862 5339 ut
1888 5288 2023 5343 mihi

429 5373 723 5430 ﬂuctuanti
750 5370 1043 5425 veritatem
1072 5366 1241 5436 hujus
1271 5366 1353 5419 rei
1383 5383 1551 5436 quam
1585 5370 1757 5437 scitis,
1798 5376 2020 5444 aperia-

425 5466 518 5532 tis,
546 5471 604 5518 et
630 5475 831 5517 sanum
859 5455 1175 5519 consilium,
1209 5454 1341 5507 licet
1379 5455 1620 5509 arduum
1650 5464 1707 5512 et
1736 5476 2019 5532 asperum,

429 5568 599 5624 super
631 5552 738 5606 hoc
773 5543 1088 5620 praebentis.
1133 5560 1162 5597 ι
1193 5542 1304 5599 Sed
1342 5548 1400 5597 et
1427 5543 1687 5601 Urbants
1722 5564 1869 5621 papa
1898 5552 2025 5609 Bai.

2118 4596 2366 4648 Remensi
2395 4596 2597 4661 populo
2627 4597 2835 4657 lumen,
2869 4598 3199 4666 firmamque
3222 4602 3547 4654 columnam

2186 4682 2526 4736 Rainaldum
2556 4682 2765 4737 Christi
2807 4688 2997 4751 gratia
3024 4691 3357 4741 contulerat.

2116 4769 2219 4823 Hic
2241 4785 2450 4837 quoque
2478 4771 2718 4825 Martini
2744 4774 2997 4827 sublatus
3024 4777 3094 4827 ab
3119 4776 3226 4828 crde
3250 4777 3397 4829 beati

2186 4859 2436 4912 Remensi
2460 4860 2703 4913 multum
2726 4863 2947 4928 profuit
2976 4863 3243 4916 Ecclesia.

2114 4946 2272 4998 Hunc
2302 4960 2449 4999 mors
2479 4948 2541 4999 in
2566 4953 2717 5001 tanto
2745 4952 3027 5018 ﬂorentem
3050 4952 3381 5018 pontiﬁcatu

2178 5035 2394 5100 Attigit,
2425 5040 2475 5087 et
2503 5051 2736 5089 vacuam
2757 5038 2887 5104 fecit
2918 5041 3050 5091 item
3079 5039 3422 5093 cathedram.

2109 5118 2330 5188 Pupilli
2356 5125 2493 5176 cives
2519 5139 2622 5191 pro
2652 5130 2804 5178 tanto
2828 5129 3065 5193 praesule
3092 5130 3279 5195 ﬂentes

2181 5209 2386 5277 Corpus
2403 5213 2678 5278 pontiﬁcis
2708 5213 2796 5265 hic
2819 5230 3046 5281 posuere
3071 5218 3178 5268 sui.

2108 5297 2251 5349 Huic
2272 5300 2510 5365 populus
2536 5299 2698 5365 gleba:
2725 5301 2928 5367 dignus
2954 5303 3232 5369 dispensat
3260 5302 3530 5365 honores;

2174 5385 2453 5452 Dispenset
2474 5389 2691 5439 veniam
2726 5388 3109 5457 Cunctipotens
3128 5394 3349 5443 anima.

2105 5473 2265 5526 Hunc
2292 5475 2542 5528 duodena
2571 5476 2683 5527 dies
2711 5476 2899 5542 februi
2920 5478 3213 5546 praeeundo
3242 5477 3509 5530 kalendas

2180 5562 2436 5617 Destituit
2465 5564 2691 5627 mundo,
2724 5565 3113 5635 substituitque
3126 5568 3269 5635 polo.
