4016 6178
243 288 353 349 1385
1644 297 1829 352 EPIS']

1889 298 2034 352 lL/E.
3332 305 3475 366 1386

253 421 3453 454 _______.______________________________

1109 548 1799 657 RAYNALDI
1875 549 2588 661 EPISTOLfE.

1267 771 1587 851 (Provz'nce
1614 771 2050 852 ecclész'astz'que
2078 771 2150 832 de
2182 773 2427 852 Rez'ms.)

991 1058 1038 1114 Ι,
1823 1057 1878 1117 Α
1892 1056 1996 1110 ctis
2015 1073 2196 1112 causae
2216 1063 2422 1113 nostra:
2440 1058 2558 1113 fore
2577 1059 2930 1130 promisistis.
2955 1062 3064 1116 Sed
3085 1065 3485 1134 paternitatem

556 1166 637 1210 ΑΒ
680 1164 916 1209 emam;
959 1163 1463 1208 ATREBATENSEM,
1893 1135 2133 1199 vestram
2166 1147 2438 1201 miramur
2469 1148 2773 1218 plurimum
2800 1150 2858 1202 in
2887 1151 3037 1204 calce
3066 1154 3244 1207 nostri
3273 1156 3486 1226 negotii

603 1239 676 1291 De
703 1237 1102 1291 consecratione
1127 1237 1420 1289 Lamberti.
1893 1233 2274 1304 infrigidatam
2305 1237 2562 1303 existere,
2590 1255 2718 1292 cum
2751 1238 2897 1293 infra
2921 1241 3226 1298 terminum
3255 1243 3325 1298 ab
3349 1263 3490 1316 apo-

815 1326 1000 1386 (Anno
1033 1321 1208 1393 1093.)
1895 1324 2091 1377 stolico
2115 1330 2311 1378 vestra:
2342 1326 2769 1395 magniﬁcentiae
2798 1329 2960 1382 electi
2991 1331 3169 1384 nostri
3196 1348 3490 1389 consecra-

303 1417 644 1478 RLYNALDUS,
666 1413 853 1485 gratia
880 1414 981 1468 Dei
1011 1414 1316 1466 Remorum
1337 1410 1808 1482 archiepiscopus,
1894 1412 2066 1466 tionis
2118 1413 2432 1482 injunctam
2482 1431 2586 1469 nec
2639 1417 2966 1472 solemniter
3011 1419 3216 1475 litteris
3268 1424 3489 1491 vestris,

252 1505 422 1560 domno
452 1505 786 1559 GUALBERTO
814 1503 1199 1571 universasque
1227 1499 1614 1554 Atrebatensis
1634 1500 1815 1553 Eccle-
1897 1505 1962 1554 ut
1998 1500 2432 1568 arbitrabamur,
2473 1503 2544 1556 ad
2588 1507 3063 1562 consecrationem
3109 1510 3349 1567 electum
3387 1529 3493 1566 no-

254 1593 325 1648 sia
345 1592 762 1663 congregationi
792 1592 1034 1646 salutem
1060 1595 1118 1645 et
1144 1588 1591 1644 benedictionem
1621 1589 1682 1642 in
1709 1588 1816 1643 Do—
1898 1593 2077 1643 strum
2125 1590 2379 1654 vocastis,
2413 1608 2516 1645 nec
2555 1592 2703 1646 diem
2747 1601 2962 1651 certum
3010 1597 3158 1651 infra
3184 1600 3494 1656 terminum

255 1679 372 1735 mino
397 1683 426 1736 J
432 1698 554 1736 esu.
1900 1677 2252 1748 designastis.
2279 1681 2439 1734 Nunc
2462 1686 2672 1747 autem,
2705 1699 2832 1736 cum
2862 1688 3206 1742 consecratio
3231 1689 3495 1761 deinceps

309 1769 604 1840 Scripsistis
629 1769 788 1824 nobis
809 1773 1086 1840 quatenus
1115 1767 1423 1821 terminum
1445 1766 1599 1821 vobis
1620 1766 1819 1820 rescri-
1900 1767 2048 1821 infra
2066 1769 2434 1822 tricennalem
2460 1775 2668 1824 metam
2691 1773 2886 1842 nequit
2901 1775 3256 1843 ﬁeri,saltem
3277 1778 3498 1834 litteras

257 1856 480 1913 heremus
510 1858 568 1912 in
596 1875 706 1929 quo
735 1859 974 1912 electum
1011 1862 1260 1910 vestrum
1306 1871 1630 1910 consecrare
1658 1856 1820 1909 velle-
1901 1862 2097 1911 vestrae
2140 1858 2508 1924 auctoritatis,
2553 1875 2676 1928 qua;
2717 1863 3021 1931 apostolico
3051 1864 3392 1933 deferantur,
3434 1873 3501 1923 ut

258 1948 624 2019 mus.At,quia
643 1946 990 2002 consecratio
1010 1946 1109 1999 illa
1130 1961 1242 1999 non
1259 1945 1440 1998 solum
1461 1944 1530 1998 ad
1547 1950 1816 2011 nostram,
1901 1945 2020 2016 ipse
2061 1946 2250 2016 jussit,
2306 1963 2407 2017 pro
2458 1949 2874 2004 consecratione
2904 1953 3082 2006 nostri
3127 1955 3289 2008 electi
3336 1956 3499 2011 nobis

261 2053 414 2090 verum
445 2037 616 2090 etiam
649 2037 719 2090 ad
756 2035 1211 2106 coepiscoporum
1250 2040 1540 2089 notrorum
1572 2039 1820 2104 potesta-
1903 2035 2036 2088 dare
2067 2034 2246 2088 velitis
2273 2035 2515 2106 plurima
2541 2053 2678 2106 pace
2706 2055 3020 2108 precamur.
3046 2041 3254 2096 Valete.

260 2129 352 2178 tem
372 2127 525 2196 juxta
552 2141 831 2179 canonum
877 2124 1222 2178 sanctionem
1255 2123 1534 2193 pertinere
1580 2123 1820 2182 videtur,
2653 2125 2750 2180 IV,

263 2213 379 2267 diem
405 2213 556 2268 vobis
594 2214 761 2282 διῄρε
789 2211 1226 2266 consecrationis
1254 2212 1464 2282 absque
1499 2211 1825 2264 eorumdem

1674 2211 1825 2264 idem
2144 2229 2446 2274 BAYNALDI
2489 2233 2568 2276 AD
2611 2233 2901 2278 URBANUM
2944 2235 2990 2278 Π
3035 2237 3260 2283 PAPAM.

261 2302 456 2356 consilio
501 2303 941 2372 haudquaquam
978 2300 1398 2355 rescribendum
1443 2317 1563 2353 esse
1592 2300 1882 2372 dignum_
2362 2303 2437 2356 De
2465 2306 2716 2358 electione
2745 2307 3038 2360 Lamberti.

264 2390 510 2446 duximus.
543 2390 652 2444 Sed
673 2366 807 2444 cuni
833 2391 893 2444 in
923 2390 1063 2444 festo
1093 2395 1298 2443 sancta
1329 2388 1516 2442 Mariae
1544 2366 1889 2444 medianteB
2509 2393 2692 2459 (Anno
2729 2392 2905 2464 1093.)

261 2481 482 2550 Augusto
505 2496 772 2550 magnum
794 2484 850 2533 et
865 2479 1253 2549 episcoporum
1275 2483 1332 2531 et
1347 2478 1674 2532 clericorum
1701 2494 1828 2531 con-
1978 2476 2216 2531 Domino
2266 2482 2323 2531 et
2367 2480 2820 2535 reverentissimo
2859 2489 3064 2538 sanctae
3094 2490 3152 2538 et
3191 2487 3507 2557 apostolicae

263 2575 457 2623 ventum
477 2569 669 2623 Remis
695 2567 942 2622 habituri
971 2567 1166 2630 simus,
1195 2566 1335 2620 illud
1369 2566 1516 2636 quod
1538 2565 1608 2619 ab
1630 2566 1709 2619 eis
1737 2583 1828 2620 su-
1909 2563 2057 2616 sedis
2091 2581 2246 2634 papae
2282 2565 2508 2619 ΗΒΕΑΝο
2539 2567 2895 2630 RAYNALDUS,
2931 2571 3060 2625 licet
3086 2573 3370 2644 indignus,
3404 2577 3506 2631 Dei

261 2672 347 2726 per
383 2657 477 2711 hoc
523 2656 815 2711 consilium
861 2655 1262 2725 acceperimus,
1311 2659 1368 2707 et
1412 2653 1717 2708 terminum
1768 2654 1828 2708 in
1907 2652 2091 2722 gratia
2139 2654 2441 2707 Remorum
2480 2656 2946 2728 archiepiscopus,
2980 2661 3201 2730 salutis,
3232 2662 3504 2734 obsequii,

263 2760 355 2817 quo
379 2745 627 2800 eumdem
661 2745 898 2799 electum
929 2748 1178 2797 vestrum
1209 2741 1512 2796 debeamus
1541 2759 1828 2797 consecra-
1909 2740 2219 2812 debitaeque
2266 2741 2626 2812 subjectionis
2669 2763 2874 2800 munus
2921 2747 3270 2804 uberrimum
3307 2751 3366 2804 in
3394 2752 3508 2806 Do-

261 2849 329 2901 re,
357 2835 496 2889 vobis
524 2834 796 2888 mandare
825 2849 938 2887 non
967 2833 1308 2886 differemus.
1336 2832 1550 2886 Valete.
1907 2829 2082 2884 mino.

990 2920 1068 2976 11,
1977 2918 2114 2971 Post
2141 2918 2380 2972 directas
2407 2919 2655 2989 primum
2687 2921 2846 2976 nobis
2884 2941 2919 2977 a
2948 2927 3286 2995 paternitate
3321 2934 3510 2984 vestra

258 3028 323 3074 AD
334 3029 688 3074 LAHBERTUM
702 3027 978 3073 ELECTUM
993 3025 1474 3071 ATBEBATENSEM
1499 3025 1827 3071 EPISCOPUM

1923 3005 2126 3059 .itteras
2154 3007 2363 3076 placuit
2390 3014 2594 3074 vestro,
2628 3011 2984 3066 serenissime
3013 3014 3196 3079 Pater,
3232 3018 3509 3087 apostola-

761 3103 834 3155 De
872 3104 988 3169 ejus
1021 3102 1293 3153 electione.
1909 3095 1995 3150 tui
2027 3101 2090 3150 ut
2114 3096 2317 3152 iterum
2351 3097 2490 3151 alias
2519 3098 2678 3152 nobis
2705 3099 3041 3170 dirigeretis,
3061 3111 3338 3176 praecepto
3363 3124 3510 3177 prae-

837 3189 1014 3255 (Αηῃο
1054 3187 1226 3256 1093,)
1912 3184 2182 3254 cipientes
2221 3192 2496 3255 quatenus
2544 3187 2691 3241 infra
2718 3189 2951 3258 triginta
2983 3191 3200 3246 dierum
3239 3195 3507 3267 spatium,

313 3275 660 3344 RAYNALnus,
683 3278 784 3332 Dei
809 3279 992 3348 gratia
1016 3276 1327 3332 Remorum
1354 3277 1826 3348 archiepiscopus,
1911 3279 2208 3344 postquam
2247 3281 2461 3329 vestras
2498 3276 2716 3330 litteras
2746 3277 3062 3334 videremus
3099 3282 3507 3352 Atrebatensis,

251 3363 594 3421 dilectissimo
617 3366 892 3420 confratri
916 3372 974 3420 et
1001 3366 1385 3420 consacerdoti
1412 3383 1510 3420 suo
1535 3366 1829 3420 LAMBERTO
1912 3363 2169 3416 Ecclesiae
2225 3364 2464 3418 electum
2514 3365 2570 3418 in
2619 3366 2943 3438 epis00pum
3009 3386 3333 3427 consecrare
3395 3390 3510 3430 non

246 3453 468 3508 salutem
499 3462 557 3510 et
587 3455 1036 3510 benedictionem
1060 3455 1119 3508 in
1151 3455 1388 3509 Domino
1420 3457 1570 3509 Jesu.
1913 3451 2283 3505 diﬂ‘erremus.
2307 3452 2536 3506 Addidit
2555 3459 2614 3507 et
2636 3455 2741 3508 hoc
2762 3457 2991 3511 solertia
3018 3465 3224 3526 vestra,
3248 3466 3312 3514 ut
3339 3461 3386 3514 si
3411 3462 3512 3516 ali-

306 3542 538 3597 Litteras
566 3560 708 3614 quas
727 3543 887 3597 nobis
908 3560 1008 3614 pro
1030 3543 1449 3597 consecratione
1473 3548 1573 3596 tua
1591 3542 1831 3595 domnus
1914 3555 2026 3610 qua
2048 3540 2207 3594 nobis
2229 3548 2545 3596 occurreret
2564 3559 2733 3597 causa
2753 3561 2864 3615 qua
2886 3563 3093 3602 munus
3116 3548 3255 3604 illud
3278 3549 3510 3619 aggredi

240 3645 376 3701 papa
385 3631 590 3686 direxit
603 3632 1076 3703 suscepimus,sed
1090 3638 1147 3685 et
1157 3649 1350 3686 earum
1365 3648 1487 3702 quae
1496 3630 1597 3684 tibi
1610 3631 1832 3684 directae
1854 3677 1896 3703 η
1915 3628 2362 3692 formidaremus,
2377 3647 2505 3684 eum
2522 3631 2677 3686 vobis
2697 3649 2824 3687 cum
2846 3635 3162 3690 litterarum
3185 3644 3511 3694 nostrarum

241 3677 460 3701 την-ς.-.
476 3677 1076 3703 νη---..-νντ----α-,..νι.
1093 3677 1241 3686 νη...
1261 3677 1350 3685 --.-
1368 3677 1597 3702 1-..“-—
1613 3677 1687 3684 ν--
1705 3677 1831 3684 ηπ
1915 3677 2171 3682 -ν---η-π-
2191 3677 2362 3692 --κ-η,
2380 3677 2505 3684 η---
2536 3677 2677 3686 -ννη
2699 3677 2824 3687 νυ.-.
2846 3677 3053 3689 ...νυ-..-
3070 3677 3162 3690 μω
3185 3677 3399 3692 κνοω..
3415 3677 3511 3694 ιη..

241 3725 362 3773 sunt
396 3721 688 3792 exemplar
715 3721 955 3775 vidimus
985 3739 996 3774 :
1043 3737 1183 3790 quas
1222 3737 1348 3775 cum
1378 3719 1828 3790 perlegissemus,
1854 3677 2310 3787 Castipulatione
2340 3722 2778 3775 consecrandum
2807 3723 3197 3793 dirigeremus.
3225 3727 3511 3798 Susceptis

241 3808 551 3882 coepiscopo
577 3815 772 3864 nostro
799 3808 1187 3864 Suessionensi
1215 3825 1312 3862 eas
1333 3808 1831 3871 transmisimus,et
1910 3807 2084 3876 igitur
2113 3808 2280 3876 hujus
2309 3814 2505 3862 vestrae
2534 3811 2920 3881 praeceptionis
2950 3813 3221 3884 apicibus,
3267 3833 3338 3870 ne
3376 3816 3512 3887 quid

237 3901 295 3948 ut
317 3897 436 3968 ipse
465 3897 687 3953 caeteris
726 3898 1096 3968 suifraganeis
1127 3898 1537 3953 transmitteret
1562 3896 1828 3967 praecepi-
1910 3895 2239 3949 inconsultis
2291 3897 2632 3966 coepiscopis
2679 3900 2857 3953 notris
2914 3907 2971 3954 et
3018 3904 3510 3959 consacerdotibus

237 3999 372 4054 mus,
396 3992 683 4058 quatenus
711 3985 780 4040 ab
808 3986 887 4041 eis
912 3992 1138 4057 accepto
1167 3986 1399 4041 consilio
1429 3991 1537 4039 tuae
1566 3984 1830 4038 fraterni-
1912 4000 2398 4054 praesumeremus,
2429 4002 2556 4039 cum
2585 3993 2802 4041 constet
2829 3990 3024 4059 utique
3052 3996 3168 4044 tam
3195 4009 3259 4045 ex
3291 4009 3510 4046 eorum-

232 4075 328 4127 tati
355 4076 826 4146 respondeamus.
847 4076 1091 4146 Ideoque
1119 4075 1224 4129 tibi
1255 4091 1431 4146 usque
1461 4079 1684 4128 octavas
1709 4090 1834 4127 san-
1915 4073 2041 4126 dem
2073 4089 2241 4142 quam
2279 4089 2343 4126 ex
2385 4079 2575 4127 nostra
2603 4077 2936 4130 auctoritate
2966 4078 3222 4132 eamdem
3265 4081 3508 4150 pendere

233 4160 300 4212 cti
327 4164 569 4218 Andreae
599 4164 850 4234 aliquem
880 4165 1130 4234 legatum
1172 4170 1334 4219 tuum
1379 4163 1450 4218 ad
1481 4179 1583 4216 nos
1611 4163 1833 4231 deleges
1915 4161 2407 4225 consecrationem,
2433 4163 2824 4216 mandatorum
2845 4170 3158 4220 vestrorum
3183 4167 3509 4221 schedulam

227 4251 584 4318 mandamus,
619 4269 724 4324 per
765 4269 932 4324 quem
982 4258 1092 4307 tuae
1139 4252 1422 4307 dilectioni
1461 4250 1833 4304 rescribamus
1915 4250 1986 4304 ad
2015 4249 2302 4303 universos
2331 4249 2399 4303 ad
2433 4266 2572 4320 quos
2597 4252 2901 4321 potuimus,
2926 4253 3228 4309 direximus
3256 4255 3509 4325 singulo-

229 4339 353 4407 quid
399 4358 580 4412 super
610 4341 875 4396 omnibus
912 4342 1023 4396 illis
1052 4359 1174 4413 quae
1213 4342 1282 4396 de
1325 4347 1381 4396 te
1410 4342 1652 4395 domnus
1690 4355 1835 4411 papa
1915 4355 2155 4408 rumque
2184 4337 2449 4392 sciscitati
2478 4355 2673 4393 sumus
2700 4341 3037 4394 sententiam
3067 4347 3345 4412 quatenus
3367 4343 3508 4400 illud

223 4425 464 4497 injunxit
482 4431 679 4486 acturi
709 4447 923 4485 sumus.
950 4432 1108 4485 Vale.
1915 4427 2076 4481 nobis
2105 4443 2274 4497 super
2301 4427 2406 4480 hac
2424 4445 2484 4482 re
2515 4428 2809 4484 consilium
2834 4429 3208 4499 providerent,
3232 4433 3380 4503 quod
3404 4449 3509 4490 nec

988 4520 1089 4574 ΠΙ,
1914 4521 2112 4570 vestrae
2141 4515 2446 4569 obeditioni
2471 4516 2878 4580 observaretur,
2903 4523 2960 4571 et
2987 4535 3050 4572 ex
3077 4536 3188 4590 qua
3216 4520 3509 4578 Remensis

413 4626 596 4674 εικιυ
640 4626 1101 4671 ATREBATENSIS
1130 4626 1208 4670 Αι)
1245 4625 1632 4670 ιιΑγΝΑιουιί,
1917 4603 2172 4658 Ecclesiae
2217 4603 2460 4673 dignitas
2502 4621 2614 4658 non
2657 4605 3105 4660 imminueretur.
3154 4606 3353 4680 Itaque
3391 4611 3512 4667 haec

699 4699 772 4751 De
795 4699 1049 4751 electione
1070 4699 1375 4751 ,Lambertz'.
1917 4692 2169 4746 omnium
2199 4698 2256 4746 et
2283 4693 2694 4763 episcoporum,
2727 4698 2784 4747 et
2812 4694 3140 4749 clericorum
3185 4703 3511 4756 nostrorum

847 4785 1028 4850 (Anno
1064 4783 1242 4854 1093.)
1916 4797 2027 4835 una
2067 4798 2168 4835 vox
2197 4781 2302 4835 fuit
2329 4786 2386 4834 et
2427 4782 2725 4848 sententia,
2757 4787 2822 4837 ut
2849 4799 2950 4838 nos
2982 4785 3206 4856 quidem
3243 4787 3314 4842 ab
3345 4790 3509 4845 electi

274 4871 502 4928 Dilecto
555 4877 621 4927 et
669 4871 731 4926 in
778 4872 1015 4928 veritate
1063 4873 1348 4943 diligendo
1398 4879 1456 4928 et
1508 4871 1891 4944 honorando_
1916 4869 2068 4924 illius
2088 4869 2505 4925 consecratione
2524 4874 3511 4944 manumsuspenderemus,sedeum

201 4960 356 5017 Patri
385 4968 446 5018 et
492 4960 748 5017 domino
789 4962 1093 5041 RAYNALno
1122 4940 1224 5016 Dei
1253 4962 1605 5017 ordinatione
1635 4962 1836 5015 Remo-
1853 4940 1903 4999 D
1919 4959 2092 5024 vobis,
2113 4977 2240 5015 cum
2261 4961 2366 5014 hoc
2384 4965 2582 5015 vestrae
2604 4940 2965 5033 praeciperent
2985 4965 3205 5031 litterae,
3229 4940 3514 5021 transmit-

199 5067 324 5106 rum
352 5052 812 5124 archiepiscopo
841 5053 1025 5106 clerus
1070 5058 1128 5107 et
1174 5053 1412 5123 p0pulus
1454 5050 1836 5105 Atrebatensis
1918 5053 2186 5112 teremus,
2207 5055 2261 5104 et
2285 5049 2556 5119 quidquid
2577 5049 2707 5104 inde
2727 5051 3040 5107 altitudinis
3059 5060 3253 5108 vestrae
3282 5055 3512 5110 solertia

199 5139 461 5196 Ecclesiae
495 5157 642 5196 cum
678 5138 988 5196 Lamberto
1017 5142 1123 5196 etsi
1162 5141 1346 5196 inutili
1377 5140 1692 5195 sanctitatis
1724 5157 1837 5194 suae
1918 5139 2234 5193 faciendum
2253 5138 2578 5192 decerneret
2592 5138 2824 5194 arbitrio
2844 5147 3026 5195 vestro
3041 5141 3508 5212 relinqueremus.

194 5245 374 5294 servo,
419 5247 635 5286 veram
671 5229 1038 5286 dilectionem
1067 5247 1196 5285 cum
1240 5229 1587 5286 orationibus
1617 5234 1674 5283 et
1702 5228 1834 5283 obe-
1919 5227 2254 5282 Timuerunt
2273 5226 2424 5280 enim
2445 5232 2502 5279 et
2531 5226 2733 5281 timent
2759 5243 2830 5280 ne
2859 5229 3289 5284 Cameracenses
3310 5247 3374 5284 ex
3405 5231 3511 5285 hoc

192 5319 490 5376 dientiam.
1647 5369 1652 5376 ,
1917 5317 2062 5371 facto
2117 5320 2346 5386 accepta
2395 5315 2704 5381 occasione,
2747 5332 2806 5369 se
2863 5331 2897 5368 a
2953 5315 3214 5370 Remensi
3266 5318 3514 5374 Ecclesia

252 5410 481 5466 Vestrae
503 5408 885 5464 excellentiae
905 5408 1164 5480 dignitati
1185 5409 1520 5479 multiplices
1540 5407 1838 5462 referimus
1921 5406 2356 5475 abrumperent;
2399 5419 2525 5480 cum
2556 5409 2612 5458 et
2640 5403 2831 5456 civitas
2870 5419 3062 5456 eorum
3092 5404 3326 5459 alterius
3353 5407 3512 5477 regni

179 5502 396 5570 gratias
427 5501 578 5574 quia
604 5499 908 5554 hactenus
935 5475 1227 5570 gratanter
1254 5475 1416 5552 nobis
1443 5504 1509 5552 ut
1535 5498 1662 5568 pius
1682 5503 1842 5568 pater
1922 5495 2198 5550 habeatur
2226 5497 2283 5546 et
2309 5475 2469 5562 Γεθεῶ
2499 5493 2658 5561 cujus
2684 5507 2779 5544 rex
2807 5491 2967 5544 nobis
3005 5496 3062 5544 et
3102 5491 3358 5548 Ecclesiae
3399 5475 3512 5551 Ro-

178 5589 458 5660 juvamen
471 5585 852 5646 exhibuistis
862 5588 1234 5659 etbenignum
1251 5603 1348 5644 vos
1368 5603 1502 5657 erga
1517 5603 1619 5642 nos
1632 5586 1691 5640 in
1710 5602 1842 5642 cun-
1923 5600 2105 5639 manas
2127 5584 2246 5654 jam
2276 5586 2333 5635 et
2361 5596 2426 5634 ex
2448 5580 2616 5648 longo
2642 5583 2893 5649 tempore
2911 5578 3256 5638 inimicatur.
3277 5583 3521 5641 Addide-

437 5694 762 5754 PATROL.
811 5688 926 5750 CL.
3203 5685 3282 5745 44
