  <div class='ocr_page' id='page_1' title='image "/cluster/home/n/w/nwhite01/storage/ocr_20150623/150/hvd.32044054760087/700.png"; bbox 0 0 3972 6172; ppageno 0'>
   <div class='ocr_carea' id='block_1_1' title="bbox 254 198 402 278">
    <p class='ocr_par' dir='ltr' id='par_1_1' title="bbox 254 198 402 278">
     <span class='ocr_line' id='line_1_1' title="bbox 254 198 402 278; baseline 0.054 -8"><span class='ocrx_word' id='word_1_1' title='bbox 254 198 402 278; x_wconf 62' lang='grc' dir='ltr'>ίᾷδὲ</span> 
     </span>
    </p>
   </div>
   <div class='ocr_carea' id='block_1_2' title="bbox 1700 189 2096 262">
    <p class='ocr_par' dir='ltr' id='par_1_2' title="bbox 1700 189 2096 262">
     <span class='ocr_line' id='line_1_2' title="bbox 1700 189 2096 262; baseline -0.003 0"><span class='ocrx_word' id='word_1_2' title='bbox 1700 189 2096 262; x_wconf 63' lang='grc' dir='ltr'>ῙΞΡΙΞΤΟΙπΕο</span> 
     </span>
    </p>
   </div>
   <div class='ocr_carea' id='block_1_3' title="bbox 3398 195 3536 272">
    <p class='ocr_par' dir='ltr' id='par_1_3' title="bbox 3398 195 3536 272">
     <span class='ocr_line' id='line_1_3' title="bbox 3398 195 3536 272; baseline -0.014 0"><span class='ocrx_word' id='word_1_3' title='bbox 3398 195 3536 272; x_wconf 64' lang='grc' dir='ltr'>ιέἓθ</span> 
     </span>
    </p>
   </div>
   <div class='ocr_carea' id='block_1_4' title="bbox 253 317 3536 384">
    <p class='ocr_par' dir='ltr' id='par_1_4' title="bbox 253 317 3536 384">
     <span class='ocr_line' id='line_1_4' title="bbox 253 317 3536 384; baseline 0 -6"><span class='ocrx_word' id='word_1_4' title='bbox 253 324 518 378; x_wconf 87' lang='lat' dir='ltr'>comitem</span> <span class='ocrx_word' id='word_1_5' title='bbox 546 322 615 376; x_wconf 83' lang='lat' dir='ltr'>de</span> <span class='ocrx_word' id='word_1_6' title='bbox 636 320 936 384; x_wconf 83' lang='lat' dir='ltr'>Montibus,</span> <span class='ocrx_word' id='word_1_7' title='bbox 959 337 1186 374; x_wconf 91' lang='lat' dir='ltr'>monere</span> <span class='ocrx_word' id='word_1_8' title='bbox 1211 321 1438 375; x_wconf 90' lang='lat' dir='ltr'>curetis.</span> <span class='ocrx_word' id='word_1_9' title='bbox 1474 320 1628 374; x_wconf 80' lang='lat' dir='ltr'>Nulli</span> <span class='ocrx_word' id='word_1_10' title='bbox 1659 326 1846 372; x_wconf 89' lang='lat' dir='ltr'>autem</span> <span class='ocrx_word' id='word_1_11' title='bbox 1871 326 1915 376; x_wconf 82' lang='lat' dir='ltr'><strong>A</strong></span> <span class='ocrx_word' id='word_1_12' title='bbox 1935 317 2152 370; x_wconf 90' lang='lat' dir='ltr'>irritam</span> <span class='ocrx_word' id='word_1_13' title='bbox 2205 333 2345 378; x_wconf 87' lang='lat' dir='ltr'>esse,</span> <span class='ocrx_word' id='word_1_14' title='bbox 2397 324 2595 372; x_wconf 70' lang='lat' dir='ltr'>vestrae</span> <span class='ocrx_word' id='word_1_15' title='bbox 2640 319 2978 374; x_wconf 78' lang='lat' dir='ltr'>fraternitati</span> <span class='ocrx_word' id='word_1_16' title='bbox 3009 322 3343 376; x_wconf 86' lang='lat' dir='ltr'>mandamus</span> <span class='ocrx_word' id='word_1_17' title='bbox 3385 329 3449 377; x_wconf 88' lang='lat' dir='ltr'>ut</span> <span class='ocrx_word' id='word_1_18' title='bbox 3477 330 3536 378; x_wconf 89' lang='lat' dir='ltr'>et</span> 
     </span>
    </p>
   </div>
   <div class='ocr_carea' id='block_1_5' title="bbox 253 409 1854 483">
    <p class='ocr_par' dir='ltr' id='par_1_5' title="bbox 253 409 1854 483">
     <span class='ocr_line' id='line_1_5' title="bbox 253 409 1854 483; baseline -0.004 -17"><span class='ocrx_word' id='word_1_19' title='bbox 253 413 458 483; x_wconf 63' lang='lat' dir='ltr'>inopiae</span> <span class='ocrx_word' id='word_1_20' title='bbox 482 413 565 464; x_wconf 97' lang='lat' dir='ltr'>vel</span> <span class='ocrx_word' id='word_1_21' title='bbox 603 411 840 479; x_wconf 83' lang='lat' dir='ltr'>alicujus</span> <span class='ocrx_word' id='word_1_22' title='bbox 879 411 1226 463; x_wconf 81' lang='lat' dir='ltr'>necessitatis</span> <span class='ocrx_word' id='word_1_23' title='bbox 1263 410 1476 463; x_wconf 76' lang='lat' dir='ltr'>occasio</span> <span class='ocrx_word' id='word_1_24' title='bbox 1503 410 1637 478; x_wconf 88' lang='lat' dir='ltr'>quin</span> <span class='ocrx_word' id='word_1_25' title='bbox 1671 409 1854 460; x_wconf 78' lang='lat' dir='ltr'>veniat</span> 
     </span>
    </p>
   </div>
   <div class='ocr_carea' id='block_1_6' title="bbox 253 498 1852 572">
    <p class='ocr_par' dir='ltr' id='par_1_6' title="bbox 253 498 1852 572">
     <span class='ocr_line' id='line_1_6' title="bbox 253 498 1852 572; baseline -0.002 -20"><span class='ocrx_word' id='word_1_26' title='bbox 253 502 505 572; x_wconf 47' lang='lat' dir='ltr'>praebeat</span> <span class='ocrx_word' id='word_1_27' title='bbox 535 500 848 561; x_wconf 82' lang='lat' dir='ltr'>audaciam,</span> <span class='ocrx_word' id='word_1_28' title='bbox 890 515 1016 551; x_wconf 90' lang='lat' dir='ltr'>cum</span> <span class='ocrx_word' id='word_1_29' title='bbox 1048 515 1148 552; x_wconf 90' lang='lat' dir='ltr'>nos</span> <span class='ocrx_word' id='word_1_30' title='bbox 1180 500 1286 551; x_wconf 83' lang='lat' dir='ltr'>nisi</span> <span class='ocrx_word' id='word_1_31' title='bbox 1320 515 1584 568; x_wconf 78' lang='lat' dir='ltr'>personas</span> <span class='ocrx_word' id='word_1_32' title='bbox 1617 514 1726 550; x_wconf 91' lang='lat' dir='ltr'>non</span> <span class='ocrx_word' id='word_1_33' title='bbox 1766 498 1852 549; x_wconf 90' lang='lat' dir='ltr'>in-</span> 
     </span>
    </p>
   </div>
   <div class='ocr_carea' id='block_1_7' title="bbox 253 586 1858 664">
    <p class='ocr_par' dir='ltr' id='par_1_7' title="bbox 253 586 1858 664">
     <span class='ocr_line' id='line_1_7' title="bbox 253 586 1858 664; baseline -0.004 -20"><span class='ocrx_word' id='word_1_34' title='bbox 253 591 409 660; x_wconf 82' lang='lat' dir='ltr'>genti</span> <span class='ocrx_word' id='word_1_35' title='bbox 437 590 661 660; x_wconf 88' lang='lat' dir='ltr'>quidem</span> <span class='ocrx_word' id='word_1_36' title='bbox 711 588 1051 658; x_wconf 81' lang='lat' dir='ltr'>fam&#39;ulorum</span> <span class='ocrx_word' id='word_1_37' title='bbox 1084 594 1306 664; x_wconf 59' lang='lat' dir='ltr'>ceterva</span> <span class='ocrx_word' id='word_1_38' title='bbox 1336 591 1569 656; x_wconf 83' lang='lat' dir='ltr'>stipatas</span> <span class='ocrx_word' id='word_1_39' title='bbox 1609 586 1858 658; x_wconf 72' lang='lat' dir='ltr'>requira-</span> 
     </span>
    </p>
   </div>
   <div class='ocr_carea' id='block_1_8' title="bbox 255 674 1857 746">
    <p class='ocr_par' dir='ltr' id='par_1_8' title="bbox 255 674 1857 746">
     <span class='ocr_line' id='line_1_8' title="bbox 255 674 1857 746; baseline -0.002 -16"><span class='ocrx_word' id='word_1_40' title='bbox 255 694 403 730; x_wconf 88' lang='lat' dir='ltr'>mus.</span> <span class='ocrx_word' id='word_1_41' title='bbox 436 678 766 745; x_wconf 84' lang='lat' dir='ltr'>Quicunque</span> <span class='ocrx_word' id='word_1_42' title='bbox 799 681 988 742; x_wconf 79' lang='lat' dir='ltr'>autem</span> <span class='ocrx_word' id='word_1_43' title='bbox 1019 681 1146 746; x_wconf 88' lang='lat' dir='ltr'>post</span> <span class='ocrx_word' id='word_1_44' title='bbox 1176 677 1321 736; x_wconf 80' lang='lat' dir='ltr'>hanc</span> <span class='ocrx_word' id='word_1_45' title='bbox 1356 674 1726 734; x_wconf 85' lang='lat' dir='ltr'>monitionem</span> <span class='ocrx_word' id='word_1_46' title='bbox 1763 690 1857 728; x_wconf 44' lang='lat' dir='ltr'>no.</span> 
     </span>
    </p>
   </div>
   <div class='ocr_carea' id='block_1_9' title="bbox 255 762 1856 832">
    <p class='ocr_par' dir='ltr' id='par_1_9' title="bbox 255 762 1856 832">
     <span class='ocr_line' id='line_1_9' title="bbox 255 762 1856 832; baseline -0.004 -11"><span class='ocrx_word' id='word_1_47' title='bbox 255 773 434 821; x_wconf 88' lang='lat' dir='ltr'>stram</span> <span class='ocrx_word' id='word_1_48' title='bbox 466 783 525 819; x_wconf 91' lang='lat' dir='ltr'>se</span> <span class='ocrx_word' id='word_1_49' title='bbox 555 766 624 818; x_wconf 91' lang='lat' dir='ltr'>ab</span> <span class='ocrx_word' id='word_1_50' title='bbox 654 765 759 818; x_wconf 90' lang='lat' dir='ltr'>hoc</span> <span class='ocrx_word' id='word_1_51' title='bbox 786 765 1020 817; x_wconf 91' lang='lat' dir='ltr'>concilio</span> <span class='ocrx_word' id='word_1_52' title='bbox 1051 764 1447 826; x_wconf 80' lang='lat' dir='ltr'>absentaverit,</span> <span class='ocrx_word' id='word_1_53' title='bbox 1479 762 1696 816; x_wconf 89' lang='lat' dir='ltr'>noverit</span> <span class='ocrx_word' id='word_1_54' title='bbox 1727 778 1856 832; x_wconf 90' lang='lat' dir='ltr'>pro-</span> 
     </span>
    </p>
   </div>
   <div class='ocr_carea' id='block_1_10' title="bbox 257 852 1856 924">
    <p class='ocr_par' dir='ltr' id='par_1_10' title="bbox 257 852 1856 924">
     <span class='ocr_line' id='line_1_10' title="bbox 257 852 1856 924; baseline -0.004 -15"><span class='ocrx_word' id='word_1_55' title='bbox 257 856 344 909; x_wconf 91' lang='lat' dir='ltr'>cul</span> <span class='ocrx_word' id='word_1_56' title='bbox 375 853 548 908; x_wconf 92' lang='lat' dir='ltr'>dubio</span> <span class='ocrx_word' id='word_1_57' title='bbox 577 855 842 924; x_wconf 88' lang='lat' dir='ltr'>quoniam</span> <span class='ocrx_word' id='word_1_58' title='bbox 875 860 927 906; x_wconf 86' lang='lat' dir='ltr'>et</span> <span class='ocrx_word' id='word_1_59' title='bbox 959 854 1170 908; x_wconf 77' lang='lat' dir='ltr'>ordinis</span> <span class='ocrx_word' id='word_1_60' title='bbox 1205 854 1289 906; x_wconf 90' lang='lat' dir='ltr'>sui</span> <span class='ocrx_word' id='word_1_61' title='bbox 1327 854 1638 923; x_wconf 83' lang='lat' dir='ltr'>periculum</span> <span class='ocrx_word' id='word_1_62' title='bbox 1669 852 1856 905; x_wconf 87' lang='lat' dir='ltr'>incur-</span> 
     </span>
    </p>
   </div>
   <div class='ocr_carea' id='block_1_11' title="bbox 257 939 1862 1016">
    <p class='ocr_par' dir='ltr' id='par_1_11' title="bbox 257 939 1862 1016">
     <span class='ocr_line' id='line_1_11' title="bbox 257 939 1862 1016; baseline -0.003 -19"><span class='ocrx_word' id='word_1_63' title='bbox 257 951 362 1005; x_wconf 85' lang='lat' dir='ltr'>ret.</span> <span class='ocrx_word' id='word_1_64' title='bbox 399 950 459 997; x_wconf 92' lang='lat' dir='ltr'>et</span> <span class='ocrx_word' id='word_1_65' title='bbox 484 943 672 996; x_wconf 91' lang='lat' dir='ltr'>domni</span> <span class='ocrx_word' id='word_1_66' title='bbox 695 960 852 1013; x_wconf 67' lang='lat' dir='ltr'>papae</span> <span class='ocrx_word' id='word_1_67' title='bbox 873 943 1034 1008; x_wconf 90' lang='lat' dir='ltr'>iram,</span> <span class='ocrx_word' id='word_1_68' title='bbox 1073 959 1174 996; x_wconf 89' lang='lat' dir='ltr'>nec</span> <span class='ocrx_word' id='word_1_69' title='bbox 1213 943 1448 1013; x_wconf 87' lang='lat' dir='ltr'>impune</span> <span class='ocrx_word' id='word_1_70' title='bbox 1479 942 1723 1016; x_wconf 81' lang='lat' dir='ltr'>quidem,</span> <span class='ocrx_word' id='word_1_71' title='bbox 1756 939 1862 1008; x_wconf 66' lang='lat' dir='ltr'>sibi</span> 
     </span>
    </p>
   </div>
   <div class='ocr_carea' id='block_1_12' title="bbox 257 1031 924 1086">
    <p class='ocr_par' dir='ltr' id='par_1_12' title="bbox 257 1031 924 1086">
     <span class='ocr_line' id='line_1_12' title="bbox 257 1031 924 1086; baseline -0.004 -1"><span class='ocrx_word' id='word_1_72' title='bbox 257 1031 507 1086; x_wconf 85' lang='lat' dir='ltr'>thesauri</span> <span class='ocrx_word' id='word_1_73' title='bbox 515 1031 676 1085; x_wconf 88' lang='lat' dir='ltr'>zabit.</span> <span class='ocrx_word' id='word_1_74' title='bbox 710 1031 924 1085; x_wconf 87' lang='lat' dir='ltr'>Valete.</span> 
     </span>
    </p>
   </div>
   <div class='ocr_carea' id='block_1_13' title="bbox 1013 1119 1111 1187">
    <p class='ocr_par' dir='ltr' id='par_1_13' title="bbox 1013 1119 1111 1187">
     <span class='ocr_line' id='line_1_13' title="bbox 1013 1119 1111 1187; baseline -0.01 -15"><span class='ocrx_word' id='word_1_75' title='bbox 1013 1119 1111 1187; x_wconf 89' lang='lat' dir='ltr'>IX.</span> 
     </span>
    </p>
   </div>
   <div class='ocr_carea' id='block_1_14' title="bbox 797 1225 1324 1269">
    <p class='ocr_par' dir='ltr' id='par_1_14' title="bbox 797 1225 1324 1269">
     <span class='ocr_line' id='line_1_14' title="bbox 797 1225 1324 1269; baseline -0.002 0"><span class='ocrx_word' id='word_1_76' title='bbox 797 1226 877 1269; x_wconf 76' lang='lat' dir='ltr'>AD</span> <span class='ocrx_word' id='word_1_77' title='bbox 920 1225 1324 1269; x_wconf 80' lang='lat' dir='ltr'>BALDERICUM.</span> 
     </span>
    </p>
   </div>
   <div class='ocr_carea' id='block_1_15' title="bbox 668 1306 1452 1360">
    <p class='ocr_par' dir='ltr' id='par_1_15' title="bbox 668 1306 1452 1360">
     <span class='ocr_line' id='line_1_15' title="bbox 668 1306 1452 1360; baseline -0.005 0"><span class='ocrx_word' id='word_1_78' title='bbox 668 1308 741 1360; x_wconf 86' lang='lat' dir='ltr'>De</span> <span class='ocrx_word' id='word_1_79' title='bbox 766 1308 1024 1359; x_wconf 74' lang='lat' dir='ltr'>chronica</span> <span class='ocrx_word' id='word_1_80' title='bbox 1055 1306 1452 1358; x_wconf 78' lang='lat' dir='ltr'>Cameracensi.</span> 
     </span>
    </p>
   </div>
   <div class='ocr_carea' id='block_1_16' title="bbox 886 1390 1282 1466">
    <p class='ocr_par' dir='ltr' id='par_1_16' title="bbox 886 1390 1282 1466">
     <span class='ocr_line' id='line_1_16' title="bbox 886 1390 1282 1466; baseline -0.005 -19"><span class='ocrx_word' id='word_1_81' title='bbox 886 1394 1064 1466; x_wconf 89' lang='lat' dir='ltr'>(Anno</span> <span class='ocrx_word' id='word_1_82' title='bbox 1098 1390 1282 1464; x_wconf 75' lang='grc'>1094.)</span> 
     </span>
    </p>
   </div>
   <div class='ocr_carea' id='block_1_17' title="bbox 341 1482 1872 1552">
    <p class='ocr_par' dir='ltr' id='par_1_17' title="bbox 341 1482 1872 1552">
     <span class='ocr_line' id='line_1_17' title="bbox 341 1482 1872 1552; baseline 0 -14"><span class='ocrx_word' id='word_1_83' title='bbox 341 1486 700 1549; x_wconf 77' lang='lat' dir='ltr'>RAYNALDUS,</span> <span class='ocrx_word' id='word_1_84' title='bbox 732 1483 1036 1536; x_wconf 84' lang='lat' dir='ltr'>Remorum</span> <span class='ocrx_word' id='word_1_85' title='bbox 1057 1482 1529 1552; x_wconf 84' lang='lat' dir='ltr'>archiepiscopus,</span> <span class='ocrx_word' id='word_1_86' title='bbox 1553 1483 1872 1552; x_wconf 68' lang='lat' dir='ltr'>BALDERICQ</span> 
     </span>
    </p>
   </div>
   <div class='ocr_carea' id='block_1_18' title="bbox 277 1571 1144 1633">
    <p class='ocr_par' dir='ltr' id='par_1_18' title="bbox 277 1571 1144 1633">
     <span class='ocr_line' id='line_1_18' title="bbox 277 1571 1144 1633; baseline -0.003 -8"><span class='ocrx_word' id='word_1_87' title='bbox 277 1572 590 1626; x_wconf 87' lang='lat' dir='ltr'>Morinensi</span> <span class='ocrx_word' id='word_1_88' title='bbox 623 1571 857 1633; x_wconf 88' lang='lat' dir='ltr'>cantori,</span> <span class='ocrx_word' id='word_1_89' title='bbox 888 1571 1144 1624; x_wconf 87' lang='lat' dir='ltr'>salutem.</span> 
     </span>
    </p>
   </div>
   <div class='ocr_carea' id='block_1_19' title="bbox 1936 407 3528 477">
    <p class='ocr_par' dir='ltr' id='par_1_19' title="bbox 1936 407 3528 477">
     <span class='ocr_line' id='line_1_19' title="bbox 1936 407 3528 477; baseline 0.006 -19"><span class='ocrx_word' id='word_1_90' title='bbox 1936 407 2114 466; x_wconf 88' lang='lat' dir='ltr'>illum,</span> <span class='ocrx_word' id='word_1_91' title='bbox 2143 423 2307 475; x_wconf 89' lang='lat' dir='ltr'>quem</span> <span class='ocrx_word' id='word_1_92' title='bbox 2348 408 2625 476; x_wconf 68' lang='lat' dir='ltr'>praecipue</span> <span class='ocrx_word' id='word_1_93' title='bbox 2669 409 2974 477; x_wconf 83' lang='lat' dir='ltr'>diligimus,</span> <span class='ocrx_word' id='word_1_94' title='bbox 3026 427 3121 462; x_wconf 89' lang='lat' dir='ltr'>vos</span> <span class='ocrx_word' id='word_1_95' title='bbox 3160 411 3528 477; x_wconf 85' lang='lat' dir='ltr'>admoneatis,</span> 
     </span>
    </p>
   </div>
   <div class='ocr_carea' id='block_1_20' title="bbox 1939 496 3535 566">
    <p class='ocr_par' dir='ltr' id='par_1_20' title="bbox 1939 496 3535 566">
     <span class='ocr_line' id='line_1_20' title="bbox 1939 496 3535 566; baseline 0.004 -18"><span class='ocrx_word' id='word_1_96' title='bbox 1939 507 2214 566; x_wconf 82' lang='lat' dir='ltr'>quatenus</span> <span class='ocrx_word' id='word_1_97' title='bbox 2266 496 2417 548; x_wconf 90' lang='lat' dir='ltr'>omni</span> <span class='ocrx_word' id='word_1_98' title='bbox 2463 497 2818 550; x_wconf 80' lang='lat' dir='ltr'>excusatione</span> <span class='ocrx_word' id='word_1_99' title='bbox 2860 499 3098 558; x_wconf 86' lang='lat' dir='ltr'>sublata,</span> <span class='ocrx_word' id='word_1_100' title='bbox 3139 506 3204 552; x_wconf 90' lang='lat' dir='ltr'>ut</span> <span class='ocrx_word' id='word_1_101' title='bbox 3231 500 3289 552; x_wconf 90' lang='lat' dir='ltr'>in</span> <span class='ocrx_word' id='word_1_102' title='bbox 3328 507 3535 555; x_wconf 61' lang='lat' dir='ltr'>sanctae</span> 
     </span>
    </p>
   </div>
   <div class='ocr_carea' id='block_1_21' title="bbox 1937 583 3535 660">
    <p class='ocr_par' dir='ltr' id='par_1_21' title="bbox 1937 583 3535 660">
     <span class='ocr_line' id='line_1_21' title="bbox 1937 583 3535 660; baseline 0.004 -24"><span class='ocrx_word' id='word_1_103' title='bbox 1937 584 2089 654; x_wconf 85' lang='lat' dir='ltr'>pacis</span> <span class='ocrx_word' id='word_1_104' title='bbox 2143 583 2488 660; x_wconf 77' lang='lat' dir='ltr'>violatorem,</span> <span class='ocrx_word' id='word_1_105' title='bbox 2536 587 2593 640; x_wconf 85' lang='lat' dir='ltr'>in</span> <span class='ocrx_word' id='word_1_106' title='bbox 2639 586 2825 658; x_wconf 75' lang='lat' dir='ltr'>ipsum</span> <span class='ocrx_word' id='word_1_107' title='bbox 2860 587 3108 659; x_wconf 70' lang='lat' dir='ltr'>gladium</span> <span class='ocrx_word' id='word_1_108' title='bbox 3157 587 3535 643; x_wconf 85' lang='lat' dir='ltr'>anathematis</span> 
     </span>
    </p>
   </div>
   <div class='ocr_carea' id='block_1_22' title="bbox 1938 672 3539 744">
    <p class='ocr_par' dir='ltr' id='par_1_22' title="bbox 1938 672 3539 744">
     <span class='ocr_line' id='line_1_22' title="bbox 1938 672 3539 744; baseline 0.005 -20"><span class='ocrx_word' id='word_1_109' title='bbox 1938 672 2176 725; x_wconf 79' lang='lat' dir='ltr'>exemtis</span> <span class='ocrx_word' id='word_1_110' title='bbox 2202 691 2216 737; x_wconf 87' lang='lat'><strong>;</strong></span> <span class='ocrx_word' id='word_1_111' title='bbox 2241 678 2296 740; x_wconf 78' lang='lat' dir='ltr'>et</span> <span class='ocrx_word' id='word_1_112' title='bbox 2321 689 2390 726; x_wconf 91' lang='lat' dir='ltr'>ne</span> <span class='ocrx_word' id='word_1_113' title='bbox 2413 674 2669 741; x_wconf 82' lang='lat' dir='ltr'>ulterius,</span> <span class='ocrx_word' id='word_1_114' title='bbox 2700 675 2877 730; x_wconf 88' lang='lat' dir='ltr'>donec</span> <span class='ocrx_word' id='word_1_115' title='bbox 2896 676 2965 741; x_wconf 77' lang='lat' dir='ltr'>ad</span> <span class='ocrx_word' id='word_1_116' title='bbox 2988 676 3423 744; x_wconf 69' lang='lat' dir='ltr'>satisfactionem</span> <span class='ocrx_word' id='word_1_117' title='bbox 3451 695 3539 733; x_wconf 90' lang='lat' dir='ltr'>ve-</span> 
     </span>
    </p>
   </div>
   <div class='ocr_carea' id='block_1_23' title="bbox 1938 761 3539 832">
    <p class='ocr_par' dir='ltr' id='par_1_23' title="bbox 1938 761 3539 832">
     <span class='ocr_line' id='line_1_23' title="bbox 1938 761 3539 832; baseline 0.004 -17"><span class='ocrx_word' id='word_1_118' title='bbox 1938 762 2075 824; x_wconf 89' lang='lat' dir='ltr'>niat,</span> <span class='ocrx_word' id='word_1_119' title='bbox 2110 761 2166 814; x_wconf 91' lang='lat' dir='ltr'>in</span> <span class='ocrx_word' id='word_1_120' title='bbox 2200 761 2416 814; x_wconf 89' lang='lat' dir='ltr'>cunctis</span> <span class='ocrx_word' id='word_1_121' title='bbox 2445 762 2758 832; x_wconf 90' lang='lat' dir='ltr'>receptibus</span> <span class='ocrx_word' id='word_1_122' title='bbox 2785 764 2902 816; x_wconf 90' lang='lat' dir='ltr'>suis</span> <span class='ocrx_word' id='word_1_123' title='bbox 2926 781 3025 818; x_wconf 90' lang='lat' dir='ltr'>seu</span> <span class='ocrx_word' id='word_1_124' title='bbox 3055 765 3111 818; x_wconf 93' lang='lat' dir='ltr'>in</span> <span class='ocrx_word' id='word_1_125' title='bbox 3149 766 3302 819; x_wconf 92' lang='lat' dir='ltr'>omni</span> <span class='ocrx_word' id='word_1_126' title='bbox 3334 766 3455 821; x_wconf 91' lang='lat' dir='ltr'>loco</span> <span class='ocrx_word' id='word_1_127' title='bbox 3479 767 3539 821; x_wconf 91' lang='lat' dir='ltr'>in</span> 
     </span>
    </p>
   </div>
   <div class='ocr_carea' id='block_1_24' title="bbox 1944 850 3540 926">
    <p class='ocr_par' dir='ltr' id='par_1_24' title="bbox 1944 850 3540 926">
     <span class='ocr_line' id='line_1_24' title="bbox 1944 850 3540 926; baseline 0.004 -23"><span class='ocrx_word' id='word_1_128' title='bbox 1944 867 2052 921; x_wconf 85' lang='lat' dir='ltr'>quo</span> <span class='ocrx_word' id='word_1_129' title='bbox 2082 850 2201 926; x_wconf 88' lang='lat' dir='ltr'>ipse</span> <span class='ocrx_word' id='word_1_130' title='bbox 2239 851 2323 902; x_wconf 93' lang='lat' dir='ltr'>vel</span> <span class='ocrx_word' id='word_1_131' title='bbox 2369 851 2666 920; x_wconf 90' lang='lat' dir='ltr'>complices</span> <span class='ocrx_word' id='word_1_132' title='bbox 2714 853 2837 921; x_wconf 87' lang='lat' dir='ltr'>ejus</span> <span class='ocrx_word' id='word_1_133' title='bbox 2866 853 3298 923; x_wconf 69' lang='lat' dir='ltr'>praesentialiter</span> <span class='ocrx_word' id='word_1_134' title='bbox 3347 856 3540 910; x_wconf 88' lang='lat' dir='ltr'>adfue-</span> 
     </span>
    </p>
   </div>
   <div class='ocr_carea' id='block_1_25' title="bbox 1943 938 3539 1013">
    <p class='ocr_par' dir='ltr' id='par_1_25' title="bbox 1943 938 3539 1013">
     <span class='ocr_line' id='line_1_25' title="bbox 1943 938 3539 1013; baseline 0.004 -20"><span class='ocrx_word' id='word_1_135' title='bbox 1943 941 2060 1004; x_wconf 80' lang='lat' dir='ltr'>rint</span> <span class='ocrx_word' id='word_1_136' title='bbox 2077 938 2327 1004; x_wconf 80' lang='lat' dir='ltr'>divinum</span> <span class='ocrx_word' id='word_1_137' title='bbox 2350 939 2662 994; x_wconf 79' lang='lat' dir='ltr'>celebretur</span> <span class='ocrx_word' id='word_1_138' title='bbox 2682 941 2929 995; x_wconf 84' lang='lat' dir='ltr'>ofﬁcium</span> <span class='ocrx_word' id='word_1_139' title='bbox 2959 943 3220 1013; x_wconf 67' lang='lat' dir='ltr'>prmcepti</span> <span class='ocrx_word' id='word_1_140' title='bbox 3247 945 3415 998; x_wconf 83' lang='lat' dir='ltr'>vestri</span> <span class='ocrx_word' id='word_1_141' title='bbox 3436 961 3539 1000; x_wconf 87' lang='lat' dir='ltr'>au-</span> 
     </span>
    </p>
   </div>
   <div class='ocr_carea' id='block_1_26' title="bbox 1944 1027 2800 1084">
    <p class='ocr_par' dir='ltr' id='par_1_26' title="bbox 1944 1027 2800 1084">
     <span class='ocr_line' id='line_1_26' title="bbox 1944 1027 2800 1084; baseline -0.002 0"><span class='ocrx_word' id='word_1_142' title='bbox 1944 1028 2202 1084; x_wconf 88' lang='lat' dir='ltr'>ctoritate</span> <span class='ocrx_word' id='word_1_143' title='bbox 2229 1027 2549 1083; x_wconf 89' lang='lat' dir='ltr'>inhibeatis.</span> <span class='ocrx_word' id='word_1_144' title='bbox 2577 1028 2800 1083; x_wconf 84' lang='lat' dir='ltr'>Valete.</span> 
     </span>
    </p>
   </div>
   <div class='ocr_carea' id='block_1_27' title="bbox 2690 1124 2791 1179">
    <p class='ocr_par' dir='ltr' id='par_1_27' title="bbox 2690 1124 2791 1179">
     <span class='ocr_line' id='line_1_27' title="bbox 2690 1124 2791 1179; baseline -0.01 0"><span class='ocrx_word' id='word_1_145' title='bbox 2690 1124 2791 1179; x_wconf 85' lang='grc' dir='ltr'>ΧΙ.</span> 
     </span>
    </p>
   </div>
   <div class='ocr_carea' id='block_1_28' title="bbox 2547 1231 2942 1276">
    <p class='ocr_par' dir='ltr' id='par_1_28' title="bbox 2547 1231 2942 1276">
     <span class='ocr_line' id='line_1_28' title="bbox 2547 1231 2942 1276; baseline 0.005 -2"><span class='ocrx_word' id='word_1_146' title='bbox 2547 1232 2627 1274; x_wconf 76' lang='grc' dir='ltr'><strong>ΑΒ</strong></span> <span class='ocrx_word' id='word_1_147' title='bbox 2671 1231 2942 1276; x_wconf 78' lang='lat' dir='ltr'>EUMDEM.</span> 
     </span>
    </p>
   </div>
   <div class='ocr_carea' id='block_1_29' title="bbox 2590 1322 2896 1375">
    <p class='ocr_par' dir='ltr' id='par_1_29' title="bbox 2590 1322 2896 1375">
     <span class='ocr_line' id='line_1_29' title="bbox 2590 1322 2896 1375; baseline 0.003 -1"><span class='ocrx_word' id='word_1_148' title='bbox 2590 1322 2663 1374; x_wconf 82' lang='lat' dir='ltr'>De</span> <span class='ocrx_word' id='word_1_149' title='bbox 2695 1323 2896 1375; x_wconf 83' lang='lat' dir='ltr'>eodem.</span> 
     </span>
    </p>
   </div>
   <div class='ocr_carea' id='block_1_30' title="bbox 2575 1407 2913 1478">
    <p class='ocr_par' dir='ltr' id='par_1_30' title="bbox 2575 1407 2913 1478">
     <span class='ocr_line' id='line_1_30' title="bbox 2575 1407 2913 1478; baseline 0.009 -16"><span class='ocrx_word' id='word_1_150' title='bbox 2575 1410 2697 1474; x_wconf 86' lang='lat' dir='ltr'>(An.</span> <span class='ocrx_word' id='word_1_151' title='bbox 2735 1407 2913 1478; x_wconf 84' lang='grc'>1095.)</span> 
     </span>
    </p>
   </div>
   <div class='ocr_carea' id='block_1_31' title="bbox 2021 1496 3540 1573">
    <p class='ocr_par' dir='ltr' id='par_1_31' title="bbox 2021 1496 3540 1573">
     <span class='ocr_line' id='line_1_31' title="bbox 2021 1496 3540 1573; baseline 0.006 -24"><span class='ocrx_word' id='word_1_152' title='bbox 2021 1496 2380 1562; x_wconf 69' lang='lat' dir='ltr'>RAYNALDUS,</span> <span class='ocrx_word' id='word_1_153' title='bbox 2399 1496 2500 1550; x_wconf 91' lang='lat' dir='ltr'>Dei</span> <span class='ocrx_word' id='word_1_154' title='bbox 2527 1497 2713 1565; x_wconf 85' lang='lat' dir='ltr'>gratia</span> <span class='ocrx_word' id='word_1_155' title='bbox 2745 1499 3048 1552; x_wconf 85' lang='lat' dir='ltr'>Remorum</span> <span class='ocrx_word' id='word_1_156' title='bbox 3072 1500 3540 1573; x_wconf 87' lang='lat' dir='ltr'>archiepiscopus,</span> 
     </span>
    </p>
   </div>
   <div class='ocr_carea' id='block_1_32' title="bbox 1950 1583 3542 1654">
    <p class='ocr_par' dir='ltr' id='par_1_32' title="bbox 1950 1583 3542 1654">
     <span class='ocr_line' id='line_1_32' title="bbox 1950 1583 3542 1654; baseline 0.006 -18"><span class='ocrx_word' id='word_1_157' title='bbox 1950 1583 2110 1637; x_wconf 85' lang='lat' dir='ltr'>fratri</span> <span class='ocrx_word' id='word_1_158' title='bbox 2140 1592 2196 1637; x_wconf 90' lang='lat' dir='ltr'>et</span> <span class='ocrx_word' id='word_1_159' title='bbox 2222 1585 2546 1654; x_wconf 88' lang='lat' dir='ltr'>coepiscopo</span> <span class='ocrx_word' id='word_1_160' title='bbox 2576 1602 2676 1638; x_wconf 92' lang='lat' dir='ltr'>suo</span> <span class='ocrx_word' id='word_1_161' title='bbox 2697 1586 2992 1640; x_wconf 73' lang='lat' dir='ltr'>LAMBERTO</span> <span class='ocrx_word' id='word_1_162' title='bbox 3007 1588 3365 1644; x_wconf 87' lang='lat' dir='ltr'>Atrebatensi</span> <span class='ocrx_word' id='word_1_163' title='bbox 3388 1593 3542 1645; x_wconf 90' lang='lat' dir='ltr'>salu-</span> 
     </span>
    </p>
   </div>
   <div class='ocr_carea' id='block_1_33' title="bbox 342 1658 3172 1732">
    <p class='ocr_par' dir='ltr' id='par_1_33' title="bbox 342 1658 3172 1732">
     <span class='ocr_line' id='line_1_33' title="bbox 342 1658 3172 1732; baseline -0 -17"><span class='ocrx_word' id='word_1_164' title='bbox 342 1662 551 1732; x_wconf 82' lang='lat' dir='ltr'>Meum,</span> <span class='ocrx_word' id='word_1_165' title='bbox 579 1660 803 1725; x_wconf 89' lang='lat' dir='ltr'>dilecte,</span> <span class='ocrx_word' id='word_1_166' title='bbox 836 1660 905 1712; x_wconf 91' lang='lat' dir='ltr'>de</span> <span class='ocrx_word' id='word_1_167' title='bbox 926 1666 1024 1714; x_wconf 89' lang='lat' dir='ltr'>tua</span> <span class='ocrx_word' id='word_1_168' title='bbox 1050 1659 1298 1712; x_wconf 86' lang='lat' dir='ltr'>Historia</span> <span class='ocrx_word' id='word_1_169' title='bbox 1327 1658 1583 1712; x_wconf 72' lang='lat' dir='ltr'>Ecclesiae</span> <span class='ocrx_word' id='word_1_170' title='bbox 1606 1659 1866 1712; x_wconf 88' lang='lat' dir='ltr'>Camera-</span> <span class='ocrx_word' id='word_1_171' title='bbox 1886 1673 1931 1732; x_wconf 82' lang='grc' dir='ltr'>Β</span> <span class='ocrx_word' id='word_1_172' title='bbox 1951 1677 2061 1726; x_wconf 68' lang='lat' dir='ltr'>tem</span> <span class='ocrx_word' id='word_1_173' title='bbox 2095 1679 2150 1726; x_wconf 65' lang='lat' dir='ltr'>et</span> <span class='ocrx_word' id='word_1_174' title='bbox 2180 1673 2626 1728; x_wconf 66' lang='lat' dir='ltr'>benedictionem</span> <span class='ocrx_word' id='word_1_175' title='bbox 2658 1674 2717 1728; x_wconf 74' lang='lat' dir='ltr'>in</span> <span class='ocrx_word' id='word_1_176' title='bbox 2756 1674 2994 1728; x_wconf 76' lang='lat' dir='ltr'>Domine</span> <span class='ocrx_word' id='word_1_177' title='bbox 3025 1677 3172 1731; x_wconf 48' lang='lat' dir='ltr'>Jesu.</span> 
     </span>
    </p>
   </div>
   <div class='ocr_carea' id='block_1_34' title="bbox 269 1747 1868 1818">
    <p class='ocr_par' dir='ltr' id='par_1_34' title="bbox 269 1747 1868 1818">
     <span class='ocr_line' id='line_1_34' title="bbox 269 1747 1868 1818; baseline -0.003 -15"><span class='ocrx_word' id='word_1_178' title='bbox 269 1750 452 1804; x_wconf 86' lang='lat' dir='ltr'>censis</span> <span class='ocrx_word' id='word_1_179' title='bbox 502 1753 559 1802; x_wconf 87' lang='lat' dir='ltr'>et</span> <span class='ocrx_word' id='word_1_180' title='bbox 606 1748 989 1802; x_wconf 89' lang='lat' dir='ltr'>Atrebatensis</span> <span class='ocrx_word' id='word_1_181' title='bbox 1046 1748 1287 1818; x_wconf 81' lang='lat' dir='ltr'>requiris</span> <span class='ocrx_word' id='word_1_182' title='bbox 1311 1747 1607 1817; x_wconf 85' lang='lat' dir='ltr'>judicium,</span> <span class='ocrx_word' id='word_1_183' title='bbox 1649 1747 1716 1800; x_wconf 91' lang='lat' dir='ltr'>de</span> <span class='ocrx_word' id='word_1_184' title='bbox 1757 1763 1868 1818; x_wconf 87' lang='lat' dir='ltr'>qua</span> 
     </span>
    </p>
   </div>
   <div class='ocr_carea' id='block_1_35' title="bbox 273 1835 1868 1908">
    <p class='ocr_par' dir='ltr' id='par_1_35' title="bbox 273 1835 1868 1908">
     <span class='ocr_line' id='line_1_35' title="bbox 273 1835 1868 1908; baseline -0.003 -16"><span class='ocrx_word' id='word_1_185' title='bbox 273 1855 398 1908; x_wconf 76' lang='lat' dir='ltr'>quae</span> <span class='ocrx_word' id='word_1_186' title='bbox 429 1837 613 1906; x_wconf 85' lang='lat' dir='ltr'>accepi</span> <span class='ocrx_word' id='word_1_187' title='bbox 643 1854 676 1892; x_wconf 89' lang='lat' dir='ltr'>a</span> <span class='ocrx_word' id='word_1_188' title='bbox 705 1837 877 1890; x_wconf 81' lang='lat' dir='ltr'>fratre</span> <span class='ocrx_word' id='word_1_189' title='bbox 903 1837 1197 1906; x_wconf 85' lang='lat' dir='ltr'>Sigoberto</span> <span class='ocrx_word' id='word_1_190' title='bbox 1227 1836 1326 1890; x_wconf 84' lang='lat' dir='ltr'>tibi</span> <span class='ocrx_word' id='word_1_191' title='bbox 1351 1836 1617 1890; x_wconf 84' lang='lat' dir='ltr'>rescribo.</span> <span class='ocrx_word' id='word_1_192' title='bbox 1637 1835 1720 1888; x_wconf 91' lang='lat' dir='ltr'>Illi</span> <span class='ocrx_word' id='word_1_193' title='bbox 1740 1842 1868 1889; x_wconf 88' lang='lat' dir='ltr'>tan-</span> 
     </span>
    </p>
   </div>
   <div class='ocr_carea' id='block_1_36' title="bbox 275 1925 1870 1996">
    <p class='ocr_par' dir='ltr' id='par_1_36' title="bbox 275 1925 1870 1996">
     <span class='ocr_line' id='line_1_36' title="bbox 275 1925 1870 1996; baseline -0.003 -15"><span class='ocrx_word' id='word_1_194' title='bbox 275 1943 451 1996; x_wconf 85' lang='lat' dir='ltr'>quam</span> <span class='ocrx_word' id='word_1_195' title='bbox 468 1926 663 1980; x_wconf 84' lang='lat' dir='ltr'>sedula</span> <span class='ocrx_word' id='word_1_196' title='bbox 677 1925 797 1994; x_wconf 86' lang='lat' dir='ltr'>apis</span> <span class='ocrx_word' id='word_1_197' title='bbox 821 1941 919 1994; x_wconf 86' lang='lat' dir='ltr'>per</span> <span class='ocrx_word' id='word_1_198' title='bbox 937 1926 1156 1994; x_wconf 90' lang='lat' dir='ltr'>piorum</span> <span class='ocrx_word' id='word_1_199' title='bbox 1189 1925 1388 1978; x_wconf 87' lang='lat' dir='ltr'>devota</span> <span class='ocrx_word' id='word_1_200' title='bbox 1419 1925 1870 1977; x_wconf 88' lang='lat' dir='ltr'>circumvolitans</span> 
     </span>
    </p>
   </div>
   <div class='ocr_carea' id='block_1_37' title="bbox 268 2009 1872 2083">
    <p class='ocr_par' dir='ltr' id='par_1_37' title="bbox 268 2009 1872 2083">
     <span class='ocr_line' id='line_1_37' title="bbox 268 2009 1872 2083; baseline -0.001 -17"><span class='ocrx_word' id='word_1_201' title='bbox 268 2015 414 2074; x_wconf 79' lang='lat' dir='ltr'>loca,</span> <span class='ocrx_word' id='word_1_202' title='bbox 448 2013 665 2066; x_wconf 88' lang='lat' dir='ltr'>nullum</span> <span class='ocrx_word' id='word_1_203' title='bbox 697 2012 1032 2083; x_wconf 68' lang='lat' dir='ltr'>praeteriisse</span> <span class='ocrx_word' id='word_1_204' title='bbox 1061 2013 1208 2066; x_wconf 92' lang='lat' dir='ltr'>visus</span> <span class='ocrx_word' id='word_1_205' title='bbox 1232 2009 1316 2065; x_wconf 85' lang='lat' dir='ltr'>est</span> <span class='ocrx_word' id='word_1_206' title='bbox 1346 2013 1493 2065; x_wconf 88' lang='lat' dir='ltr'>unde</span> <span class='ocrx_word' id='word_1_207' title='bbox 1516 2029 1626 2064; x_wconf 90' lang='lat' dir='ltr'>non</span> <span class='ocrx_word' id='word_1_208' title='bbox 1657 2011 1872 2081; x_wconf 88' lang='lat' dir='ltr'>aliquid</span> 
     </span>
    </p>
   </div>
   <div class='ocr_carea' id='block_1_38' title="bbox 273 2099 1872 2173">
    <p class='ocr_par' dir='ltr' id='par_1_38' title="bbox 273 2099 1872 2173">
     <span class='ocr_line' id='line_1_38' title="bbox 273 2099 1872 2173; baseline -0.004 -15"><span class='ocrx_word' id='word_1_209' title='bbox 273 2101 622 2173; x_wconf 81' lang='lat' dir='ltr'>decerpseris</span> <span class='ocrx_word' id='word_1_210' title='bbox 651 2100 963 2154; x_wconf 82' lang='lat' dir='ltr'>incredibili</span> <span class='ocrx_word' id='word_1_211' title='bbox 985 2101 1400 2155; x_wconf 87' lang='lat' dir='ltr'>sedulitate.Sic</span> <span class='ocrx_word' id='word_1_212' title='bbox 1424 2100 1613 2170; x_wconf 84' lang='lat' dir='ltr'>itaque</span> <span class='ocrx_word' id='word_1_213' title='bbox 1642 2099 1872 2154; x_wconf 89' lang='lat' dir='ltr'>mirabi-</span> 
     </span>
    </p>
   </div>
   <div class='ocr_carea' id='block_1_39' title="bbox 272 2189 1868 2253">
    <p class='ocr_par' dir='ltr' id='par_1_39' title="bbox 272 2189 1868 2253">
     <span class='ocr_line' id='line_1_39' title="bbox 272 2189 1868 2253; baseline 0 -9"><span class='ocrx_word' id='word_1_214' title='bbox 272 2191 352 2244; x_wconf 86' lang='lat' dir='ltr'>lia</span> <span class='ocrx_word' id='word_1_215' title='bbox 380 2191 484 2244; x_wconf 88' lang='lat' dir='ltr'>Dei</span> <span class='ocrx_word' id='word_1_216' title='bbox 520 2197 578 2245; x_wconf 86' lang='lat' dir='ltr'>et</span> <span class='ocrx_word' id='word_1_217' title='bbox 612 2195 934 2253; x_wconf 78' lang='lat' dir='ltr'>sanctorum</span> <span class='ocrx_word' id='word_1_218' title='bbox 963 2206 1074 2248; x_wconf 83' lang='lat' dir='ltr'>non</span> <span class='ocrx_word' id='word_1_219' title='bbox 1100 2197 1266 2244; x_wconf 90' lang='lat' dir='ltr'>erunt</span> <span class='ocrx_word' id='word_1_220' title='bbox 1296 2190 1353 2244; x_wconf 89' lang='lat' dir='ltr'>in</span> <span class='ocrx_word' id='word_1_221' title='bbox 1379 2196 1534 2245; x_wconf 86' lang='lat' dir='ltr'>terra</span> <span class='ocrx_word' id='word_1_222' title='bbox 1560 2189 1868 2252; x_wconf 86' lang='lat' dir='ltr'>oblivionis,</span> 
     </span>
    </p>
   </div>
   <div class='ocr_carea' id='block_1_40' title="bbox 274 2277 1876 2348">
    <p class='ocr_par' dir='ltr' id='par_1_40' title="bbox 274 2277 1876 2348">
     <span class='ocr_line' id='line_1_40' title="bbox 274 2277 1876 2348; baseline -0.002 -16"><span class='ocrx_word' id='word_1_223' title='bbox 274 2286 338 2332; x_wconf 83' lang='lat' dir='ltr'>et</span> <span class='ocrx_word' id='word_1_224' title='bbox 364 2278 647 2331; x_wconf 61' lang='lat' dir='ltr'>aediﬁcasti</span> <span class='ocrx_word' id='word_1_225' title='bbox 675 2279 733 2330; x_wconf 90' lang='lat' dir='ltr'>in</span> <span class='ocrx_word' id='word_1_226' title='bbox 759 2279 1142 2348; x_wconf 82' lang='lat' dir='ltr'>generatione,</span> <span class='ocrx_word' id='word_1_227' title='bbox 1171 2279 1296 2331; x_wconf 91' lang='lat' dir='ltr'>ideo</span> <span class='ocrx_word' id='word_1_228' title='bbox 1335 2295 1513 2347; x_wconf 89' lang='lat' dir='ltr'>usque</span> <span class='ocrx_word' id='word_1_229' title='bbox 1543 2293 1692 2330; x_wconf 91' lang='lat' dir='ltr'>nunc</span> <span class='ocrx_word' id='word_1_230' title='bbox 1739 2277 1876 2329; x_wconf 84' lang='lat' dir='ltr'>satis</span> 
     </span>
    </p>
   </div>
   <div class='ocr_carea' id='block_1_41' title="bbox 273 2366 1873 2436">
    <p class='ocr_par' dir='ltr' id='par_1_41' title="bbox 273 2366 1873 2436">
     <span class='ocr_line' id='line_1_41' title="bbox 273 2366 1873 2436; baseline -0.001 -18"><span class='ocrx_word' id='word_1_231' title='bbox 273 2367 625 2420; x_wconf 69' lang='lat' dir='ltr'>verecundiae</span> <span class='ocrx_word' id='word_1_232' title='bbox 651 2373 710 2419; x_wconf 91' lang='lat' dir='ltr'>et</span> <span class='ocrx_word' id='word_1_233' title='bbox 745 2366 1031 2420; x_wconf 70' lang='lat' dir='ltr'>modestiae</span> <span class='ocrx_word' id='word_1_234' title='bbox 1059 2373 1169 2420; x_wconf 66' lang='lat' dir='ltr'>tua:</span> <span class='ocrx_word' id='word_1_235' title='bbox 1209 2366 1404 2420; x_wconf 86' lang='lat' dir='ltr'>datum</span> <span class='ocrx_word' id='word_1_236' title='bbox 1435 2372 1551 2432; x_wconf 87' lang='lat' dir='ltr'>est;</span> <span class='ocrx_word' id='word_1_237' title='bbox 1593 2366 1873 2436; x_wconf 87' lang='lat' dir='ltr'>reliquum</span> 
     </span>
    </p>
   </div>
   <div class='ocr_carea' id='block_1_42' title="bbox 278 2454 1873 2526">
    <p class='ocr_par' dir='ltr' id='par_1_42' title="bbox 278 2454 1873 2526">
     <span class='ocr_line' id='line_1_42' title="bbox 278 2454 1873 2526; baseline -0.002 -18"><span class='ocrx_word' id='word_1_238' title='bbox 278 2456 504 2526; x_wconf 90' lang='lat' dir='ltr'>piorum</span> <span class='ocrx_word' id='word_1_239' title='bbox 534 2455 695 2520; x_wconf 90' lang='lat' dir='ltr'>votis,</span> <span class='ocrx_word' id='word_1_240' title='bbox 724 2461 779 2508; x_wconf 92' lang='lat' dir='ltr'>et</span> <span class='ocrx_word' id='word_1_241' title='bbox 809 2455 897 2525; x_wconf 92' lang='lat' dir='ltr'>pie</span> <span class='ocrx_word' id='word_1_242' title='bbox 918 2455 1162 2508; x_wconf 80' lang='lat' dir='ltr'>defuncti</span> <span class='ocrx_word' id='word_1_243' title='bbox 1181 2455 1434 2525; x_wconf 70' lang='lat' dir='ltr'>praesulis</span> <span class='ocrx_word' id='word_1_244' title='bbox 1461 2455 1733 2507; x_wconf 86' lang='lat' dir='ltr'>voluntati</span> <span class='ocrx_word' id='word_1_245' title='bbox 1764 2454 1873 2505; x_wconf 91' lang='lat' dir='ltr'>lar-</span> 
     </span>
    </p>
   </div>
   <div class='ocr_carea' id='block_1_43' title="bbox 282 2541 1876 2614">
    <p class='ocr_par' dir='ltr' id='par_1_43' title="bbox 282 2541 1876 2614">
     <span class='ocr_line' id='line_1_43' title="bbox 282 2541 1876 2614; baseline -0.001 -18"><span class='ocrx_word' id='word_1_246' title='bbox 282 2543 427 2614; x_wconf 84' lang='lat' dir='ltr'>gire,</span> <span class='ocrx_word' id='word_1_247' title='bbox 460 2549 516 2596; x_wconf 91' lang='lat' dir='ltr'>et</span> <span class='ocrx_word' id='word_1_248' title='bbox 544 2543 690 2612; x_wconf 91' lang='lat' dir='ltr'>quod</span> <span class='ocrx_word' id='word_1_249' title='bbox 723 2542 1371 2612; x_wconf 84' lang='lat' dir='ltr'>industriainfatigabili,</span> <span class='ocrx_word' id='word_1_250' title='bbox 1406 2549 1463 2595; x_wconf 91' lang='lat' dir='ltr'>ct</span> <span class='ocrx_word' id='word_1_251' title='bbox 1485 2543 1674 2595; x_wconf 83' lang='lat' dir='ltr'>animo</span> <span class='ocrx_word' id='word_1_252' title='bbox 1705 2542 1788 2596; x_wconf 89' lang='lat' dir='ltr'>vel</span> <span class='ocrx_word' id='word_1_253' title='bbox 1807 2541 1876 2595; x_wconf 89' lang='lat' dir='ltr'>ad</span> 
     </span>
    </p>
   </div>
   <div class='ocr_carea' id='block_1_44' title="bbox 184 2624 1876 2700">
    <p class='ocr_par' dir='ltr' id='par_1_44' title="bbox 184 2624 1876 2700">
     <span class='ocr_line' id='line_1_44' title="bbox 184 2624 1876 2700; baseline -0.001 -15"><span class='ocrx_word' id='word_1_254' title='bbox 184 2624 192 2630; x_wconf 74' lang='grc'><em>’</em></span> <span class='ocrx_word' id='word_1_255' title='bbox 280 2631 668 2685; x_wconf 79' lang='lat' dir='ltr'>minutissima</span> <span class='ocrx_word' id='word_1_256' title='bbox 689 2647 921 2700; x_wconf 79' lang='lat' dir='ltr'>quaeque</span> <span class='ocrx_word' id='word_1_257' title='bbox 950 2630 1327 2684; x_wconf 88' lang='lat' dir='ltr'>attentissimo</span> <span class='ocrx_word' id='word_1_258' title='bbox 1348 2631 1551 2686; x_wconf 84' lang='lat' dir='ltr'>viventi</span> <span class='ocrx_word' id='word_1_259' title='bbox 1582 2647 1876 2695; x_wconf 76' lang='lat' dir='ltr'>consecra-</span> 
     </span>
    </p>
   </div>
   <div class='ocr_carea' id='block_1_45' title="bbox 281 2718 1878 2789">
    <p class='ocr_par' dir='ltr' id='par_1_45' title="bbox 281 2718 1878 2789">
     <span class='ocr_line' id='line_1_45' title="bbox 281 2718 1878 2789; baseline 0.001 -18"><span class='ocrx_word' id='word_1_260' title='bbox 281 2720 376 2784; x_wconf 89' lang='lat' dir='ltr'>sti,</span> <span class='ocrx_word' id='word_1_261' title='bbox 407 2726 633 2772; x_wconf 87' lang='lat' dir='ltr'>mortuo</span> <span class='ocrx_word' id='word_1_262' title='bbox 655 2736 764 2772; x_wconf 91' lang='lat' dir='ltr'>non</span> <span class='ocrx_word' id='word_1_263' title='bbox 797 2719 1020 2789; x_wconf 81' lang='lat' dir='ltr'>eripias.</span> <span class='ocrx_word' id='word_1_264' title='bbox 1055 2718 1264 2773; x_wconf 86' lang='lat' dir='ltr'>Excute</span> <span class='ocrx_word' id='word_1_265' title='bbox 1294 2719 1363 2772; x_wconf 91' lang='lat' dir='ltr'>de</span> <span class='ocrx_word' id='word_1_266' title='bbox 1405 2719 1682 2783; x_wconf 89' lang='lat' dir='ltr'>manibus,</span> <span class='ocrx_word' id='word_1_267' title='bbox 1719 2725 1782 2772; x_wconf 88' lang='lat' dir='ltr'>ut</span> <span class='ocrx_word' id='word_1_268' title='bbox 1820 2720 1878 2772; x_wconf 92' lang='lat' dir='ltr'>in</span> 
     </span>
    </p>
   </div>
   <div class='ocr_carea' id='block_1_46' title="bbox 281 2808 1877 2879">
    <p class='ocr_par' dir='ltr' id='par_1_46' title="bbox 281 2808 1877 2879">
     <span class='ocr_line' id='line_1_46' title="bbox 281 2808 1877 2879; baseline -0.001 -18"><span class='ocrx_word' id='word_1_269' title='bbox 281 2808 533 2879; x_wconf 75' lang='lat' dir='ltr'>ecclesiis</span> <span class='ocrx_word' id='word_1_270' title='bbox 577 2813 635 2862; x_wconf 88' lang='lat' dir='ltr'>et</span> <span class='ocrx_word' id='word_1_271' title='bbox 679 2808 1036 2875; x_wconf 84' lang='lat' dir='ltr'>monasteriis</span> <span class='ocrx_word' id='word_1_272' title='bbox 1072 2814 1357 2874; x_wconf 85' lang='lat' dir='ltr'>versetur;</span> <span class='ocrx_word' id='word_1_273' title='bbox 1391 2808 1529 2862; x_wconf 89' lang='lat' dir='ltr'>mihi</span> <span class='ocrx_word' id='word_1_274' title='bbox 1567 2808 1877 2862; x_wconf 86' lang='lat' dir='ltr'>etiamnum</span> 
     </span>
    </p>
   </div>
   <div class='ocr_carea' id='block_1_47' title="bbox 2020 1763 3544 1839">
    <p class='ocr_par' dir='ltr' id='par_1_47' title="bbox 2020 1763 3544 1839">
     <span class='ocr_line' id='line_1_47' title="bbox 2020 1763 3544 1839; baseline 0.005 -23"><span class='ocrx_word' id='word_1_275' title='bbox 2020 1763 2107 1816; x_wconf 85' lang='lat' dir='ltr'>Ad</span> <span class='ocrx_word' id='word_1_276' title='bbox 2119 1763 2457 1832; x_wconf 87' lang='lat' dir='ltr'>colloquium</span> <span class='ocrx_word' id='word_1_277' title='bbox 2485 1764 2706 1817; x_wconf 88' lang='lat' dir='ltr'>comitis</span> <span class='ocrx_word' id='word_1_278' title='bbox 2732 1763 2960 1830; x_wconf 79' lang='lat' dir='ltr'>Roberti</span> <span class='ocrx_word' id='word_1_279' title='bbox 2978 1771 3035 1818; x_wconf 86' lang='lat' dir='ltr'>et</span> <span class='ocrx_word' id='word_1_280' title='bbox 3057 1767 3128 1826; x_wconf 89' lang='lat' dir='ltr'>ad</span> <span class='ocrx_word' id='word_1_281' title='bbox 3162 1766 3544 1839; x_wconf 65' lang='lat' dir='ltr'>recipiendam</span> 
     </span>
    </p>
   </div>
   <div class='ocr_carea' id='block_1_48' title="bbox 1951 1851 3543 1926">
    <p class='ocr_par' dir='ltr' id='par_1_48' title="bbox 1951 1851 3543 1926">
     <span class='ocr_line' id='line_1_48' title="bbox 1951 1851 3543 1926; baseline 0.004 -22"><span class='ocrx_word' id='word_1_282' title='bbox 1951 1852 2020 1904; x_wconf 88' lang='lat' dir='ltr'>de</span> <span class='ocrx_word' id='word_1_283' title='bbox 2046 1867 2110 1903; x_wconf 91' lang='lat' dir='ltr'>eo</span> <span class='ocrx_word' id='word_1_284' title='bbox 2132 1851 2412 1920; x_wconf 85' lang='lat' dir='ltr'>justitiam</span> <span class='ocrx_word' id='word_1_285' title='bbox 2443 1851 2500 1904; x_wconf 86' lang='lat' dir='ltr'>in</span> <span class='ocrx_word' id='word_1_286' title='bbox 2529 1853 2737 1906; x_wconf 89' lang='lat' dir='ltr'>octavis</span> <span class='ocrx_word' id='word_1_287' title='bbox 2757 1860 2964 1907; x_wconf 68' lang='lat' dir='ltr'>sanctae</span> <span class='ocrx_word' id='word_1_288' title='bbox 2987 1855 3173 1910; x_wconf 64' lang='lat' dir='ltr'>Marias</span> <span class='ocrx_word' id='word_1_289' title='bbox 3196 1856 3253 1909; x_wconf 90' lang='lat' dir='ltr'>in</span> <span class='ocrx_word' id='word_1_290' title='bbox 3271 1859 3543 1926; x_wconf 75' lang='lat' dir='ltr'>Augusto,</span> 
     </span>
    </p>
   </div>
   <div class='ocr_carea' id='block_1_49' title="bbox 1952 1940 3546 2010">
    <p class='ocr_par' dir='ltr' id='par_1_49' title="bbox 1952 1940 3546 2010">
     <span class='ocr_line' id='line_1_49' title="bbox 1952 1940 3546 2010; baseline 0.004 -18"><span class='ocrx_word' id='word_1_291' title='bbox 1952 1940 2034 1993; x_wconf 88' lang='lat' dir='ltr'>vel</span> <span class='ocrx_word' id='word_1_292' title='bbox 2066 1940 2417 2010; x_wconf 84' lang='lat' dir='ltr'>praesentiam</span> <span class='ocrx_word' id='word_1_293' title='bbox 2452 1946 2701 1993; x_wconf 88' lang='lat' dir='ltr'>nostram</span> <span class='ocrx_word' id='word_1_294' title='bbox 2743 1942 3020 2005; x_wconf 83' lang='lat' dir='ltr'>exhibere,</span> <span class='ocrx_word' id='word_1_295' title='bbox 3057 1943 3140 1996; x_wconf 86' lang='lat' dir='ltr'>vel</span> <span class='ocrx_word' id='word_1_296' title='bbox 3168 1945 3394 1998; x_wconf 87' lang='lat' dir='ltr'>nuntios</span> <span class='ocrx_word' id='word_1_297' title='bbox 3442 1961 3546 1999; x_wconf 80' lang='lat' dir='ltr'>no—</span> 
     </span>
    </p>
   </div>
   <div class='ocr_carea' id='block_1_50' title="bbox 1955 2028 3548 2118">
    <p class='ocr_par' dir='ltr' id='par_1_50' title="bbox 1955 2028 3548 2118">
     <span class='ocr_line' id='line_1_50' title="bbox 1955 2028 3548 2118; baseline 0.004 -38"><span class='ocrx_word' id='word_1_298' title='bbox 1955 2034 2100 2082; x_wconf 86' lang='lat' dir='ltr'>stros</span> <span class='ocrx_word' id='word_1_299' title='bbox 2129 2028 2408 2098; x_wconf 84' lang='lat' dir='ltr'>delegare,</span> <span class='ocrx_word' id='word_1_300' title='bbox 2436 2029 2579 2082; x_wconf 87' lang='lat' dir='ltr'>sicut</span> <span class='ocrx_word' id='word_1_301' title='bbox 2594 2030 2710 2099; x_wconf 86' lang='lat' dir='ltr'>jam</span> <span class='ocrx_word' id='word_1_302' title='bbox 2738 2030 2888 2083; x_wconf 89' lang='lat' dir='ltr'>vobis</span> <span class='ocrx_word' id='word_1_303' title='bbox 2907 2033 3315 2118; x_wconf 86' lang='lat' dir='ltr'>etcoepiscopis</span> <span class='ocrx_word' id='word_1_304' title='bbox 3341 2033 3548 2103; x_wconf 88' lang='lat' dir='ltr'>nostris</span> 
     </span>
    </p>
   </div>
   <div class='ocr_carea' id='block_1_51' title="bbox 1955 2116 3549 2192">
    <p class='ocr_par' dir='ltr' id='par_1_51' title="bbox 1955 2116 3549 2192">
     <span class='ocr_line' id='line_1_51' title="bbox 1955 2116 3549 2192; baseline 0.003 -22"><span class='ocrx_word' id='word_1_305' title='bbox 1955 2116 2316 2170; x_wconf 85' lang='lat' dir='ltr'>Noviomensi</span> <span class='ocrx_word' id='word_1_306' title='bbox 2361 2124 2530 2186; x_wconf 83' lang='lat' dir='ltr'>atque</span> <span class='ocrx_word' id='word_1_307' title='bbox 2582 2118 2887 2182; x_wconf 79' lang='lat' dir='ltr'>Morinensi</span> <span class='ocrx_word' id='word_1_308' title='bbox 2923 2116 3331 2188; x_wconf 70' lang='lat' dir='ltr'>mandavimus,</span> <span class='ocrx_word' id='word_1_309' title='bbox 3366 2121 3549 2192; x_wconf 73' lang='lat' dir='ltr'>parati</span> 
     </span>
    </p>
   </div>
   <div class='ocr_carea' id='block_1_52' title="bbox 1956 2205 3552 2276">
    <p class='ocr_par' dir='ltr' id='par_1_52' title="bbox 1956 2205 3552 2276">
     <span class='ocr_line' id='line_1_52' title="bbox 1956 2205 3552 2276; baseline 0.004 -19"><span class='ocrx_word' id='word_1_310' title='bbox 1956 2205 2194 2260; x_wconf 89' lang='lat' dir='ltr'>erimus.</span> <span class='ocrx_word' id='word_1_311' title='bbox 2236 2206 2396 2268; x_wconf 83' lang='lat' dir='ltr'>Quod</span> <span class='ocrx_word' id='word_1_312' title='bbox 2427 2211 2616 2258; x_wconf 88' lang='lat' dir='ltr'>autem</span> <span class='ocrx_word' id='word_1_313' title='bbox 2665 2207 2736 2259; x_wconf 89' lang='lat' dir='ltr'>de</span> <span class='ocrx_word' id='word_1_314' title='bbox 2765 2208 3000 2276; x_wconf 85' lang='lat' dir='ltr'>Hugone</span> <span class='ocrx_word' id='word_1_315' title='bbox 3046 2208 3119 2262; x_wconf 85' lang='lat' dir='ltr'>de</span> <span class='ocrx_word' id='word_1_316' title='bbox 3145 2209 3360 2275; x_wconf 82' lang='lat' dir='ltr'>Inciaco</span> <span class='ocrx_word' id='word_1_317' title='bbox 3389 2208 3552 2274; x_wconf 70' lang='lat' dir='ltr'>nobis</span> 
     </span>
    </p>
   </div>
   <div class='ocr_carea' id='block_1_53' title="bbox 1957 2292 3554 2366">
    <p class='ocr_par' dir='ltr' id='par_1_53' title="bbox 1957 2292 3554 2366">
     <span class='ocr_line' id='line_1_53' title="bbox 1957 2292 3554 2366; baseline 0.003 -20"><span class='ocrx_word' id='word_1_318' title='bbox 1957 2293 2259 2362; x_wconf 87' lang='lat' dir='ltr'>scripsistis</span> <span class='ocrx_word' id='word_1_319' title='bbox 2289 2293 2504 2363; x_wconf 87' lang='lat' dir='ltr'>liquere</span> <span class='ocrx_word' id='word_1_320' title='bbox 2539 2292 2692 2346; x_wconf 87' lang='lat' dir='ltr'>vobis</span> <span class='ocrx_word' id='word_1_321' title='bbox 2729 2294 3008 2348; x_wconf 85' lang='lat' dir='ltr'>credimus</span> <span class='ocrx_word' id='word_1_322' title='bbox 3036 2297 3304 2366; x_wconf 85' lang='lat' dir='ltr'>quoniam</span> <span class='ocrx_word' id='word_1_323' title='bbox 3330 2297 3389 2350; x_wconf 87' lang='lat' dir='ltr'>in</span> <span class='ocrx_word' id='word_1_324' title='bbox 3415 2311 3554 2350; x_wconf 91' lang='lat' dir='ltr'>con-</span> 
     </span>
    </p>
   </div>
   <div class='ocr_carea' id='block_1_54' title="bbox 1956 2379 3554 2462">
    <p class='ocr_par' dir='ltr' id='par_1_54' title="bbox 1956 2379 3554 2462">
     <span class='ocr_line' id='line_1_54' title="bbox 1956 2379 3554 2462; baseline 0.004 -29"><span class='ocrx_word' id='word_1_325' title='bbox 1956 2379 2082 2433; x_wconf 92' lang='lat' dir='ltr'>cilio</span> <span class='ocrx_word' id='word_1_326' title='bbox 2112 2380 2256 2448; x_wconf 88' lang='lat' dir='ltr'>quod</span> <span class='ocrx_word' id='word_1_327' title='bbox 2289 2379 2616 2447; x_wconf 86' lang='lat' dir='ltr'>Compendii</span> <span class='ocrx_word' id='word_1_328' title='bbox 2643 2381 3043 2438; x_wconf 87' lang='lat' dir='ltr'>celebravimus</span> <span class='ocrx_word' id='word_1_329' title='bbox 3074 2383 3144 2451; x_wconf 87' lang='lat' dir='ltr'>ad</span> <span class='ocrx_word' id='word_1_330' title='bbox 3175 2384 3554 2462; x_wconf 71' lang='lat' dir='ltr'>querimonias</span> 
     </span>
    </p>
   </div>
   <div class='ocr_carea' id='block_1_55' title="bbox 1958 2467 3555 2542">
    <p class='ocr_par' dir='ltr' id='par_1_55' title="bbox 1958 2467 3555 2542">
     <span class='ocr_line' id='line_1_55' title="bbox 1958 2467 3555 2542; baseline 0.005 -23"><span class='ocrx_word' id='word_1_331' title='bbox 1958 2473 2015 2520; x_wconf 87' lang='lat' dir='ltr'>et</span> <span class='ocrx_word' id='word_1_332' title='bbox 2040 2468 2311 2521; x_wconf 89' lang='lat' dir='ltr'>clamores</span> <span class='ocrx_word' id='word_1_333' title='bbox 2337 2469 2570 2521; x_wconf 90' lang='lat' dir='ltr'>Gerardi</span> <span class='ocrx_word' id='word_1_334' title='bbox 2585 2471 3002 2524; x_wconf 88' lang='lat' dir='ltr'>Cameracensis</span> <span class='ocrx_word' id='word_1_335' title='bbox 3034 2467 3278 2542; x_wconf 85' lang='lat' dir='ltr'>episcopi</span> <span class='ocrx_word' id='word_1_336' title='bbox 3301 2474 3555 2527; x_wconf 90' lang='lat' dir='ltr'>omnium</span> 
     </span>
    </p>
   </div>
   <div class='ocr_carea' id='block_1_56' title="bbox 1958 2556 3549 2630">
    <p class='ocr_par' dir='ltr' id='par_1_56' title="bbox 1958 2556 3549 2630">
     <span class='ocr_line' id='line_1_56' title="bbox 1958 2556 3549 2630; baseline 0.004 -22"><span class='ocrx_word' id='word_1_337' title='bbox 1958 2556 2378 2630; x_wconf 74' lang='lat' dir='ltr'>praesidentium</span> <span class='ocrx_word' id='word_1_338' title='bbox 2396 2557 2606 2626; x_wconf 86' lang='lat' dir='ltr'>judicio</span> <span class='ocrx_word' id='word_1_339' title='bbox 2629 2557 2686 2610; x_wconf 91' lang='lat' dir='ltr'>in</span> <span class='ocrx_word' id='word_1_340' title='bbox 2712 2574 2840 2610; x_wconf 90' lang='lat' dir='ltr'>eum</span> <span class='ocrx_word' id='word_1_341' title='bbox 2871 2560 3245 2612; x_wconf 87' lang='lat' dir='ltr'>anathematis</span> <span class='ocrx_word' id='word_1_342' title='bbox 3289 2561 3549 2629; x_wconf 84' lang='lat' dir='ltr'>gladium</span> 
     </span>
    </p>
   </div>
   <div class='ocr_carea' id='block_1_57' title="bbox 1961 2644 3556 2715">
    <p class='ocr_par' dir='ltr' id='par_1_57' title="bbox 1961 2644 3556 2715">
     <span class='ocr_line' id='line_1_57' title="bbox 1961 2644 3556 2715; baseline 0.004 -19"><span class='ocrx_word' id='word_1_343' title='bbox 1961 2644 2296 2713; x_wconf 76' lang='lat' dir='ltr'>exeruimus,</span> <span class='ocrx_word' id='word_1_344' title='bbox 2322 2650 2378 2702; x_wconf 84' lang='lat' dir='ltr'>et</span> <span class='ocrx_word' id='word_1_345' title='bbox 2407 2661 2600 2697; x_wconf 91' lang='lat' dir='ltr'>omnes</span> <span class='ocrx_word' id='word_1_346' title='bbox 2628 2647 2749 2714; x_wconf 84' lang='lat' dir='ltr'>ejus</span> <span class='ocrx_word' id='word_1_347' title='bbox 2774 2652 3164 2715; x_wconf 81' lang='lat' dir='ltr'>cooperatores</span> <span class='ocrx_word' id='word_1_348' title='bbox 3185 2653 3241 2700; x_wconf 93' lang='lat' dir='ltr'>et</span> <span class='ocrx_word' id='word_1_349' title='bbox 3267 2655 3556 2702; x_wconf 87' lang='lat' dir='ltr'>consenta-</span> 
     </span>
    </p>
   </div>
   <div class='ocr_carea' id='block_1_58' title="bbox 1960 2733 3554 2805">
    <p class='ocr_par' dir='ltr' id='par_1_58' title="bbox 1960 2733 3554 2805">
     <span class='ocr_line' id='line_1_58' title="bbox 1960 2733 3554 2805; baseline 0.004 -20"><span class='ocrx_word' id='word_1_350' title='bbox 1960 2749 2112 2785; x_wconf 91' lang='lat' dir='ltr'>neos.</span> <span class='ocrx_word' id='word_1_351' title='bbox 2148 2733 2256 2786; x_wconf 83' lang='lat' dir='ltr'>Sed</span> <span class='ocrx_word' id='word_1_352' title='bbox 2306 2749 2486 2802; x_wconf 90' lang='lat' dir='ltr'>neque</span> <span class='ocrx_word' id='word_1_353' title='bbox 2522 2734 2648 2786; x_wconf 90' lang='lat' dir='ltr'>ideo</span> <span class='ocrx_word' id='word_1_354' title='bbox 2674 2733 2793 2805; x_wconf 89' lang='lat' dir='ltr'>ipse</span> <span class='ocrx_word' id='word_1_355' title='bbox 2832 2751 2934 2788; x_wconf 91' lang='lat' dir='ltr'>nec</span> <span class='ocrx_word' id='word_1_356' title='bbox 2964 2735 3113 2789; x_wconf 86' lang='lat' dir='ltr'>ﬁlius</span> <span class='ocrx_word' id='word_1_357' title='bbox 3143 2738 3264 2805; x_wconf 88' lang='lat' dir='ltr'>ejus</span> <span class='ocrx_word' id='word_1_358' title='bbox 3290 2737 3554 2791; x_wconf 88' lang='lat' dir='ltr'>Camera-</span> 
     </span>
    </p>
   </div>
   <div class='ocr_carea' id='block_1_59' title="bbox 1960 2821 3550 2896">
    <p class='ocr_par' dir='ltr' id='par_1_59' title="bbox 1960 2821 3550 2896">
     <span class='ocr_line' id='line_1_59' title="bbox 1960 2821 3550 2896; baseline 0.004 -23"><span class='ocrx_word' id='word_1_359' title='bbox 1960 2836 2187 2878; x_wconf 84' lang='lat' dir='ltr'>censem</span> <span class='ocrx_word' id='word_1_360' title='bbox 2202 2821 2500 2876; x_wconf 82' lang='lat' dir='ltr'>Ecclesiam</span> <span class='ocrx_word' id='word_1_361' title='bbox 2514 2822 2777 2892; x_wconf 85' lang='lat' dir='ltr'>persequi</span> <span class='ocrx_word' id='word_1_362' title='bbox 2789 2823 3149 2879; x_wconf 79' lang='lat' dir='ltr'>destiterunt.</span> <span class='ocrx_word' id='word_1_363' title='bbox 3170 2824 3397 2894; x_wconf 73' lang='lat' dir='ltr'>Quippe</span> <span class='ocrx_word' id='word_1_364' title='bbox 3409 2841 3550 2896; x_wconf 76' lang='lat' dir='ltr'>quos</span> 
     </span>
    </p>
   </div>
   <div class='ocr_carea' id='block_1_60' title="bbox 278 2895 3558 3003">
    <p class='ocr_par' dir='ltr' id='par_1_60' title="bbox 278 2895 3558 3003">
     <span class='ocr_line' id='line_1_60' title="bbox 278 2895 3558 3003; baseline 0.002 -38"><span class='ocrx_word' id='word_1_365' title='bbox 278 2896 546 2995; x_wconf 42' lang='lat' dir='ltr'>erasas“</span> <span class='ocrx_word' id='word_1_366' title='bbox 571 2897 814 3003; x_wconf 56' lang='lat' dir='ltr'>animus.</span> <span class='ocrx_word' id='word_1_367' title='bbox 834 2913 964 2995; x_wconf 39' lang='lat' dir='ltr'>.rem</span> <span class='ocrx_word' id='word_1_368' title='bbox 988 2896 1153 3003; x_wconf 45' lang='lat' dir='ltr'>ista&#39;m</span> <span class='ocrx_word' id='word_1_369' title='bbox 1180 2897 1294 2993; x_wconf 68' lang='lat' dir='ltr'>tibi</span> <span class='ocrx_word' id='word_1_370' title='bbox 1322 2897 1534 3003; x_wconf 45' lang='lat' dir='ltr'>glorias?</span> <span class='ocrx_word' id='word_1_371' title='bbox 1565 2895 1878 2966; x_wconf 58' lang='lat' dir='ltr'>Posterimi</span> <span class='ocrx_word' id='word_1_372' title='bbox 1893 2942 1940 3003; x_wconf 83' lang='lat' dir='ltr'>C</span> <span class='ocrx_word' id='word_1_373' title='bbox 1961 2925 2066 2978; x_wconf 87' lang='lat' dir='ltr'>par</span> <span class='ocrx_word' id='word_1_374' title='bbox 2092 2911 2432 2979; x_wconf 80' lang='lat' dir='ltr'>exspectatio</span> <span class='ocrx_word' id='word_1_375' title='bbox 2451 2910 2682 2965; x_wconf 84' lang='lat' dir='ltr'>ultionis</span> <span class='ocrx_word' id='word_1_376' title='bbox 2710 2911 2970 2980; x_wconf 79' lang='lat' dir='ltr'>angebat,</span> <span class='ocrx_word' id='word_1_377' title='bbox 3002 2929 3106 2982; x_wconf 86' lang='lat' dir='ltr'>par</span> <span class='ocrx_word' id='word_1_378' title='bbox 3123 2913 3349 2971; x_wconf 69' lang='lat' dir='ltr'>malitia:</span> <span class='ocrx_word' id='word_1_379' title='bbox 3373 2895 3558 2973; x_wconf 80' lang='lat' dir='ltr'>etim-</span> 
     </span>
    </p>
   </div>
   <div class='ocr_carea' id='block_1_61' title="bbox 281 2985 1872 3060">
    <p class='ocr_par' dir='ltr' id='par_1_61' title="bbox 281 2985 1872 3060">
     <span class='ocr_line' id='line_1_61' title="bbox 281 2985 1872 3060; baseline 0 -22"><span class='ocrx_word' id='word_1_380' title='bbox 281 2985 435 3060; x_wconf 77' lang='lat' dir='ltr'>usui,</span> <span class='ocrx_word' id='word_1_381' title='bbox 465 2992 521 3050; x_wconf 80' lang='lat' dir='ltr'>et</span> <span class='ocrx_word' id='word_1_382' title='bbox 557 3002 710 3054; x_wconf 75' lang='lat' dir='ltr'>nunc</span> <span class='ocrx_word' id='word_1_383' title='bbox 736 2985 960 3056; x_wconf 54' lang='lat' dir='ltr'>utrique</span> <span class='ocrx_word' id='word_1_384' title='bbox 991 2985 1242 3042; x_wconf 61' lang='lat' dir='ltr'>Ecclesiae</span> <span class='ocrx_word' id='word_1_385' title='bbox 1265 2985 1557 3055; x_wconf 81' lang='lat' dir='ltr'>voluptati,</span> <span class='ocrx_word' id='word_1_386' title='bbox 1588 2992 1758 3054; x_wconf 81' lang='lat' dir='ltr'>atque</span> <span class='ocrx_word' id='word_1_387' title='bbox 1786 3000 1872 3038; x_wconf 86' lang='lat' dir='ltr'>or-</span> 
     </span>
    </p>
   </div>
   <div class='ocr_carea' id='block_1_62' title="bbox 282 3075 850 3144">
    <p class='ocr_par' dir='ltr' id='par_1_62' title="bbox 282 3075 850 3144">
     <span class='ocr_line' id='line_1_62' title="bbox 282 3075 850 3144; baseline 0 -18"><span class='ocrx_word' id='word_1_388' title='bbox 282 3079 557 3142; x_wconf 80' lang='lat' dir='ltr'>namento</span> <span class='ocrx_word' id='word_1_389' title='bbox 581 3075 850 3144; x_wconf 78' lang='lat' dir='ltr'>futuram.</span> 
     </span>
    </p>
   </div>
   <div class='ocr_carea' id='block_1_63' title="bbox 355 3160 1614 3234">
    <p class='ocr_par' dir='ltr' id='par_1_63' title="bbox 355 3160 1614 3234">
     <span class='ocr_line' id='line_1_63' title="bbox 355 3160 1614 3234; baseline 0.004 -19"><span class='ocrx_word' id='word_1_390' title='bbox 355 3160 566 3234; x_wconf 80' lang='lat' dir='ltr'>Datum</span> <span class='ocrx_word' id='word_1_391' title='bbox 586 3161 776 3217; x_wconf 85' lang='lat' dir='ltr'>Remis</span> <span class='ocrx_word' id='word_1_392' title='bbox 799 3160 991 3232; x_wconf 78' lang='lat' dir='ltr'>Idibus</span> <span class='ocrx_word' id='word_1_393' title='bbox 1011 3162 1267 3232; x_wconf 80' lang='lat' dir='ltr'>Januarii</span> <span class='ocrx_word' id='word_1_394' title='bbox 1287 3178 1434 3216; x_wconf 88' lang='lat' dir='ltr'>anno</span> <span class='ocrx_word' id='word_1_395' title='bbox 1458 3160 1614 3229; x_wconf 69' lang='lat'>1094-</span> 
     </span>
    </p>
   </div>
   <div class='ocr_carea' id='block_1_64' title="bbox 387 3356 1795 3415">
    <p class='ocr_par' dir='ltr' id='par_1_64' title="bbox 387 3356 1795 3415">
     <span class='ocr_line' id='line_1_64' title="bbox 387 3356 1795 3415; baseline -0.003 -13"><span class='ocrx_word' id='word_1_396' title='bbox 387 3356 474 3415; x_wconf 63' lang='lat'>49..</span> <span class='ocrx_word' id='word_1_397' title='bbox 511 3356 881 3414; x_wconf 58' lang='lat' dir='ltr'>manserunt</span> <span class='ocrx_word' id='word_1_398' title='bbox 922 3357 1396 3410; x_wconf 54' lang='lat' dir='ltr'>“accusasse</span> <span class='ocrx_word' id='word_1_399' title='bbox 1441 3356 1795 3408; x_wconf 65' lang='lat' dir='ltr'>Episcoruu.</span> 
     </span>
    </p>
   </div>
   <div class='ocr_carea' id='block_1_65' title="bbox 289 3435 1876 3504">
    <p class='ocr_par' dir='ltr' id='par_1_65' title="bbox 289 3435 1876 3504">
     <span class='ocr_line' id='line_1_65' title="bbox 289 3435 1876 3504; baseline 0.002 -17"><span class='ocrx_word' id='word_1_400' title='bbox 289 3435 353 3504; x_wconf 74' lang='lat' dir='ltr'>Ut</span> <span class='ocrx_word' id='word_1_401' title='bbox 384 3437 670 3504; x_wconf 70' lang='lat' dir='ltr'>Hugonem</span> <span class='ocrx_word' id='word_1_402' title='bbox 701 3439 765 3494; x_wconf 77' lang='lat' dir='ltr'>de</span> <span class='ocrx_word' id='word_1_403' title='bbox 796 3439 1031 3500; x_wconf 77' lang='lat' dir='ltr'>Inciaco,</span> <span class='ocrx_word' id='word_1_404' title='bbox 1075 3438 1131 3494; x_wconf 92' lang='lat' dir='ltr'>S.</span> <span class='ocrx_word' id='word_1_405' title='bbox 1181 3441 1362 3492; x_wconf 58' lang='lat' dir='ltr'>treviri:</span> <span class='ocrx_word' id='word_1_406' title='bbox 1399 3438 1496 3493; x_wconf 77' lang='lat' dir='ltr'>Dei</span> <span class='ocrx_word' id='word_1_407' title='bbox 1537 3440 1876 3498; x_wconf 69' lang='lat' dir='ltr'>violatorem,</span> 
     </span>
    </p>
   </div>
   <div class='ocr_carea' id='block_1_66' title="bbox 627 3526 1554 3593">
    <p class='ocr_par' dir='ltr' id='par_1_66' title="bbox 627 3526 1554 3593">
     <span class='ocr_line' id='line_1_66' title="bbox 627 3526 1554 3593; baseline 0 -16"><span class='ocrx_word' id='word_1_408' title='bbox 627 3526 820 3592; x_wconf 73' lang='lat' dir='ltr'>gladio</span> <span class='ocrx_word' id='word_1_409' title='bbox 843 3527 1214 3584; x_wconf 75' lang='lat' dir='ltr'>anathematis</span> <span class='ocrx_word' id='word_1_410' title='bbox 1239 3529 1554 3593; x_wconf 79' lang='lat' dir='ltr'>compescat.</span> 
     </span>
    </p>
   </div>
   <div class='ocr_carea' id='block_1_67' title="bbox 895 3611 1285 3682">
    <p class='ocr_par' dir='ltr' id='par_1_67' title="bbox 895 3611 1285 3682">
     <span class='ocr_line' id='line_1_67' title="bbox 895 3611 1285 3682; baseline 0 -16"><span class='ocrx_word' id='word_1_411' title='bbox 895 3615 1074 3682; x_wconf 66' lang='lat' dir='ltr'>(Anno</span> <span class='ocrx_word' id='word_1_412' title='bbox 1110 3611 1285 3679; x_wconf 81' lang='grc'>1095.)</span> 
     </span>
    </p>
   </div>
   <div class='ocr_carea' id='block_1_68' title="bbox 361 3701 1882 3773">
    <p class='ocr_par' dir='ltr' id='par_1_68' title="bbox 361 3701 1882 3773">
     <span class='ocr_line' id='line_1_68' title="bbox 361 3701 1882 3773; baseline 0.003 -19"><span class='ocrx_word' id='word_1_413' title='bbox 361 3701 720 3767; x_wconf 65' lang='lat' dir='ltr'>RAYNALDUS,</span> <span class='ocrx_word' id='word_1_414' title='bbox 756 3702 856 3762; x_wconf 88' lang='lat' dir='ltr'>Dei</span> <span class='ocrx_word' id='word_1_415' title='bbox 880 3703 1067 3772; x_wconf 83' lang='lat' dir='ltr'>gratia</span> <span class='ocrx_word' id='word_1_416' title='bbox 1089 3703 1393 3756; x_wconf 81' lang='lat' dir='ltr'>Remorum.</span> <span class='ocrx_word' id='word_1_417' title='bbox 1411 3701 1882 3773; x_wconf 82' lang='lat' dir='ltr'>archiepiscopus,</span> 
     </span>
    </p>
   </div>
   <div class='ocr_carea' id='block_1_69' title="bbox 296 3789 1888 3854">
    <p class='ocr_par' dir='ltr' id='par_1_69' title="bbox 296 3789 1888 3854">
     <span class='ocr_line' id='line_1_69' title="bbox 296 3789 1888 3854; baseline -0.001 -10"><span class='ocrx_word' id='word_1_418' title='bbox 296 3789 506 3854; x_wconf 83' lang='lat' dir='ltr'>dilecto</span> <span class='ocrx_word' id='word_1_419' title='bbox 537 3790 695 3848; x_wconf 78' lang='lat' dir='ltr'>fratri</span> <span class='ocrx_word' id='word_1_420' title='bbox 721 3796 779 3844; x_wconf 86' lang='lat' dir='ltr'>et</span> <span class='ocrx_word' id='word_1_421' title='bbox 807 3791 1190 3846; x_wconf 81' lang='lat' dir='ltr'>Consacerdoti</span> <span class='ocrx_word' id='word_1_422' title='bbox 1211 3806 1312 3846; x_wconf 90' lang='lat' dir='ltr'>suo</span> <span class='ocrx_word' id='word_1_423' title='bbox 1333 3791 1625 3850; x_wconf 66' lang='lat' dir='ltr'>LAMBERTO</span> <span class='ocrx_word' id='word_1_424' title='bbox 1655 3789 1888 3844; x_wconf 80' lang='lat' dir='ltr'>Atreba-</span> 
     </span>
    </p>
   </div>
   <div class='ocr_carea' id='block_1_70' title="bbox 283 3878 1888 3950">
    <p class='ocr_par' dir='ltr' id='par_1_70' title="bbox 283 3878 1888 3950">
     <span class='ocr_line' id='line_1_70' title="bbox 283 3878 1888 3950; baseline 0.001 -17"><span class='ocrx_word' id='word_1_425' title='bbox 283 3878 437 3948; x_wconf 75' lang='lat' dir='ltr'>tensi</span> <span class='ocrx_word' id='word_1_426' title='bbox 475 3879 734 3950; x_wconf 80' lang='lat' dir='ltr'>episcopo</span> <span class='ocrx_word' id='word_1_427' title='bbox 763 3880 1004 3936; x_wconf 86' lang='lat' dir='ltr'>salutem</span> <span class='ocrx_word' id='word_1_428' title='bbox 1031 3886 1090 3934; x_wconf 87' lang='lat' dir='ltr'>et</span> <span class='ocrx_word' id='word_1_429' title='bbox 1113 3878 1557 3940; x_wconf 77' lang='lat' dir='ltr'>benedictionem</span> <span class='ocrx_word' id='word_1_430' title='bbox 1576 3878 1633 3936; x_wconf 87' lang='lat' dir='ltr'>in</span> <span class='ocrx_word' id='word_1_431' title='bbox 1651 3878 1888 3941; x_wconf 81' lang='lat' dir='ltr'>Domino</span> 
     </span>
    </p>
   </div>
   <div class='ocr_carea' id='block_1_71' title="bbox 287 3966 444 4035">
    <p class='ocr_par' dir='ltr' id='par_1_71' title="bbox 287 3966 444 4035">
     <span class='ocr_line' id='line_1_71' title="bbox 287 3966 444 4035; baseline -0.038 -11"><span class='ocrx_word' id='word_1_432' title='bbox 287 3966 444 4035; x_wconf 69' lang='lat' dir='ltr'>Iesu.</span> 
     </span>
    </p>
   </div>
   <div class='ocr_carea' id='block_1_72' title="bbox 361 4053 1894 4124">
    <p class='ocr_par' dir='ltr' id='par_1_72' title="bbox 361 4053 1894 4124">
     <span class='ocr_line' id='line_1_72' title="bbox 361 4053 1894 4124; baseline -0.003 -11"><span class='ocrx_word' id='word_1_433' title='bbox 361 4053 693 4124; x_wconf 49' lang='lat' dir='ltr'>nemoer</span> <span class='ocrx_word' id='word_1_434' title='bbox 717 4054 872 4114; x_wconf 81' lang='lat' dir='ltr'>vobis</span> <span class='ocrx_word' id='word_1_435' title='bbox 905 4055 1179 4118; x_wconf 58' lang='lat' dir='ltr'>inharere</span> <span class='ocrx_word' id='word_1_436' title='bbox 1208 4054 1488 4110; x_wconf 87' lang='lat' dir='ltr'>credimus</span> <span class='ocrx_word' id='word_1_437' title='bbox 1521 4053 1796 4124; x_wconf 80' lang='lat' dir='ltr'>quidquid</span> <span class='ocrx_word' id='word_1_438' title='bbox 1825 4054 1894 4114; x_wconf 86' lang='lat' dir='ltr'>de</span> 
     </span>
    </p>
   </div>
   <div class='ocr_carea' id='block_1_73' title="bbox 1966 2999 3560 3076">
    <p class='ocr_par' dir='ltr' id='par_1_73' title="bbox 1966 2999 3560 3076">
     <span class='ocr_line' id='line_1_73' title="bbox 1966 2999 3560 3076; baseline 0.006 -24"><span class='ocrx_word' id='word_1_439' title='bbox 1966 2999 2372 3060; x_wconf 81' lang='lat' dir='ltr'>moderationis</span> <span class='ocrx_word' id='word_1_440' title='bbox 2417 3000 2704 3054; x_wconf 86' lang='lat' dir='ltr'>vinculum</span> <span class='ocrx_word' id='word_1_441' title='bbox 2749 3001 3116 3071; x_wconf 81' lang='lat' dir='ltr'>astringebat.</span> <span class='ocrx_word' id='word_1_442' title='bbox 3182 3001 3384 3073; x_wconf 75' lang='lat' dir='ltr'>Itaque</span> <span class='ocrx_word' id='word_1_443' title='bbox 3425 3019 3560 3076; x_wconf 65' lang='grc' dir='ltr'>(μιᾳ-</span> 
     </span>
    </p>
   </div>
   <div class='ocr_carea' id='block_1_74' title="bbox 1965 3084 3560 3158">
    <p class='ocr_par' dir='ltr' id='par_1_74' title="bbox 1965 3084 3560 3158">
     <span class='ocr_line' id='line_1_74' title="bbox 1965 3084 3560 3158; baseline 0.007 -18"><span class='ocrx_word' id='word_1_444' title='bbox 1965 3084 2137 3152; x_wconf 84' lang='lat' dir='ltr'>niam,</span> <span class='ocrx_word' id='word_1_445' title='bbox 2157 3086 2301 3142; x_wconf 81' lang='lat' dir='ltr'>sicut</span> <span class='ocrx_word' id='word_1_446' title='bbox 2317 3086 2386 3141; x_wconf 88' lang='lat' dir='ltr'>ab</span> <span class='ocrx_word' id='word_1_447' title='bbox 2407 3087 2678 3156; x_wconf 82' lang='lat' dir='ltr'>Apostolo</span> <span class='ocrx_word' id='word_1_448' title='bbox 2692 3087 2908 3142; x_wconf 88' lang='lat' dir='ltr'>dictum</span> <span class='ocrx_word' id='word_1_449' title='bbox 2929 3094 3016 3145; x_wconf 87' lang='lat' dir='ltr'>est</span> <span class='ocrx_word' id='word_1_450' title='bbox 3036 3107 3048 3142; x_wconf 92' lang='lat'><strong>:</strong></span> <span class='ocrx_word' id='word_1_451' title='bbox 3084 3091 3364 3157; x_wconf 66' lang='lat' dir='ltr'>[mi-piens.</span> <span class='ocrx_word' id='word_1_452' title='bbox 3378 3092 3560 3158; x_wconf 66' lang='lat' dir='ltr'>facta:</span> 
     </span>
    </p>
   </div>
   <div class='ocr_carea' id='block_1_75' title="bbox 1964 3176 3560 3245">
    <p class='ocr_par' dir='ltr' id='par_1_75' title="bbox 1964 3176 3560 3245">
     <span class='ocr_line' id='line_1_75' title="bbox 1964 3176 3560 3245; baseline 0.004 -17"><span class='ocrx_word' id='word_1_453' title='bbox 1964 3191 2220 3235; x_wconf 78' lang='lat' dir='ltr'>sum,vos</span> <span class='ocrx_word' id='word_1_454' title='bbox 2249 3192 2334 3228; x_wconf 82' lang='lat' dir='ltr'>me</span> <span class='ocrx_word' id='word_1_455' title='bbox 2377 3178 2624 3238; x_wconf 74' lang='lat' dir='ltr'>‘coeqz&#39;stz&#39;s</span> <span class='ocrx_word' id='word_1_456' title='bbox 2671 3179 2752 3244; x_wconf 88' lang='lat' dir='ltr'>(II</span> <span class='ocrx_word' id='word_1_457' title='bbox 2788 3179 2910 3232; x_wconf 74' lang='grc' dir='ltr'>θον.</span> <span class='ocrx_word' id='word_1_458' title='bbox 2962 3181 3076 3245; x_wconf 85' lang='lat' dir='ltr'>x11);</span> <span class='ocrx_word' id='word_1_459' title='bbox 3135 3183 3196 3238; x_wconf 58' lang='lat' dir='ltr'>et</span> <span class='ocrx_word' id='word_1_460' title='bbox 3247 3176 3456 3238; x_wconf 80' lang='lat' dir='ltr'>iterum</span> <span class='ocrx_word' id='word_1_461' title='bbox 3499 3178 3560 3241; x_wconf 62' lang='lat' dir='ltr'>in</span> 
     </span>
    </p>
   </div>
   <div class='ocr_carea' id='block_1_76' title="bbox 1962 3262 3558 3334">
    <p class='ocr_par' dir='ltr' id='par_1_76' title="bbox 1962 3262 3558 3334">
     <span class='ocr_line' id='line_1_76' title="bbox 1962 3262 3558 3334; baseline 0.002 -17"><span class='ocrx_word' id='word_1_462' title='bbox 1962 3262 2197 3329; x_wconf 75' lang='lat' dir='ltr'>Actibus</span> <span class='ocrx_word' id='word_1_463' title='bbox 2214 3264 2597 3333; x_wconf 76' lang='lat' dir='ltr'>apostolorum</span> <span class='ocrx_word' id='word_1_464' title='bbox 2617 3265 2688 3322; x_wconf 84' lang='lat' dir='ltr'>ad</span> <span class='ocrx_word' id='word_1_465' title='bbox 2709 3264 2937 3322; x_wconf 65' lang='lat' dir='ltr'>Judmos</span> <span class='ocrx_word' id='word_1_466' title='bbox 2965 3285 2975 3320; x_wconf 91' lang='lat'><strong>:</strong></span> <span class='ocrx_word' id='word_1_467' title='bbox 3002 3268 3277 3333; x_wconf 69' lang='lat' dir='ltr'>Quoniam</span> <span class='ocrx_word' id='word_1_468' title='bbox 3298 3268 3558 3334; x_wconf 65' lang='lat' dir='ltr'>indignos</span> 
     </span>
    </p>
   </div>
   <div class='ocr_carea' id='block_1_77' title="bbox 1963 3353 3562 3423">
    <p class='ocr_par' dir='ltr' id='par_1_77' title="bbox 1963 3353 3562 3423">
     <span class='ocr_line' id='line_1_77' title="bbox 1963 3353 3562 3423; baseline 0.009 -18"><span class='ocrx_word' id='word_1_469' title='bbox 1963 3369 2054 3407; x_wconf 70' lang='lat' dir='ltr'>vos</span> <span class='ocrx_word' id='word_1_470' title='bbox 2069 3353 2367 3419; x_wconf 55' lang='lat' dir='ltr'>judicatus</span> <span class='ocrx_word' id='word_1_471' title='bbox 2396 3358 2606 3408; x_wconf 66' lang='lat' dir='ltr'>aterna</span> <span class='ocrx_word' id='word_1_472' title='bbox 2635 3357 2774 3414; x_wconf 58' lang='lat' dir='ltr'>vita,</span> <span class='ocrx_word' id='word_1_473' title='bbox 2801 3370 2915 3410; x_wconf 75' lang='lat' dir='ltr'>cccc.</span> <span class='ocrx_word' id='word_1_474' title='bbox 2947 3359 3323 3416; x_wconf 64' lang='lat' dir='ltr'>convertimur</span> <span class='ocrx_word' id='word_1_475' title='bbox 3343 3357 3562 3423; x_wconf 61' lang='grc' dir='ltr'>(λάθρη-</span> 
     </span>
    </p>
   </div>
   <div class='ocr_carea' id='block_1_78' title="bbox 1969 3441 3563 3513">
    <p class='ocr_par' dir='ltr' id='par_1_78' title="bbox 1969 3441 3563 3513">
     <span class='ocr_line' id='line_1_78' title="bbox 1969 3441 3563 3513; baseline 0.004 -19"><span class='ocrx_word' id='word_1_476' title='bbox 1969 3445 2042 3494; x_wconf 69' lang='lat' dir='ltr'>tes</span> <span class='ocrx_word' id='word_1_477' title='bbox 2074 3443 2205 3504; x_wconf 75' lang='lat' dir='ltr'>(Act.</span> <span class='ocrx_word' id='word_1_478' title='bbox 2263 3445 2422 3507; x_wconf 81' lang='lat' dir='ltr'>xm);</span> <span class='ocrx_word' id='word_1_479' title='bbox 2455 3441 2552 3506; x_wconf 84' lang='lat' dir='ltr'>sic,</span> <span class='ocrx_word' id='word_1_480' title='bbox 2607 3443 2741 3512; x_wconf 79' lang='lat' dir='ltr'>quia</span> <span class='ocrx_word' id='word_1_481' title='bbox 2777 3443 2932 3498; x_wconf 87' lang='lat' dir='ltr'>idem</span> <span class='ocrx_word' id='word_1_482' title='bbox 2971 3444 3133 3512; x_wconf 80' lang='lat' dir='ltr'>Hugo</span> <span class='ocrx_word' id='word_1_483' title='bbox 3168 3443 3464 3513; x_wconf 72' lang='lat' dir='ltr'>indignum</span> <span class='ocrx_word' id='word_1_484' title='bbox 3501 3459 3563 3508; x_wconf 76' lang='lat' dir='ltr'>se</span> 
     </span>
    </p>
   </div>
   <div class='ocr_carea' id='block_1_79' title="bbox 1967 3528 3561 3600">
    <p class='ocr_par' dir='ltr' id='par_1_79' title="bbox 1967 3528 3561 3600">
     <span class='ocr_line' id='line_1_79' title="bbox 1967 3528 3561 3600; baseline 0.006 -18"><span class='ocrx_word' id='word_1_485' title='bbox 1967 3528 2346 3583; x_wconf 86' lang='lat' dir='ltr'>conversionis</span> <span class='ocrx_word' id='word_1_486' title='bbox 2376 3535 2433 3584; x_wconf 86' lang='lat' dir='ltr'>et</span> <span class='ocrx_word' id='word_1_487' title='bbox 2469 3531 2784 3585; x_wconf 60' lang='lat' dir='ltr'>concordiae</span> <span class='ocrx_word' id='word_1_488' title='bbox 2817 3530 3109 3600; x_wconf 78' lang='lat' dir='ltr'>judicavit,</span> <span class='ocrx_word' id='word_1_489' title='bbox 3145 3530 3431 3592; x_wconf 67' lang='lat' dir='ltr'>Gerardus</span> <span class='ocrx_word' id='word_1_490' title='bbox 3458 3532 3561 3597; x_wconf 67' lang='lat' dir='ltr'>Car.</span> 
     </span>
    </p>
   </div>
   <div class='ocr_carea' id='block_1_80' title="bbox 1968 3617 3565 3686">
    <p class='ocr_par' dir='ltr' id='par_1_80' title="bbox 1968 3617 3565 3686">
     <span class='ocr_line' id='line_1_80' title="bbox 1968 3617 3565 3686; baseline 0.002 -14"><span class='ocrx_word' id='word_1_491' title='bbox 1968 3617 2310 3672; x_wconf 86' lang='lat' dir='ltr'>meracensis</span> <span class='ocrx_word' id='word_1_492' title='bbox 2353 3617 2647 3686; x_wconf 84' lang='lat' dir='ltr'>episcopus</span> <span class='ocrx_word' id='word_1_493' title='bbox 2694 3636 2822 3674; x_wconf 85' lang='lat' dir='ltr'>cum</span> <span class='ocrx_word' id='word_1_494' title='bbox 2873 3619 3080 3678; x_wconf 72' lang='lat' dir='ltr'>comite</span> <span class='ocrx_word' id='word_1_495' title='bbox 3122 3619 3454 3684; x_wconf 67' lang='lat' dir='ltr'>Flandrensi</span> <span class='ocrx_word' id='word_1_496' title='bbox 3491 3620 3565 3684; x_wconf 82' lang='lat' dir='ltr'>ad</span> 
     </span>
    </p>
   </div>
   <div class='ocr_carea' id='block_1_81' title="bbox 1967 3705 3567 3777">
    <p class='ocr_par' dir='ltr' id='par_1_81' title="bbox 1967 3705 3567 3777">
     <span class='ocr_line' id='line_1_81' title="bbox 1967 3705 3567 3777; baseline 0.004 -18"><span class='ocrx_word' id='word_1_497' title='bbox 1967 3706 2405 3760; x_wconf 86' lang='lat' dir='ltr'>convincendam</span> <span class='ocrx_word' id='word_1_498' title='bbox 2434 3705 2693 3777; x_wconf 77' lang='lat' dir='ltr'>Hugonis</span> <span class='ocrx_word' id='word_1_499' title='bbox 2723 3708 2998 3763; x_wconf 85' lang='lat' dir='ltr'>malitiam</span> <span class='ocrx_word' id='word_1_500' title='bbox 3027 3708 3206 3767; x_wconf 52' lang='lat' dir='ltr'>Iunius</span> <span class='ocrx_word' id='word_1_501' title='bbox 3234 3707 3380 3770; x_wconf 80' lang='lat' dir='ltr'>iniit.</span> <span class='ocrx_word' id='word_1_502' title='bbox 3407 3708 3567 3773; x_wconf 65' lang='lat' dir='ltr'>Unde</span> 
     </span>
    </p>
   </div>
   <div class='ocr_carea' id='block_1_82' title="bbox 1971 3793 3567 3867">
    <p class='ocr_par' dir='ltr' id='par_1_82' title="bbox 1971 3793 3567 3867">
     <span class='ocr_line' id='line_1_82' title="bbox 1971 3793 3567 3867; baseline 0.009 -19"><span class='ocrx_word' id='word_1_503' title='bbox 1971 3793 2295 3864; x_wconf 87' lang='lat' dir='ltr'>episcopum</span> <span class='ocrx_word' id='word_1_504' title='bbox 2330 3795 2792 3850; x_wconf 86' lang='lat' dir='ltr'>Cameracensem</span> <span class='ocrx_word' id='word_1_505' title='bbox 2829 3797 3143 3854; x_wconf 82' lang='lat' dir='ltr'>Gerardum</span> <span class='ocrx_word' id='word_1_506' title='bbox 3172 3813 3298 3858; x_wconf 75' lang='lat' dir='ltr'>cum</span> <span class='ocrx_word' id='word_1_507' title='bbox 3331 3799 3567 3867; x_wconf 64' lang='lat' dir='ltr'>HW</span> 
     </span>
    </p>
   </div>
   <div class='ocr_carea' id='block_1_83' title="bbox 1975 3882 3567 3954">
    <p class='ocr_par' dir='ltr' id='par_1_83' title="bbox 1975 3882 3567 3954">
     <span class='ocr_line' id='line_1_83' title="bbox 1975 3882 3567 3954; baseline 0.001 -18"><span class='ocrx_word' id='word_1_508' title='bbox 1975 3883 2327 3938; x_wconf 85' lang='lat' dir='ltr'>concordiam</span> <span class='ocrx_word' id='word_1_509' title='bbox 2356 3882 2536 3938; x_wconf 82' lang='lat' dir='ltr'>facere</span> <span class='ocrx_word' id='word_1_510' title='bbox 2565 3883 2777 3954; x_wconf 86' lang='lat' dir='ltr'>absque</span> <span class='ocrx_word' id='word_1_511' title='bbox 2805 3886 3008 3944; x_wconf 83' lang='lat' dir='ltr'>comite</span> <span class='ocrx_word' id='word_1_512' title='bbox 3051 3885 3381 3951; x_wconf 73' lang='lat' dir='ltr'>Flandrensi</span> <span class='ocrx_word' id='word_1_513' title='bbox 3410 3886 3567 3953; x_wconf 72' lang='lat' dir='ltr'>nulla</span> 
     </span>
    </p>
   </div>
   <div class='ocr_carea' id='block_1_84' title="bbox 1974 3970 3569 4040">
    <p class='ocr_par' dir='ltr' id='par_1_84' title="bbox 1974 3970 3569 4040">
     <span class='ocr_line' id='line_1_84' title="bbox 1974 3970 3569 4040; baseline 0.001 -14"><span class='ocrx_word' id='word_1_514' title='bbox 1974 3970 2257 4039; x_wconf 70' lang='lat' dir='ltr'>aequitatis</span> <span class='ocrx_word' id='word_1_515' title='bbox 2285 3971 2429 4024; x_wconf 86' lang='lat' dir='ltr'>ratio</span> <span class='ocrx_word' id='word_1_516' title='bbox 2459 3971 2731 4040; x_wconf 81' lang='lat' dir='ltr'>permisit,</span> <span class='ocrx_word' id='word_1_517' title='bbox 2768 3988 2872 4030; x_wconf 78' lang='lat' dir='ltr'>nec</span> <span class='ocrx_word' id='word_1_518' title='bbox 2908 3989 3011 4028; x_wconf 88' lang='lat' dir='ltr'>nos</span> <span class='ocrx_word' id='word_1_519' title='bbox 3038 3989 3174 4032; x_wconf 85' lang='lat' dir='ltr'>sane</span> <span class='ocrx_word' id='word_1_520' title='bbox 3211 3991 3341 4037; x_wconf 85' lang='lat' dir='ltr'>eum</span> <span class='ocrx_word' id='word_1_521' title='bbox 3371 3974 3569 4040; x_wconf 78' lang='lat' dir='ltr'>nihilo-</span> 
     </span>
    </p>
   </div>
   <div class='ocr_carea' id='block_1_85' title="bbox 1977 4058 3564 4128">
    <p class='ocr_par' dir='ltr' id='par_1_85' title="bbox 1977 4058 3564 4128">
     <span class='ocr_line' id='line_1_85' title="bbox 1977 4058 3564 4128; baseline 0.001 -16"><span class='ocrx_word' id='word_1_522' title='bbox 1977 4059 2164 4114; x_wconf 88' lang='lat' dir='ltr'>minus</span> <span class='ocrx_word' id='word_1_523' title='bbox 2209 4058 2318 4112; x_wconf 86' lang='lat' dir='ltr'>nisi</span> <span class='ocrx_word' id='word_1_524' title='bbox 2367 4061 2912 4118; x_wconf 72' lang='lat' dir='ltr'>excommunicatum</span> <span class='ocrx_word' id='word_1_525' title='bbox 2957 4060 3276 4122; x_wconf 78' lang='lat' dir='ltr'>habuimus.</span> <span class='ocrx_word' id='word_1_526' title='bbox 3307 4063 3384 4126; x_wconf 65' lang='lat' dir='ltr'>At</span> <span class='ocrx_word' id='word_1_527' title='bbox 3410 4077 3564 4128; x_wconf 77' lang='lat' dir='ltr'>vero,</span> 
     </span>
    </p>
   </div>
   <div class='ocr_carea' id='block_1_86' title="bbox 289 4142 3566 4238">
    <p class='ocr_par' dir='ltr' id='par_1_86' title="bbox 289 4142 3566 4238">
     <span class='ocr_line' id='line_1_86' title="bbox 289 4142 3566 4238; baseline 0.003 -43"><span class='ocrx_word' id='word_1_528' title='bbox 289 4142 532 4213; x_wconf 70' lang='lat' dir='ltr'>Engone</span> <span class='ocrx_word' id='word_1_529' title='bbox 574 4143 644 4200; x_wconf 86' lang='lat' dir='ltr'>de</span> <span class='ocrx_word' id='word_1_530' title='bbox 680 4144 898 4204; x_wconf 82' lang='lat' dir='ltr'>Inciaco</span> <span class='ocrx_word' id='word_1_531' title='bbox 939 4160 1119 4226; x_wconf 70' lang='lat' dir='ltr'>nuper</span> <span class='ocrx_word' id='word_1_532' title='bbox 1147 4161 1274 4200; x_wconf 87' lang='lat' dir='ltr'>cum</span> <span class='ocrx_word' id='word_1_533' title='bbox 1319 4143 1672 4202; x_wconf 80' lang='lat' dir='ltr'>fraternitate</span> <span class='ocrx_word' id='word_1_534' title='bbox 1715 4147 1896 4204; x_wconf 81' lang='lat' dir='ltr'>vestra</span> <span class='ocrx_word' id='word_1_535' title='bbox 1926 4147 2028 4238; x_wconf 89' lang='lat' dir='ltr'>Dsi.</span> <span class='ocrx_word' id='word_1_536' title='bbox 2055 4146 2357 4202; x_wconf 84' lang='lat' dir='ltr'>voluntatis</span> <span class='ocrx_word' id='word_1_537' title='bbox 2385 4147 2561 4216; x_wconf 86' lang='lat' dir='ltr'>ipsius</span> <span class='ocrx_word' id='word_1_538' title='bbox 2591 4154 2739 4205; x_wconf 81' lang='lat' dir='ltr'>esset</span> <span class='ocrx_word' id='word_1_539' title='bbox 2766 4154 2824 4206; x_wconf 84' lang='lat' dir='ltr'>et</span> <span class='ocrx_word' id='word_1_540' title='bbox 2859 4149 3321 4212; x_wconf 80' lang='lat' dir='ltr'>Cameracensem</span> <span class='ocrx_word' id='word_1_541' title='bbox 3349 4150 3566 4220; x_wconf 62' lang='lat' dir='ltr'>episcoe:</span> 
     </span>
    </p>
   </div>
   <div class='ocr_carea' id='block_1_87' title="bbox 287 4231 1895 4302">
    <p class='ocr_par' dir='ltr' id='par_1_87' title="bbox 287 4231 1895 4302">
     <span class='ocr_line' id='line_1_87' title="bbox 287 4231 1895 4302; baseline -0.007 -7"><span class='ocrx_word' id='word_1_542' title='bbox 287 4231 474 4301; x_wconf 57' lang='lat' dir='ltr'>multo</span> <span class='ocrx_word' id='word_1_543' title='bbox 498 4246 760 4296; x_wconf 59' lang='lat' dir='ltr'>mitione</span> <span class='ocrx_word' id='word_1_544' title='bbox 787 4233 1148 4292; x_wconf 80' lang='lat' dir='ltr'>contuli-mus.</span> <span class='ocrx_word' id='word_1_545' title='bbox 1176 4234 1300 4302; x_wconf 85' lang='lat' dir='ltr'>Ipse</span> <span class='ocrx_word' id='word_1_546' title='bbox 1317 4232 1596 4302; x_wconf 87' lang='lat' dir='ltr'>siquidem</span> <span class='ocrx_word' id='word_1_547' title='bbox 1614 4232 1775 4301; x_wconf 78' lang='lat' dir='ltr'>Hugo</span> <span class='ocrx_word' id='word_1_548' title='bbox 1793 4247 1895 4286; x_wconf 90' lang='lat' dir='ltr'>nu-</span> 
     </span>
    </p>
   </div>
   <div class='ocr_carea' id='block_1_88' title="bbox 289 4319 1894 4392">
    <p class='ocr_par' dir='ltr' id='par_1_88' title="bbox 289 4319 1894 4392">
     <span class='ocr_line' id='line_1_88' title="bbox 289 4319 1894 4392; baseline 0.002 -18"><span class='ocrx_word' id='word_1_549' title='bbox 289 4319 544 4391; x_wconf 78' lang='lat' dir='ltr'>perrime</span> <span class='ocrx_word' id='word_1_550' title='bbox 572 4319 631 4380; x_wconf 80' lang='lat' dir='ltr'>in</span> <span class='ocrx_word' id='word_1_551' title='bbox 679 4321 816 4384; x_wconf 77' lang='lat' dir='ltr'>villa</span> <span class='ocrx_word' id='word_1_552' title='bbox 857 4323 1037 4381; x_wconf 85' lang='lat' dir='ltr'>sancti</span> <span class='ocrx_word' id='word_1_553' title='bbox 1080 4321 1379 4392; x_wconf 75' lang='lat' dir='ltr'>Gaugerici</span> <span class='ocrx_word' id='word_1_554' title='bbox 1425 4337 1547 4391; x_wconf 82' lang='lat' dir='ltr'>quae</span> <span class='ocrx_word' id='word_1_555' title='bbox 1576 4319 1894 4376; x_wconf 81' lang='lat' dir='ltr'>Felcherias</span> 
     </span>
    </p>
   </div>
   <div class='ocr_carea' id='block_1_89' title="bbox 292 4407 1890 4477">
    <p class='ocr_par' dir='ltr' id='par_1_89' title="bbox 292 4407 1890 4477">
     <span class='ocr_line' id='line_1_89' title="bbox 292 4407 1890 4477; baseline 0 -15"><span class='ocrx_word' id='word_1_556' title='bbox 292 4407 504 4477; x_wconf 81' lang='lat' dir='ltr'>dicitur</span> <span class='ocrx_word' id='word_1_557' title='bbox 533 4407 591 4472; x_wconf 83' lang='lat' dir='ltr'>in</span> <span class='ocrx_word' id='word_1_558' title='bbox 624 4411 802 4474; x_wconf 77' lang='lat' dir='ltr'>trevia</span> <span class='ocrx_word' id='word_1_559' title='bbox 844 4409 944 4468; x_wconf 81' lang='lat' dir='ltr'>Dei</span> <span class='ocrx_word' id='word_1_560' title='bbox 983 4427 1112 4466; x_wconf 88' lang='lat' dir='ltr'>cum-</span> <span class='ocrx_word' id='word_1_561' title='bbox 1153 4415 1374 4472; x_wconf 85' lang='lat' dir='ltr'>armata</span> <span class='ocrx_word' id='word_1_562' title='bbox 1404 4425 1576 4470; x_wconf 82' lang='lat' dir='ltr'>manu</span> <span class='ocrx_word' id='word_1_563' title='bbox 1624 4409 1890 4474; x_wconf 84' lang='lat' dir='ltr'>advenit;</span> 
     </span>
    </p>
   </div>
   <div class='ocr_carea' id='block_1_90' title="bbox 290 4493 1895 4576">
    <p class='ocr_par' dir='ltr' id='par_1_90' title="bbox 290 4493 1895 4576">
     <span class='ocr_line' id='line_1_90' title="bbox 290 4493 1895 4576; baseline 0.002 -29"><span class='ocrx_word' id='word_1_564' title='bbox 290 4493 487 4567; x_wconf 82' lang='lat' dir='ltr'>ibique</span> <span class='ocrx_word' id='word_1_565' title='bbox 512 4495 948 4576; x_wconf 77' lang='lat' dir='ltr'>circumquaque</span> <span class='ocrx_word' id='word_1_566' title='bbox 965 4499 1312 4567; x_wconf 87' lang='lat' dir='ltr'>discurrens,</span> <span class='ocrx_word' id='word_1_567' title='bbox 1337 4498 1453 4568; x_wconf 77' lang='lat' dir='ltr'>igni</span> <span class='ocrx_word' id='word_1_568' title='bbox 1475 4497 1699 4568; x_wconf 83' lang='lat' dir='ltr'>penitus</span> <span class='ocrx_word' id='word_1_569' title='bbox 1719 4502 1895 4552; x_wconf 88' lang='lat' dir='ltr'>totam</span> 
     </span>
    </p>
   </div>
   <div class='ocr_carea' id='block_1_91' title="bbox 291 4584 1896 4658">
    <p class='ocr_par' dir='ltr' id='par_1_91' title="bbox 291 4584 1896 4658">
     <span class='ocr_line' id='line_1_91' title="bbox 291 4584 1896 4658; baseline 0.006 -22"><span class='ocrx_word' id='word_1_570' title='bbox 291 4584 486 4653; x_wconf 74' lang='lat' dir='ltr'>villam</span> <span class='ocrx_word' id='word_1_571' title='bbox 498 4588 890 4652; x_wconf 78' lang='lat' dir='ltr'>concremavit,</span> <span class='ocrx_word' id='word_1_572' title='bbox 906 4588 1268 4658; x_wconf 64' lang='lat' dir='ltr'>praedamque</span> <span class='ocrx_word' id='word_1_573' title='bbox 1285 4603 1397 4644; x_wconf 83' lang='lat' dir='ltr'>non</span> <span class='ocrx_word' id='word_1_574' title='bbox 1420 4586 1712 4642; x_wconf 84' lang='lat' dir='ltr'>minimam</span> <span class='ocrx_word' id='word_1_575' title='bbox 1728 4593 1896 4657; x_wconf 79' lang='lat' dir='ltr'>atque</span> 
     </span>
    </p>
   </div>
   <div class='ocr_carea' id='block_1_92' title="bbox 289 4671 1894 4732">
    <p class='ocr_par' dir='ltr' id='par_1_92' title="bbox 289 4671 1894 4732">
     <span class='ocr_line' id='line_1_92' title="bbox 289 4671 1894 4732; baseline 0.003 -9"><span class='ocrx_word' id='word_1_576' title='bbox 289 4671 590 4725; x_wconf 88' lang='lat' dir='ltr'>hominum</span> <span class='ocrx_word' id='word_1_577' title='bbox 606 4675 1024 4730; x_wconf 89' lang='lat' dir='ltr'>multitudinem</span> <span class='ocrx_word' id='word_1_578' title='bbox 1039 4675 1631 4730; x_wconf 88' lang='lat' dir='ltr'>miserabilitersecum</span> <span class='ocrx_word' id='word_1_579' title='bbox 1645 4675 1894 4732; x_wconf 78' lang='lat' dir='ltr'>adduxit.</span> 
     </span>
    </p>
   </div>
   <div class='ocr_carea' id='block_1_93' title="bbox 296 4759 1896 4833">
    <p class='ocr_par' dir='ltr' id='par_1_93' title="bbox 296 4759 1896 4833">
     <span class='ocr_line' id='line_1_93' title="bbox 296 4759 1896 4833; baseline 0.002 -21"><span class='ocrx_word' id='word_1_580' title='bbox 296 4759 568 4813; x_wconf 86' lang='lat' dir='ltr'>Pervenit</span> <span class='ocrx_word' id='word_1_581' title='bbox 591 4761 761 4824; x_wconf 85' lang='lat' dir='ltr'>etiam</span> <span class='ocrx_word' id='word_1_582' title='bbox 792 4764 864 4829; x_wconf 81' lang='lat' dir='ltr'>ad</span> <span class='ocrx_word' id='word_1_583' title='bbox 893 4781 1062 4818; x_wconf 87' lang='lat' dir='ltr'>aures</span> <span class='ocrx_word' id='word_1_584' title='bbox 1090 4768 1316 4818; x_wconf 87' lang='lat' dir='ltr'>nostras</span> <span class='ocrx_word' id='word_1_585' title='bbox 1341 4763 1491 4833; x_wconf 89' lang='lat' dir='ltr'>quod</span> <span class='ocrx_word' id='word_1_586' title='bbox 1520 4779 1580 4817; x_wconf 90' lang='lat' dir='ltr'>se</span> <span class='ocrx_word' id='word_1_587' title='bbox 1601 4763 1896 4833; x_wconf 84' lang='lat' dir='ltr'>epistolam</span> 
     </span>
    </p>
   </div>
   <div class='ocr_carea' id='block_1_94' title="bbox 293 4850 1898 4925">
    <p class='ocr_par' dir='ltr' id='par_1_94' title="bbox 293 4850 1898 4925">
     <span class='ocr_line' id='line_1_94' title="bbox 293 4850 1898 4925; baseline -0.003 -17"><span class='ocrx_word' id='word_1_588' title='bbox 293 4853 554 4925; x_wconf 59' lang='lat' dir='ltr'>nostram</span> <span class='ocrx_word' id='word_1_589' title='bbox 585 4850 792 4916; x_wconf 79' lang='lat' dir='ltr'>habere</span> <span class='ocrx_word' id='word_1_590' title='bbox 818 4853 1096 4922; x_wconf 79' lang='lat' dir='ltr'>glorietur</span> <span class='ocrx_word' id='word_1_591' title='bbox 1127 4868 1237 4923; x_wconf 89' lang='lat' dir='ltr'>qua</span> <span class='ocrx_word' id='word_1_592' title='bbox 1259 4868 1386 4915; x_wconf 86' lang='lat' dir='ltr'>eum</span> <span class='ocrx_word' id='word_1_593' title='bbox 1413 4851 1483 4904; x_wconf 87' lang='lat' dir='ltr'>ab</span> <span class='ocrx_word' id='word_1_594' title='bbox 1512 4851 1667 4916; x_wconf 83' lang='lat' dir='ltr'>omni</span> <span class='ocrx_word' id='word_1_595' title='bbox 1696 4851 1898 4906; x_wconf 87' lang='lat' dir='ltr'>timore</span> 
     </span>
    </p>
   </div>
   <div class='ocr_carea' id='block_1_95' title="bbox 292 4937 1901 5012">
    <p class='ocr_par' dir='ltr' id='par_1_95' title="bbox 292 4937 1901 5012">
     <span class='ocr_line' id='line_1_95' title="bbox 292 4937 1901 5012; baseline 0.001 -21"><span class='ocrx_word' id='word_1_596' title='bbox 292 4937 723 4993; x_wconf 88' lang='lat' dir='ltr'>Cameracensis</span> <span class='ocrx_word' id='word_1_597' title='bbox 744 4941 1005 5012; x_wconf 89' lang='lat' dir='ltr'>episcopi,</span> <span class='ocrx_word' id='word_1_598' title='bbox 1041 4942 1136 4995; x_wconf 92' lang='lat' dir='ltr'>sed</span> <span class='ocrx_word' id='word_1_599' title='bbox 1159 4946 1216 4994; x_wconf 91' lang='lat' dir='ltr'>et</span> <span class='ocrx_word' id='word_1_600' title='bbox 1248 4939 1317 4992; x_wconf 88' lang='lat' dir='ltr'>ab</span> <span class='ocrx_word' id='word_1_601' title='bbox 1339 4939 1589 4993; x_wconf 91' lang='lat' dir='ltr'>omnium</span> <span class='ocrx_word' id='word_1_602' title='bbox 1612 4939 1901 5010; x_wconf 83' lang='lat' dir='ltr'>presbyte-</span> 
     </span>
    </p>
   </div>
   <div class='ocr_carea' id='block_1_96' title="bbox 289 5030 1903 5101">
    <p class='ocr_par' dir='ltr' id='par_1_96' title="bbox 289 5030 1903 5101">
     <span class='ocr_line' id='line_1_96' title="bbox 289 5030 1903 5101; baseline 0.003 -19"><span class='ocrx_word' id='word_1_603' title='bbox 289 5042 492 5100; x_wconf 57' lang='lat' dir='ltr'>rorum</span> <span class='ocrx_word' id='word_1_604' title='bbox 529 5031 1119 5097; x_wconf 55' lang='lat' dir='ltr'>excommunicatione,</span> <span class='ocrx_word' id='word_1_605' title='bbox 1163 5030 1221 5084; x_wconf 90' lang='lat' dir='ltr'>in</span> <span class='ocrx_word' id='word_1_606' title='bbox 1250 5045 1640 5101; x_wconf 84' lang='lat' dir='ltr'>quamcunque</span> <span class='ocrx_word' id='word_1_607' title='bbox 1670 5032 1903 5098; x_wconf 86' lang='lat' dir='ltr'>demen-</span> 
     </span>
    </p>
   </div>
   <div class='ocr_carea' id='block_1_97' title="bbox 288 5115 1902 5190">
    <p class='ocr_par' dir='ltr' id='par_1_97' title="bbox 288 5115 1902 5190">
     <span class='ocr_line' id='line_1_97' title="bbox 288 5115 1902 5190; baseline 0.012 -23"><span class='ocrx_word' id='word_1_608' title='bbox 288 5115 438 5168; x_wconf 87' lang='lat' dir='ltr'>tiam</span> <span class='ocrx_word' id='word_1_609' title='bbox 487 5117 669 5172; x_wconf 87' lang='lat' dir='ltr'>elatus</span> <span class='ocrx_word' id='word_1_610' title='bbox 694 5119 883 5187; x_wconf 86' lang='lat' dir='ltr'>fuerit,</span> <span class='ocrx_word' id='word_1_611' title='bbox 915 5119 1236 5186; x_wconf 77' lang='lat' dir='ltr'>deliberari,</span> <span class='ocrx_word' id='word_1_612' title='bbox 1279 5119 1428 5190; x_wconf 76' lang='lat' dir='ltr'>quod</span> <span class='ocrx_word' id='word_1_613' title='bbox 1463 5118 1644 5184; x_wconf 60' lang='lat' dir='ltr'>3135i“</span> <span class='ocrx_word' id='word_1_614' title='bbox 1681 5120 1902 5186; x_wconf 64' lang='lat' dir='ltr'>debeat.-</span> 
     </span>
    </p>
   </div>
   <div class='ocr_carea' id='block_1_98' title="bbox 290 5203 1910 5282">
    <p class='ocr_par' dir='ltr' id='par_1_98' title="bbox 290 5203 1910 5282">
     <span class='ocr_line' id='line_1_98' title="bbox 290 5203 1910 5282; baseline 0.007 -16"><span class='ocrx_word' id='word_1_615' title='bbox 290 5203 460 5276; x_wconf 60' lang='lat' dir='ltr'>Seire</span> <span class='ocrx_word' id='word_1_616' title='bbox 699 5209 954 5282; x_wconf 64' lang='lat' dir='ltr'>volentes</span> <span class='ocrx_word' id='word_1_617' title='bbox 977 5211 1126 5276; x_wconf 72' lang='lat' dir='ltr'>hanc</span> <span class='ocrx_word' id='word_1_618' title='bbox 1152 5224 1290 5272; x_wconf 69' lang='lat' dir='ltr'>omn</span> <span class='ocrx_word' id='word_1_619' title='bbox 1302 5224 1402 5275; x_wconf 73' lang='lat' dir='ltr'>em,</span> <span class='ocrx_word' id='word_1_620' title='bbox 1413 5208 1750 5276; x_wconf 65' lang='lat' dir='ltr'>iactantiam</span> <span class='ocrx_word' id='word_1_621' title='bbox 1787 5211 1910 5280; x_wconf 61' lang='lat' dir='ltr'>eius</span> 
     </span>
    </p>
   </div>
   <div class='ocr_carea' id='block_1_99' title="bbox 1977 4235 3571 4306">
    <p class='ocr_par' dir='ltr' id='par_1_99' title="bbox 1977 4235 3571 4306">
     <span class='ocr_line' id='line_1_99' title="bbox 1977 4235 3571 4306; baseline 0.011 -17"><span class='ocrx_word' id='word_1_622' title='bbox 1977 4252 2112 4306; x_wconf 88' lang='lat' dir='ltr'>pum</span> <span class='ocrx_word' id='word_1_623' title='bbox 2143 4235 2333 4290; x_wconf 82' lang='lat' dir='ltr'>Remis</span> <span class='ocrx_word' id='word_1_624' title='bbox 2358 4236 2414 4290; x_wconf 91' lang='lat' dir='ltr'>in</span> <span class='ocrx_word' id='word_1_625' title='bbox 2443 4236 2741 4305; x_wconf 75' lang='lat' dir='ltr'>praesentia</span> <span class='ocrx_word' id='word_1_626' title='bbox 2762 4242 2956 4296; x_wconf 82' lang='lat' dir='ltr'>nostra</span> <span class='ocrx_word' id='word_1_627' title='bbox 2978 4237 3052 4304; x_wconf 67' lang='lat' dir='ltr'>ad</span> <span class='ocrx_word' id='word_1_628' title='bbox 3065 4237 3346 4306; x_wconf 78' lang='lat' dir='ltr'>justitiam</span> <span class='ocrx_word' id='word_1_629' title='bbox 3366 4236 3571 4306; x_wconf 60' lang='lat' dir='ltr'>facie“:</span> 
     </span>
    </p>
   </div>
   <div class='ocr_carea' id='block_1_100' title="bbox 1977 4323 3570 4396">
    <p class='ocr_par' dir='ltr' id='par_1_100' title="bbox 1977 4323 3570 4396">
     <span class='ocr_line' id='line_1_100' title="bbox 1977 4323 3570 4396; baseline 0.002 -17"><span class='ocrx_word' id='word_1_630' title='bbox 1977 4323 2110 4379; x_wconf 86' lang='lat' dir='ltr'>dam</span> <span class='ocrx_word' id='word_1_631' title='bbox 2156 4329 2212 4378; x_wconf 87' lang='lat' dir='ltr'>et</span> <span class='ocrx_word' id='word_1_632' title='bbox 2239 4324 2620 4395; x_wconf 83' lang='lat' dir='ltr'>recipiendam</span> <span class='ocrx_word' id='word_1_633' title='bbox 2648 4325 2718 4381; x_wconf 89' lang='lat' dir='ltr'>ab</span> <span class='ocrx_word' id='word_1_634' title='bbox 2769 4326 2889 4396; x_wconf 85' lang='lat' dir='ltr'>ipso</span> <span class='ocrx_word' id='word_1_635' title='bbox 2932 4327 3178 4392; x_wconf 83' lang='lat' dir='ltr'>termino</span> <span class='ocrx_word' id='word_1_636' title='bbox 3223 4331 3570 4396; x_wconf 70' lang='lat' dir='ltr'>congruente</span> 
     </span>
    </p>
   </div>
   <div class='ocr_carea' id='block_1_101' title="bbox 1976 4412 3570 4484">
    <p class='ocr_par' dir='ltr' id='par_1_101' title="bbox 1976 4412 3570 4484">
     <span class='ocr_line' id='line_1_101' title="bbox 1976 4412 3570 4484; baseline 0.003 -18"><span class='ocrx_word' id='word_1_637' title='bbox 1976 4418 2238 4483; x_wconf 86' lang='lat' dir='ltr'>paratum</span> <span class='ocrx_word' id='word_1_638' title='bbox 2282 4412 2634 4480; x_wconf 82' lang='lat' dir='ltr'>haberemus,</span> <span class='ocrx_word' id='word_1_639' title='bbox 2670 4418 2727 4469; x_wconf 84' lang='lat' dir='ltr'>et</span> <span class='ocrx_word' id='word_1_640' title='bbox 2766 4431 2866 4472; x_wconf 84' lang='lat' dir='ltr'>nos</span> <span class='ocrx_word' id='word_1_641' title='bbox 2898 4415 3156 4472; x_wconf 84' lang='lat' dir='ltr'>similiter</span> <span class='ocrx_word' id='word_1_642' title='bbox 3199 4419 3570 4484; x_wconf 69' lang='lat' dir='ltr'>utrorumque</span> 
     </span>
    </p>
   </div>
   <div class='ocr_carea' id='block_1_102' title="bbox 1975 4502 3572 4574">
    <p class='ocr_par' dir='ltr' id='par_1_102' title="bbox 1975 4502 3572 4574">
     <span class='ocr_line' id='line_1_102' title="bbox 1975 4502 3572 4574; baseline 0.001 -18"><span class='ocrx_word' id='word_1_643' title='bbox 1975 4503 2226 4556; x_wconf 85' lang='lat' dir='ltr'>rationes</span> <span class='ocrx_word' id='word_1_644' title='bbox 2253 4518 2416 4572; x_wconf 79' lang='lat' dir='ltr'>aequa</span> <span class='ocrx_word' id='word_1_645' title='bbox 2434 4502 2634 4571; x_wconf 84' lang='lat' dir='ltr'>judicii</span> <span class='ocrx_word' id='word_1_646' title='bbox 2664 4508 2720 4558; x_wconf 88' lang='lat' dir='ltr'>et</span> <span class='ocrx_word' id='word_1_647' title='bbox 2749 4503 3140 4568; x_wconf 67' lang='lat' dir='ltr'>misericordiae</span> <span class='ocrx_word' id='word_1_648' title='bbox 3170 4505 3332 4564; x_wconf 75' lang='lat' dir='ltr'>lance</span> <span class='ocrx_word' id='word_1_649' title='bbox 3361 4504 3572 4574; x_wconf 83' lang='lat' dir='ltr'>pende-</span> 
     </span>
    </p>
   </div>
   <div class='ocr_carea' id='block_1_103' title="bbox 1977 4591 3576 4661">
    <p class='ocr_par' dir='ltr' id='par_1_103' title="bbox 1977 4591 3576 4661">
     <span class='ocr_line' id='line_1_103' title="bbox 1977 4591 3576 4661; baseline 0.011 -16"><span class='ocrx_word' id='word_1_650' title='bbox 1977 4607 2186 4656; x_wconf 87' lang='lat' dir='ltr'>remus,</span> <span class='ocrx_word' id='word_1_651' title='bbox 2216 4596 2274 4645; x_wconf 86' lang='lat' dir='ltr'>et</span> <span class='ocrx_word' id='word_1_652' title='bbox 2300 4591 2358 4644; x_wconf 91' lang='lat' dir='ltr'>in</span> <span class='ocrx_word' id='word_1_653' title='bbox 2389 4591 2648 4647; x_wconf 77' lang='lat' dir='ltr'>omnibus</span> <span class='ocrx_word' id='word_1_654' title='bbox 2684 4592 2915 4648; x_wconf 76' lang='lat' dir='ltr'>modum</span> <span class='ocrx_word' id='word_1_655' title='bbox 2950 4593 3244 4654; x_wconf 79' lang='lat' dir='ltr'>observare</span> <span class='ocrx_word' id='word_1_656' title='bbox 3275 4609 3388 4657; x_wconf 70' lang='lat' dir='ltr'>non</span> <span class='ocrx_word' id='word_1_657' title='bbox 3417 4592 3576 4661; x_wconf 54' lang='grc' dir='ltr'>(Ἀδελ-</span> 
     </span>
    </p>
   </div>
   <div class='ocr_carea' id='block_1_104' title="bbox 1981 4678 3578 4751">
    <p class='ocr_par' dir='ltr' id='par_1_104' title="bbox 1981 4678 3578 4751">
     <span class='ocr_line' id='line_1_104' title="bbox 1981 4678 3578 4751; baseline 0.01 -17"><span class='ocrx_word' id='word_1_658' title='bbox 1981 4680 2342 4734; x_wconf 83' lang='lat' dir='ltr'>muleremus.</span> <span class='ocrx_word' id='word_1_659' title='bbox 2369 4678 2482 4733; x_wconf 85' lang='lat' dir='ltr'>Per</span> <span class='ocrx_word' id='word_1_660' title='bbox 2495 4694 2590 4734; x_wconf 81' lang='lat' dir='ltr'>vos</span> <span class='ocrx_word' id='word_1_661' title='bbox 2611 4685 2800 4750; x_wconf 73' lang='lat' dir='ltr'>autem</span> <span class='ocrx_word' id='word_1_662' title='bbox 2828 4681 3016 4740; x_wconf 71' lang='lat' dir='ltr'>solum</span> <span class='ocrx_word' id='word_1_663' title='bbox 3039 4682 3110 4751; x_wconf 78' lang='lat' dir='ltr'>ad</span> <span class='ocrx_word' id='word_1_664' title='bbox 3123 4681 3578 4750; x_wconf 58' lang='lat' dir='ltr'>emendationem</span> 
     </span>
    </p>
   </div>
   <div class='ocr_carea' id='block_1_105' title="bbox 1980 4768 3580 4840">
    <p class='ocr_par' dir='ltr' id='par_1_105' title="bbox 1980 4768 3580 4840">
     <span class='ocr_line' id='line_1_105' title="bbox 1980 4768 3580 4840; baseline 0.001 -18"><span class='ocrx_word' id='word_1_665' title='bbox 1980 4768 2170 4824; x_wconf 86' lang='lat' dir='ltr'>venire</span> <span class='ocrx_word' id='word_1_666' title='bbox 2193 4784 2298 4822; x_wconf 90' lang='lat' dir='ltr'>nec</span> <span class='ocrx_word' id='word_1_667' title='bbox 2315 4768 2491 4822; x_wconf 83' lang='lat' dir='ltr'>solam</span> <span class='ocrx_word' id='word_1_668' title='bbox 2513 4769 3103 4840; x_wconf 73' lang='lat' dir='ltr'>excommunicationis</span> <span class='ocrx_word' id='word_1_669' title='bbox 3123 4776 3323 4835; x_wconf 68' lang='lat' dir='ltr'>vestrae</span> <span class='ocrx_word' id='word_1_670' title='bbox 3358 4775 3580 4839; x_wconf 49' lang='lat' dir='ltr'>sentent-</span> 
     </span>
    </p>
   </div>
   <div class='ocr_carea' id='block_1_106' title="bbox 1984 4854 3580 4928">
    <p class='ocr_par' dir='ltr' id='par_1_106' title="bbox 1984 4854 3580 4928">
     <span class='ocr_line' id='line_1_106' title="bbox 1984 4854 3580 4928; baseline 0.005 -16"><span class='ocrx_word' id='word_1_671' title='bbox 1984 4855 2124 4912; x_wconf 83' lang='lat' dir='ltr'>tiam</span> <span class='ocrx_word' id='word_1_672' title='bbox 2153 4854 2344 4911; x_wconf 88' lang='lat' dir='ltr'>veneri</span> <span class='ocrx_word' id='word_1_673' title='bbox 2388 4854 2572 4920; x_wconf 78' lang='lat' dir='ltr'>debet,</span> <span class='ocrx_word' id='word_1_674' title='bbox 2626 4873 2754 4912; x_wconf 87' lang='lat' dir='ltr'>cum</span> <span class='ocrx_word' id='word_1_675' title='bbox 2805 4863 2861 4916; x_wconf 86' lang='lat' dir='ltr'>et</span> <span class='ocrx_word' id='word_1_676' title='bbox 2915 4859 3286 4928; x_wconf 52' lang='lat' dir='ltr'>parochianus</span> <span class='ocrx_word' id='word_1_677' title='bbox 3332 4857 3580 4928; x_wconf 68' lang='lat' dir='ltr'>episcopi</span> 
     </span>
    </p>
   </div>
   <div class='ocr_carea' id='block_1_107' title="bbox 1987 4943 3579 5016">
    <p class='ocr_par' dir='ltr' id='par_1_107' title="bbox 1987 4943 3579 5016">
     <span class='ocr_line' id='line_1_107' title="bbox 1987 4943 3579 5016; baseline 0.001 -17"><span class='ocrx_word' id='word_1_678' title='bbox 1987 4943 2406 5002; x_wconf 82' lang='lat' dir='ltr'>Cameracensis</span> <span class='ocrx_word' id='word_1_679' title='bbox 2455 4960 2580 5000; x_wconf 80' lang='lat' dir='ltr'>esse</span> <span class='ocrx_word' id='word_1_680' title='bbox 2612 4944 2978 5014; x_wconf 72' lang='lat' dir='ltr'>dignoscitur,</span> <span class='ocrx_word' id='word_1_681' title='bbox 3033 4956 3092 5010; x_wconf 82' lang='lat' dir='ltr'>et</span> <span class='ocrx_word' id='word_1_682' title='bbox 3139 4949 3440 5013; x_wconf 69' lang='lat' dir='ltr'>lnciacum,</span> <span class='ocrx_word' id='word_1_683' title='bbox 3477 4960 3579 5016; x_wconf 80' lang='lat' dir='ltr'>per</span> 
     </span>
    </p>
   </div>
   <div class='ocr_carea' id='block_1_108' title="bbox 1988 5032 3580 5106">
    <p class='ocr_par' dir='ltr' id='par_1_108' title="bbox 1988 5032 3580 5106">
     <span class='ocr_line' id='line_1_108' title="bbox 1988 5032 3580 5106; baseline 0.001 -18"><span class='ocrx_word' id='word_1_684' title='bbox 1988 5032 2138 5102; x_wconf 85' lang='lat' dir='ltr'>quod</span> <span class='ocrx_word' id='word_1_685' title='bbox 2176 5033 2318 5102; x_wconf 79' lang='lat' dir='ltr'>hanc</span> <span class='ocrx_word' id='word_1_686' title='bbox 2359 5038 2582 5088; x_wconf 80' lang='lat' dir='ltr'>exercet</span> <span class='ocrx_word' id='word_1_687' title='bbox 2611 5033 2904 5102; x_wconf 80' lang='lat' dir='ltr'>malitiam.</span> <span class='ocrx_word' id='word_1_688' title='bbox 2938 5037 2997 5093; x_wconf 86' lang='lat' dir='ltr'>in</span> <span class='ocrx_word' id='word_1_689' title='bbox 3031 5037 3356 5106; x_wconf 70' lang='lat' dir='ltr'>episcopatu.</span> <span class='ocrx_word' id='word_1_690' title='bbox 3379 5035 3580 5101; x_wconf 55' lang='lat' dir='ltr'>Games</span> 
     </span>
    </p>
   </div>
   <div class='ocr_carea' id='block_1_109' title="bbox 1988 5119 3581 5195">
    <p class='ocr_par' dir='ltr' id='par_1_109' title="bbox 1988 5119 3581 5195">
     <span class='ocr_line' id='line_1_109' title="bbox 1988 5119 3581 5195; baseline 0 -19"><span class='ocrx_word' id='word_1_691' title='bbox 1988 5120 2205 5180; x_wconf 70' lang='lat' dir='ltr'>recensi</span> <span class='ocrx_word' id='word_1_692' title='bbox 2226 5121 2473 5191; x_wconf 74' lang='lat' dir='ltr'>positum</span> <span class='ocrx_word' id='word_1_693' title='bbox 2487 5121 2580 5178; x_wconf 79' lang='lat' dir='ltr'>sit.</span> <span class='ocrx_word' id='word_1_694' title='bbox 2590 5123 2800 5189; x_wconf 84' lang='lat' dir='ltr'>Valete,</span> <span class='ocrx_word' id='word_1_695' title='bbox 2823 5130 2880 5177; x_wconf 86' lang='lat' dir='ltr'>et</span> <span class='ocrx_word' id='word_1_696' title='bbox 2890 5124 3040 5195; x_wconf 77' lang='lat' dir='ltr'>quod</span> <span class='ocrx_word' id='word_1_697' title='bbox 3056 5141 3186 5188; x_wconf 74' lang='lat' dir='ltr'>cum</span> <span class='ocrx_word' id='word_1_698' title='bbox 3195 5121 3403 5193; x_wconf 57' lang='lat' dir='ltr'>90min;</span> 
     </span>
    </p>
   </div>
   <div class='ocr_carea' id='block_1_110' title="bbox 1989 5209 2985 5284">
    <p class='ocr_par' dir='ltr' id='par_1_110' title="bbox 1989 5209 2985 5284">
     <span class='ocr_line' id='line_1_110' title="bbox 1989 5209 2985 5284; baseline 0 -5"><span class='ocrx_word' id='word_1_699' title='bbox 1989 5209 2186 5279; x_wconf 68' lang='lat' dir='ltr'>drensi</span> <span class='ocrx_word' id='word_1_700' title='bbox 2207 5209 2457 5284; x_wconf 48' lang='lat' dir='ltr'>egeritis;</span> <span class='ocrx_word' id='word_1_701' title='bbox 2489 5209 2653 5279; x_wconf 66' lang='lat' dir='ltr'>nobis</span> <span class='ocrx_word' id='word_1_702' title='bbox 2677 5211 2985 5282; x_wconf 58' lang='lat' dir='ltr'>rescribite.</span> 
     </span>
    </p>
   </div>
   <div class='ocr_carea' id='block_1_111' title="bbox 2295 5447 2458 5544">
    <p class='ocr_par' dir='ltr' id='par_1_111' title="bbox 2295 5447 2458 5544">
     <span class='ocr_line' id='line_1_111' title="bbox 2295 5447 2458 5544; baseline 0 0"><span class='ocrx_word' id='word_1_703' title='bbox 2295 5447 2458 5544; x_wconf 57' lang='grc' dir='ltr'>ιδ</span> 
     </span>
    </p>
   </div>
  </div>
