4016 6178
538 287 3719 330 mm

1834 444 1999 489 CIRCA
2043 444 2233 488 FINEM
2277 442 2516 489 SECULI.

933 628 1996 801 JOANNIS
2137 538 3387 799 COITTONIS

1836 934 2500 1073 MUSICA.

694 1211 784 1280 (D.
816 1210 1096 1264 Genesar.
1124 1206 1329 1274 Script.
1361 1206 1424 1258 de
1454 1205 1683 1269 Musica,
1715 1204 1790 1263 11,
1824 1198 1951 1266 230,
1976 1200 2483 1339 echrns.'San-)Blas.
2505 1214 2624 1253 sese.
2658 1211 2757 1262 xu,
2783 1200 2978 1253 collato
2999 1215 3126 1253 eum
3165 1198 3547 1252 Vindobonensi
3570 1204 3613 1252 et

2071 1287 2315 1326 zvsiensz.

2071 1287 2315 1326 203187151.

1885 1563 2438 1637 MONITUM.

602 1767 756 1819 Inter
772 1765 1164 1834 praestantiora
1194 1764 1530 1834 scriptorum
1559 1757 1728 1834 medii
1765 1756 1864 1807 aeri
1894 1754 2170 1834 opuscula
2197 1751 2260 1804 de
2292 1752 2505 1834 musica
2532 1751 2736 1834 [riterite
2766 1750 3014 1814 refertur
3037 1750 3272 1834 Joannis
3305 1750 3528 1834 Musica.

539 1819 818 1898 hactenus,
850 1838 948 1904 qui
989 1836 1060 1887 sit
1088 1819 1323 1887 Joannes
1354 1834 1470 1904 iste,
1500 1829 1770 1904 indagare
1789 1827 1999 1904 studui,
2026 1826 2125 1904 qui
2146 1824 2209 1875 in
2238 1838 2341 1904 ms.
2371 1819 2843 1904 LiRS.C‘O'l"l;ON‘I'US
2868 1823 3437 1904 cognominatumgifa
3466 1819 3745 1904 denrcpihit

534 1910 746 1961 notavit
774 1891 1207 1961 cl.‘bz'bti'otheca:
1233 1905 1357 1957 Caes.
1399 1901 1550 1953 Vind.
1583 1891 1777 1951 custos.
1802 1897 2187 1951 Martinczius,
2220 1895 2319 1960 qui
2347 1894 2630 1943 variantes
2663 1892 2912 1943 lectiones
2947 1907 3013 1943 ea:
3049 1892 3160 1943 cod.
3206 1891 3425 1945 Vindob.
3456 1891 3645 1956 collegit
3669 1904 3744 1956 op-

537 1980 683 2031 tima:
711 1984 868 2032 nota.
904 1979 973 2030 In
1001 1976 1117 2029 cod.
1150 1976 1327 2028 Paris.
1366 1975 1593 2024 notatur
1614 1972 1872 2036 protegas
1906 1983 1932 2016 «
1966 1966 2207 2032 Epistota
2235 1964 2469 2016 Joannis
2488 1962 2737 2036 Cottonis
2769 1961 2842 2036 ait
2868 1962 3228 2036 Fulgentium
3259 1964 3559 2036 episcopum.
3583 1962 3747 2036 Anglo-

531 2063 683 2102 rum.
715 2067 737 2099 ι
768 2052 836 2103 1η
865 2064 963 2100 ms.
997 2046 1414 2101 San-Blasiano,
1438 2032 1731 2108 quodfan.
1773 2032 1909 2093 1768
1947 2037 2198 2089 incendio
2216 2036 2408 2100 periit,
2443 2034 2779 2108 simpliciter
2804 2033 3212 2108 inscﬁbcoatur
3238 2033 3473 2108 Joannis
3501 2032 3697 2087 Nasica,
3726 2049 3744 2079 ι

530 2124 595 2172 ut
612 2102 822 2187 passim
853 2121 1013 2181 alias,
1042 2119 1237 2183 quippe
1272 2130 1381 2167 non
1412 2102 1544 2163 raro
1565 2111 1807 2187 occurrit
1826 2112 2021 2187 auctor
2048 2109 2146 2159 iste
2170 2120 2273 2172 pro
2301 2119 2403 2187 sua
2430 2104 2781 2187 prfstantia,
2805 2107 2925 2187 post
2952 2102 3255 2187 Gaiae-nem
3284 2104 3587 2187 Aretinum,
3614 2116 3745 2168 quem

531 2173 684 2243 αιτιοι
705 2173 1011 2243 Bernonein
1034 2173 1359 2253 jugiensem
1385 2185 1536 2242 citat,
1562 2183 1713 2233 nulli
1732 2180 2000 2253 secundus
2029 2188 2235 2253 ποτ-Χῖ
2267 2178 2345 2227 vet
2368 2188 2463 2253 im.
2504 2173 2651 2253 Sunt
2682 2176 2781 2239 qui
2810 2175 2977 2253 illum
3003 2176 3319 2253 ponti/tecm
3349 2175 3637 2253 Βοῃιαῃιρη
3671 2187 3744 2223 αν.

524 2265 756 2328 guerent
783 2277 848 2313 ea;
867 2244 1175 2325 formutavct
1205 2256 1405 2310 Servus
1432 2267 1715 2328 servorum
1738 2252 1850 2328 Dei,
1887 2269 1908 2328 ξ
1941 2264 2056 2328 qua
2080 2249 2265 2328 utitur
2287 2264 2302 2309 ;
2337 2250 2394 2297 at
2416 2260 2549 2328 pero
2576 2245 2881 2328 etiarn'alii
2919 2246 3037 2328 uiri
3056 2244 3526 2328 religiosiavelulti
3544 2244 3748 2328 famth

524 2313 826 2385 "monachus
855 2313 1277 2395 Clanofoliensis
1307 2327 1369 2377 in
1410 2325 1525 2376 Vita
1551 2322 1606 2377 S.
1638 2323 1846 2395 Mauri,
1883 2313 1984 2395 hac
2021 2318 2429 2395 forinulasunt
2458 2318 2564 2367 usi.
2610 2316 2717 2380 Qui
2745 2314 2902 2395 hodie
2930 2314 3164 2395 historia
3195 2317 3417 2395 musica:
3436 2315 3652 2395 studiose
3672 2313 3747 2365 ad.

522 2403 751 2455 modum
775 2416 996 2469 operam
1032 2386 1253 2452 'navant
1281 2397 1396 2449 viri
1412 2395 1563 2469 docti
1583 2394 1768 2458 Angli,
1798 2390 2027 2469 prodere
2058 2388 2278 2469 aliquid
2304 2388 2373 2469 de.
2394 2388 2606 2439 Joanne
2650 2401 2715 2437 ea:
2746 2388 2969 2469 nomine
2995 2386 3298 2452 Fulgentii,
3339 2387 3632 2451 Anglorum
3665 2399 3748 2436 an-

524 2473 735 2539 tistitis,
767 2456 862 2525 citi
881 2472 1138 2525 inscribit
1169 2469 1376 2521 librum
1398 2467 1459 2518 in
1492 2456 1920 2530 tucemﬁqueant,
1950 2475 2081 2526 quos
2109 2460 2329 2525 frustra
2359 2461 2541 2509 tamen
2572 2456 2849 2509 consului.

1602 2594 2624 2767 ‘PROLOGUS.

588 2882 828 2939 Domino
856 2884 914 2935 et
928 2878 1083 2934 Patri
1102 2893 1204 2932 suo
1221 2872 1525 2930 venerabili
1540 2872 1851 2942 Anglorum
1868 2869 2166 2929 antistitiA
2191 2870 2328 2922 satis
2384 2873 2543 2939 aptas
2590 2873 2649 2922 et
2701 2868 2869 2922 utiles
2917 2868 3252 2940 legentibus,
3291 2870 3340 2924 si
3389 2869 3553 2924 velles
3592 2867 3750 2934 modo,

516 2969 981 3034 FULGENTIO,VirO
1011 2966 1222 3021 scilicet
1242 2981 1308 3018 ex
1330 2979 1390 3017 re
1406 2977 1611 3016 nomen
1628 2958 1879 3018 habenti,
1905 2958 2111 3028 quippe
2166 2964 2169 2965 ⁷
2193 2975 2385 3028 posses
2405 2973 2702 3027 excerpere
2741 2958 2964 3027 regulas
2987 2976 2999 3025 ;
3035 2958 3273 3028 proinde
3303 2964 3370 3013 ut
3400 2959 3514 3014 haec
3555 2975 3655 3013 una
3679 2974 3752 3010 ex-

517 3062 615 3133 qui
644 3066 702 3116 et
729 3057 1027 3131 prudentia
1056 3055 1247 3125 pollet,
1272 3059 1328 3106 et
1348 3050 1589 3105 sanitate
1612 3048 1816 3117 fulget;
1845 3048 2105 3111 lcum-ss,

512 3168 712 3208 servus
740 3164 1028 3204 servorum
1056 3144 1178 3210 Dei,
1202 3140 1473 3214 quidquid
1508 3137 1664 3193 Patri
1693 3136 1887 3200 Filius,
1920 3134 2107 3188 Domi-

511 3256 700 3312 noque
730 3253 944 3293 servus.

581 3331 724 3385 Cum
742 3344 834 3381 me
862 3324 1106 3396 plurima
1135 3326 1306 3391 atque
1331 3318 1551 3373 diversa
1588 3314 1806 3368 videres
1835 3313 2105 3381 indagare

509 3418 718 3482 studia,
758 3416 859 3470 uni
887 3420 1077 3469 tamen
1125 3409 1250 3474 arti,
1283 3406 1542 3461 videlicet
1568 3403 1795 3457 musicas
1831 3402 2106 3471 praecipue

509 3522 741 3580 cperam
768 3505 924 3567 dare,
954 3501 1024 3554 de
1054 3500 1176 3570 ipsa
1201 3513 1290 3550 me
1337 3500 1459 3548 arte
1490 3492 1826 3561 compellare
1865 3488 2101 3558 coepisti,

2192 3045 2405 3099 cusatio
2461 3061 2690 3116 prorsus
2728 3050 2910 3099 cesset
2956 3046 3251 3111 admoneo,
3311 3063 3439 3100 cum
3484 3046 3658 3111 etiam,
3699 3050 3751 3097 ut

2190 3134 2388 3188 beatus
2416 3135 2721 3205 Gregorius
2740 3135 2893 3197 dicit,
2927 3135 3090 3199 vires,
3125 3151 3266 3206 quas
3295 3135 3575 3207 imperitia
3596 3136 3746 3187 dene-

2185 3230 2300 3294 gat,
2335 3222 2579 3277 charitas
2617 3223 3024 3278 subministret.
3068 3222 3168 3277 His
3197 3240 3335 3294 ergo
3378 3224 3537 3279 dictis
3560 3229 3748 3276 retusus

2186 3313 2483 3382 extemplo,
2533 3317 2724 3382 atque,
2772 3317 2837 3365 ut
2891 3310 3076 3365 verius
3135 3311 3344 3378 dicam,
3397 3318 3514 3367 tam
3564 3308 3746 3383 potenti

2187 3401 2508 3471 compulsus
2518 3400 2790 3470 jussione,
2811 3416 2951 3470 opus
2971 3400 3121 3470 quod
3143 3399 3286 3453 mihi
3304 3401 3361 3454 in
3362 3402 3619 3471 junxeras
3635 3414 3746 3451 con-

2187 3491 2426 3544 ﬁdenter
2459 3506 2759 3560 aggressus
2800 3506 2960 3556 sum;
2993 3488 3433 3559 prudentiorum
3464 3504 3683 3558 namque
3704 3492 3749 3540 et

2185 3578 2654 3649 perspicaciorum
2703 3577 2914 3631 derisui
2954 3576 3246 3645 subjacere
3287 3575 3486 3638 malui,
3531 3571 3746 3645 quamin

2185 3670 2341 3721 tuam
2370 3666 2834 3736 indignationem,
2869 3665 2916 3718 si
2955 3664 3351 3736 obtemperare
3380 3666 3601 3727 nollem,
3632 3660 3747 3716 inci-

2184 3756 2335 3810 dere.
2362 3756 2570 3810 Puerili
2602 3756 2829 3826 quidem
2856 3755 3001 3825 stylo
3032 3771 3196 3808 usum
3238 3771 3335 3807 me
3357 3755 3631 3825 proﬁteor,
3671 3765 3746 3803 ve-

2183 3852 2521 3915 rumtamen,
2557 3845 2651 3915 qui
2672 3844 2899 3897 utiliora
2920 3843 3254 3897 videbantur
3287 3859 3358 3896 ac
3387 3842 3563 3910 magis
3592 3854 3747 3895 neces-

504 3577 749 3651 suadens
765 3592 849 3646 uti
875 3590 947 3644 ad
975 3586 1290 3641 doctrinam
1320 3589 1375 3637 et
1408 3579 1875 3635 illuminationem
1918 3577 2105 3630 minus

507 3682 860 3740 eruditorum
879 3678 1128 3746 aliquam
1158 3670 1423 3742 ingenioli
1446 3668 1555 3722 mei
1571 3683 1826 3720 curarem
1847 3665 2104 3720 emittere

507 3768 905 3833 scintillulam;
938 3764 1072 3835 quid
1104 3777 1230 3815 cum
1288 3757 1491 3812 dubius
1543 3754 1929 3825 trepidusque,
1981 3760 2104 3807 tan-

504 3875 674 3931 quam
695 3857 791 3928 qui
819 3854 891 3909 ad
920 3854 1023 3906 hoc
1049 3848 1386 3920 implendum
1408 3844 1842 3914 haudquaquam
1866 3842 2007 3895 mihi
2026 3841 2104 3895 vi-

504 3927 678 4007 debar
698 3927 955 4010 idoneus,
988 3943 1302 4012 refugerem
1335 3937 1530 3991 crebra
1550 3952 1716 3989 aures
1738 3951 1891 3988 meas
1915 3936 2103 3989 admo-
2183 3935 2332 3988 saria
2353 3951 2417 3988 ex
2446 3934 2686 3987 aliorum
2718 3931 2998 3986 codicellis
3034 3932 3440 4002 compendiose
3468 3930 3669 4000 collegi,
3691 3927 3746 3980 de

501 4040 715 4096 nitione
743 4035 1027 4109 pulsabas,
1054 4029 1500 4097 versiculumque
1534 4025 1694 4079 illum
1718 4024 1969 4077 veritatis
1998 4024 2154 4109 εἰσ-⁸
2183 4038 2308 4076 meo
2337 4022 2621 4075 interdum
2665 4019 2836 4074 etiam
2882 4018 3094 4073 addens
3134 4018 3409 4088 igniculo.
3441 4017 3650 4072 Placuit
3671 4031 3747 4070 au-

502 4135 643 4194 ctor,
675 4100 1013 4181 et-caritatis
1042 4123 1265 4174 amator
1292 4130 1515 4185 semper
1556 4111 1696 4165 mihi
1736 4110 2047 4164 instillabas
2079 4100 2158 4160 :B
2181 4115 2296 4164 tem
2322 4108 2625 4179 aliquantis
2649 4107 2902 4161 libellum
2940 4106 3200 4177 capitulis
3236 4106 3605 4176 distinguere,
3636 4110 3690 4159 ut
3711 4102 3747 4155 si

502 4191 779 4293 sapientia
808 4212 1045 4275 occulta,
1091 4213 1150 4262 et
1195 4207 1494 4259 thesaurus
1538 4199 1918 4261 absconditus,
1971 4215 2093 4268 quae
2175 4198 2309 4269 quid
2351 4198 2525 4251 lector
2555 4196 2706 4249 inter
2741 4201 2944 4249 caetera
2988 4193 3204 4265 avidius
3250 4195 3560 4264 quaesierit,
3608 4191 3746 4247 citius

499 4283 717 4362 utilitas
758 4302 818 4355 in
862 4300 1135 4368 utrisque.
1165 4294 1250 4347 Ad
1282 4293 1398 4346 haec
1426 4306 1515 4343 me
1541 4288 1643 4341 tibi
1663 4287 2093 4357 respondentem
2174 4287 2280 4340 hoc
2319 4291 2488 4357 atque
2530 4285 2749 4339 facilius
2775 4301 2876 4355 per
2901 4283 3218 4354 praemissas
3256 4284 3650 4338 adnotationes
3676 4296 3749 4334 re.

499 4393 649 4466 quod
692 4388 929 4454 hebetis,
987 4390 1044 4438 et
1072 4380 1365 4437 imbecillis
1395 4393 1574 4466 essem
1603 4374 1836 4466 ingenii,
1870 4374 1971 4427 tali
2000 4372 2094 4466 ob:
2175 4376 2284 4446 cipi
2314 4376 2513 4429 valeat.
2543 4374 2677 4429 Tuae
2705 4374 2896 4443 igitur,
2930 4372 3080 4442 quod
3108 4377 3164 4425 te
3192 4372 3475 4428 suadente
3499 4370 3683 4441 incepi,
3702 4371 3747 4421 et

496 4460 744 4553 factione
772 4471 1167 4546 compescebas
1189 4488 1200 4524 :
1225 4467 1361 4539 quid
1381 4470 1483 4529 est,
1504 4462 1762 4532 ﬁli,quod
1784 4460 2091 4553 dicis.quid
2173 4463 2412 4518 Domino
2432 4463 2743 4534 opitulante
2774 4460 3000 4532 perfeci,
3033 4460 3205 4514 oll‘ero
3236 4460 3748 4531 clementiae,quate-

499 4547 603 4635 est,
648 4568 900 4637 inquam,
955 4559 1104 4633 quod
1149 4554 1437 4626 loqueris?
1466 4566 1653 4605 nonne
1679 4565 1782 4619 ego
1819 4554 1876 4602 te
1907 4547 2086 4602 Boetii
2171 4570 2279 4607 nus
2309 4570 2408 4623 per
2444 4557 2501 4606 te
2530 4550 2817 4622 probetur,
2849 4555 2908 4605 et
2935 4564 3038 4620 per
3072 4553 3130 4603 te
3159 4549 3506 4620 corrigatur,
3545 4553 3698 4617 atque
3718 4559 3748 4596 a

494 4633 791 4719 musicam,
832 4657 1001 4723 atque
1037 4645 1329 4706 Guidonis.
1370 4656 1588 4696 necnon
1630 4643 1688 4692 et
1715 4638 2006 4703 Bemonis,
2038 4637 2087 4691 si
2166 4642 2456 4697 venenatis
2481 4641 2863 4696 detractorum
2886 4636 3168 4693 morsibus
3185 4642 3289 4692 tua
3316 4637 3648 4694 auctoritate
3661 4633 3745 4689 de-

493 4750 646 4802 recte
661 4739 1119 4809 memini,legisse
1137 4731 1425 4803 comperi?
1446 4728 1649 4783 Nonne
1676 4731 1733 4781 et
1751 4743 1854 4796 ego
1876 4730 2088 4796 quanta
2167 4731 2448 4786 fendatur.
3148 4724 3155 4727 ’

493 4835 571 4891 sit
596 4833 685 4889 tui
702 4830 938 4887 facultas
965 4824 1179 4896 ingenii
1208 4837 1379 4894 quam
1403 4816 1663 4890 plurimis
1683 4816 1888 4869 edidici
1932 4832 2093 4886 expe-
2395 4822 2622 4874 Finitur
2666 4820 2942 4887 praefatio,
2967 4819 3249 4886 incipiunt
3278 4818 3554 4885 capitula.

491 4921 772 4985 rimentis,
801 4919 941 4974 adeo
970 4922 1035 4970 ut
1059 4913 1192 4985 quid
1229 4911 1313 4966 tui
1351 4914 1576 4981 portare
1605 4911 1816 4977 queant
1843 4905 2085 4972 humeri,

488 5020 546 5072 et
571 5011 721 5086 quod
755 5007 990 5063 minime
1017 5018 1184 5058 nemo
1218 5000 1420 5055 melius
1445 5014 1536 5051 me
1561 5001 1731 5066 atque
1758 4994 2086 5049 indubitan-
2169 4997 2395 5055 debeat,

487 5080 608 5160 tius
649 5097 900 5157 noverit?
942 5093 1195 5150 Profecto
1232 5106 1345 5144 non
1373 5087 1521 5141 bona
1547 5101 1651 5139 nec
1679 5084 1998 5155 recipienda
2025 5089 2082 5138 te
2235 5089 2306 5143 II.
2342 5087 2475 5150 Quae
2496 5086 2710 5141 utilitas
2738 5086 2815 5139 sit
2852 5084 2997 5139 scire
3027 5082 3320 5146 musicam,
3346 5087 3407 5139 et
3434 5082 3571 5154 quid
3597 5080 3744 5136 distet

488 5199 684 5250 contra
727 5206 818 5244 me
862 5185 1079 5241 ratione
1107 5180 1305 5245 tueris,
1348 5183 1517 5248 atque
1564 5173 1611 5229 si
1643 5174 1849 5228 rectius
1891 5172 2082 5226 omnia
2160 5178 2310 5231 inter
2343 5175 2638 5241 musicum,
2675 5180 2732 5229 et
2749 5178 3057 5229 cantarem.

479 5290 829 5366 perpendere
857 5286 1047 5346 velles,
1081 5279 1380 5353 quominus
1411 5292 1503 5330 me
1531 5272 1891 5366 monitusque
1920 5287 2077 5366 meos
2193 5355 2204 5366 .
2231 5267 2331 5366 IlI.
2374 5265 2533 5366 Unde
2562 5265 2636 5319 sit
2661 5263 2811 5319 dicta
2839 5262 3074 5327 musica,
3108 5267 3165 5317 et
3191 5279 3227 5316 a
3253 5277 3367 5333 quo
3396 5267 3456 5315 et
3481 5256 3742 5332 quomodo

477 5355 797 5453 sequerere,
836 5389 1065 5429 causam
1112 5386 1224 5424 non
1267 5365 1540 5429 haberes;
1578 5378 1709 5416 nam
1738 5366 1801 5414 ut
1820 5361 1889 5413 de
1920 5360 2069 5413 Mar-
2090 5376 2134 5436 ρ
2159 5355 2235 5409 sit
2254 5355 2501 5410 inventa.

473 5436 628 5536 tiale,
659 5436 883 5527 Ottone,
918 5462 1187 5523 Notkero,
1217 5471 1458 5527 quorum
1486 5451 1773 5536 libro“
1786 5454 1979 5519 utpote
2006 5448 2065 5501 in
2216 5443 2498 5536 _I-V._Quot
2516 5441 2630 5495 sint
2653 5440 3029 5536 instrumenta
3050 5437 3248 5536 musici
3273 5436 3432 5536 soni.

468 5524 737 5615 hacrarte
783 5524 1308 5626 probatissimorum
1371 5524 2064 5612 diligentnrspexisse
2215 5533 2283 5588 V.
2317 5532 2399 5587 De
2431 5546 2666 5586 numero
2693 5530 3050 5607 litterarum,
3068 5534 3127 5584 et
3168 5526 3239 5582 de
3281 5524 3620 5581 discretione
3659 5536 3740 5578 ca-

464 5647 689 5714 diceris,
717 5625 937 5709 sileam,
986 5639 1057 5695 de
1084 5634 1446 5710 praefatorum
1487 5630 1736 5686 virorum
1779 5625 2062 5698 opusculis
2144 5638 2293 5679 rum.

2246 4908 2294 4965 1.
2326 4908 2578 4973 Qualiter
2605 4907 2731 4977 quis
2755 4906 2826 4960 ad
2851 4906 3080 4961 musicae
3108 4904 3472 4976 disciplinam
3492 4922 3553 4959 se
3571 4906 3742 4975 aptare
