3972 6172
280 279 424 341 1393
858 333 867 337 -
1002 363 1007 367 θ
1530 294 1582 349 J.
1623 292 1979 350 corroms
2016 294 2312 353 MUSICA.
3417 305 3556 364 1394

346 408 450 502 γὲ
497 409 755 502 Qualiter
804 415 1250 473 mensurandum
1296 419 1370 473 sit
1406 404 1937 481 monocbordumA
2022 418 2223 474 XVIII.
2256 420 2541 493 Praecepta
2564 424 2634 480 de
2664 433 2833 481 cantu
2858 431 3262 502 componendo.

342 497 469 553 VII.
500 497 664 554 Unde
700 497 923 555 dicatur
949 506 1411 575 monochordum,
1445 513 1503 562 et
1529 508 1599 562 ad
1630 509 1765 580 quid
1802 509 1877 564 sit
2026 508 2171 562 XIX.
2205 509 2339 573 Quae
2367 510 2441 564 sit
2468 512 2681 583 optima
2705 497 3031 571 modulandi
3059 517 3260 573 forma.

269 587 472 679 utile;
542 677 560 679 _
817 678 845 679 ρ
2026 598 2144 651 ΧΧ.
2191 598 2444 663 Qualiter
2490 617 2591 672 per
2634 604 2849 658 vocales
2898 612 3097 662 cantus
3124 614 3361 679 possunt
3390 625 3546 666 com-

339 676 493 732 VIII.
526 677 677 741 Quot
703 678 855 732 modi
902 680 1034 747 sint,
1086 682 1288 753 quibus
1337 686 1582 741 melodia
1616 689 1874 743 contexi-
1956 686 2108 754 poni.

268 773 378 822 tur.
2023 775 2167 829 XXI.
2202 776 2348 840 Quid
2390 776 2651 833 utilitatis
2689 781 2929 836 afferant
2963 798 3182 837 neuma:
3224 801 3259 839 a
3288 785 3546 843 Guidone

338 856 437 912 IX.
470 855 632 921 Quod
663 856 779 911 sint
807 873 1006 912 vocum
1036 859 1444 932 discrepantiae,
1486 870 1544 919 et
1568 865 1638 919 de
1671 866 1868 939 diapa-
1949 862 2208 920 inventae.

268 962 390 1038 son.
441 1035 475 1038 _
665 1035 701 1038 μ
988 1036 998 1038 ᾉ
1092 1036 1101 1038 _
2020 952 2195 1007 XXII.
2230 955 2309 1008 De
2340 972 2510 1025 pravo
2538 973 2641 1011 usu
2663 958 2996 1029 abjiciendo,
3020 964 3078 1014 et
3101 964 3547 1038 superﬂuisquo-

337 1035 410 1089 X.
440 1035 524 1089 De
552 1035 753 1096 modis,
788 1052 930 1107 quos
949 1036 1177 1092 abusive
1204 1043 1370 1094 tonos
1390 1042 1756 1112 appellamus.
1948 1041 2210 1095 rumdam
2241 1044 2535 1098 modorum
2565 1045 2913 1101 differentiis.

335 1124 435 1179 XI.
479 1123 561 1178 De
601 1123 892 1179 tenoribus
921 1125 1237 1193 modorum,
1270 1134 1327 1182 et
1354 1130 1616 1185 ﬁnalibus
1644 1149 1856 1187 eorum.
2016 1131 2215 1185 XXIII.
2247 1132 2327 1185 De
2354 1133 2675 1203 diaphonia,
2701 1135 2759 1189 id
2789 1141 2875 1189 est
2899 1152 3128 1206 organo.

332 1211 462 1268 XII.
508 1213 591 1268 De
639 1214 886 1284 regulari
925 1230 1095 1269 cursu
1138 1217 1453 1285 modorum,
1487 1225 1656 1291 atque
1687 1222 1861 1276 licen-
2016 1218 2220 1277 XXIV.
2266 1220 2346 1274 De
2392 1222 2574 1292 primo
2620 1224 2805 1291 modo,
2856 1230 2913 1278 et
2954 1228 3075 1296 ejus
3113 1227 3388 1301 discipulo
3414 1248 3545 1288 cum

264 1302 359 1357 tia.
1942 1305 2290 1362 dilferentiis.

330 1388 490 1444 XIII.
540 1391 721 1460 Super
756 1406 939 1459 graeca
974 1398 1239 1448 notarum
1265 1396 1534 1451 vocabula
1563 1399 1855 1468 expositio.
2008 1397 2172 1450 XXV.
2204 1399 2285 1451 De
2314 1398 2480 1452 tertio
2509 1402 2641 1453 tono
2683 1407 2740 1455 et
2777 1407 2998 1472 quarto,
3050 1408 3109 1458 et
3145 1422 3341 1462 eorum
3371 1408 3533 1464 diffe-

326 1479 473 1534 XIV.
509 1479 654 1543 Quid
682 1479 1000 1535 faciendum
1025 1482 1100 1535 sit
1124 1483 1194 1537 de
1227 1489 1415 1552 cantu,
1448 1486 1542 1556 qui
1581 1487 1640 1541 in
1665 1505 1858 1560 perpe-
1937 1487 2150 1541 rentiis.

258 1573 354 1623 tuo
381 1583 554 1623 cursu
581 1567 787 1622 deﬁcit.
2005 1576 2200 1630 XXVI.
2232 1578 2313 1632 De
2355 1578 2549 1649 quinto
2593 1584 2651 1633 et
2705 1587 2879 1648 sexto,
2932 1587 2991 1637 et
3035 1599 3233 1639 eorum
3279 1586 3538 1644 differen-

322 1657 443 1712 XV.
475 1656 636 1721 Quod
654 1657 959 1712 stultorum
986 1658 1310 1732 ignorantia
1336 1680 1482 1735 sazpe
1512 1671 1740 1720 cantum
1761 1667 1853 1720 de-
1934 1664 2047 1719 tiis.

251 1752 465 1817 pravet.
2004 1754 2229 1810 XXVII.
2264 1756 2344 1811 De
2372 1757 2611 1828 septimo
2641 1762 2699 1813 et
2723 1765 2938 1826 octavo,
2970 1767 3028 1817 et
3048 1779 3245 1818 eorum
3264 1764 3530 1822 differen-

315 1833 466 1889 XVI.
496 1833 658 1898 Quod
680 1833 887 1887 diversi
906 1834 1139 1891 diversis
1168 1838 1517 1896 delectentur
1535 1844 1736 1897 modis.
1930 1844 2044 1899 tiis.

314 1922 492 1978 XVII.
516 1923 597 1978 De
626 1922 879 1993 potentia
906 1925 1153 1995 musicae,
1190 1933 1248 1983 et
1276 1930 1373 2001 qui
1400 1931 1664 2002 primitus
1694 1950 1762 1988 ea
1787 1932 1847 1988 in

724 1954 879 1976 cuu'a
906 1954 1153 1995 mumcw,
1190 1954 1248 1983 CI:
1276 1954 1373 2001 (μυ.
1400 1954 1664 2002 primitus
1694 1954 1762 1988 ea
1787 1954 1847 1988 1n

1467 1954 1664 1988 mutus
1694 1954 1762 1988 ea
1787 1954 1847 1988 In
2421 1954 2743 2024 Expliciunt
2771 1959 3035 2026 capitula.

251 2011 506 2066 Romana
530 2011 778 2067 Ecclesia
806 2012 897 2067 usi
923 2012 1054 2069 sint.

570 2310 1044 2408 INCIPIT
1115 2313 1804 2411 TRACTATUS
1872 2316 2394 2414 JOANNIS
2452 2320 2615 2413 DE
2687 2318 3186 2468 MUSIQA.

310 2518 565 2587 Qualiter
592 2521 717 2586 quis
744 2520 820 2573 ad
848 2524 1069 2601 musica
1103 2523 1463 2601 disciplinam
1490 2538 1542 2575 se
1575 2528 1765 2591 aptare
1920 2522 2140 2577 Musica
2165 2541 2280 2578 una
2309 2530 2396 2579 est
2441 2543 2505 2580 ex
2551 2532 2768 2598 septem
2804 2528 3041 2595 artibus,
3089 2546 3230 2601 quas
3256 2531 3521 2591 liberales

928 2593 1131 2646 ἀϐὒεαε-
1918 2613 2221 2683 appellant,
2240 2614 2514 2668 naturalis
2536 2593 2761 2685 quidem
2782 2593 3258 2687 quemadmodum
3289 2626 3347 2675 et
3363 2622 3515 2692 aliae;

306 2696 556 2752 Primum
589 2697 697 2752 hoc
735 2697 837 2763 illi,
881 2700 977 2767 qui
1006 2716 1066 2753 se
1110 2699 1181 2753 ad
1228 2702 1455 2756 musicae
1483 2699 1834 2771 disciplinam
1916 2701 2066 2754 unde
2095 2707 2151 2754 et
2173 2703 2515 2771 joculatores
2539 2709 2616 2756 .et
2643 2704 2967 2770 histriones,
3001 2707 3098 2776 qui
3123 2723 3353 2777 prorsus
3382 2719 3519 2767 sunt

233 2790 433 2856 aptare
482 2784 783 2849 desiderat,
832 2785 1198 2856 injungimus,
1246 2789 1329 2842 uti
1378 2789 1594 2843 litteras
1633 2806 1831 2844 mono-
1914 2788 2209 2856 illitterati,
2237 2790 2555 2845 dulcisonas
2591 2792 2895 2862 aliquando
2932 2793 3186 2848 videmus
3219 2802 3517 2854 contexere

232 2874 427 2929 chordi
456 2891 583 2929 cum
625 2874 856 2945 syllabis
902 2877 1296 2948 suprascriptis
1325 2879 1553 2932 ﬁrmare
1581 2879 1824 2943 studeat,
1913 2878 2241 2932 cantilenas.
2298 2880 2427 2943 Sed,
2482 2880 2627 2934 sicut
2668 2881 3057 2949 grammatica,
3115 2883 3410 2941 dialectica
3455 2893 3514 2943 et

228 2980 332 3017 nec
367 2969 671 3034 antequam
696 2980 792 3018 eas
822 2964 1148 3019 memoriter
1172 2972 1379 3033 teneat,
1414 2967 1484 3021 ab
1512 2968 1619 3021 hoc
1656 2984 1825 3038 opere
1909 2972 2121 3021 caeteras
2150 2972 2321 3031 artes,
2349 2968 2395 3021 si
2420 2985 2533 3022 non
2563 2974 2748 3022 essent
2779 2952 3127 3040 conscriptae,
3160 2986 3225 3025 ac
3245 2988 3346 3042 per
3373 2990 3512 3044 prta-

225 3052 465 3107 desistat
489 3071 502 3106 :
530 3052 628 3106 sed
647 3052 717 3106 de
747 3052 952 3107 litteris
980 3070 1130 3107 nunc
1167 3054 1351 3110 dicere
1388 3056 1718 3120 differimus,
1761 3063 1825 3111 ut
1906 3062 2069 3126 cepta
2097 3056 2406 3123 elucidatze,
2434 3059 2661 3112 incertae
2682 3056 3024 3111 haberentur
3049 3064 3105 3112 et
3133 3059 3395 3127 confusa,
3427 3063 3512 3119 ita

222 3147 353 3213 post
388 3141 496 3195 hoc
524 3141 890 3197 commodius.
927 3148 1097 3212 atque
1140 3143 1368 3199 uberius
1404 3138 1495 3199 de'
1517 3146 1596 3199 eis
1625 3151 1824 3201 tracte-
1908 3151 1965 3199 et
1986 3146 2121 3200 haec.
2148 3146 2447 3200 Sciendum
2469 3153 2678 3213 autem,
2713 3148 2847 3217 quia
2874 3163 2967 3200 ars
2988 3147 3096 3201 ista
3126 3148 3279 3202 haud
3310 3150 3508 3206 intima

222 3246 382 3298 mus;
416 3246 567 3285 nunc
594 3235 786 3284 autem
816 3231 885 3284 de
906 3230 1136 3302 syllabis
1164 3233 1379 3303 aliquid
1401 3234 1670 3289 dicamus.
1714 3238 1824 3290 Sex
1910 3234 2057 3287 inter
2102 3240 2253 3289 artes
2297 3240 2381 3288 est
2427 3236 2759 3305 reputanda,
2792 3236 3103 3305 praesertim
3133 3252 3260 3291 cum
3289 3239 3507 3296 clericis

221 3325 358 3374 sunt
387 3318 635 3391 syllabae,
667 3335 806 3389 quas
842 3319 913 3373 ad
944 3336 1086 3391 opus
1115 3321 1338 3377 musicae
1369 3323 1822 3399 assumimus,di-
1838 3367 1880 3399 ρ
1909 3322 2152 3375 maxime
2180 3322 2252 3375 sit
2280 3322 2613 3376 necessaria.
2637 3328 2693 3376 et
2720 3321 3061 3393 quibuslibet
3089 3340 3214 3378 eam
3235 3342 3505 3382 exercen-

222 3424 395 3462 versaa
421 3408 645 3480 quidem
672 3408 821 3479 apud
841 3408 1087 3463 diversos
1111 3428 1125 3477 ;
1152 3427 1343 3464 verum
1369 3412 1556 3481 Angli,
1589 3412 1818 3466 Franci-
1839 3408 1881 3426 υ
1901 3409 2049 3464 tibus
2071 3409 2225 3463 utilis
2255 3415 2312 3462 et
2333 3410 2596 3479 jocunda.
2633 3410 2898 3480 Quisquis
2939 3426 3182 3481 namque
3219 3411 3504 3469 incessan-

215 3514 400 3567 genae,
422 3496 721 3551 Alemanni
749 3501 990 3551 utuntur
1017 3498 1105 3552 his
1138 3503 1220 3562 ut,
1253 3515 1329 3561 re,
1370 3504 1466 3565 mi,
1499 3502 1579 3568 fa,
1609 3504 1707 3566 sol,
1738 3505 1813 3556 la.
1897 3503 1986 3552 ter
2014 3499 2064 3552 ei
2093 3514 2320 3569 operam
2353 3498 2694 3560 adhibuerit,
2726 3504 2785 3552 et
2811 3498 2932 3552 sine
2966 3499 3381 3557 intermissione
3409 3502 3500 3558 in-

213 3585 343 3640 Itali
366 3590 561 3640 autem
584 3584 724 3639 alias
751 3584 1147 3657 habent,quas,
1166 3588 1261 3658 qui
1283 3604 1448 3642 nosse
1470 3589 1811 3655 desiderant,
1886 3587 2148 3649 ,defessus
2204 3587 2494 3653 institerit,
2550 3589 2722 3641 talem
2777 3588 2908 3641 inde
2975 3589 3239 3660 consequi
3290 3592 3501 3661 poterit

212 3676 561 3746 stipulentur
588 3675 658 3728 ab
687 3675 842 3746 ipsis.
890 3676 997 3730 Eas
1028 3692 1177 3742 vero,
1224 3677 1425 3747 quibus
1467 3695 1569 3732 nos
1598 3679 1815 3733 utimur
1895 3676 2161 3740 fructum,
2186 3682 2249 3730 ut
2277 3677 2346 3729 de
2377 3682 2576 3730 cantus
2605 3676 2875 3747 qualitate
2904 3693 2977 3730 an
3010 3677 3086 3731 sit
3113 3677 3383 3746 urbanus,
3415 3697 3492 3736 an

211 3763 479 3835 syllabas,
511 3780 576 3818 ex
604 3764 814 3835 hymno
848 3763 945 3817 illo
974 3774 1228 3836 sumptas
1252 3767 1429 3833 aiunt,
1473 3767 1812 3838 cujusprin-
1895 3765 1970 3819 sit
1990 3766 2252 3835 vulgaris,
2285 3782 2448 3819 verus
2491 3782 2565 3819 an
2605 3765 2793 3830 falsus,
2821 3766 3077 3835 judicare
3106 3767 3264 3833 sciat,
3305 3774 3363 3822 et
3390 3768 3496 3824 fal-

208 3853 423 3925 cipium
454 3858 541 3907 est
565 3870 577 3904 :
604 3854 668 3907 Ut
696 3859 898 3922 queant
921 3856 1062 3907 laxis
1082 3870 1337 3908 resonare
1353 3856 1511 3922 ﬁbris
1532 3861 1683 3910 mira
1700 3874 1811 3924 ges-
1893 3871 2017 3907 sum
2047 3854 2345 3924 corrigere,
2389 3858 2443 3907 et
2484 3871 2690 3907 novum
2738 3870 3092 3924 componere.
3139 3856 3266 3909 Non
3295 3862 3382 3911 est
3408 3860 3497 3913 vel

209 3945 418 4006 torum,
452 3940 733 4011 quomodo
753 3940 859 3994 hoc
887 3940 1046 3995 facile
1065 3942 1471 4003 consideratur.
1497 3944 1589 3999 ΠΤ
1607 3951 1808 4012 queant
1889 3941 2066 4012 igitur
2084 3959 2255 4013 parva
2276 3944 2419 4007 laus,
2447 3959 2560 3996 non
2602 3943 2819 3996 modica
2844 3942 3079 4007 utilitas,
3113 3960 3227 3997 non
3258 3945 3496 4017 vilipen-

206 4030 377 4091 luxis,
412 4045 541 4082 ecce
571 4028 842 4082 habemus
889 4034 985 4091 ut;
1033 4031 1315 4085 REsonare
1346 4034 1519 4098 ﬁbris,
1554 4049 1679 4086 ecce
1708 4049 1764 4087 re
1782 4053 1800 4097 ;
1889 4031 2106 4085 dendus
2134 4032 2294 4084 labor
2321 4031 2546 4084 musicae
2586 4031 2836 4093 scientia.
2873 4047 2995 4100 quae
3024 4032 3111 4084 sui
3143 4033 3493 4102 cognitorem

203 4120 358 4173 Mira
396 4124 695 4186 gestorum,
738 4116 820 4171 ibi
854 4121 970 4179 mi;
1012 4121 1246 4173 FAmuli
1284 4126 1530 4186 tuorum,
1561 4121 1675 4175 illic
1701 4125 1760 4190 fa
1782 4142 1799 4186 ;
1885 4120 2176 4190 compositi
2212 4125 2409 4173 cantus
2458 4118 2631 4172 efficit
2672 4118 2942 4188 judirem,
2983 4118 3109 4171 falsi
3157 4121 3487 4176 emendato-

196 4207 388 4262 SOLre
401 4209 624 4274 polluti,
653 4221 779 4260 ecce
808 4205 898 4260 hic
922 4210 1002 4261 sot
1025 4224 1047 4273 ;
1076 4209 1241 4262 LAbii
1270 4215 1509 4275 reatum,
1544 4226 1671 4264 ecce
1698 4211 1800 4263 ha-
1882 4226 2021 4272 rem,
2065 4213 2123 4262 et
2166 4209 2292 4262 novi
2339 4208 2706 4263 inventorem.
2754 4208 2867 4261 Nec
2898 4208 3355 4277 praetereundum
3400 4210 3486 4263 vi-

197 4294 401 4350 bemus
427 4298 500 4349 ta.
533 4295 643 4349 Per
669 4295 770 4349 has
794 4295 985 4366 itaque
1018 4296 1260 4367 syllabas
1289 4298 1338 4351 is
1368 4298 1465 4368 qui
1484 4299 1555 4352 de
1588 4299 1801 4353 musica
1881 4297 2064 4363 detur,
2095 4298 2243 4368 quod
2273 4296 2518 4351 musicus
2546 4302 2603 4349 et
2632 4300 2828 4349 cantor
2856 4312 2969 4349 non
2997 4311 3199 4366 parum
3228 4312 3263 4349 a
3292 4313 3352 4350 se
3388 4297 3480 4353 in-

193 4386 348 4439 scire
375 4384 920 4450 atfectat,cantiones
942 4385 1160 4455 aliquas
1190 4392 1417 4441 cantare
1445 4387 1642 4450 discat,
1666 4404 1800 4459 quo-
1878 4386 2053 4440 vicem
2092 4386 2443 4456 discrepant;
2478 4401 2608 4438 nam
2652 4401 2779 4439 cum
2820 4384 3069 4438 musicus
3124 4402 3349 4457 semper
3383 4403 3485 4458 per

190 4490 381 4544 usque
400 4472 775 4537 escensiones,
806 4480 863 4528 et
882 4474 1290 4542 descensiones,
1325 4475 1796 4547 multimodasque
1879 4480 2055 4528 artem
2090 4481 2240 4528 recte
2270 4474 2513 4538 incedat,
2546 4480 2742 4527 cantor
2765 4478 2976 4526 rectam
3002 4473 3302 4544 aliquoties
3328 4473 3479 4530 viam

187 4578 394 4617 earum
430 4561 772 4616 variationes
816 4563 981 4634 plene
1029 4580 1093 4617 ac
1138 4564 1321 4618 lucide
1360 4571 1681 4635 pernoscat.
1730 4564 2228 4660 InDsolummodo
2266 4579 2366 4634 per
2411 4580 2579 4617 usum
2621 4567 2795 4616 tenet.
2848 4561 2953 4615 Cui
3000 4578 3134 4632 ergo
3189 4567 3480 4618 cautorem

181 4667 397 4705 manus
427 4651 597 4705 etiam
627 4652 879 4706 articulis
923 4652 1203 4707 modulari
1235 4653 1462 4707 sedulus
1488 4663 1789 4722 assuescat,
1822 4650 1860 4660 “’
1879 4652 2079 4707 melius
2109 4652 2553 4723 comparaverim
2582 4667 2752 4722 quam
2774 4650 2946 4714 ebrio,
2974 4650 3071 4721 qui
3097 4650 3331 4705 domum
3357 4652 3480 4724 qui-

177 4747 242 4796 ut
275 4757 352 4795 ea
381 4746 509 4812 post
536 4741 754 4812 quoties
777 4741 1015 4795 voluerit
1038 4759 1139 4813 pro
1172 4743 1547 4797 monochordo
1578 4749 1790 4812 utatur,
1876 4741 2003 4795 dem
2031 4741 2255 4812 repetit,
2289 4741 2387 4794 sed
2408 4757 2517 4811 quo
2547 4740 2686 4794 calle
2706 4744 3041 4801 revertatur,
3076 4740 3301 4810 penitus
3323 4740 3480 4811 igno-

174 4836 237 4884 et
266 4831 337 4885 in
366 4846 433 4884 ea
456 4835 685 4884 cantum
718 4829 935 4900 probet,
958 4831 1224 4902 corrigat,
1256 4836 1314 4886 et
1340 4834 1794 4903 componat.Haec
1873 4836 1990 4899 rat;
2019 4831 2116 4884 sed
2144 4837 2202 4884 et
2232 4830 2458 4884 molaris
2488 4835 2613 4883 rota
2651 4829 2956 4883 discretum
3004 4820 3308 4900 aliquando
3346 4831 3478 4885 red-

176 4918 280 4973 ubi
330 4918 660 4989 aliquandiu
682 4920 844 4988 juxta
873 4920 1022 4991 quod
1060 4919 1300 4975 diximus
1328 4921 1784 4991 frequentaverit,
1871 4919 1956 4973 dit
1982 4919 2302 4981 stridorem,
2336 4919 2461 4989 ipsa
2483 4924 2674 4971 tamen
2694 4917 2791 4988 qui
2819 4923 2953 4987 agat
2980 4917 3253 4983 nesciens,
3270 4917 3478 4989 quippe

174 5013 235 5063 et
282 5008 415 5062 alta:
464 5008 751 5063 memoriae
799 5009 1294 5077 commendaverit,
1340 5010 1556 5065 facilius
1592 5014 1788 5083 procul
1872 5008 2003 5078 quia
2030 5025 2119 5061 res
2148 5014 2235 5062 est
2264 5007 2591 5061 inanimata.
2618 5007 2780 5061 Unde
2809 5005 2992 5060 Guido
3015 5006 3251 5083 pulchre
3278 5005 3339 5059 in
3368 5006 3474 5059 Mi-

173 5097 357 5151 dubio
385 5096 458 5150 ad
486 5096 760 5151 musicam
789 5097 898 5152 iter
925 5097 1177 5156 habebit.
1873 5097 2097 5166 crologo
2117 5112 2218 5150 suo
2239 5096 2318 5149 sic
2346 5095 2428 5148 ait
2459 5114 2471 5149 ι

175 5185 257 5241 ΙΙ.
297 5185 428 5252 Quae
470 5187 691 5238 utilitas
736 5187 809 5238 sit
847 5188 985 5239 scire
1028 5190 1315 5250 musicam,
1363 5194 1413 5242 et
1457 5190 1593 5257 quid
1630 5192 1791 5243 distet

560 5258 712 5309 inter
740 5260 1019 5310 musicum
1046 5264 1095 5311 et
1123 5265 1423 5313 cantarem.
1465 5250 1482 5257 ’
1873 5257 2214 5312 Musicorum
2238 5261 2295 5309 et
2315 5261 2609 5309 cantorum
2640 5269 2845 5323 magna
2874 5257 2960 5305 est
2982 5250 3275 5316 distantia,

254 5345 496 5400 Videtur
523 5351 714 5400 autem
744 5362 891 5400 nunc
912 5362 1244 5417 congruum.
1278 5354 1341 5402 ut
1372 5349 1505 5419 quid
1532 5350 1792 5404 utilitatis
1874 5346 1959 5401 Illi
1991 5346 2203 5409 dicunt,
2230 5343 2323 5397 isti
2352 5344 2536 5397 sciunt
2561 5359 2682 5411 quae
2707 5338 3022 5409 composuit
3040 5337 3289 5403 musica;

175 5434 446 5490 conferat
474 5434 702 5487 musicae
734 5435 937 5489 notitia
973 5435 1123 5490 brevi
1163 5437 1507 5508 attingamus
1534 5439 1789 5506 ratione;
1876 5438 2018 5494 Nam
2051 5436 2147 5507 qui
2184 5434 2318 5488 facit
2357 5433 2504 5505 quod
2545 5448 2657 5486 non
2686 5429 2852 5501 sapit,
2884 5427 3161 5481 diflinitur
3188 5423 3384 5490 bestia,
3419 5430 3477 5481 et

177 5529 405 5595 quanto
430 5538 679 5593 namque
710 5524 767 5577 in
799 5525 1012 5579 musica
1033 5526 1269 5597 quisque
1298 5544 1357 5581 se
1379 5528 1562 5581 reddit
1586 5528 1796 5581 studio-
2230 5510 2397 5619 .
3156 5514 3398 5585 [caetera-

178 5612 423 5678 siorem,
466 5615 626 5664 tanto
655 5618 715 5666 et
738 5612 920 5683 ipsam
949 5619 1132 5669 artem
1161 5614 1315 5669 novit
1343 5631 1467 5669 esse
1488 5614 1790 5669 utiliorem.
