3972 6172
491 366 629 426 1395
1889 374 1940 429 J.
1987 373 2342 433 oo'rroms
3568 344 3677 432 me

492 491 597 547 III.
635 492 782 547 Unde
817 495 892 547 sit
929 493 1081 548 dictu
1109 496 1342 555 musica,
1374 499 1426 549 et
1449 507 1485 550 a
1512 511 1622 565 quo
1644 502 1698 551 et
1724 500 1989 567 quomodo
2013 502 2084 553 sit
2103 500 2156 559 A
2174 500 2482 554 humanum
2501 497 2625 552 dico
2654 497 2780 551 illas
2806 494 3056 567 gutturis
3075 494 3473 566 cavitetes,qnas
3490 499 3677 553 arterias

1165 568 1407 620 πήυεηια·
2168 605 2461 652 vocamus;
2486 587 2617 658 ipsa;
2639 586 2789 639 enim
2814 584 3150 638 naturaliter
3171 588 3307 653 apta:
3323 590 3456 649 sunt,
3480 586 3677 658 recipere

563 668 783 723 Dicitur
810 676 1003 726 autem
1033 673 1268 733 musica,
1295 679 1358 728 ut
1376 674 1603 744 quidam
1625 676 1886 740 volunt,a
1906 687 2087 740 musa,
2170 692 2360 733 aerem
2388 685 2447 730 et
2475 676 2728 735 reddere.
2757 674 2907 729 unde
2935 690 3109 728 sonus
3134 673 3393 727 naturalis
3406 681 3678 744 procreatur.

496 772 621 829 qua
658 763 750 817 est
790 758 1231 821 instrumentum
1271 763 1552 833 quoddam
1580 765 1805 819 musicae
1832 766 2093 820 decenter
2175 767 2259 822 0b
2289 768 2392 819 hoc
2420 772 2477 818 et
2505 763 2841 818 commercia
2860 779 2955 816 eas
2974 762 3202 832 quidam
3222 777 3509 832 nuncupare
3525 763 3681 829 solent,

497 846 637 901 satis
666 853 724 901 et
746 848 990 918 jocunde
1021 850 1304 920 clangens.
1331 851 1436 905 Sed
1460 851 1749 906 videamus
1778 870 1889 923 qua
1926 854 2095 908 ratio-
2175 861 2240 910 ut
2266 853 2607 910 Prudentius
2634 852 2690 907 in
2720 851 3156 923 psychomachia
3191 869 3204 905 :

492 950 586 1001 ne,
618 950 733 1007 qua
757 936 1152 993 auctoritates
1175 952 1338 995 musa
1367 941 1601 997 traxerit
1628 954 1833 997 nomen
1860 943 2089 997 musica.
2251 983 2262 996 .
2344 984 2356 995 .
2439 983 2450 995 .
2531 982 2543 995 .
2625 981 2637 994 .
2720 981 2732 994 .
2814 980 2827 994 .
2904 942 3264 1008 animmque
3292 941 3560 1006 malignam

501 1022 686 1090 Musa,
738 1031 806 1079 ut
849 1026 1112 1093 diximus,
1159 1027 1601 1085 instrumentum
1658 1030 1942 1101 quoddam
1986 1036 2091 1098 est,
2284 1033 2479 1085 Fracta
2506 1032 2795 1099 intercepti
2821 1031 3156 1083 commercia
3181 1031 3414 1097 gutturis
3438 1033 3611 1084 artant.

502 1113 710 1180 omnia,
755 1119 821 1169 ut
856 1114 1116 1183 diximus.
1157 1117 1432 1172 excellens
1463 1118 1859 1185 instrumenta,
1891 1121 2097 1191 quippe
2245 1120 2553 1176 Artiﬁciale
2580 1135 2709 1172 vero
2746 1119 3190 1172 instrumentum
3214 1120 3315 1179 est,
3349 1116 3481 1186 quod
3503 1132 3595 1170 non
3616 1132 3691 1188 per

502 1218 628 1273 qum
655 1203 908 1259 omnium
934 1204 1047 1259 vim
1072 1210 1244 1275 atque
1273 1206 1503 1260 modum
1532 1207 1590 1261 in
1618 1224 1679 1263 se
1700 1208 1969 1274 continet,
1996 1210 2099 1264 hu-
2179 1214 2467 1271 naturam,
2498 1207 2595 1261 sed
2618 1223 2719 1277 per
2742 1205 3043 1259 artiﬁcium
3063 1204 3137 1258 ad
3160 1203 3483 1258 reddendum
3499 1204 3691 1256 sonitum

501 1306 671 1345 mano
702 1292 979 1363 siquidem
1011 1293 1242 1347 inﬂatur
1259 1294 1461 1365 spiritu
1489 1300 1553 1348 ut
1580 1294 1736 1361 tibia,
1768 1309 1941 1351 manu
1960 1302 2100 1351 tem-
2180 1298 2497 1368 adaptatur.
2544 1295 2835 1349 Naturalis
2873 1299 3065 1347 autem
3096 1309 3268 1346 sonus
3289 1291 3420 1345 alius
3444 1297 3517 1344 est
3538 1292 3699 1345 discre-

501 1385 733 1451 peratur
752 1387 818 1437 ut
834 1381 1044 1452 phiala,
1062 1382 1193 1441 folle
1212 1383 1485 1437 excitatur
1498 1389 1563 1438 ut
1579 1397 1810 1455 organa,
1829 1386 1977 1441 unde
1990 1392 2048 1441 et
2066 1402 2100 1439 a
2179 1391 2291 1450 tus,
2319 1385 2463 1439 alius
2480 1384 2818 1438 indiscretus
2839 1401 2853 1451 ;
2875 1382 3154 1436 discretus
3167 1386 3252 1435 est
3269 1380 3358 1451 qui
3370 1379 3694 1451 aliquashabet

503 1467 718 1535 Graeco,
751 1470 899 1539 quod
929 1475 1015 1523 est
1044 1490 1188 1540 μεσα,
1229 1470 1284 1524 id
1325 1479 1410 1525 est
1449 1473 1650 1532 media,
1682 1491 1842 1528 musa
1870 1476 2097 1542 dicitur,
2180 1474 2239 1529 in
2268 1490 2329 1528 se
2356 1472 2787 1528 consonantiae:
2836 1471 3177 1525 indiscretus
3222 1475 3323 1537 est,
3371 1469 3423 1522 in
3462 1485 3555 1540 quo
3578 1468 3696 1523 nulla

505 1572 572 1613 eo
600 1557 750 1629 quod
777 1557 994 1613 sicutin
1015 1556 1203 1629 aliquo
1224 1560 1409 1615 medio
1425 1561 1647 1617 diversa
1663 1572 1870 1618 coeunt
1892 1564 2094 1634 spatia,
2179 1563 2419 1617 discerni
2465 1567 2648 1633 potest
2694 1558 3080 1623 consonantia,
3114 1564 3177 1612 ut
3223 1558 3281 1611 in
3305 1557 3411 1611 ritu
3436 1557 3510 1611 vel
3530 1556 3699 1627 gemitu

504 1646 584 1700 ita
604 1651 662 1700 et
687 1645 746 1700 in
766 1662 928 1700 musa
966 1648 1299 1702 multimoda
1328 1650 1664 1704 conveniunt
1695 1652 2093 1706 instrumenta.
2178 1652 2492 1715 hominum,
2522 1656 2580 1704 et
2606 1650 2816 1703 latratu
2838 1664 3042 1703 canum
3074 1655 3175 1701 aut
3196 1646 3382 1718 rugitu
3406 1647 3612 1700 leonum.
3632 1644 3699 1697 Si-

504 1737 629 1792 Non
667 1752 801 1806 ergo
829 1737 1136 1807 incongrue
1163 1755 1199 1793 ει
1237 1739 1533 1810 principali
1566 1747 1724 1811 parte
1753 1754 1857 1795 sua
1886 1740 2100 1794 musica
2182 1742 2300 1794 mili
2321 1740 2485 1793 modo
2515 1740 2819 1793 discretum
2852 1744 2908 1790 et
2932 1735 3301 1791 indiscretum
3327 1752 3509 1790 sonum
3532 1734 3582 1787 in
3599 1733 3706 1787 aru-

505 1840 712 1877 nomen
743 1825 945 1878 sortita
970 1832 1056 1879 est
1120 1826 1325 1880 Dicunt
1351 1827 1519 1880 etiam
1548 1828 1723 1898 aliqui
1755 1829 2027 1882 musicam
2066 1814 2161 1881 aB
2183 1830 2349 1883 ﬁciali
2377 1828 2724 1899 perpendere
2743 1826 3143 1897 potes.Fistula
3158 1841 3397 1896 namque
3413 1824 3515 1888 illa,
3534 1838 3624 1893 qua
3637 1821 3707 1874 de-

503 1912 680 1967 musis
709 1930 912 1967 nomen
944 1914 1241 1985 accepisse,
1266 1932 1366 1986 pro
1397 1933 1463 1970 eo
1494 1917 1641 1987 quod
1672 1917 1804 1987 ipsm
1833 1918 1980 1988 apud
2006 1934 2101 1970 an-
2182 1918 2465 1988 cipiuntur
2496 1917 2748 1985 avicula),
2777 1916 2865 1969 vel
2894 1915 3064 1969 etiam
3084 1915 3193 1968 olla
3224 1928 3538 1985 pergameno
3557 1926 3709 1981 super-

504 2001 693 2072 tiquos
720 2002 779 2055 in
810 2002 915 2056 hac
943 2009 1063 2056 arte
1097 2004 1355 2073 perfectae
1385 2005 1766 2069 crederentur,
1819 2014 1872 2060 et
1912 2005 1981 2059 ab
2020 2005 2100 2058 eis
2183 2006 2526 2067 ducta,unde
2551 2003 2916 2075 pueriludere
2947 2002 3501 2065 solent,indiscretum
3520 1999 3713 2053 reddunt

507 2090 833 2143 modulandi
888 2091 1090 2160 peritia
1137 2099 1503 2162 quaereretur,
1559 2094 1708 2147 unde
1765 2101 1822 2148 et
1872 2090 1969 2146 οἱπό
2015 2097 2102 2145 τοῦ
2183 2096 2550 2149 sonitum.At
2575 2110 2702 2147 vero
2724 2093 2781 2145 in
2803 2091 3089 2154 sambuca,
3113 2091 3171 2144 in
3203 2089 3478 2153 ﬁdibus,in
3497 2086 3714 2158 cymbalis

509 2179 651 2249 μῦσω
675 2177 779 2248 (i),
811 2179 868 2231 id
892 2185 979 2231 est
1003 2195 1036 2231 a
1062 2181 1359 2249 quaerendo
1390 2199 1562 2235 musa:
1593 2183 1755 2236 dictae
1776 2183 2102 2236 existiman-
2185 2189 2354 2254 atque
2384 2183 2443 2235 in
2468 2181 2695 2252 organis
2733 2180 3230 2234 consonantiarum
3258 2179 3394 2232 bene
3423 2184 3474 2231 et
3506 2176 3715 2230 distincte

506 2271 620 2321 tur.
647 2266 758 2320 Alii
790 2267 1059 2321 musicam
1091 2269 1248 2338 quasi
1268 2270 1645 2339 Amodusicam,
1676 2272 1732 2325 id
1753 2278 1892 2325 esta
1913 2272 2106 2325 modu-
2187 2271 2527 2326 discernitur
2545 2270 2862 2324 diversitas.
2892 2268 3059 2323 Illum
3090 2284 3225 2339 ergo
3249 2283 3460 2331 sonum,
3489 2281 3629 2335 quem
3654 2263 3716 2316 in-

508 2355 741 2418 latione,
771 2355 868 2409 alii
896 2334 1201 2427 inoysicam
1231 2334 1300 2410 ab
1322 2364 1489 2429 aqua,
1526 2366 1693 2429 quam
1724 2362 1884 2432 mOys
1911 2360 2106 2431 appel-
2189 2361 2493 2414 discretum
2526 2368 2649 2412 esse
2669 2354 2933 2421 diximus,
2959 2334 3528 2427 musicanequaquam
3547 2351 3717 2421 recipit,

509 2444 685 2498 latam
714 2444 1033 2515 opinantur.
1074 2446 1184 2499 Alii
1214 2447 1485 2500 musicam
1527 2449 1687 2518 quasi
1717 2449 2034 2502 mundicam
2074 2464 2109 2500 a
2190 2449 2345 2503 solus
2376 2454 2564 2501 autem
2592 2447 2869 2500 duntaxat
2896 2445 3189 2509 discretus,
3229 2444 3325 2515 qui
3362 2443 3516 2496 etiam
3543 2438 3719 2511 proprie

510 2532 710 2587 manui
737 2534 795 2586 Et
820 2532 946 2587 eum
978 2536 1143 2587 cantu
1182 2533 1391 2589 dictam
1422 2538 1641 2606 putant.
1675 2536 1734 2590 8i
1765 2537 1891 2607 quis
1918 2540 2107 2590 autem
2192 2538 2513 2609 phthongus
2545 2534 2791 2601 vocatur,
2823 2533 2893 2589 ad
2914 2535 3186 2589 musicam
3223 2533 3485 2604 pertinet;
3511 2534 3587 2583 est
3607 2528 3724 2583 enim

511 2620 583 2676 de
629 2616 858 2676 musicis
904 2622 1280 2693 appellatione
1326 2625 1527 2679 melius
1564 2624 1752 2691 ssntit,
1782 2625 1834 2679 ei
1877 2630 1980 2679 nos
2009 2639 2109 2679 ne-
2194 2627 2409 2680 musica
2438 2625 2574 2678 nihil
2607 2625 2756 2678 aliud
2781 2638 2951 2694 quam
2969 2626 3164 2677 voctim
3186 2637 3432 2692 congrua
3455 2617 3725 2673 motioJlac

512 2698 797 2780 quaquam
826 2710 1159 2775 invidemus,
1193 2709 1345 2782 quia,
1364 2714 1430 2767 ut
1457 2714 1539 2767 ait
1564 2712 1773 2768 Pauliis
1800 2703 2108 2785 apostolus,
2193 2719 2382 2769 autem
2413 2720 2610 2768 contra
2638 2713 2843 2767 idiotas
2857 2713 3137 2784 praecipue
3156 2709 3525 2780 diximus,quo
3548 2708 3728 2761 illorum

513 2792 753 2870 singulis
783 2799 983 2853 diridit
1019 2802 1186 2871 prout
1222 2800 1340 2855 Vult
1369 2796 1612 2873 Spiritus
1642 2808 1886 2858 sanctus.
1921 2802 2113 2857 Refert
2192 2804 2673 2874 compesceret’nus
2704 2812 2972 2865 umorem,
2998 2801 3094 2872 qui
3121 2799 3428 2871 quemlibet
3448 2799 3730 2851 sonumesse

513 2888 708 2944 autem
737 2887 963 2959 Moyses
991 2876 1131 2944 ariis
1153 2890 1319 2961 hujus
1343 2876 1522 2946 Tubal
1545 2896 1890 2965 repertorem
1918 2893 2109 2950 fuisse.
2194 2882 2469 2947 musicum
2493 2892 2664 2945 stulte
2676 2896 2997 2945 autumant.
3014 2891 3131 2944 Hoc
3151 2889 3375 2960 queque
3392 2883 3731 2956 adjiciendum,

516 2976 629 3033 Alii
672 2976 873 3032 Litium
911 2975 1234 3046 Thebaeu‘m,
1280 2978 1377 3034 alii
1431 2981 1826 3054 Amphionem,
1880 2981 1976 3036 alii
2007 2983 2114 3038 or-
2196 2984 2347 3056 quod
2390 2978 2515 3038 cum
2546 2984 2661 3037 tria
2689 2984 2805 3037 sint
2834 2981 3060 3036 musice
3088 2980 3344 3035 melodis:
3370 2991 3579 3049 genere,
3604 2988 3735 3028 enar-

515 3056 728 3139 piscem
760 3067 940 3121 artem
980 3067 1126 3122 hanc
1169 3058 1443 3141 reperisse
1472 3069 1838 3125 arbitrantur.
1880 3070 2112 3138 verum,
2199 3075 2503 3137 monicum,
2526 3064 2893 3140 diatonicum,
2919 3066 3536 3140 chromaticumprimo
3553 3062 3739 3137 ιιι-θριξὶ

519 3152 721 3222 umet,
752 3153 975 3225 Quibus,
1021 3156 1086 3210 ut
1126 3157 1208 3211 ait
1237 3156 1523 3224 Horatius,
1557 3160 1720 3213 musa
1746 3173 1843 3213 ore
1874 3158 2115 3214 rotundo
2135 3168 2179 3229 (3
2197 3163 2430 3218 nimiam
2468 3162 2880 3223 difﬁcultatem,
2912 3161 3080 3215 tertio
3102 3155 3336 3230 propter
3359 3157 3575 3211 nimiam
3598 3150 3740 3206 inulli-

519 3242 677 3315 loqui
705 3241 878 3310 dedit,
911 3243 1075 3299 aliter
1094 3245 1163 3299 de
1202 3244 1306 3322 hoc
1334 3253 1435 3301 nos
1463 3248 1673 3302 sentire
1701 3248 1929 3313 volunt;
1964 3254 2117 3302 περ-
2199 3253 2338 3307 tiem
2367 3251 2605 3322 abjecto,
2642 3250 2890 3304 medium
2916 3254 3052 3303 usus
3076 3247 3336 3302 retinuit.

520 3332 659 3387 rem
685 3334 930 3403 namque
956 3320 1347 3405 philosophum
1379 3335 1676 3406 quemdam
1708 3335 1980 3399 Samium,
2020 3337 2122 3407 Py-
2201 3342 2266 3396 V.
2301 3342 2375 3395 De
2422 3320 2654 3393 nantem
2685 3342 3003 3392 litterarum
3040 3343 3089 3391 et
3125 3339 3189 3390 de
3219 3334 3533 3390 discretione
3555 3342 3736 3385 aurum.

521 3417 823 3491 thag'oram
840 3422 1084 3487 nomine,
1102 3421 1239 3477 artis
1262 3420 1425 3495 hujus
1447 3423 1793 3479 inventorem
1815 3425 2119 3495 exstitisse:
2276 3430 2376 3483 His
2404 3429 2597 3499 itaque
2620 3424 2942 3500 pmlibatis,
2980 3436 3130 3480 nunc
3166 3426 3237 3479 de
3266 3424 3415 3479 notis
3438 3410 3744 3476 monochordi

527 3508 619 3565 me
638 3512 762 3564 erat
791 3508 891 3577 'Vii‘,
910 3509 974 3565 ut
988 3510 1165 3575 aiunt,
1190 3512 1466 3583 sapientia
1492 3508 2125 3580 clarissimusﬁa‘cundid
2206 3524 2448 3573 tractare
2477 3513 2832 3588 incipiamus,
2871 3524 2936 3570 ac
2965 3516 3209 3586 primum
3243 3515 3316 3567 de
3343 3525 3565 3567 numero
3589 3518 3745 3560 eorum

526 3590 943 3659 invictissimus.
987 3597 1215 3669 ingenio
1264 3598 1639 3658 acutissimus.
1673 3601 1833 3657 Unus
1863 3608 1919 3657 et
1957 3594 2127 3656 musi-
2207 3607 2476 3661 dicamus.
2522 3604 2904 3659 Vetustissimi
2951 3603 3166 3656 litteras
3210 3600 3430 3655 decima
3456 3599 3631 3670 quinta
3659 3594 3746 3646 nou

528 3686 653 3740 6am
697 3684 891 3741 subtili
936 3688 1074 3741 satis
1125 3686 1554 3761 investigatione
1600 3690 1781 3746 fertur
1808 3692 2124 3762 reperissei
2209 3696 2395 3767 plures
2445 3695 2500 3748 in
2542 3693 2924 3747 monochordo
2969 3697 3302 3762 poenerunt,
3346 3688 3417 3743 ab
3460 3690 3505 3742 Δ
3541 3682 3750 3739 videlicet

530 3776 685 3841 nam,
731 3776 857 3829 cuin
901 3778 1155 3848 tempore
1208 3774 1451 3849 quodam
1488 3779 1596 3834 iter
1622 3779 1831 3834 iaciens
1859 3780 2127 3834 fabricam
2208 3784 2556 3849 inchoantes,
2588 3787 2645 3836 et
2672 3782 2729 3835 in
2751 3797 2785 3834 a
2811 3781 3160 3847 desinentes;
3185 3780 3437 3834 nondum
3459 3775 3597 3830 enim
3618 3768 3749 3825 Γαύ-

530 3860 865 3935 praeteriret,
896 3865 1144 3941 diversos
1166 3863 1224 3920 in
1254 3878 1337 3930 ea,
1366 3866 1431 3921 iit
1458 3866 1580 3921 ﬁeri
1606 3870 1767 3935 solet,
1797 3869 2127 3923 malleorum
2210 3874 2389 3927 ditum
2408 3871 2536 3935 fuit,
2560 3882 2663 3925 nec
2684 3873 2731 3936 b,
2758 3871 2907 3941 quod
2943 3883 3045 3923 nos
3075 3869 3244 3923 molle
3274 3868 3361 3922 vel
3391 3863 3667 3920 rotundum
3684 3858 3752 3911 di-

534 3950 747 4007 audiVit
775 3950 1009 4009 sonitus.
1036 3940 1144 4009 Ubi
1175 3960 1301 4009 cum
1318 3954 1722 4027 aliquantisper
1742 3958 2013 4011 attentius
2034 3962 2131 4011 ιω.
2211 3962 2409 4027 cimus,
2439 3974 2473 4014 a
2501 3940 2833 4031 quibusdam
2858 3968 3039 4029 graeco
3067 3958 3300 4011 nomine
3320 3944 3752 4027 synemmenon,id

531 4038 821 4108 scenam,
870 4043 1150 4115 variisque
1189 4042 1371 4115 magis
1418 4050 1483 4099 'ac
1526 4046 1705 4115 magis
1755 4046 2131 4100 obiectaretur
2212 4054 2298 4105 est
2327 4050 2654 4119 adju'nctum
2686 4047 3019 4118 appellatur.
3048 4046 3305 4101 Moderni
3337 4044 3524 4098 autem
3542 4035 3756 4094 subtilius

533 4128 831 4209 sonitibus,
859 4132 968 4186 vitii
1001 4132 1140 4187 artis
1191 4133 1432 4199 muéicae,
1479 4136 1545 4188 ut
1587 4134 1709 4188 erat
1733 4132 2125 4200 calidissimus,
2211 4139 2403 4194 omnia
2431 4144 2601 4208 atque
2621 4135 2875 4206 sagacius
2896 4132 3197 4200 intuentes,
3219 4134 3374 4205 quia,
3392 4138 3455 4187 ut
3478 4132 3554 4185 ait
3571 4123 3759 4182 Priscil-

533 4216 611 4273 ibi
632 4219 857 4276 latitare
874 4219 1273 4292 eogiioritﬁec
1294 4224 1471 4281 mora.
1487 4216 1546 4276 iii
1565 4221 1832 4277 fabricam
1856 4223 2125 4288 introivit,
2212 4232 2337 4294 nus,
2370 4232 2580 4298 quanto
2604 4226 2859 4297 juniores
2886 4230 3046 4279 tanto
3075 4223 3530 4295 perspicaciores,
3547 4214 3763 4271 viderunt

533 4309 879 4381 mensesque
899 4310 1119 4365 cautius
1141 4310 1376 4381 pensare
1390 4311 1574 4382 coepit,
1608 4312 1991 4383 paulatimque
2010 4325 2131 4382 sep-
2212 4320 2374 4371 notas
2396 4314 2520 4369 illas
2531 4315 2600 4369 ad
2621 4308 2919 4368 melodiam
2938 4313 3249 4384 quamlibet
3260 4307 3661 4383 exprimendam
3673 4304 3762 4354 noli

534 4395 650 4452 tem
680 4402 876 4454 vocum
907 4397 1290 4465 disci-stiones,
1332 4404 1435 4454 nec
1480 4404 1593 4455 nun
1635 4402 1692 4455 et
1716 4401 1965 4472 ipsarum
1997 4404 2488 4504 con-Dsumcere,
2521 4408 2863 4474 cautumque
2902 4402 3139 4473 plagalis
3183 4401 3337 4473 proti
3378 4395 3765 4504 aliq't‘lotiesoi’"

533 4484 843 4552 Sonantias,
867 4484 941 4575 de,
959 4484 1237 4559 quibusin
1256 4486 1619 4560 consequenti
1644 4490 1814 4544 latius
1833 4492 2130 4546 tractaturi
2148 4482 2529 4548 "litterarum
2561 4493 2899 4564 paucitatem
2929 4493 3184 4556 deiicere,
3217 4496 3277 4545 et
3312 4490 3442 4544 ideo
3479 4488 3520 4541 Γ
3542 4482 3767 4575 inprime

534 4576 751 4642 sumus,
779 4574 1017 4631 sblerter
1048 4575 1351 4649 indagavit.
1383 4578 1473 4632 Sic
1502 4577 1588 4632 vir
1614 4578 1708 4633 ille
1734 4578 1994 4650 egregius
2014 4584 2133 4635 tnu-
2213 4592 2526 4654 apposuere
2571 4582 2711 4649 loco,
2760 4581 2909 4651 quod
2949 4581 3010 4635 in
3050 4578 3156 4634 hac
3180 4579 3497 4650 antipbona
3520 4572 3667 4628 facile
3690 4572 3770 4639 qui

535 4662 709 4717 sicam
731 4660 1029 4720 informem
1061 4663 1217 4736 prius
1237 4666 1295 4720 et
1320 4664 1571 4738 ignotam
1602 4667 1817 4738 primus
1838 4668 1897 4722 in
1919 4669 2133 4724 Graecia
3027 4667 3165 4722 DFE
3194 4666 3287 4720 FD
3318 4663 3552 4719 FDCDD
3583 4655 3770 4715 CEFFF

534 4750 765 4830 ἤθρει-ἥ,
793 4750 1017 4824 scripsit
1045 4750 1328 4810 e'tdocuit.
1360 4750 1533 4827 Cujus
1556 4756 1761 4812 notitia
1789 4757 2005 4812 Latinis
2031 4762 2133 4830 per
2214 4752 2335 4813 vult
2379 4757 2736 4812 considerare
2782 4761 2968 4829 potest
3019 4770 3034 4805 :
3081 4756 3123 4811 0
3166 4770 3267 4809 rem
3330 4756 3521 4822 gloria
3573 4748 3770 4806 Domine

534 4824 816 4912 Boetiu‘m,
860 4840 917 4896 et
944 4838 1083 4897 alios
1113 4824 1666 4901 Graecorum'litteris'
1694 4844 1939 4901 imbutos
1975 4824 2132 4918 prius
2284 4846 2476 4902 GFDD

531 4922 765 4985 inodum
794 4928 1152 4987 manifestata
1173 4930 1278 4988 est.
2214 4940 2514 5006 virtutum,
2541 4941 2599 4990 et
2636 4940 2864 5001 caetera;
2897 4932 3029 4989 nam
3054 4935 3336 5003 Spiritum
3363 4934 3626 4999 veritatis,
3647 4923 3774 4999 quod

710 5010 809 5074 IV.
858 5020 994 5087 Quot
1022 5023 1139 5076 sint
1166 5020 1543 5076 instrumenta
1572 5024 1776 5077 "inﬁci
1808 5025 1949 5078 soni.
2214 5026 2285 5079 ab
2312 5027 2361 5080 Α
2384 5019 2608 5097 capitali
2636 5018 3016 5096 incipiendum
3047 5029 3135 5078 est
3162 5029 3219 5078 et
3246 5022 3655 5094 deponendum,
3681 5017 3723 5070 si
3742 5014 3777 5068 Γ

605 5109 905 5165 Sciendum
954 5127 1176 5181 quoque
1226 5111 1375 5181 quod
1418 5111 1529 5165 duo
1576 5112 1708 5166 sunt
1754 5112 2131 5168 instrumenta
2212 5131 2325 5168 non
2341 5121 2485 5168 esset
2503 5112 3117 5185 appositum,quorsuin
3131 5112 3616 5167 descenderetnon
3637 5103 3777 5159 habe

532 5199 785 5253 omnium
824 5215 1111 5265 sonorum,
1156 5198 1415 5273 naturale
1443 5200 1659 5254 scilicet
1693 5206 1751 5254 et
1786 5201 2078 5255 artificiale
2114 5222 2124 5256 :
2213 5200 2316 5258 ret.
2354 5203 3025 5268 Praetereabrotundum,
3060 5199 3324 5273 quoniam
3359 5198 3417 5254 id
3449 5193 3780 5253 interdumili

529 5284 788 5342 naturale
817 5285 969 5342 aliud
988 5287 1335 5341 mundanum
1362 5272 1513 5342 aliud
1544 5276 1853 5343 humanum
1873 5286 1959 5357 ;et
1971 5303 2129 5344 mun-
2210 5298 2378 5345 cantu
2392 5291 2683 5345 videbatur
2696 5272 3093 5355 necessarium,
3115 5287 3401 5355 addidere,
3419 5288 3581 5358 eique
3602 5295 3779 5339 nomen

529 5375 742 5431 danum
780 5375 1007 5448 quidem
1035 5376 1340 5430 secundum
1383 5375 1742 5448 philosophos
1772 5384 1858 5432 est
1887 5376 2127 5432 caelestis
2212 5374 2336 5445 hoc,
2369 5385 2431 5433 ut
2458 5374 2667 5434 scilicet
2697 5381 2726 5433 b
2759 5376 2925 5433 molle
2947 5376 3242 5433 vocaretur
3261 5376 3496 5447 propter
3517 5369 3781 5428 mollitiem

528 5462 893 5520 voiubilitatis
920 5481 1150 5519 consors
1179 5458 1545 5526 dissonantia,
1576 5467 1964 5541 qmroprie
2001 5464 2128 5521 har—
2209 5468 2333 5523 soni
2354 5470 2522 5541 atque
2542 5464 2891 5523 dulcedinem
2913 5465 3169 5522 indidere
3196 5482 3208 5535 ;
3244 5468 3438 5536 sicque
3473 5463 3560 5517 his
3588 5458 3781 5514 duabus

529 5550 720 5607 monia
748 5552 1093 5607 nominatur.
1145 5554 1415 5608 Naturale
1452 5550 2124 5615 autemtrumentum
2205 5554 2408 5611 litteris
2431 5553 2711 5628 adjunctis
2730 5558 2844 5609 ‘xvii
2863 5556 2996 5609 Sunt
3014 5556 3266 5610 numero.
3293 5550 3574 5608 Dominus
3609 5550 3780 5602 autem

605 5641 676 5709 (i)
705 5640 809 5694 Vel
834 5640 1022 5711 potius
1043 5636 1141 5694 αἱπό
1167 5646 1255 5694 τοῦ
1284 5644 1524 5714 μασένειν.
