  <div class='ocr_page' id='page_1' title='image "/cluster/home/n/w/nwhite01/storage/ocr_20150623/150/hvd.32044054760087/705.png"; bbox 0 0 3972 6172; ppageno 0'>
   <div class='ocr_carea' id='block_1_1' title="bbox 439 693 2032 793">
    <p class='ocr_par' dir='ltr' id='par_1_1' title="bbox 439 693 2032 793">
     <span class='ocr_line' id='line_1_1' title="bbox 439 693 2032 793; baseline 0.021 -49"><span class='ocrx_word' id='word_1_1' title='bbox 439 693 700 762; x_wconf 85' lang='lat' dir='ltr'>guminos</span> <span class='ocrx_word' id='word_1_2' title='bbox 733 695 802 766; x_wconf 88' lang='lat'>(3)</span> <span class='ocrx_word' id='word_1_3' title='bbox 833 710 1049 770; x_wconf 91' lang='lat' dir='ltr'>vocant,</span> <span class='ocrx_word' id='word_1_4' title='bbox 1083 721 1266 776; x_wconf 87' lang='lat' dir='ltr'>neque</span> <span class='ocrx_word' id='word_1_5' title='bbox 1312 728 1412 780; x_wconf 91' lang='lat' dir='ltr'>per</span> <span class='ocrx_word' id='word_1_6' title='bbox 1453 731 1512 768; x_wconf 91' lang='lat' dir='ltr'>se</span> <span class='ocrx_word' id='word_1_7' title='bbox 1556 717 1797 784; x_wconf 84' lang='lat' dir='ltr'>videant,</span> <span class='ocrx_word' id='word_1_8' title='bbox 1850 739 2032 793; x_wconf 91' lang='lat' dir='ltr'>neque</span> 
     </span>
    </p>
   </div>
   <div class='ocr_carea' id='block_1_2' title="bbox 435 778 2032 866">
    <p class='ocr_par' dir='ltr' id='par_1_2' title="bbox 435 778 2032 866">
     <span class='ocr_line' id='line_1_2' title="bbox 435 778 2032 866; baseline 0.023 -35"><span class='ocrx_word' id='word_1_9' title='bbox 435 778 746 838; x_wconf 81' lang='lat' dir='ltr'>videntium</span> <span class='ocrx_word' id='word_1_10' title='bbox 775 786 1040 845; x_wconf 85' lang='lat' dir='ltr'>ducatum</span> <span class='ocrx_word' id='word_1_11' title='bbox 1071 794 1332 852; x_wconf 84' lang='lat' dir='ltr'>incedere</span> <span class='ocrx_word' id='word_1_12' title='bbox 1354 805 1708 860; x_wconf 78' lang='lat' dir='ltr'>contendant.</span> <span class='ocrx_word' id='word_1_13' title='bbox 1726 809 1809 862; x_wconf 85' lang='lat' dir='ltr'>Ad</span> <span class='ocrx_word' id='word_1_14' title='bbox 1837 827 2032 866; x_wconf 89' lang='lat' dir='ltr'>eorum</span> 
     </span>
    </p>
   </div>
   <div class='ocr_carea' id='block_1_3' title="bbox 433 867 2031 956">
    <p class='ocr_par' dir='ltr' id='par_1_3' title="bbox 433 867 2031 956">
     <span class='ocr_line' id='line_1_3' title="bbox 433 867 2031 956; baseline 0.023 -36"><span class='ocrx_word' id='word_1_15' title='bbox 433 867 646 941; x_wconf 85' lang='lat' dir='ltr'>itaque,</span> <span class='ocrx_word' id='word_1_16' title='bbox 696 878 760 927; x_wconf 93' lang='lat' dir='ltr'>ut</span> <span class='ocrx_word' id='word_1_17' title='bbox 821 877 1081 949; x_wconf 85' lang='lat' dir='ltr'>diximus,</span> <span class='ocrx_word' id='word_1_18' title='bbox 1133 884 1564 945; x_wconf 83' lang='lat' dir='ltr'>obstinationem</span> <span class='ocrx_word' id='word_1_19' title='bbox 1632 897 2031 956; x_wconf 83' lang='lat' dir='ltr'>confutandam</span> 
     </span>
    </p>
   </div>
   <div class='ocr_carea' id='block_1_4' title="bbox 433 960 2031 1048">
    <p class='ocr_par' dir='ltr' id='par_1_4' title="bbox 433 960 2031 1048">
     <span class='ocr_line' id='line_1_4' title="bbox 433 960 2031 1048; baseline 0.023 -40"><span class='ocrx_word' id='word_1_20' title='bbox 433 960 880 1018; x_wconf 89' lang='lat' dir='ltr'>monochordum</span> <span class='ocrx_word' id='word_1_21' title='bbox 911 972 1236 1041; x_wconf 81' lang='lat' dir='ltr'>Opponitur,</span> <span class='ocrx_word' id='word_1_22' title='bbox 1263 982 1327 1029; x_wconf 91' lang='lat' dir='ltr'>ut</span> <span class='ocrx_word' id='word_1_23' title='bbox 1355 979 1449 1048; x_wconf 89' lang='lat' dir='ltr'>qui</span> <span class='ocrx_word' id='word_1_24' title='bbox 1474 981 1655 1036; x_wconf 85' lang='lat' dir='ltr'>verbis</span> <span class='ocrx_word' id='word_1_25' title='bbox 1685 987 1884 1040; x_wconf 81' lang='lat' dir='ltr'>musici</span> <span class='ocrx_word' id='word_1_26' title='bbox 1915 1006 2031 1043; x_wconf 90' lang='lat' dir='ltr'>cre-</span> 
     </span>
    </p>
   </div>
   <div class='ocr_carea' id='block_1_5' title="bbox 432 1044 2022 1132">
    <p class='ocr_par' dir='ltr' id='par_1_5' title="bbox 432 1044 2022 1132">
     <span class='ocr_line' id='line_1_5' title="bbox 432 1044 2022 1132; baseline 0.022 -35"><span class='ocrx_word' id='word_1_27' title='bbox 432 1044 566 1100; x_wconf 82' lang='lat' dir='ltr'>dere</span> <span class='ocrx_word' id='word_1_28' title='bbox 596 1050 813 1118; x_wconf 89' lang='lat' dir='ltr'>nolunt,</span> <span class='ocrx_word' id='word_1_29' title='bbox 844 1054 1016 1125; x_wconf 88' lang='lat' dir='ltr'>ipsius</span> <span class='ocrx_word' id='word_1_30' title='bbox 1041 1062 1163 1114; x_wconf 89' lang='lat' dir='ltr'>soni</span> <span class='ocrx_word' id='word_1_31' title='bbox 1195 1068 1555 1123; x_wconf 87' lang='lat' dir='ltr'>attestatione</span> <span class='ocrx_word' id='word_1_32' title='bbox 1605 1075 2022 1132; x_wconf 76' lang='lat' dir='ltr'>convincuntur.</span> 
     </span>
    </p>
   </div>
   <div class='ocr_carea' id='block_1_6' title="bbox 467 1133 1989 1219">
    <p class='ocr_par' dir='ltr' id='par_1_6' title="bbox 467 1133 1989 1219">
     <span class='ocr_line' id='line_1_6' title="bbox 467 1133 1989 1219; baseline 0.022 -33"><span class='ocrx_word' id='word_1_33' title='bbox 467 1133 623 1189; x_wconf 85' lang='lat' dir='ltr'>VIII.</span> <span class='ocrx_word' id='word_1_34' title='bbox 659 1139 812 1204; x_wconf 79' lang='lat' dir='ltr'>Quod</span> <span class='ocrx_word' id='word_1_35' title='bbox 833 1147 982 1198; x_wconf 73' lang='lat' dir='ltr'>modi</span> <span class='ocrx_word' id='word_1_36' title='bbox 1010 1151 1143 1214; x_wconf 75' lang='lat' dir='ltr'>sint,</span> <span class='ocrx_word' id='word_1_37' title='bbox 1169 1155 1367 1218; x_wconf 71' lang='lat' dir='ltr'>quibus</span> <span class='ocrx_word' id='word_1_38' title='bbox 1394 1161 1628 1213; x_wconf 79' lang='lat' dir='ltr'>melodz&#39;a</span> <span class='ocrx_word' id='word_1_39' title='bbox 1659 1169 1989 1219; x_wconf 65' lang='lat' dir='ltr'>contexitur.</span> 
     </span>
    </p>
   </div>
   <div class='ocr_carea' id='block_1_7' title="bbox 501 1222 2027 1324">
    <p class='ocr_par' dir='ltr' id='par_1_7' title="bbox 501 1222 2027 1324">
     <span class='ocr_line' id='line_1_7' title="bbox 501 1222 2027 1324; baseline 0.022 -48"><span class='ocrx_word' id='word_1_40' title='bbox 501 1222 661 1278; x_wconf 82' lang='lat' dir='ltr'>Inter</span> <span class='ocrx_word' id='word_1_41' title='bbox 711 1233 912 1286; x_wconf 67' lang='lat' dir='ltr'>caetera</span> <span class='ocrx_word' id='word_1_42' title='bbox 965 1234 1070 1290; x_wconf 92' lang='lat' dir='ltr'>hoc</span> <span class='ocrx_word' id='word_1_43' title='bbox 1121 1255 1342 1312; x_wconf 89' lang='lat' dir='ltr'>quoque</span> <span class='ocrx_word' id='word_1_44' title='bbox 1390 1245 1529 1300; x_wconf 87' lang='lat' dir='ltr'>scire</span> <span class='ocrx_word' id='word_1_45' title='bbox 1567 1253 1846 1318; x_wconf 74' lang='lat' dir='ltr'>convenit;</span> <span class='ocrx_word' id='word_1_46' title='bbox 1877 1257 2027 1324; x_wconf 90' lang='lat' dir='ltr'>quod</span> 
     </span>
    </p>
   </div>
   <div class='ocr_carea' id='block_1_8' title="bbox 428 1319 2025 1401">
    <p class='ocr_par' dir='ltr' id='par_1_8' title="bbox 428 1319 2025 1401">
     <span class='ocr_line' id='line_1_8' title="bbox 428 1319 2025 1401; baseline 0.022 -37"><span class='ocrx_word' id='word_1_47' title='bbox 428 1327 629 1368; x_wconf 89' lang='lat' dir='ltr'>novem</span> <span class='ocrx_word' id='word_1_48' title='bbox 658 1319 885 1374; x_wconf 85' lang='lat' dir='ltr'>omnino</span> <span class='ocrx_word' id='word_1_49' title='bbox 914 1330 1046 1378; x_wconf 90' lang='lat' dir='ltr'>sunt</span> <span class='ocrx_word' id='word_1_50' title='bbox 1075 1328 1247 1396; x_wconf 93' lang='lat' dir='ltr'>modi,</span> <span class='ocrx_word' id='word_1_51' title='bbox 1298 1333 1500 1401; x_wconf 90' lang='lat' dir='ltr'>quibus</span> <span class='ocrx_word' id='word_1_52' title='bbox 1551 1343 1733 1392; x_wconf 90' lang='lat' dir='ltr'>omnis</span> <span class='ocrx_word' id='word_1_53' title='bbox 1781 1343 2025 1399; x_wconf 89' lang='lat' dir='ltr'>melodia</span> 
     </span>
    </p>
   </div>
   <div class='ocr_carea' id='block_1_9' title="bbox 428 1404 2018 1500">
    <p class='ocr_par' dir='ltr' id='par_1_9' title="bbox 428 1404 2018 1500">
     <span class='ocr_line' id='line_1_9' title="bbox 428 1404 2018 1500; baseline 0.022 -47"><span class='ocrx_word' id='word_1_54' title='bbox 428 1404 763 1461; x_wconf 86' lang='lat' dir='ltr'>contexitur.</span> <span class='ocrx_word' id='word_1_55' title='bbox 797 1409 1099 1480; x_wconf 90' lang='lat' dir='ltr'>Unisonus,</span> <span class='ocrx_word' id='word_1_56' title='bbox 1128 1419 1510 1490; x_wconf 83' lang='lat' dir='ltr'>semitonium,</span> <span class='ocrx_word' id='word_1_57' title='bbox 1554 1431 1740 1495; x_wconf 89' lang='lat' dir='ltr'>tonus,</span> <span class='ocrx_word' id='word_1_58' title='bbox 1770 1430 2018 1500; x_wconf 90' lang='lat' dir='ltr'>ditonus,</span> 
     </span>
    </p>
   </div>
   <div class='ocr_carea' id='block_1_10' title="bbox 426 1491 2023 1581">
    <p class='ocr_par' dir='ltr' id='par_1_10' title="bbox 426 1491 2023 1581">
     <span class='ocr_line' id='line_1_10' title="bbox 426 1491 2023 1581; baseline 0.022 -39"><span class='ocrx_word' id='word_1_59' title='bbox 426 1491 818 1564; x_wconf 90' lang='lat' dir='ltr'>semiditonus,</span> <span class='ocrx_word' id='word_1_60' title='bbox 887 1499 1254 1572; x_wconf 84' lang='lat' dir='ltr'>diatessaron,</span> <span class='ocrx_word' id='word_1_61' title='bbox 1315 1510 1596 1581; x_wconf 85' lang='lat' dir='ltr'>diapente,</span> <span class='ocrx_word' id='word_1_62' title='bbox 1661 1519 2023 1576; x_wconf 90' lang='lat' dir='ltr'>semitonium</span> 
     </span>
    </p>
   </div>
   <div class='ocr_carea' id='block_1_11' title="bbox 425 1580 2023 1669">
    <p class='ocr_par' dir='ltr' id='par_1_11' title="bbox 425 1580 2023 1669">
     <span class='ocr_line' id='line_1_11' title="bbox 425 1580 2023 1669; baseline 0.023 -38"><span class='ocrx_word' id='word_1_63' title='bbox 425 1593 555 1632; x_wconf 89' lang='lat' dir='ltr'>cum</span> <span class='ocrx_word' id='word_1_64' title='bbox 586 1580 866 1654; x_wconf 87' lang='lat' dir='ltr'>diapente,</span> <span class='ocrx_word' id='word_1_65' title='bbox 898 1593 1065 1644; x_wconf 90' lang='lat' dir='ltr'>tonus</span> <span class='ocrx_word' id='word_1_66' title='bbox 1093 1609 1219 1648; x_wconf 90' lang='lat' dir='ltr'>cum</span> <span class='ocrx_word' id='word_1_67' title='bbox 1251 1580 1531 1669; x_wconf 76' lang='lat' dir='ltr'>diapente.</span> <span class='ocrx_word' id='word_1_68' title='bbox 1557 1604 1636 1657; x_wconf 83' lang='lat' dir='ltr'>Ex</span> <span class='ocrx_word' id='word_1_69' title='bbox 1663 1606 1750 1659; x_wconf 91' lang='lat' dir='ltr'>his</span> <span class='ocrx_word' id='word_1_70' title='bbox 1779 1625 1874 1662; x_wconf 85' lang='lat' dir='ltr'>sex</span> <span class='ocrx_word' id='word_1_71' title='bbox 1895 1627 2023 1666; x_wconf 90' lang='lat' dir='ltr'>con-</span> 
     </span>
    </p>
   </div>
   <div class='ocr_carea' id='block_1_12' title="bbox 423 1670 2082 1782">
    <p class='ocr_par' dir='ltr' id='par_1_12' title="bbox 423 1670 2082 1782">
     <span class='ocr_line' id='line_1_12' title="bbox 423 1670 2082 1782; baseline 0.022 -63"><span class='ocrx_word' id='word_1_72' title='bbox 423 1670 696 1725; x_wconf 74' lang='lat' dir='ltr'>sonantiae</span> <span class='ocrx_word' id='word_1_73' title='bbox 737 1673 1018 1745; x_wconf 85' lang='lat' dir='ltr'>dicuntur,</span> <span class='ocrx_word' id='word_1_74' title='bbox 1065 1681 1272 1739; x_wconf 89' lang='lat' dir='ltr'>scilicet</span> <span class='ocrx_word' id='word_1_75' title='bbox 1321 1704 1445 1758; x_wconf 87' lang='lat' dir='ltr'>quae</span> <span class='ocrx_word' id='word_1_76' title='bbox 1494 1690 1554 1744; x_wconf 92' lang='lat' dir='ltr'>in</span> <span class='ocrx_word' id='word_1_77' title='bbox 1605 1701 1773 1750; x_wconf 90' lang='lat' dir='ltr'>cantu</span> <span class='ocrx_word' id='word_1_78' title='bbox 1814 1700 2082 1782; x_wconf 79' lang='lat' dir='ltr'>saepiusB</span> 
     </span>
     <span class='ocr_line' id='line_1_13' title="bbox 425 1762 1174 1782; baseline 0.004 -3"><span class='ocrx_word' id='word_1_79' title='bbox 425 1765 733 1782; x_wconf 49' lang='lat' dir='ltr'>“Mm”.</span> <span class='ocrx_word' id='word_1_80' title='bbox 799 1762 852 1782; x_wconf 64' lang='grc' dir='ltr'>ε,</span> <span class='ocrx_word' id='word_1_81' title='bbox 968 1772 977 1782; x_wconf 95' lang='grc'><strong><em>,</em></strong></span> <span class='ocrx_word' id='word_1_82' title='bbox 1042 1769 1053 1779; x_wconf 95' lang='grc'><em>.</em></span> <span class='ocrx_word' id='word_1_83' title='bbox 1161 1772 1174 1782; x_wconf 88' lang='grc'><strong>.</strong></span> 
     </span>
    </p>
   </div>
   <div class='ocr_carea' id='block_1_13' title="bbox 422 1762 2017 1859">
    <p class='ocr_par' dir='ltr' id='par_1_13' title="bbox 422 1762 2017 1859">
     <span class='ocr_line' id='line_1_14' title="bbox 422 1762 2017 1859; baseline 0.023 -51"><span class='ocrx_word' id='word_1_84' title='bbox 422 1765 753 1828; x_wconf 87' lang='lat' dir='ltr'>consonant,</span> <span class='ocrx_word' id='word_1_85' title='bbox 798 1762 854 1818; x_wconf 92' lang='lat' dir='ltr'>id</span> <span class='ocrx_word' id='word_1_86' title='bbox 898 1772 986 1821; x_wconf 93' lang='lat' dir='ltr'>est</span> <span class='ocrx_word' id='word_1_87' title='bbox 1010 1769 1177 1824; x_wconf 90' lang='lat' dir='ltr'>simul</span> <span class='ocrx_word' id='word_1_88' title='bbox 1223 1782 1430 1830; x_wconf 90' lang='lat' dir='ltr'>sonant</span> <span class='ocrx_word' id='word_1_89' title='bbox 1477 1799 1488 1832; x_wconf 88' lang='lat'><strong>:</strong></span> <span class='ocrx_word' id='word_1_90' title='bbox 1531 1788 1632 1835; x_wconf 90' lang='lat' dir='ltr'>aut</span> <span class='ocrx_word' id='word_1_91' title='bbox 1679 1792 1829 1840; x_wconf 89' lang='lat' dir='ltr'>certe</span> <span class='ocrx_word' id='word_1_92' title='bbox 1868 1762 2017 1859; x_wconf 75' lang='lat' dir='ltr'>quod</span> 
     </span>
    </p>
   </div>
   <div class='ocr_carea' id='block_1_14' title="bbox 420 1848 2016 1932">
    <p class='ocr_par' dir='ltr' id='par_1_14' title="bbox 420 1848 2016 1932">
     <span class='ocr_line' id='line_1_15' title="bbox 420 1848 2016 1932; baseline 0.023 -36"><span class='ocrx_word' id='word_1_93' title='bbox 420 1852 646 1912; x_wconf 86' lang='lat' dir='ltr'>sonant,</span> <span class='ocrx_word' id='word_1_94' title='bbox 669 1848 727 1902; x_wconf 93' lang='lat' dir='ltr'>id</span> <span class='ocrx_word' id='word_1_95' title='bbox 759 1852 1092 1922; x_wconf 87' lang='lat' dir='ltr'>quibusdam</span> <span class='ocrx_word' id='word_1_96' title='bbox 1122 1865 1577 1932; x_wconf 89' lang='lat' dir='ltr'>proportionibus</span> <span class='ocrx_word' id='word_1_97' title='bbox 1607 1877 1753 1927; x_wconf 63' lang='lat' dir='ltr'>nata;</span> <span class='ocrx_word' id='word_1_98' title='bbox 1779 1875 2016 1932; x_wconf 90' lang='lat' dir='ltr'>invicem</span> 
     </span>
    </p>
   </div>
   <div class='ocr_carea' id='block_1_15' title="bbox 417 2024 2015 2126">
    <p class='ocr_par' dir='ltr' id='par_1_15' title="bbox 417 2024 2015 2126">
     <span class='ocr_line' id='line_1_16' title="bbox 417 2024 2015 2126; baseline 0.023 -52"><span class='ocrx_word' id='word_1_99' title='bbox 417 2024 810 2093; x_wconf 87' lang='lat' dir='ltr'>sesquialtera,</span> <span class='ocrx_word' id='word_1_100' title='bbox 842 2031 1035 2102; x_wconf 91' lang='lat' dir='ltr'>dupla,</span> <span class='ocrx_word' id='word_1_101' title='bbox 1056 2036 1126 2090; x_wconf 91' lang='lat' dir='ltr'>de</span> <span class='ocrx_word' id='word_1_102' title='bbox 1154 2039 1358 2108; x_wconf 90' lang='lat' dir='ltr'>quibus</span> <span class='ocrx_word' id='word_1_103' title='bbox 1382 2024 1626 2102; x_wconf 84' lang='lat' dir='ltr'>tractare</span> <span class='ocrx_word' id='word_1_104' title='bbox 1649 2024 1780 2120; x_wconf 70' lang='lat' dir='ltr'>quia</span> <span class='ocrx_word' id='word_1_105' title='bbox 1809 2059 1863 2108; x_wconf 88' lang='lat' dir='ltr'>et</span> <span class='ocrx_word' id='word_1_106' title='bbox 1881 2024 2015 2126; x_wconf 52' lang='lat' dir='ltr'>pue;</span> 
     </span>
    </p>
   </div>
   <div class='ocr_carea' id='block_1_16' title="bbox 420 2109 2013 2209">
    <p class='ocr_par' dir='ltr' id='par_1_16' title="bbox 420 2109 2013 2209">
     <span class='ocr_line' id='line_1_17' title="bbox 420 2109 2013 2209; baseline 0.024 -47"><span class='ocrx_word' id='word_1_107' title='bbox 420 2109 502 2164; x_wconf 84' lang='lat' dir='ltr'>ris</span> <span class='ocrx_word' id='word_1_108' title='bbox 533 2118 589 2166; x_wconf 91' lang='lat' dir='ltr'>et</span> <span class='ocrx_word' id='word_1_109' title='bbox 620 2115 807 2172; x_wconf 92' lang='lat' dir='ltr'>minus</span> <span class='ocrx_word' id='word_1_110' title='bbox 838 2123 1075 2178; x_wconf 90' lang='lat' dir='ltr'>eruditis</span> <span class='ocrx_word' id='word_1_111' title='bbox 1107 2137 1257 2182; x_wconf 88' lang='lat' dir='ltr'>esset</span> <span class='ocrx_word' id='word_1_112' title='bbox 1285 2147 1606 2203; x_wconf 89' lang='lat' dir='ltr'>onerosum,</span> <span class='ocrx_word' id='word_1_113' title='bbox 1645 2142 1834 2209; x_wconf 91' lang='lat' dir='ltr'>pueris</span> <span class='ocrx_word' id='word_1_114' title='bbox 1861 2146 2013 2200; x_wconf 91' lang='lat' dir='ltr'>enim</span> 
     </span>
    </p>
   </div>
   <div class='ocr_carea' id='block_1_17' title="bbox 417 2203 2016 2289">
    <p class='ocr_par' dir='ltr' id='par_1_17' title="bbox 417 2203 2016 2289">
     <span class='ocr_line' id='line_1_18' title="bbox 417 2203 2016 2289; baseline 0.023 -37"><span class='ocrx_word' id='word_1_115' title='bbox 417 2203 476 2253; x_wconf 92' lang='lat' dir='ltr'>et</span> <span class='ocrx_word' id='word_1_116' title='bbox 503 2203 754 2259; x_wconf 90' lang='lat' dir='ltr'>nondum</span> <span class='ocrx_word' id='word_1_117' title='bbox 783 2210 1044 2277; x_wconf 84' lang='lat' dir='ltr'>perfectis</span> <span class='ocrx_word' id='word_1_118' title='bbox 1077 2215 1380 2286; x_wconf 89' lang='lat' dir='ltr'>loquimur,</span> <span class='ocrx_word' id='word_1_119' title='bbox 1405 2203 1892 2286; x_wconf 75' lang='lat' dir='ltr'>arithmeticorum</span> <span class='ocrx_word' id='word_1_120' title='bbox 1913 2233 2016 2289; x_wconf 90' lang='lat' dir='ltr'>hoc</span> 
     </span>
    </p>
   </div>
   <div class='ocr_carea' id='block_1_18' title="bbox 414 2287 1804 2370">
    <p class='ocr_par' dir='ltr' id='par_1_18' title="bbox 414 2287 1804 2370">
     <span class='ocr_line' id='line_1_19' title="bbox 414 2287 1804 2370; baseline 0.021 -28"><span class='ocrx_word' id='word_1_121' title='bbox 414 2287 717 2348; x_wconf 86' lang='lat' dir='ltr'>subtilitati</span> <span class='ocrx_word' id='word_1_122' title='bbox 745 2297 1142 2370; x_wconf 89' lang='lat' dir='ltr'>relinquimus.</span> <span class='ocrx_word' id='word_1_123' title='bbox 1789 2338 1804 2343; x_wconf 79' lang='grc'><strong>-</strong></span> 
     </span>
    </p>
   </div>
   <div class='ocr_carea' id='block_1_19' title="bbox 843 2424 1657 2506">
    <p class='ocr_par' dir='ltr' id='par_1_19' title="bbox 843 2424 1657 2506">
     <span class='ocr_line' id='line_1_20' title="bbox 843 2424 1657 2506; baseline 0.018 -29"><span class='ocrx_word' id='word_1_124' title='bbox 843 2424 1047 2495; x_wconf 89' lang='lat' dir='ltr'>Dupla.</span> <span class='ocrx_word' id='word_1_125' title='bbox 1269 2433 1657 2506; x_wconf 88' lang='lat' dir='ltr'>Sesquitertia.</span> 
     </span>
    </p>
   </div>
   <div class='ocr_carea' id='block_1_20' title="bbox 791 2529 1658 2601">
    <p class='ocr_par' dir='ltr' id='par_1_20' title="bbox 791 2529 1658 2601">
     <span class='ocr_line' id='line_1_21' title="bbox 791 2529 1658 2601; baseline 0.023 -20"><span class='ocrx_word' id='word_1_126' title='bbox 791 2529 1071 2601; x_wconf 79' lang='lat' dir='ltr'>l_)iapason</span> <span class='ocrx_word' id='word_1_127' title='bbox 1120 2529 1130 2601; x_wconf 95' lang='lat' dir='ltr'><strong>I</strong></span> <span class='ocrx_word' id='word_1_128' title='bbox 1225 2529 1238 2601; x_wconf 89' lang='lat' dir='ltr'>I</span> <span class='ocrx_word' id='word_1_129' title='bbox 1283 2541 1658 2600; x_wconf 88' lang='lat' dir='ltr'>Diatessaron.</span> 
     </span>
    </p>
   </div>
   <div class='ocr_carea' id='block_1_21' title="bbox 712 2509 1664 2684">
    <p class='ocr_par' dir='ltr' id='par_1_21' title="bbox 712 2509 1664 2684">
     <span class='ocr_line' id='line_1_22' title="bbox 712 2509 1664 2684; baseline 0.022 -103"><span class='ocrx_word' id='word_1_130' title='bbox 712 2509 1664 2684; x_wconf 50' lang='grc' dir='ltr'>ΓῇῇἦῖΙΓῇἦᾶἦῐ</span> 
     </span>
     <span class='ocr_line' id='line_1_23' title="bbox 792 2598 1664 2672; baseline 0.023 -19"><span class='ocrx_word' id='word_1_131' title='bbox 792 2598 870 2655; x_wconf 91' lang='lat' dir='ltr'>II.</span> <span class='ocrx_word' id='word_1_132' title='bbox 1017 2605 1061 2659; x_wconf 84' lang='lat'>1.</span> <span class='ocrx_word' id='word_1_133' title='bbox 1283 2612 1378 2666; x_wconf 89' lang='lat' dir='ltr'>1v.</span> <span class='ocrx_word' id='word_1_134' title='bbox 1561 2618 1664 2672; x_wconf 85' lang='lat'>111.</span> 
     </span>
    </p>
   </div>
   <div class='ocr_carea' id='block_1_22' title="bbox 728 2741 1678 2827">
    <p class='ocr_par' dir='ltr' id='par_1_22' title="bbox 728 2741 1678 2827">
     <span class='ocr_line' id='line_1_24' title="bbox 728 2741 1678 2827; baseline 0.022 -34"><span class='ocrx_word' id='word_1_135' title='bbox 728 2741 1129 2813; x_wconf 89' lang='lat' dir='ltr'>Sesquialtera.</span> <span class='ocrx_word' id='word_1_136' title='bbox 1264 2755 1678 2827; x_wconf 89' lang='lat' dir='ltr'>Sesquioctava.</span> 
     </span>
    </p>
   </div>
   <div class='ocr_carea' id='block_1_23' title="bbox 783 2838 1718 3008">
    <p class='ocr_par' dir='ltr' id='par_1_23' title="bbox 783 2838 1718 3008">
     <span class='ocr_line' id='line_1_25' title="bbox 783 2838 1718 3008; baseline 0.026 -106"><span class='ocrx_word' id='word_1_137' title='bbox 783 2838 1128 2997; x_wconf 55' lang='grc' dir='ltr'>Βίερἷιῖίεῗι</span> <span class='ocrx_word' id='word_1_138' title='bbox 1219 2839 1718 3008; x_wconf 49' lang='grc' dir='ltr'>ΙᾮΙ</span> 
     </span>
     <span class='ocr_line' id='line_1_26' title="bbox 783 2921 1649 2992; baseline 0.022 -18"><span class='ocrx_word' id='word_1_139' title='bbox 783 2921 858 2976; x_wconf 89' lang='grc' dir='ltr'>Π.</span> <span class='ocrx_word' id='word_1_140' title='bbox 993 2927 1064 2980; x_wconf 93' lang='grc' dir='ltr'><strong>ΙΙ.</strong></span> <span class='ocrx_word' id='word_1_141' title='bbox 1280 2935 1375 2988; x_wconf 88' lang='grc' dir='ltr'>ΙΧ.</span> <span class='ocrx_word' id='word_1_142' title='bbox 1501 2938 1649 2992; x_wconf 90' lang='lat' dir='ltr'>VIII.</span> 
     </span>
    </p>
   </div>
   <div class='ocr_carea' id='block_1_24' title="bbox 761 2921 1649 2992">
    <p class='ocr_par' dir='ltr' id='par_1_24' title="bbox 761 2921 1649 2992">
     <span class='ocr_line' id='line_1_27' title="bbox 761 2921 1649 2992; baseline 0.02 -17"><span class='ocrx_word' id='word_1_143' title='bbox 761 2921 907 2976; x_wconf 62' lang='lat' dir='ltr'>III.&quot;</span> <span class='ocrx_word' id='word_1_144' title='bbox 993 2927 1064 2980; x_wconf 93' lang='lat' dir='ltr'>II.</span> <span class='ocrx_word' id='word_1_145' title='bbox 1115 2921 1126 2992; x_wconf 98' lang='lat'><em>|</em></span> <span class='ocrx_word' id='word_1_146' title='bbox 1222 2921 1232 2992; x_wconf 99' lang='lat'><strong><em>|</em></strong></span> <span class='ocrx_word' id='word_1_147' title='bbox 1280 2935 1375 2988; x_wconf 62' lang='lat'>1):.</span> <span class='ocrx_word' id='word_1_148' title='bbox 1501 2938 1649 2992; x_wconf 60' lang='lat' dir='ltr'>VJIII.</span> 
     </span>
    </p>
   </div>
   <div class='ocr_carea' id='block_1_25' title="bbox 1219 2843 1234 3012">
    <p class='ocr_par' dir='ltr' id='par_1_25' title="bbox 1219 2843 1234 3012">
     <span class='ocr_line' id='line_1_28' title="bbox 1219 2843 1234 3012; baseline 0 0"><span class='ocrx_word' id='word_1_149' title='bbox 1219 2843 1234 3012; x_wconf 89' lang='grc' dir='ltr'><strong>Ι</strong></span> 
     </span>
    </p>
   </div>
   <div class='ocr_carea' id='block_1_26' title="bbox 483 3066 2008 3156">
    <p class='ocr_par' dir='ltr' id='par_1_26' title="bbox 483 3066 2008 3156">
     <span class='ocr_line' id='line_1_29' title="bbox 483 3066 2008 3156; baseline 0.018 -37"><span class='ocrx_word' id='word_1_150' title='bbox 483 3066 767 3124; x_wconf 89' lang='lat' dir='ltr'>Unisonus</span> <span class='ocrx_word' id='word_1_151' title='bbox 804 3071 1011 3127; x_wconf 89' lang='lat' dir='ltr'>dicitur</span> <span class='ocrx_word' id='word_1_152' title='bbox 1034 3079 1193 3146; x_wconf 90' lang='lat' dir='ltr'>quasi</span> <span class='ocrx_word' id='word_1_153' title='bbox 1220 3097 1365 3135; x_wconf 89' lang='lat' dir='ltr'>unus</span> <span class='ocrx_word' id='word_1_154' title='bbox 1391 3100 1580 3151; x_wconf 90' lang='lat' dir='ltr'>sonus,</span> <span class='ocrx_word' id='word_1_155' title='bbox 1606 3088 1756 3156; x_wconf 93' lang='lat' dir='ltr'>quod</span> <span class='ocrx_word' id='word_1_156' title='bbox 1785 3105 1914 3144; x_wconf 91' lang='lat' dir='ltr'>cum</span> <span class='ocrx_word' id='word_1_157' title='bbox 1933 3091 2008 3145; x_wconf 90' lang='lat' dir='ltr'>sit</span> 
     </span>
    </p>
   </div>
   <div class='ocr_carea' id='block_1_27' title="bbox 379 3149 2005 3236">
    <p class='ocr_par' dir='ltr' id='par_1_27' title="bbox 379 3149 2005 3236">
     <span class='ocr_line' id='line_1_30' title="bbox 379 3149 2005 3236; baseline 0.016 -27"><span class='ocrx_word' id='word_1_158' title='bbox 379 3149 526 3210; x_wconf 41' lang='lat' dir='ltr'>’una</span> <span class='ocrx_word' id='word_1_159' title='bbox 555 3172 676 3224; x_wconf 87' lang='lat' dir='ltr'>vox,</span> <span class='ocrx_word' id='word_1_160' title='bbox 709 3161 972 3217; x_wconf 90' lang='lat' dir='ltr'>continue</span> <span class='ocrx_word' id='word_1_161' title='bbox 1009 3170 1401 3236; x_wconf 90' lang='lat' dir='ltr'>repercutitur.</span> <span class='ocrx_word' id='word_1_162' title='bbox 1445 3175 1633 3230; x_wconf 90' lang='lat' dir='ltr'>Tonus</span> <span class='ocrx_word' id='word_1_163' title='bbox 1673 3194 1707 3231; x_wconf 88' lang='lat' dir='ltr'>a</span> <span class='ocrx_word' id='word_1_164' title='bbox 1759 3180 2005 3234; x_wconf 90' lang='lat' dir='ltr'>tonando</span> 
     </span>
    </p>
   </div>
   <div class='ocr_carea' id='block_1_28' title="bbox 405 3251 2004 3332">
    <p class='ocr_par' dir='ltr' id='par_1_28' title="bbox 405 3251 2004 3332">
     <span class='ocr_line' id='line_1_31' title="bbox 405 3251 2004 3332; baseline 0.016 -34"><span class='ocrx_word' id='word_1_165' title='bbox 405 3251 657 3314; x_wconf 87' lang='lat' dir='ltr'>vocatur,</span> <span class='ocrx_word' id='word_1_166' title='bbox 682 3254 766 3304; x_wconf 91' lang='lat' dir='ltr'>est</span> <span class='ocrx_word' id='word_1_167' title='bbox 795 3256 986 3306; x_wconf 90' lang='lat' dir='ltr'>autem</span> <span class='ocrx_word' id='word_1_168' title='bbox 1005 3259 1202 3311; x_wconf 89' lang='lat' dir='ltr'>tonare</span> <span class='ocrx_word' id='word_1_169' title='bbox 1222 3266 1482 3329; x_wconf 90' lang='lat' dir='ltr'>potenter</span> <span class='ocrx_word' id='word_1_170' title='bbox 1509 3281 1728 3332; x_wconf 87' lang='lat' dir='ltr'>sonare,</span> <span class='ocrx_word' id='word_1_171' title='bbox 1754 3274 1811 3321; x_wconf 92' lang='lat' dir='ltr'>et</span> <span class='ocrx_word' id='word_1_172' title='bbox 1837 3274 2004 3322; x_wconf 91' lang='lat' dir='ltr'>tonus</span> 
     </span>
    </p>
   </div>
   <div class='ocr_carea' id='block_1_29' title="bbox 401 3331 2005 3415">
    <p class='ocr_par' dir='ltr' id='par_1_29' title="bbox 401 3331 2005 3415">
     <span class='ocr_line' id='line_1_32' title="bbox 401 3331 2005 3415; baseline 0.017 -30"><span class='ocrx_word' id='word_1_173' title='bbox 401 3331 606 3389; x_wconf 87' lang='lat' dir='ltr'>fortem</span> <span class='ocrx_word' id='word_1_174' title='bbox 636 3335 807 3392; x_wconf 88' lang='lat' dir='ltr'>habet</span> <span class='ocrx_word' id='word_1_175' title='bbox 832 3355 1035 3395; x_wconf 89' lang='lat' dir='ltr'>sonum</span> <span class='ocrx_word' id='word_1_176' title='bbox 1064 3353 1322 3415; x_wconf 77' lang='lat' dir='ltr'>respectu</span> <span class='ocrx_word' id='word_1_177' title='bbox 1360 3352 1642 3406; x_wconf 89' lang='lat' dir='ltr'>semitonii</span> <span class='ocrx_word' id='word_1_178' title='bbox 1672 3374 1683 3408; x_wconf 89' lang='lat'><strong>:</strong></span> <span class='ocrx_word' id='word_1_179' title='bbox 1715 3356 1817 3409; x_wconf 87' lang='lat' dir='ltr'>Vel</span> <span class='ocrx_word' id='word_1_180' title='bbox 1854 3363 2005 3413; x_wconf 90' lang='lat' dir='ltr'>certe</span> 
     </span>
    </p>
   </div>
   <div class='ocr_carea' id='block_1_30' title="bbox 406 3421 2005 3518">
    <p class='ocr_par' dir='ltr' id='par_1_30' title="bbox 406 3421 2005 3518">
     <span class='ocr_line' id='line_1_33' title="bbox 406 3421 2005 3518; baseline 0.016 -43"><span class='ocrx_word' id='word_1_181' title='bbox 406 3437 443 3476; x_wconf 90' lang='lat' dir='ltr'>a</span> <span class='ocrx_word' id='word_1_182' title='bbox 469 3421 676 3479; x_wconf 77' lang='lat' dir='ltr'>Graecis</span> <span class='ocrx_word' id='word_1_183' title='bbox 700 3433 988 3498; x_wconf 90' lang='lat' dir='ltr'>sumptum</span> <span class='ocrx_word' id='word_1_184' title='bbox 1020 3439 1107 3486; x_wconf 92' lang='lat' dir='ltr'>est</span> <span class='ocrx_word' id='word_1_185' title='bbox 1144 3435 1245 3488; x_wconf 87' lang='lat' dir='ltr'>hoc</span> <span class='ocrx_word' id='word_1_186' title='bbox 1284 3454 1489 3494; x_wconf 88' lang='lat' dir='ltr'>nomen</span> <span class='ocrx_word' id='word_1_187' title='bbox 1514 3458 1528 3508; x_wconf 90' lang='lat'><strong>;</strong></span> <span class='ocrx_word' id='word_1_188' title='bbox 1561 3459 1688 3497; x_wconf 89' lang='lat' dir='ltr'>cum</span> <span class='ocrx_word' id='word_1_189' title='bbox 1719 3444 1868 3499; x_wconf 89' lang='lat' dir='ltr'>enim</span> <span class='ocrx_word' id='word_1_190' title='bbox 1899 3447 2005 3518; x_wconf 89' lang='lat' dir='ltr'>ipsi</span> 
     </span>
    </p>
   </div>
   <div class='ocr_carea' id='block_1_31' title="bbox 406 3509 2004 3590">
    <p class='ocr_par' dir='ltr' id='par_1_31' title="bbox 406 3509 2004 3590">
     <span class='ocr_line' id='line_1_34' title="bbox 406 3509 2004 3590; baseline 0.018 -27"><span class='ocrx_word' id='word_1_191' title='bbox 406 3509 598 3566; x_wconf 88' lang='lat' dir='ltr'>dicant</span> <span class='ocrx_word' id='word_1_192' title='bbox 626 3514 785 3580; x_wconf 86' lang='grc' dir='ltr'>τόνος,</span> <span class='ocrx_word' id='word_1_193' title='bbox 819 3533 921 3571; x_wconf 90' lang='lat' dir='ltr'>nos</span> <span class='ocrx_word' id='word_1_194' title='bbox 952 3520 1060 3574; x_wconf 91' lang='lat' dir='ltr'>oin</span> <span class='ocrx_word' id='word_1_195' title='bbox 1086 3539 1124 3574; x_wconf 70' lang='grc' dir='ltr'>τι</span> <span class='ocrx_word' id='word_1_196' title='bbox 1151 3530 1369 3579; x_wconf 82' lang='lat' dir='ltr'>mutata</span> <span class='ocrx_word' id='word_1_197' title='bbox 1413 3534 1578 3585; x_wconf 91' lang='lat' dir='ltr'>tonus</span> <span class='ocrx_word' id='word_1_198' title='bbox 1623 3532 1878 3588; x_wconf 91' lang='lat' dir='ltr'>dicimus.</span> <span class='ocrx_word' id='word_1_199' title='bbox 1913 3536 2004 3590; x_wconf 92' lang='lat' dir='ltr'>Sic</span> 
     </span>
    </p>
   </div>
   <div class='ocr_carea' id='block_1_32' title="bbox 404 3779 1998 3869">
    <p class='ocr_par' dir='ltr' id='par_1_32' title="bbox 404 3779 1998 3869">
     <span class='ocr_line' id='line_1_35' title="bbox 404 3779 1998 3869; baseline 0.018 -41"><span class='ocrx_word' id='word_1_200' title='bbox 404 3779 575 3830; x_wconf 90' lang='lat' dir='ltr'>tonus</span> <span class='ocrx_word' id='word_1_201' title='bbox 601 3781 698 3833; x_wconf 93' lang='lat' dir='ltr'>sed</span> <span class='ocrx_word' id='word_1_202' title='bbox 736 3781 1117 3852; x_wconf 86' lang='lat' dir='ltr'>imperfectus,</span> <span class='ocrx_word' id='word_1_203' title='bbox 1143 3806 1255 3844; x_wconf 91' lang='lat' dir='ltr'>non</span> <span class='ocrx_word' id='word_1_204' title='bbox 1279 3797 1343 3846; x_wconf 92' lang='lat' dir='ltr'>ut</span> <span class='ocrx_word' id='word_1_205' title='bbox 1375 3795 1598 3864; x_wconf 90' lang='lat' dir='ltr'>quidam</span> <span class='ocrx_word' id='word_1_206' title='bbox 1631 3797 1877 3869; x_wconf 89' lang='lat' dir='ltr'>imperiti</span> <span class='ocrx_word' id='word_1_207' title='bbox 1906 3818 1998 3856; x_wconf 88' lang='lat' dir='ltr'>re-</span> 
     </span>
    </p>
   </div>
   <div class='ocr_carea' id='block_1_33' title="bbox 401 3865 1992 3960">
    <p class='ocr_par' dir='ltr' id='par_1_33' title="bbox 401 3865 1992 3960">
     <span class='ocr_line' id='line_1_36' title="bbox 401 3865 1992 3960; baseline 0.018 -43"><span class='ocrx_word' id='word_1_208' title='bbox 401 3865 642 3934; x_wconf 86' lang='lat' dir='ltr'>solvant,</span> <span class='ocrx_word' id='word_1_209' title='bbox 675 3869 940 3927; x_wconf 90' lang='lat' dir='ltr'>dimidius</span> <span class='ocrx_word' id='word_1_210' title='bbox 955 3879 1138 3931; x_wconf 90' lang='lat' dir='ltr'>tonus.</span> <span class='ocrx_word' id='word_1_211' title='bbox 1157 3879 1426 3950; x_wconf 85' lang='lat' dir='ltr'>Virgilius</span> <span class='ocrx_word' id='word_1_212' title='bbox 1454 3885 1699 3939; x_wconf 87' lang='lat' dir='ltr'>semiviri</span> <span class='ocrx_word' id='word_1_213' title='bbox 1712 3865 1992 3960; x_wconf 48' lang='lat' dir='ltr'>_Phryges,</span> 
     </span>
    </p>
   </div>
   <div class='ocr_carea' id='block_1_34' title="bbox 401 3953 1995 4038">
    <p class='ocr_par' dir='ltr' id='par_1_34' title="bbox 401 3953 1995 4038">
     <span class='ocr_line' id='line_1_37' title="bbox 401 3953 1995 4038; baseline 0.018 -31"><span class='ocrx_word' id='word_1_214' title='bbox 401 3953 462 4008; x_wconf 90' lang='lat' dir='ltr'>id</span> <span class='ocrx_word' id='word_1_215' title='bbox 492 3960 595 4022; x_wconf 91' lang='lat' dir='ltr'>est,</span> <span class='ocrx_word' id='word_1_216' title='bbox 623 3974 757 4012; x_wconf 58' lang='lat' dir='ltr'>«non</span> <span class='ocrx_word' id='word_1_217' title='bbox 808 3962 958 4031; x_wconf 89' lang='lat' dir='ltr'>pleni</span> <span class='ocrx_word' id='word_1_218' title='bbox 1008 3965 1132 4031; x_wconf 88' lang='lat' dir='ltr'>viri,</span> <span class='ocrx_word' id='word_1_219' title='bbox 1183 3969 1314 4038; x_wconf 91' lang='lat' dir='ltr'>quia</span> <span class='ocrx_word' id='word_1_220' title='bbox 1363 3988 1519 4027; x_wconf 90' lang='lat' dir='ltr'>more</span> <span class='ocrx_word' id='word_1_221' title='bbox 1566 3975 1906 4033; x_wconf 86' lang='lat' dir='ltr'>feminarum</span> <span class='ocrx_word' id='word_1_222' title='bbox 1936 3997 1995 4035; x_wconf 91' lang='lat' dir='ltr'>se</span> 
     </span>
    </p>
   </div>
   <div class='ocr_carea' id='block_1_35' title="bbox 400 4047 1997 4134">
    <p class='ocr_par' dir='ltr' id='par_1_35' title="bbox 400 4047 1997 4134">
     <span class='ocr_line' id='line_1_38' title="bbox 400 4047 1997 4134; baseline 0.018 -38"><span class='ocrx_word' id='word_1_223' title='bbox 400 4047 664 4102; x_wconf 88' lang='lat' dir='ltr'>vestiunt.</span> <span class='ocrx_word' id='word_1_224' title='bbox 712 4049 950 4106; x_wconf 91' lang='lat' dir='ltr'>Ditonus</span> <span class='ocrx_word' id='word_1_225' title='bbox 985 4071 1136 4124; x_wconf 66' lang='lat' dir='ltr'>gece</span> <span class='ocrx_word' id='word_1_226' title='bbox 1175 4060 1511 4128; x_wconf 86' lang='lat' dir='ltr'>appellatur,</span> <span class='ocrx_word' id='word_1_227' title='bbox 1554 4066 1702 4134; x_wconf 90' lang='lat' dir='ltr'>quod</span> <span class='ocrx_word' id='word_1_228' title='bbox 1752 4068 1891 4122; x_wconf 88' lang='lat' dir='ltr'>duos</span> <span class='ocrx_word' id='word_1_229' title='bbox 1936 4071 1997 4125; x_wconf 88' lang='lat' dir='ltr'>in</span> 
     </span>
    </p>
   </div>
   <div class='ocr_carea' id='block_1_36' title="bbox 396 4138 2000 4224">
    <p class='ocr_par' dir='ltr' id='par_1_36' title="bbox 396 4138 2000 4224">
     <span class='ocr_line' id='line_1_39' title="bbox 396 4138 2000 4224; baseline 0.017 -39"><span class='ocrx_word' id='word_1_230' title='bbox 396 4148 458 4186; x_wconf 88' lang='lat' dir='ltr'>se</span> <span class='ocrx_word' id='word_1_231' title='bbox 486 4139 648 4190; x_wconf 92' lang='lat' dir='ltr'>tonos</span> <span class='ocrx_word' id='word_1_232' title='bbox 673 4138 895 4195; x_wconf 86' lang='lat' dir='ltr'>habeat.</span> <span class='ocrx_word' id='word_1_233' title='bbox 932 4144 1314 4203; x_wconf 90' lang='lat' dir='ltr'>Semiditonus</span> <span class='ocrx_word' id='word_1_234' title='bbox 1339 4158 1586 4219; x_wconf 89' lang='lat' dir='ltr'>vocatur,</span> <span class='ocrx_word' id='word_1_235' title='bbox 1611 4156 1760 4224; x_wconf 92' lang='lat' dir='ltr'>quod</span> <span class='ocrx_word' id='word_1_236' title='bbox 1785 4173 1895 4212; x_wconf 91' lang='lat' dir='ltr'>non</span> <span class='ocrx_word' id='word_1_237' title='bbox 1926 4160 2000 4213; x_wconf 91' lang='lat' dir='ltr'>sit</span> 
     </span>
    </p>
   </div>
   <div class='ocr_carea' id='block_1_37' title="bbox 395 4221 1996 4310">
    <p class='ocr_par' dir='ltr' id='par_1_37' title="bbox 395 4221 1996 4310">
     <span class='ocr_line' id='line_1_40' title="bbox 395 4221 1996 4310; baseline 0.017 -35"><span class='ocrx_word' id='word_1_238' title='bbox 395 4221 596 4292; x_wconf 87' lang='lat' dir='ltr'>plenus</span> <span class='ocrx_word' id='word_1_239' title='bbox 622 4227 849 4284; x_wconf 91' lang='lat' dir='ltr'>ditonus</span> <span class='ocrx_word' id='word_1_240' title='bbox 885 4249 896 4284; x_wconf 91' lang='lat'><strong>:</strong></span> <span class='ocrx_word' id='word_1_241' title='bbox 928 4232 1099 4304; x_wconf 89' lang='lat' dir='ltr'>hujus</span> <span class='ocrx_word' id='word_1_242' title='bbox 1131 4243 1264 4290; x_wconf 90' lang='lat' dir='ltr'>sunt</span> <span class='ocrx_word' id='word_1_243' title='bbox 1303 4241 1514 4310; x_wconf 90' lang='lat' dir='ltr'>species</span> <span class='ocrx_word' id='word_1_244' title='bbox 1539 4243 1681 4309; x_wconf 86' lang='lat' dir='ltr'>duae,</span> <span class='ocrx_word' id='word_1_245' title='bbox 1725 4261 1838 4298; x_wconf 87' lang='lat' dir='ltr'>una</span> <span class='ocrx_word' id='word_1_246' title='bbox 1861 4252 1996 4302; x_wconf 92' lang='lat' dir='ltr'>tono</span> 
     </span>
    </p>
   </div>
   <div class='ocr_carea' id='block_1_38' title="bbox 1858 245 2307 306">
    <p class='ocr_par' dir='ltr' id='par_1_38' title="bbox 1858 245 2307 306">
     <span class='ocr_line' id='line_1_41' title="bbox 1858 245 2307 306; baseline 0.016 -7"><span class='ocrx_word' id='word_1_247' title='bbox 1858 245 1908 299; x_wconf 86' lang='lat' dir='ltr'>J.</span> <span class='ocrx_word' id='word_1_248' title='bbox 1950 246 2238 304; x_wconf 89' lang='lat' dir='ltr'><strong>COTTON</strong></span> <span class='ocrx_word' id='word_1_249' title='bbox 2241 251 2307 306; x_wconf 92' lang='lat' dir='ltr'>IS</span> 
     </span>
    </p>
   </div>
   <div class='ocr_carea' id='block_1_39' title="bbox 3579 272 3688 332">
    <p class='ocr_par' dir='ltr' id='par_1_39' title="bbox 3579 272 3688 332">
     <span class='ocr_line' id='line_1_42' title="bbox 3579 272 3688 332; baseline 0.055 -6"><span class='ocrx_word' id='word_1_250' title='bbox 3579 272 3688 332; x_wconf 66' lang='grc' dir='ltr'>μου</span> 
     </span>
    </p>
   </div>
   <div class='ocr_carea' id='block_1_40' title="bbox 2582 381 3684 462">
    <p class='ocr_par' dir='ltr' id='par_1_40' title="bbox 2582 381 3684 462">
     <span class='ocr_line' id='line_1_43' title="bbox 2582 381 3684 462; baseline 0.017 -30"><span class='ocrx_word' id='word_1_251' title='bbox 2582 381 2943 439; x_wconf 88' lang='lat' dir='ltr'>semitonium</span> <span class='ocrx_word' id='word_1_252' title='bbox 2979 402 3108 441; x_wconf 90' lang='lat' dir='ltr'>cum</span> <span class='ocrx_word' id='word_1_253' title='bbox 3147 389 3429 462; x_wconf 85' lang='lat' dir='ltr'>diapente,</span> <span class='ocrx_word' id='word_1_254' title='bbox 3457 397 3517 448; x_wconf 88' lang='lat' dir='ltr'>et</span> <span class='ocrx_word' id='word_1_255' title='bbox 3545 399 3684 452; x_wconf 84' lang='lat' dir='ltr'>tonus</span> 
     </span>
    </p>
   </div>
   <div class='ocr_carea' id='block_1_41' title="bbox 2117 463 3682 552">
    <p class='ocr_par' dir='ltr' id='par_1_41' title="bbox 2117 463 3682 552">
     <span class='ocr_line' id='line_1_44' title="bbox 2117 463 3682 552; baseline 0.018 -40"><span class='ocrx_word' id='word_1_256' title='bbox 2117 477 2243 514; x_wconf 92' lang='lat' dir='ltr'>cum</span> <span class='ocrx_word' id='word_1_257' title='bbox 2273 463 2551 533; x_wconf 77' lang='lat' dir='ltr'>diapente,</span> <span class='ocrx_word' id='word_1_258' title='bbox 2582 468 2876 525; x_wconf 85' lang='lat' dir='ltr'>intervalla</span> <span class='ocrx_word' id='word_1_259' title='bbox 2897 482 3187 536; x_wconf 84' lang='lat' dir='ltr'>vocantur,</span> <span class='ocrx_word' id='word_1_260' title='bbox 3217 479 3289 532; x_wconf 90' lang='lat' dir='ltr'>Et</span> <span class='ocrx_word' id='word_1_261' title='bbox 3306 484 3456 543; x_wconf 85' lang='lat' dir='ltr'>nota,</span> <span class='ocrx_word' id='word_1_262' title='bbox 3486 487 3682 552; x_wconf 86' lang='lat' dir='ltr'>quando</span> 
     </span>
    </p>
   </div>
   <div class='ocr_carea' id='block_1_42' title="bbox 2018 549 3684 632">
    <p class='ocr_par' dir='ltr' id='par_1_42' title="bbox 2018 549 3684 632">
     <span class='ocr_line' id='line_1_45' title="bbox 2018 549 3684 632; baseline 0.019 -34"><span class='ocrx_word' id='word_1_263' title='bbox 2018 567 2030 614; x_wconf 87' lang='lat'><strong>;</strong></span> <span class='ocrx_word' id='word_1_264' title='bbox 2117 550 2255 604; x_wconf 88' lang='lat' dir='ltr'>dicis</span> <span class='ocrx_word' id='word_1_265' title='bbox 2281 552 2641 610; x_wconf 85' lang='lat' dir='ltr'>semitonium</span> <span class='ocrx_word' id='word_1_266' title='bbox 2667 549 2795 612; x_wconf 88' lang='lat' dir='ltr'>cum</span> <span class='ocrx_word' id='word_1_267' title='bbox 2817 561 3103 632; x_wconf 85' lang='lat' dir='ltr'>diapente,</span> <span class='ocrx_word' id='word_1_268' title='bbox 3154 583 3329 622; x_wconf 92' lang='lat' dir='ltr'>unum</span> <span class='ocrx_word' id='word_1_269' title='bbox 3376 571 3602 628; x_wconf 89' lang='lat' dir='ltr'>modum</span> <span class='ocrx_word' id='word_1_270' title='bbox 3626 576 3684 630; x_wconf 89' lang='lat' dir='ltr'>si-</span> 
     </span>
    </p>
   </div>
   <div class='ocr_carea' id='block_1_43' title="bbox 2007 638 3682 729">
    <p class='ocr_par' dir='ltr' id='par_1_43' title="bbox 2007 638 3682 729">
     <span class='ocr_line' id='line_1_46' title="bbox 2007 638 3682 729; baseline 0.018 -41"><span class='ocrx_word' id='word_1_271' title='bbox 2007 666 2032 676; x_wconf 91' lang='lat'><strong>-</strong></span> <span class='ocrx_word' id='word_1_272' title='bbox 2114 638 2364 707; x_wconf 86' lang='lat' dir='ltr'>gniﬁcas,</span> <span class='ocrx_word' id='word_1_273' title='bbox 2383 644 2605 712; x_wconf 86' lang='lat' dir='ltr'>quando</span> <span class='ocrx_word' id='word_1_274' title='bbox 2635 663 2764 701; x_wconf 91' lang='lat' dir='ltr'>vero</span> <span class='ocrx_word' id='word_1_275' title='bbox 2794 652 3155 708; x_wconf 90' lang='lat' dir='ltr'>semitonium</span> <span class='ocrx_word' id='word_1_276' title='bbox 3185 665 3241 710; x_wconf 93' lang='lat' dir='ltr'>et</span> <span class='ocrx_word' id='word_1_277' title='bbox 3264 657 3549 729; x_wconf 87' lang='lat' dir='ltr'>diapente,</span> <span class='ocrx_word' id='word_1_278' title='bbox 3568 662 3682 718; x_wconf 85' lang='lat' dir='ltr'>duos</span> 
     </span>
    </p>
   </div>
   <div class='ocr_carea' id='block_1_44' title="bbox 2115 728 3685 816">
    <p class='ocr_par' dir='ltr' id='par_1_44' title="bbox 2115 728 3685 816">
     <span class='ocr_line' id='line_1_47' title="bbox 2115 728 3685 816; baseline 0.018 -38"><span class='ocrx_word' id='word_1_279' title='bbox 2115 728 2311 782; x_wconf 90' lang='lat' dir='ltr'>modos</span> <span class='ocrx_word' id='word_1_280' title='bbox 2341 732 2620 787; x_wconf 87' lang='lat' dir='ltr'>enuntias.</span> <span class='ocrx_word' id='word_1_281' title='bbox 2654 735 2807 790; x_wconf 88' lang='lat' dir='ltr'>Idem</span> <span class='ocrx_word' id='word_1_282' title='bbox 2835 739 2904 792; x_wconf 90' lang='lat' dir='ltr'>de</span> <span class='ocrx_word' id='word_1_283' title='bbox 2934 745 3067 795; x_wconf 91' lang='lat' dir='ltr'>tono</span> <span class='ocrx_word' id='word_1_284' title='bbox 3097 759 3224 797; x_wconf 91' lang='lat' dir='ltr'>cum</span> <span class='ocrx_word' id='word_1_285' title='bbox 3251 745 3516 816; x_wconf 86' lang='lat' dir='ltr'>diapente</span> <span class='ocrx_word' id='word_1_286' title='bbox 3535 753 3685 807; x_wconf 84' lang='lat' dir='ltr'>consi-</span> 
     </span>
    </p>
   </div>
   <div class='ocr_carea' id='block_1_45' title="bbox 2114 815 3684 895">
    <p class='ocr_par' dir='ltr' id='par_1_45' title="bbox 2114 815 3684 895">
     <span class='ocr_line' id='line_1_48' title="bbox 2114 815 3684 895; baseline 0.018 -28"><span class='ocrx_word' id='word_1_287' title='bbox 2114 815 2268 872; x_wconf 88' lang='lat' dir='ltr'>dera.</span> <span class='ocrx_word' id='word_1_288' title='bbox 2283 817 2356 871; x_wconf 89' lang='lat' dir='ltr'>Et</span> <span class='ocrx_word' id='word_1_289' title='bbox 2370 820 2455 873; x_wconf 80' lang='lat' dir='ltr'>hae</span> <span class='ocrx_word' id='word_1_290' title='bbox 2476 821 2599 876; x_wconf 87' lang='lat' dir='ltr'>duae</span> <span class='ocrx_word' id='word_1_291' title='bbox 2629 825 2894 880; x_wconf 61' lang='lat' dir='ltr'>clausula;</span> <span class='ocrx_word' id='word_1_292' title='bbox 2923 830 3107 885; x_wconf 87' lang='lat' dir='ltr'>rarius</span> <span class='ocrx_word' id='word_1_293' title='bbox 3135 832 3191 886; x_wconf 90' lang='lat' dir='ltr'>in</span> <span class='ocrx_word' id='word_1_294' title='bbox 3221 839 3390 888; x_wconf 88' lang='lat' dir='ltr'>cantu</span> <span class='ocrx_word' id='word_1_295' title='bbox 3420 836 3684 895; x_wconf 84' lang='lat' dir='ltr'>inveniun-</span> 
     </span>
    </p>
   </div>
   <div class='ocr_carea' id='block_1_46' title="bbox 2112 906 3682 992">
    <p class='ocr_par' dir='ltr' id='par_1_46' title="bbox 2112 906 3682 992">
     <span class='ocr_line' id='line_1_49' title="bbox 2112 906 3682 992; baseline 0.016 -35"><span class='ocrx_word' id='word_1_296' title='bbox 2112 909 2223 959; x_wconf 92' lang='lat' dir='ltr'>tur.</span> <span class='ocrx_word' id='word_1_297' title='bbox 2257 906 2332 960; x_wconf 92' lang='lat' dir='ltr'>Ut</span> <span class='ocrx_word' id='word_1_298' title='bbox 2359 915 2548 962; x_wconf 90' lang='lat' dir='ltr'>autem</span> <span class='ocrx_word' id='word_1_299' title='bbox 2596 911 2796 968; x_wconf 82' lang='lat' dir='ltr'>horum</span> <span class='ocrx_word' id='word_1_300' title='bbox 2840 918 3090 972; x_wconf 90' lang='lat' dir='ltr'>omnium</span> <span class='ocrx_word' id='word_1_301' title='bbox 3122 921 3192 974; x_wconf 92' lang='lat' dir='ltr'>de</span> <span class='ocrx_word' id='word_1_302' title='bbox 3227 921 3430 992; x_wconf 90' lang='lat' dir='ltr'>quibus</span> <span class='ocrx_word' id='word_1_303' title='bbox 3467 925 3682 984; x_wconf 81' lang='lat' dir='ltr'>diximus</span> 
     </span>
    </p>
   </div>
   <div class='ocr_carea' id='block_1_47' title="bbox 2109 996 3678 1084">
    <p class='ocr_par' dir='ltr' id='par_1_47' title="bbox 2109 996 3678 1084">
     <span class='ocr_line' id='line_1_50' title="bbox 2109 996 3678 1084; baseline 0.014 -36"><span class='ocrx_word' id='word_1_304' title='bbox 2109 996 2405 1050; x_wconf 90' lang='lat' dir='ltr'>modorum</span> <span class='ocrx_word' id='word_1_305' title='bbox 2436 999 2781 1056; x_wconf 89' lang='lat' dir='ltr'>intensiones</span> <span class='ocrx_word' id='word_1_306' title='bbox 2811 1011 2867 1057; x_wconf 91' lang='lat' dir='ltr'>et</span> <span class='ocrx_word' id='word_1_307' title='bbox 2892 1007 3249 1064; x_wconf 84' lang='lat' dir='ltr'>remissiones</span> <span class='ocrx_word' id='word_1_308' title='bbox 3267 1010 3431 1065; x_wconf 84' lang='lat' dir='ltr'>facile</span> <span class='ocrx_word' id='word_1_309' title='bbox 3454 1020 3678 1084; x_wconf 85' lang='lat' dir='ltr'>pateant,</span> 
     </span>
    </p>
   </div>
   <div class='ocr_carea' id='block_1_48' title="bbox 2107 1085 2988 1161">
    <p class='ocr_par' dir='ltr' id='par_1_48' title="bbox 2107 1085 2988 1161">
     <span class='ocr_line' id='line_1_51' title="bbox 2107 1085 2988 1161; baseline 0.014 -24"><span class='ocrx_word' id='word_1_310' title='bbox 2107 1085 2292 1154; x_wconf 80' lang='lat' dir='ltr'>figura</span> <span class='ocrx_word' id='word_1_311' title='bbox 2317 1089 2435 1142; x_wconf 70' lang='lat' dir='ltr'>haec</span> <span class='ocrx_word' id='word_1_312' title='bbox 2463 1091 2854 1161; x_wconf 90' lang='lat' dir='ltr'>perspicienda</span> <span class='ocrx_word' id='word_1_313' title='bbox 2884 1099 2988 1149; x_wconf 88' lang='lat' dir='ltr'>est.</span> 
     </span>
    </p>
   </div>
   <div class='ocr_carea' id='block_1_49' title="bbox 2687 1361 2703 1694">
    <p class='ocr_par' dir='ltr' id='par_1_49' title="bbox 2687 1361 2703 1694">
     <span class='ocr_line' id='line_1_52' title="bbox 2687 1361 2703 1694; baseline 0 0"><span class='ocrx_word' id='word_1_314' title='bbox 2687 1361 2703 1694; x_wconf 79' lang='grc' dir='ltr'><strong><em>Ι</em></strong></span> 
     </span>
    </p>
   </div>
   <div class='ocr_carea' id='block_1_50' title="bbox 2816 1385 2835 1706">
    <p class='ocr_par' dir='ltr' id='par_1_50' title="bbox 2816 1385 2835 1706">
     <span class='ocr_line' id='line_1_53' title="bbox 2816 1385 2835 1706; baseline 0 0"><span class='ocrx_word' id='word_1_315' title='bbox 2816 1385 2835 1706; x_wconf 81' lang='grc' dir='ltr'><strong>Ι</strong></span> 
     </span>
    </p>
   </div>
   <div class='ocr_carea' id='block_1_51' title="bbox 2127 1384 2142 1708">
    <p class='ocr_par' dir='ltr' id='par_1_51' title="bbox 2127 1384 2142 1708">
     <span class='ocr_line' id='line_1_54' title="bbox 2127 1384 2142 1708; baseline 0 0"><span class='ocrx_word' id='word_1_316' title='bbox 2127 1384 2142 1708; x_wconf 82' lang='grc' dir='ltr'><strong>Ι</strong></span> 
     </span>
    </p>
   </div>
   <div class='ocr_carea' id='block_1_52' title="bbox 3653 1966 3668 2313">
    <p class='ocr_par' dir='ltr' id='par_1_52' title="bbox 3653 1966 3668 2313">
     <span class='ocr_line' id='line_1_55' title="bbox 3653 1966 3668 2313; baseline 0 0"><span class='ocrx_word' id='word_1_317' title='bbox 3653 1966 3668 2313; x_wconf 80' lang='lat' dir='ltr'>l</span> 
     </span>
    </p>
   </div>
   <div class='ocr_carea' id='block_1_53' title="bbox 3643 3147 3659 3468">
    <p class='ocr_par' dir='ltr' id='par_1_53' title="bbox 3643 3147 3659 3468">
     <span class='ocr_line' id='line_1_56' title="bbox 3643 3147 3659 3468; baseline 0 0"><span class='ocrx_word' id='word_1_318' title='bbox 3643 3147 3659 3468; x_wconf 76' lang='grc' dir='ltr'><strong><em>Ι</em></strong></span> 
     </span>
    </p>
   </div>
   <div class='ocr_carea' id='block_1_54' title="bbox 2281 1393 3590 1532">
    <p class='ocr_par' dir='ltr' id='par_1_54' title="bbox 2281 1393 3590 1532">
     <span class='ocr_line' id='line_1_57' title="bbox 2281 1393 3590 1532; baseline 0.014 -27"><span class='ocrx_word' id='word_1_319' title='bbox 2281 1454 2324 1532; x_wconf 88' lang='lat' dir='ltr'>C</span> <span class='ocrx_word' id='word_1_320' title='bbox 2397 1453 2440 1507; x_wconf 82' lang='grc' dir='ltr'><strong>Ο</strong></span> <span class='ocrx_word' id='word_1_321' title='bbox 2513 1455 2556 1510; x_wconf 92' lang='lat' dir='ltr'>C</span> <span class='ocrx_word' id='word_1_322' title='bbox 2689 1393 2701 1532; x_wconf 79' lang='grc' dir='ltr'><strong>Ι</strong></span> <span class='ocrx_word' id='word_1_323' title='bbox 2822 1393 2835 1532; x_wconf 75' lang='grc' dir='ltr'><strong>Ι</strong></span> <span class='ocrx_word' id='word_1_324' title='bbox 2913 1461 3154 1517; x_wconf 89' lang='lat' dir='ltr'>intentio</span> <span class='ocrx_word' id='word_1_325' title='bbox 3209 1393 3272 1532; x_wconf 64' lang='lat' dir='ltr'>fl;</span> <span class='ocrx_word' id='word_1_326' title='bbox 3330 1468 3590 1524; x_wconf 86' lang='lat' dir='ltr'>remissio</span> 
     </span>
    </p>
   </div>
   <div class='ocr_carea' id='block_1_55' title="bbox 2257 1531 3592 1595">
    <p class='ocr_par' dir='ltr' id='par_1_55' title="bbox 2257 1531 3592 1595">
     <span class='ocr_line' id='line_1_58' title="bbox 2257 1531 3592 1595; baseline 0.013 -18"><span class='ocrx_word' id='word_1_327' title='bbox 2257 1531 2319 1578; x_wconf 77' lang='lat' dir='ltr'>ut</span> <span class='ocrx_word' id='word_1_328' title='bbox 2382 1532 2443 1580; x_wconf 76' lang='lat' dir='ltr'>ul</span> <span class='ocrx_word' id='word_1_329' title='bbox 2509 1533 2571 1580; x_wconf 80' lang='lat' dir='ltr'>ut</span> <span class='ocrx_word' id='word_1_330' title='bbox 2688 1531 2698 1595; x_wconf 91' lang='grc' dir='ltr'><strong>Ι</strong></span> <span class='ocrx_word' id='word_1_331' title='bbox 2821 1531 2832 1595; x_wconf 97' lang='grc' dir='ltr'><strong>Ι</strong></span> <span class='ocrx_word' id='word_1_332' title='bbox 2914 1532 3068 1586; x_wconf 79' lang='lat' dir='ltr'>Emi</span> <span class='ocrx_word' id='word_1_333' title='bbox 3213 1531 3216 1532; x_wconf 42' lang='grc'><strong><em>⁷</em></strong></span> <span class='ocrx_word' id='word_1_334' title='bbox 3437 1542 3592 1595; x_wconf 80' lang='lat' dir='ltr'>miE</span> 
     </span>
    </p>
   </div>
   <div class='ocr_carea' id='block_1_56' title="bbox 2272 1625 3441 1692">
    <p class='ocr_par' dir='ltr' id='par_1_56' title="bbox 2272 1625 3441 1692">
     <span class='ocr_line' id='line_1_59' title="bbox 2272 1625 3441 1692; baseline 0.013 -15"><span class='ocrx_word' id='word_1_335' title='bbox 2272 1625 2552 1679; x_wconf 92' lang='lat' dir='ltr'>Unisonus</span> <span class='ocrx_word' id='word_1_336' title='bbox 2687 1625 2697 1692; x_wconf 94' lang='grc' dir='ltr'><strong>Ι</strong></span> <span class='ocrx_word' id='word_1_337' title='bbox 2819 1625 2832 1692; x_wconf 96' lang='grc' dir='ltr'><strong>Ι</strong></span> <span class='ocrx_word' id='word_1_338' title='bbox 3068 1634 3441 1692; x_wconf 88' lang='lat' dir='ltr'>Semitonium</span> 
     </span>
    </p>
   </div>
   <div class='ocr_carea' id='block_1_57' title="bbox 2455 1982 3337 2044">
    <p class='ocr_par' dir='ltr' id='par_1_57' title="bbox 2455 1982 3337 2044">
     <span class='ocr_line' id='line_1_60' title="bbox 2455 1982 3337 2044; baseline 0.018 -9"><span class='ocrx_word' id='word_1_339' title='bbox 2455 1982 2503 2035; x_wconf 96' lang='lat' dir='ltr'><strong>D</strong></span> <span class='ocrx_word' id='word_1_340' title='bbox 2826 1982 2972 2044; x_wconf 81' lang='lat' dir='ltr'>l-I</span> <span class='ocrx_word' id='word_1_341' title='bbox 3293 1989 3337 2044; x_wconf 89' lang='lat' dir='ltr'><strong>F</strong></span> 
     </span>
    </p>
   </div>
   <div class='ocr_carea' id='block_1_58' title="bbox 2217 2053 3583 2137">
    <p class='ocr_par' dir='ltr' id='par_1_58' title="bbox 2217 2053 3583 2137">
     <span class='ocr_line' id='line_1_61' title="bbox 2217 2053 3583 2137; baseline 0.008 -31"><span class='ocrx_word' id='word_1_342' title='bbox 2217 2053 2424 2137; x_wconf 54' lang='lat' dir='ltr'>iptens.</span> <span class='ocrx_word' id='word_1_343' title='bbox 2457 2068 2515 2106; x_wconf 72' lang='lat' dir='ltr'>re</span> <span class='ocrx_word' id='word_1_344' title='bbox 2552 2054 2743 2137; x_wconf 68' lang='lat' dir='ltr'>remis.</span> <span class='ocrx_word' id='word_1_345' title='bbox 2827 2053 2838 2137; x_wconf 80' lang='grc' dir='ltr'><strong>Ι</strong></span> <span class='ocrx_word' id='word_1_346' title='bbox 2958 2053 2971 2137; x_wconf 91' lang='lat'><em>|</em></span> <span class='ocrx_word' id='word_1_347' title='bbox 3050 2059 3258 2137; x_wconf 77' lang='lat' dir='ltr'>i_nten3.</span> <span class='ocrx_word' id='word_1_348' title='bbox 3281 2062 3340 2137; x_wconf 74' lang='lat' dir='ltr'>fa</span> <span class='ocrx_word' id='word_1_349' title='bbox 3359 2062 3583 2137; x_wconf 73' lang='lat' dir='ltr'>remiss.</span> 
     </span>
    </p>
   </div>
   <div class='ocr_carea' id='block_1_59' title="bbox 2217 2124 3586 2188">
    <p class='ocr_par' dir='ltr' id='par_1_59' title="bbox 2217 2124 3586 2188">
     <span class='ocr_line' id='line_1_62' title="bbox 2217 2124 3586 2188; baseline 0.008 -11"><span class='ocrx_word' id='word_1_350' title='bbox 2217 2124 2351 2178; x_wconf 83' lang='lat' dir='ltr'>Cut</span> <span class='ocrx_word' id='word_1_351' title='bbox 2611 2124 2838 2188; x_wconf 85' lang='lat' dir='ltr'>Cutl</span> <span class='ocrx_word' id='word_1_352' title='bbox 2959 2124 3184 2188; x_wconf 78' lang='lat' dir='ltr'>lDre</span> <span class='ocrx_word' id='word_1_353' title='bbox 3281 2124 3333 2137; x_wconf 70' lang='grc'><em>’⁸</em></span> <span class='ocrx_word' id='word_1_354' title='bbox 3449 2133 3586 2188; x_wconf 75' lang='lat' dir='ltr'>Drc</span> 
     </span>
    </p>
   </div>
   <div class='ocr_carea' id='block_1_60' title="bbox 2387 2222 3508 2285">
    <p class='ocr_par' dir='ltr' id='par_1_60' title="bbox 2387 2222 3508 2285">
     <span class='ocr_line' id='line_1_63' title="bbox 2387 2222 3508 2285; baseline 0.009 -10"><span class='ocrx_word' id='word_1_355' title='bbox 2387 2222 2577 2276; x_wconf 91' lang='lat' dir='ltr'>Tonus</span> <span class='ocrx_word' id='word_1_356' title='bbox 2826 2222 2837 2285; x_wconf 98' lang='lat' dir='ltr'>I</span> <span class='ocrx_word' id='word_1_357' title='bbox 2959 2222 2971 2285; x_wconf 98' lang='lat' dir='ltr'>I</span> <span class='ocrx_word' id='word_1_358' title='bbox 3123 2228 3508 2285; x_wconf 89' lang='lat' dir='ltr'>Semiditonus</span> 
     </span>
    </p>
   </div>
   <div class='ocr_carea' id='block_1_61' title="bbox 2463 2559 3336 2620">
    <p class='ocr_par' dir='ltr' id='par_1_61' title="bbox 2463 2559 3336 2620">
     <span class='ocr_line' id='line_1_64' title="bbox 2463 2559 3336 2620; baseline 0.01 -8"><span class='ocrx_word' id='word_1_359' title='bbox 2463 2559 2506 2612; x_wconf 94' lang='lat' dir='ltr'>E</span> <span class='ocrx_word' id='word_1_360' title='bbox 2824 2559 2836 2620; x_wconf 95' lang='grc' dir='ltr'><strong>Ι</strong></span> <span class='ocrx_word' id='word_1_361' title='bbox 2956 2559 2968 2620; x_wconf 94' lang='grc' dir='ltr'><strong>Ι</strong></span> <span class='ocrx_word' id='word_1_362' title='bbox 3293 2567 3336 2620; x_wconf 92' lang='lat' dir='ltr'><strong>F</strong></span> 
     </span>
    </p>
   </div>
   <div class='ocr_carea' id='block_1_62' title="bbox 2197 2626 3574 2704">
    <p class='ocr_par' dir='ltr' id='par_1_62' title="bbox 2197 2626 3574 2704">
     <span class='ocr_line' id='line_1_65' title="bbox 2197 2626 3574 2704; baseline 0.01 -25"><span class='ocrx_word' id='word_1_363' title='bbox 2197 2626 2510 2704; x_wconf 54' lang='lat' dir='ltr'>intensnm&#39;</span> <span class='ocrx_word' id='word_1_364' title='bbox 2531 2630 2751 2704; x_wconf 76' lang='lat' dir='ltr'>remiss.</span> <span class='ocrx_word' id='word_1_365' title='bbox 2823 2626 2835 2704; x_wconf 91' lang='grc' dir='ltr'><strong>Ι</strong></span> <span class='ocrx_word' id='word_1_366' title='bbox 2955 2626 2966 2704; x_wconf 94' lang='lat'><em>|</em></span> <span class='ocrx_word' id='word_1_367' title='bbox 3049 2634 3574 2704; x_wconf 79' lang='lat' dir='ltr'>intens.faremiss.</span> 
     </span>
    </p>
   </div>
   <div class='ocr_carea' id='block_1_63' title="bbox 2203 2699 3578 2764">
    <p class='ocr_par' dir='ltr' id='par_1_63' title="bbox 2203 2699 3578 2764">
     <span class='ocr_line' id='line_1_66' title="bbox 2203 2699 3578 2764; baseline 0.009 -13"><span class='ocrx_word' id='word_1_368' title='bbox 2203 2699 2336 2752; x_wconf 83' lang='lat' dir='ltr'>Cut</span> <span class='ocrx_word' id='word_1_369' title='bbox 2613 2699 2834 2764; x_wconf 80' lang='lat' dir='ltr'>Cutl</span> <span class='ocrx_word' id='word_1_370' title='bbox 2953 2699 2965 2764; x_wconf 97' lang='grc' dir='ltr'><strong>Ι</strong></span> <span class='ocrx_word' id='word_1_371' title='bbox 3048 2706 3178 2759; x_wconf 83' lang='lat' dir='ltr'>Cut</span> <span class='ocrx_word' id='word_1_372' title='bbox 3277 2699 3285 2704; x_wconf 70' lang='grc'><em>’</em></span> <span class='ocrx_word' id='word_1_373' title='bbox 3445 2710 3578 2764; x_wconf 77' lang='lat' dir='ltr'>Cut</span> 
     </span>
    </p>
   </div>
   <div class='ocr_carea' id='block_1_64' title="bbox 2362 2797 3492 2860">
    <p class='ocr_par' dir='ltr' id='par_1_64' title="bbox 2362 2797 3492 2860">
     <span class='ocr_line' id='line_1_67' title="bbox 2362 2797 3492 2860; baseline 0.009 -10"><span class='ocrx_word' id='word_1_374' title='bbox 2362 2797 2600 2853; x_wconf 89' lang='lat' dir='ltr'>Ditonus</span> <span class='ocrx_word' id='word_1_375' title='bbox 2822 2797 2834 2860; x_wconf 94' lang='lat' dir='ltr'><strong>I</strong></span> <span class='ocrx_word' id='word_1_376' title='bbox 2951 2797 2964 2860; x_wconf 91' lang='grc' dir='ltr'><strong>Ι</strong></span> <span class='ocrx_word' id='word_1_377' title='bbox 3130 2797 3492 2860; x_wconf 66' lang='lat' dir='ltr'>Diatessaron</span> 
     </span>
    </p>
   </div>
   <div class='ocr_carea' id='block_1_65' title="bbox 2447 3134 3324 3198">
    <p class='ocr_par' dir='ltr' id='par_1_65' title="bbox 2447 3134 3324 3198">
     <span class='ocr_line' id='line_1_68' title="bbox 2447 3134 3324 3198; baseline 0.013 -10"><span class='ocrx_word' id='word_1_378' title='bbox 2447 3134 2496 3188; x_wconf 90' lang='lat' dir='ltr'><strong>G</strong></span> <span class='ocrx_word' id='word_1_379' title='bbox 2820 3134 2961 3198; x_wconf 96' lang='grc' dir='ltr'><strong>ΙΙ</strong></span> <span class='ocrx_word' id='word_1_380' title='bbox 3247 3134 3324 3198; x_wconf 12' lang='lat' dir='ltr'>fc</span> 
     </span>
    </p>
   </div>
   <div class='ocr_carea' id='block_1_66' title="bbox 2204 3204 3567 3282">
    <p class='ocr_par' dir='ltr' id='par_1_66' title="bbox 2204 3204 3567 3282">
     <span class='ocr_line' id='line_1_69' title="bbox 2204 3204 3567 3282; baseline 0.012 -26"><span class='ocrx_word' id='word_1_381' title='bbox 2204 3204 2742 3282; x_wconf 62' lang='lat' dir='ltr'>iptens.30lremiss.</span> <span class='ocrx_word' id='word_1_382' title='bbox 2818 3204 2831 3282; x_wconf 88' lang='grc' dir='ltr'><strong>Ι</strong></span> <span class='ocrx_word' id='word_1_383' title='bbox 2950 3204 2960 3282; x_wconf 89' lang='grc' dir='ltr'><strong>Ι</strong></span> <span class='ocrx_word' id='word_1_384' title='bbox 3044 3210 3567 3282; x_wconf 75' lang='lat' dir='ltr'>intensfaremiss.</span> 
     </span>
    </p>
   </div>
   <div class='ocr_carea' id='block_1_67' title="bbox 2204 3275 3571 3344">
    <p class='ocr_par' dir='ltr' id='par_1_67' title="bbox 2204 3275 3571 3344">
     <span class='ocr_line' id='line_1_70' title="bbox 2204 3275 3571 3344; baseline 0.012 -16"><span class='ocrx_word' id='word_1_385' title='bbox 2204 3275 2339 3328; x_wconf 86' lang='lat' dir='ltr'>Cut</span> <span class='ocrx_word' id='word_1_386' title='bbox 2602 3275 2830 3344; x_wconf 86' lang='lat' dir='ltr'>Cutl</span> <span class='ocrx_word' id='word_1_387' title='bbox 2949 3275 2959 3344; x_wconf 90' lang='lat' dir='ltr'><strong>I</strong></span> <span class='ocrx_word' id='word_1_388' title='bbox 3043 3275 3280 3336; x_wconf 44' lang='lat' dir='ltr'>Emi.</span> <span class='ocrx_word' id='word_1_389' title='bbox 3420 3289 3571 3344; x_wconf 76' lang='lat' dir='ltr'>Emi</span> 
     </span>
    </p>
   </div>
   <div class='ocr_carea' id='block_1_68' title="bbox 2323 3357 3634 3458">
    <p class='ocr_par' dir='ltr' id='par_1_68' title="bbox 2323 3357 3634 3458">
     <span class='ocr_line' id='line_1_71' title="bbox 2323 3357 3634 3458; baseline 0.012 -31"><span class='ocrx_word' id='word_1_390' title='bbox 2944 3357 3634 3458; x_wconf 50' lang='lat' dir='ltr'>lanam</span> 
     </span>
    </p>
   </div>
   <div class='ocr_carea' id='block_1_69' title="bbox 2484 3750 2518 3787">
    <p class='ocr_par' dir='ltr' id='par_1_69' title="bbox 2484 3750 2518 3787">
     <span class='ocr_line' id='line_1_72' title="bbox 2484 3750 2518 3787; baseline 0 0"><span class='ocrx_word' id='word_1_391' title='bbox 2484 3750 2518 3787; x_wconf 75' lang='lat'><strong><em>8</em></strong></span> 
     </span>
    </p>
   </div>
   <div class='ocr_carea' id='block_1_70' title="bbox 2197 3802 2802 3862">
    <p class='ocr_par' dir='ltr' id='par_1_70' title="bbox 2197 3802 2802 3862">
     <span class='ocr_line' id='line_1_73' title="bbox 2197 3802 2802 3862; baseline 0.01 -7"><span class='ocrx_word' id='word_1_392' title='bbox 2197 3802 2440 3857; x_wconf 91' lang='lat' dir='ltr'>intensio</span> <span class='ocrx_word' id='word_1_393' title='bbox 2465 3807 2518 3858; x_wconf 88' lang='lat' dir='ltr'>la</span> <span class='ocrx_word' id='word_1_394' title='bbox 2545 3806 2802 3862; x_wconf 90' lang='lat' dir='ltr'>remissio</span> 
     </span>
    </p>
   </div>
   <div class='ocr_carea' id='block_1_71' title="bbox 2198 3876 2800 3933">
    <p class='ocr_par' dir='ltr' id='par_1_71' title="bbox 2198 3876 2800 3933">
     <span class='ocr_line' id='line_1_74' title="bbox 2198 3876 2800 3933; baseline 0.008 -5"><span class='ocrx_word' id='word_1_395' title='bbox 2198 3876 2335 3928; x_wconf 76' lang='lat' dir='ltr'>Gut</span> <span class='ocrx_word' id='word_1_396' title='bbox 2669 3880 2800 3933; x_wconf 79' lang='lat' dir='ltr'>Cut</span> 
     </span>
    </p>
   </div>
   <div class='ocr_carea' id='block_1_72' title="bbox 2181 3973 2809 4047">
    <p class='ocr_par' dir='ltr' id='par_1_72' title="bbox 2181 3973 2809 4047">
     <span class='ocr_line' id='line_1_75' title="bbox 2181 3973 2809 4047; baseline 0.01 -22"><span class='ocrx_word' id='word_1_397' title='bbox 2181 3973 2370 4027; x_wconf 90' lang='lat' dir='ltr'>Tonus</span> <span class='ocrx_word' id='word_1_398' title='bbox 2391 3990 2517 4028; x_wconf 85' lang='lat' dir='ltr'>cum</span> <span class='ocrx_word' id='word_1_399' title='bbox 2547 3975 2809 4047; x_wconf 91' lang='lat' dir='ltr'>diapente</span> 
     </span>
    </p>
   </div>
   <div class='ocr_carea' id='block_1_73' title="bbox 397 4301 3645 4393">
    <p class='ocr_par' dir='ltr' id='par_1_73' title="bbox 397 4301 3645 4393">
     <span class='ocr_line' id='line_1_76' title="bbox 397 4301 3645 4393; baseline 0.017 -29"><span class='ocrx_word' id='word_1_400' title='bbox 397 4315 456 4364; x_wconf 90' lang='lat' dir='ltr'>et</span> <span class='ocrx_word' id='word_1_401' title='bbox 482 4315 798 4384; x_wconf 91' lang='lat' dir='ltr'>semitonio,</span> <span class='ocrx_word' id='word_1_402' title='bbox 830 4301 1019 4375; x_wconf 79' lang='lat' dir='ltr'>altera</span> <span class='ocrx_word' id='word_1_403' title='bbox 1057 4301 1374 4393; x_wconf 79' lang='lat' dir='ltr'>semitonio,</span> <span class='ocrx_word' id='word_1_404' title='bbox 1424 4336 1483 4384; x_wconf 91' lang='lat' dir='ltr'>et</span> <span class='ocrx_word' id='word_1_405' title='bbox 1526 4301 1680 4386; x_wconf 33' lang='lat' dir='ltr'>tono,</span> <span class='ocrx_word' id='word_1_406' title='bbox 1706 4301 2174 4390; x_wconf 73' lang='lat' dir='ltr'>constans.DIX&#39;</span> <span class='ocrx_word' id='word_1_407' title='bbox 2209 4303 2345 4370; x_wconf 59' lang='lat' dir='ltr'>Qum</span> <span class='ocrx_word' id='word_1_408' title='bbox 2380 4307 2492 4358; x_wconf 55' lang='lat' dir='ltr'>Sim</span> <span class='ocrx_word' id='word_1_409' title='bbox 2532 4321 2724 4362; x_wconf 59' lang='lat' dir='ltr'><strong><em>vocum</em></strong></span> <span class='ocrx_word' id='word_1_410' title='bbox 2767 4311 3163 4380; x_wconf 53' lang='lat' dir='ltr'>discrepantiz’</span> <span class='ocrx_word' id='word_1_411' title='bbox 3197 4320 3246 4370; x_wconf 57' lang='lat' dir='ltr'><strong><em>et</em></strong></span> <span class='ocrx_word' id='word_1_412' title='bbox 3274 4318 3340 4372; x_wconf 62' lang='lat' dir='ltr'>de</span> <span class='ocrx_word' id='word_1_413' title='bbox 3369 4319 3645 4389; x_wconf 44' lang='lat' dir='ltr'>diapason&#39;</span> 
     </span>
    </p>
   </div>
   <div class='ocr_carea' id='block_1_74' title="bbox 393 4399 1991 4488">
    <p class='ocr_par' dir='ltr' id='par_1_74' title="bbox 393 4399 1991 4488">
     <span class='ocr_line' id='line_1_77' title="bbox 393 4399 1991 4488; baseline 0.017 -36"><span class='ocrx_word' id='word_1_414' title='bbox 393 4399 756 4460; x_wconf 89' lang='lat' dir='ltr'>Diatessaron</span> <span class='ocrx_word' id='word_1_415' title='bbox 783 4407 1194 4481; x_wconf 82' lang='lat' dir='ltr'>interpretatur</span> <span class='ocrx_word' id='word_1_416' title='bbox 1221 4415 1289 4470; x_wconf 91' lang='lat' dir='ltr'>de</span> <span class='ocrx_word' id='word_1_417' title='bbox 1319 4424 1578 4488; x_wconf 90' lang='lat' dir='ltr'>quatuor,</span> <span class='ocrx_word' id='word_1_418' title='bbox 1604 4421 1675 4474; x_wconf 88' lang='lat' dir='ltr'>ab</span> <span class='ocrx_word' id='word_1_419' title='bbox 1702 4438 1818 4477; x_wconf 90' lang='lat' dir='ltr'>una</span> <span class='ocrx_word' id='word_1_420' title='bbox 1841 4425 1991 4479; x_wconf 91' lang='lat' dir='ltr'>enim</span> 
     </span>
    </p>
   </div>
   <div class='ocr_carea' id='block_1_75' title="bbox 393 4493 1989 4575">
    <p class='ocr_par' dir='ltr' id='par_1_75' title="bbox 393 4493 1989 4575">
     <span class='ocr_line' id='line_1_78' title="bbox 393 4493 1989 4575; baseline 0.018 -33"><span class='ocrx_word' id='word_1_421' title='bbox 393 4506 527 4545; x_wconf 91' lang='lat' dir='ltr'>voce</span> <span class='ocrx_word' id='word_1_422' title='bbox 556 4493 828 4566; x_wconf 90' lang='lat' dir='ltr'>incipiens</span> <span class='ocrx_word' id='word_1_423' title='bbox 844 4500 916 4553; x_wconf 87' lang='lat' dir='ltr'>ad</span> <span class='ocrx_word' id='word_1_424' title='bbox 937 4509 1197 4571; x_wconf 87' lang='lat' dir='ltr'>quartam</span> <span class='ocrx_word' id='word_1_425' title='bbox 1218 4508 1481 4575; x_wconf 90' lang='lat' dir='ltr'>transilit,</span> <span class='ocrx_word' id='word_1_426' title='bbox 1516 4518 1779 4566; x_wconf 89' lang='lat' dir='ltr'>constans</span> <span class='ocrx_word' id='word_1_427' title='bbox 1799 4514 1989 4570; x_wconf 91' lang='lat' dir='ltr'>ditono</span> 
     </span>
    </p>
   </div>
   <div class='ocr_carea' id='block_1_76' title="bbox 395 4583 1988 4659">
    <p class='ocr_par' dir='ltr' id='par_1_76' title="bbox 395 4583 1988 4659">
     <span class='ocr_line' id='line_1_79' title="bbox 395 4583 1988 4659; baseline 0.017 -27"><span class='ocrx_word' id='word_1_428' title='bbox 395 4585 454 4633; x_wconf 91' lang='lat' dir='ltr'>et</span> <span class='ocrx_word' id='word_1_429' title='bbox 478 4583 795 4653; x_wconf 90' lang='lat' dir='ltr'>semitonio,</span> <span class='ocrx_word' id='word_1_430' title='bbox 826 4595 890 4642; x_wconf 92' lang='lat' dir='ltr'>ut</span> <span class='ocrx_word' id='word_1_431' title='bbox 918 4607 951 4643; x_wconf 91' lang='lat' dir='ltr'>a</span> <span class='ocrx_word' id='word_1_432' title='bbox 984 4592 1036 4644; x_wconf 86' lang='grc' dir='ltr'>Γ·</span> <span class='ocrx_word' id='word_1_433' title='bbox 1055 4593 1127 4646; x_wconf 91' lang='lat' dir='ltr'>ad</span> <span class='ocrx_word' id='word_1_434' title='bbox 1172 4594 1233 4648; x_wconf 89' lang='lat' dir='ltr'>C.</span> <span class='ocrx_word' id='word_1_435' title='bbox 1277 4597 1375 4650; x_wconf 88' lang='lat' dir='ltr'>Est</span> <span class='ocrx_word' id='word_1_436' title='bbox 1407 4604 1597 4653; x_wconf 87' lang='lat' dir='ltr'>autem</span> <span class='ocrx_word' id='word_1_437' title='bbox 1640 4601 1988 4659; x_wconf 86' lang='lat' dir='ltr'>diatessaron</span> 
     </span>
    </p>
   </div>
   <div class='ocr_carea' id='block_1_77' title="bbox 392 4668 1988 4763">
    <p class='ocr_par' dir='ltr' id='par_1_77' title="bbox 392 4668 1988 4763">
     <span class='ocr_line' id='line_1_80' title="bbox 392 4668 1988 4763; baseline 0.018 -43"><span class='ocrx_word' id='word_1_438' title='bbox 392 4668 721 4739; x_wconf 87' lang='lat' dir='ltr'>trimodum,</span> <span class='ocrx_word' id='word_1_439' title='bbox 745 4677 897 4731; x_wconf 90' lang='lat' dir='ltr'>verbi</span> <span class='ocrx_word' id='word_1_440' title='bbox 925 4681 1108 4748; x_wconf 86' lang='lat' dir='ltr'>gratia</span> <span class='ocrx_word' id='word_1_441' title='bbox 1141 4683 1228 4755; x_wconf 79' lang='lat' dir='ltr'>[ut</span> <span class='ocrx_word' id='word_1_442' title='bbox 1250 4686 1329 4755; x_wconf 77' lang='lat' dir='ltr'>[zz]</span> <span class='ocrx_word' id='word_1_443' title='bbox 1356 4686 1436 4755; x_wconf 78' lang='lat' dir='ltr'>[re</span> <span class='ocrx_word' id='word_1_444' title='bbox 1459 4687 1564 4760; x_wconf 83' lang='lat' dir='ltr'>sol]</span> <span class='ocrx_word' id='word_1_445' title='bbox 1596 4687 1705 4761; x_wconf 78' lang='lat' dir='ltr'>[-mz&#39;</span> <span class='ocrx_word' id='word_1_446' title='bbox 1737 4690 1840 4763; x_wconf 83' lang='lat' dir='ltr'>la].</span> <span class='ocrx_word' id='word_1_447' title='bbox 1863 4693 1988 4747; x_wconf 88' lang='lat' dir='ltr'>Dia-</span> 
     </span>
    </p>
   </div>
   <div class='ocr_carea' id='block_1_78' title="bbox 390 4762 1987 4847">
    <p class='ocr_par' dir='ltr' id='par_1_78' title="bbox 390 4762 1987 4847">
     <span class='ocr_line' id='line_1_81' title="bbox 390 4762 1987 4847; baseline 0.016 -36"><span class='ocrx_word' id='word_1_448' title='bbox 390 4764 561 4829; x_wconf 87' lang='lat' dir='ltr'>pente</span> <span class='ocrx_word' id='word_1_449' title='bbox 589 4762 762 4818; x_wconf 88' lang='lat' dir='ltr'>latine</span> <span class='ocrx_word' id='word_1_450' title='bbox 782 4767 852 4821; x_wconf 90' lang='lat' dir='ltr'>de</span> <span class='ocrx_word' id='word_1_451' title='bbox 883 4770 1132 4841; x_wconf 92' lang='lat' dir='ltr'>quinque</span> <span class='ocrx_word' id='word_1_452' title='bbox 1157 4780 1338 4840; x_wconf 90' lang='lat' dir='ltr'>sonat,</span> <span class='ocrx_word' id='word_1_453' title='bbox 1368 4792 1432 4829; x_wconf 93' lang='lat' dir='ltr'>eo</span> <span class='ocrx_word' id='word_1_454' title='bbox 1453 4779 1601 4847; x_wconf 91' lang='lat' dir='ltr'>quod</span> <span class='ocrx_word' id='word_1_455' title='bbox 1623 4779 1693 4832; x_wconf 88' lang='lat' dir='ltr'>ab</span> <span class='ocrx_word' id='word_1_456' title='bbox 1719 4762 1833 4833; x_wconf 86' lang='lat' dir='ltr'>una</span> <span class='ocrx_word' id='word_1_457' title='bbox 1852 4782 1987 4836; x_wconf 91' lang='lat' dir='ltr'>inci-</span> 
     </span>
    </p>
   </div>
   <div class='ocr_carea' id='block_1_79' title="bbox 389 4848 1982 4933">
    <p class='ocr_par' dir='ltr' id='par_1_79' title="bbox 389 4848 1982 4933">
     <span class='ocr_line' id='line_1_82' title="bbox 389 4848 1982 4933; baseline 0.016 -32"><span class='ocrx_word' id='word_1_458' title='bbox 389 4848 550 4919; x_wconf 90' lang='lat' dir='ltr'>piens</span> <span class='ocrx_word' id='word_1_459' title='bbox 593 4868 724 4908; x_wconf 90' lang='lat' dir='ltr'>voce</span> <span class='ocrx_word' id='word_1_460' title='bbox 761 4857 833 4910; x_wconf 93' lang='lat' dir='ltr'>ad</span> <span class='ocrx_word' id='word_1_461' title='bbox 878 4859 1130 4929; x_wconf 88' lang='lat' dir='ltr'>quintam</span> <span class='ocrx_word' id='word_1_462' title='bbox 1173 4863 1379 4918; x_wconf 90' lang='lat' dir='ltr'>saltum</span> <span class='ocrx_word' id='word_1_463' title='bbox 1401 4865 1549 4933; x_wconf 88' lang='lat' dir='ltr'>facit,</span> <span class='ocrx_word' id='word_1_464' title='bbox 1594 4868 1806 4922; x_wconf 86' lang='lat' dir='ltr'>habens</span> <span class='ocrx_word' id='word_1_465' title='bbox 1835 4871 1895 4924; x_wconf 93' lang='lat' dir='ltr'>in</span> <span class='ocrx_word' id='word_1_466' title='bbox 1923 4889 1982 4926; x_wconf 92' lang='lat' dir='ltr'>se</span> 
     </span>
    </p>
   </div>
   <div class='ocr_carea' id='block_1_80' title="bbox 387 4938 1975 5028">
    <p class='ocr_par' dir='ltr' id='par_1_80' title="bbox 387 4938 1975 5028">
     <span class='ocr_line' id='line_1_83' title="bbox 387 4938 1975 5028; baseline 0.014 -36"><span class='ocrx_word' id='word_1_467' title='bbox 387 4938 736 4998; x_wconf 80' lang='lat' dir='ltr'>diatessaron</span> <span class='ocrx_word' id='word_1_468' title='bbox 785 4952 842 5000; x_wconf 91' lang='lat' dir='ltr'>et</span> <span class='ocrx_word' id='word_1_469' title='bbox 877 4952 1096 5004; x_wconf 88' lang='lat' dir='ltr'>tonum.</span> <span class='ocrx_word' id='word_1_470' title='bbox 1147 4951 1243 5005; x_wconf 88' lang='lat' dir='ltr'>Est</span> <span class='ocrx_word' id='word_1_471' title='bbox 1288 4960 1478 5008; x_wconf 92' lang='lat' dir='ltr'>autem</span> <span class='ocrx_word' id='word_1_472' title='bbox 1526 4958 1975 5028; x_wconf 91' lang='lat' dir='ltr'>quadrimodum,</span> 
     </span>
    </p>
   </div>
   <div class='ocr_carea' id='block_1_81' title="bbox 383 5031 1979 5118">
    <p class='ocr_par' dir='ltr' id='par_1_81' title="bbox 383 5031 1979 5118">
     <span class='ocr_line' id='line_1_84' title="bbox 383 5031 1979 5118; baseline 0.011 -33"><span class='ocrx_word' id='word_1_473' title='bbox 383 5031 630 5102; x_wconf 91' lang='lat' dir='ltr'>primum</span> <span class='ocrx_word' id='word_1_474' title='bbox 659 5034 808 5090; x_wconf 90' lang='lat' dir='ltr'>inter</span> <span class='ocrx_word' id='word_1_475' title='bbox 839 5034 910 5109; x_wconf 91' lang='lat' dir='ltr'>[C</span> <span class='ocrx_word' id='word_1_476' title='bbox 939 5045 996 5092; x_wconf 91' lang='lat' dir='ltr'>et</span> <span class='ocrx_word' id='word_1_477' title='bbox 1021 5039 1411 5109; x_wconf 88' lang='lat' dir='ltr'>G]secundum</span> <span class='ocrx_word' id='word_1_478' title='bbox 1440 5045 1588 5099; x_wconf 90' lang='lat' dir='ltr'>inter</span> <span class='ocrx_word' id='word_1_479' title='bbox 1609 5045 1676 5116; x_wconf 93' lang='lat' dir='ltr'>[D</span> <span class='ocrx_word' id='word_1_480' title='bbox 1708 5051 1764 5101; x_wconf 93' lang='lat' dir='ltr'>et</span> <span class='ocrx_word' id='word_1_481' title='bbox 1791 5048 1843 5118; x_wconf 89' lang='lat' dir='ltr'>a]</span> <span class='ocrx_word' id='word_1_482' title='bbox 1865 5054 1979 5102; x_wconf 91' lang='lat' dir='ltr'>ter-</span> 
     </span>
    </p>
   </div>
   <div class='ocr_carea' id='block_1_82' title="bbox 382 5123 1980 5205">
    <p class='ocr_par' dir='ltr' id='par_1_82' title="bbox 382 5123 1980 5205">
     <span class='ocr_line' id='line_1_85' title="bbox 382 5123 1980 5205; baseline 0.01 -29"><span class='ocrx_word' id='word_1_483' title='bbox 382 5123 524 5178; x_wconf 90' lang='lat' dir='ltr'>tium</span> <span class='ocrx_word' id='word_1_484' title='bbox 547 5123 696 5178; x_wconf 90' lang='lat' dir='ltr'>inter</span> <span class='ocrx_word' id='word_1_485' title='bbox 723 5123 813 5200; x_wconf 89' lang='lat' dir='ltr'>[Et</span> <span class='ocrx_word' id='word_1_486' title='bbox 833 5131 888 5179; x_wconf 89' lang='lat' dir='ltr'>et</span> <span class='ocrx_word' id='word_1_487' title='bbox 911 5126 960 5197; x_wconf 66' lang='lat' dir='ltr'>t1]</span> <span class='ocrx_word' id='word_1_488' title='bbox 992 5131 1350 5199; x_wconf 85' lang='lat' dir='ltr'>quadratum,</span> <span class='ocrx_word' id='word_1_489' title='bbox 1381 5140 1640 5205; x_wconf 88' lang='lat' dir='ltr'>quartum</span> <span class='ocrx_word' id='word_1_490' title='bbox 1673 5136 1731 5190; x_wconf 92' lang='lat' dir='ltr'>in</span> <span class='ocrx_word' id='word_1_491' title='bbox 1759 5137 1980 5192; x_wconf 74' lang='lat' dir='ltr'>inferio~</span> 
     </span>
    </p>
   </div>
   <div class='ocr_carea' id='block_1_83' title="bbox 381 5212 1978 5296">
    <p class='ocr_par' dir='ltr' id='par_1_83' title="bbox 381 5212 1978 5296">
     <span class='ocr_line' id='line_1_86' title="bbox 381 5212 1978 5296; baseline 0.01 -30"><span class='ocrx_word' id='word_1_492' title='bbox 381 5212 537 5269; x_wconf 85' lang='lat' dir='ltr'>ribus</span> <span class='ocrx_word' id='word_1_493' title='bbox 567 5215 958 5288; x_wconf 85' lang='lat' dir='ltr'>syllabisinter</span> <span class='ocrx_word' id='word_1_494' title='bbox 978 5216 1050 5291; x_wconf 90' lang='grc' dir='ltr'>[Γ</span> <span class='ocrx_word' id='word_1_495' title='bbox 1076 5225 1134 5274; x_wconf 91' lang='lat' dir='ltr'>et</span> <span class='ocrx_word' id='word_1_496' title='bbox 1148 5219 1217 5294; x_wconf 81' lang='grc' dir='ltr'>Ο]</span> <span class='ocrx_word' id='word_1_497' title='bbox 1242 5241 1253 5275; x_wconf 87' lang='grc'>;</span> <span class='ocrx_word' id='word_1_498' title='bbox 1279 5223 1390 5277; x_wconf 91' lang='lat' dir='ltr'>duo</span> <span class='ocrx_word' id='word_1_499' title='bbox 1409 5229 1620 5292; x_wconf 89' lang='lat' dir='ltr'>autem,</span> <span class='ocrx_word' id='word_1_500' title='bbox 1645 5226 1742 5296; x_wconf 92' lang='lat' dir='ltr'>qui</span> <span class='ocrx_word' id='word_1_501' title='bbox 1761 5232 1978 5282; x_wconf 86' lang='lat' dir='ltr'>restant</span> 
     </span>
    </p>
   </div>
   <div class='ocr_carea' id='block_1_84' title="bbox 442 5460 1976 5546">
    <p class='ocr_par' dir='ltr' id='par_1_84' title="bbox 442 5460 1976 5546">
     <span class='ocr_line' id='line_1_87' title="bbox 442 5460 1976 5546; baseline 0.009 -28"><span class='ocrx_word' id='word_1_502' title='bbox 442 5460 527 5533; x_wconf 89' lang='lat'>(3)</span> <span class='ocrx_word' id='word_1_503' title='bbox 570 5465 771 5546; x_wconf 65' lang='lat' dir='ltr'>Melius</span> <span class='ocrx_word' id='word_1_504' title='bbox 801 5463 1200 5541; x_wconf 79' lang='grc' dir='ltr'>ἆνεργουμένους,</span> <span class='ocrx_word' id='word_1_505' title='bbox 1247 5472 1306 5526; x_wconf 91' lang='lat' dir='ltr'>id</span> <span class='ocrx_word' id='word_1_506' title='bbox 1347 5477 1453 5540; x_wconf 82' lang='lat' dir='ltr'>est,</span> <span class='ocrx_word' id='word_1_507' title='bbox 1494 5477 1629 5546; x_wconf 58' lang='lat' dir='ltr'>sine:</span> <span class='ocrx_word' id='word_1_508' title='bbox 1650 5493 1834 5546; x_wconf 80' lang='lat' dir='ltr'>sensu,</span> <span class='ocrx_word' id='word_1_509' title='bbox 1875 5483 1976 5532; x_wconf 89' lang='lat' dir='ltr'>aut</span> 
     </span>
    </p>
   </div>
   <div class='ocr_carea' id='block_1_85' title="bbox 373 5536 1736 5604">
    <p class='ocr_par' dir='ltr' id='par_1_85' title="bbox 373 5536 1736 5604">
     <span class='ocr_line' id='line_1_88' title="bbox 373 5536 1736 5604; baseline 0.021 -18"><span class='ocrx_word' id='word_1_510' title='bbox 373 5549 549 5604; x_wconf 77' lang='lat' dir='ltr'>opere,</span> <span class='ocrx_word' id='word_1_511' title='bbox 586 5536 823 5600; x_wconf 80' lang='lat' dir='ltr'>inertes.</span> <span class='ocrx_word' id='word_1_512' title='bbox 890 5536 936 5541; x_wconf 28' lang='grc' dir='ltr'>η</span> <span class='ocrx_word' id='word_1_513' title='bbox 1012 5536 1018 5541; x_wconf 59' lang='grc'><em>’</em></span> <span class='ocrx_word' id='word_1_514' title='bbox 1439 5536 1448 5540; x_wconf 36' lang='grc'>⁷</span> <span class='ocrx_word' id='word_1_515' title='bbox 1595 5542 1646 5596; x_wconf 66' lang='grc'><strong>⁸</strong></span> <span class='ocrx_word' id='word_1_516' title='bbox 1711 5571 1736 5590; x_wconf 75' lang='grc'>⁸</span> 
     </span>
    </p>
   </div>
   <div class='ocr_carea' id='block_1_86' title="bbox 2146 4463 3650 4550">
    <p class='ocr_par' dir='ltr' id='par_1_86' title="bbox 2146 4463 3650 4550">
     <span class='ocr_line' id='line_1_89' title="bbox 2146 4463 3650 4550; baseline 0.012 -34"><span class='ocrx_word' id='word_1_517' title='bbox 2146 4463 2414 4518; x_wconf 89' lang='lat' dir='ltr'>Omnium</span> <span class='ocrx_word' id='word_1_518' title='bbox 2444 4471 2634 4520; x_wconf 88' lang='lat' dir='ltr'>autem</span> <span class='ocrx_word' id='word_1_519' title='bbox 2665 4468 2866 4524; x_wconf 90' lang='lat' dir='ltr'>harum</span> <span class='ocrx_word' id='word_1_520' title='bbox 2896 4471 3278 4529; x_wconf 84' lang='lat' dir='ltr'>clausularum</span> <span class='ocrx_word' id='word_1_521' title='bbox 3321 4479 3561 4550; x_wconf 84' lang='lat' dir='ltr'>exempla</span> <span class='ocrx_word' id='word_1_522' title='bbox 3593 4481 3650 4534; x_wconf 90' lang='lat' dir='ltr'>in</span> 
     </span>
    </p>
   </div>
   <div class='ocr_carea' id='block_1_87' title="bbox 2072 4555 3651 4624">
    <p class='ocr_par' dir='ltr' id='par_1_87' title="bbox 2072 4555 3651 4624">
     <span class='ocr_line' id='line_1_90' title="bbox 2072 4555 3651 4624; baseline 0.011 -20"><span class='ocrx_word' id='word_1_523' title='bbox 2072 4559 2240 4606; x_wconf 87' lang='lat' dir='ltr'>cantu</span> <span class='ocrx_word' id='word_1_524' title='bbox 2271 4569 2434 4608; x_wconf 88' lang='lat' dir='ltr'>nosse</span> <span class='ocrx_word' id='word_1_525' title='bbox 2455 4555 2783 4612; x_wconf 89' lang='lat' dir='ltr'>desiderans</span> <span class='ocrx_word' id='word_1_526' title='bbox 2803 4559 2981 4615; x_wconf 87' lang='lat' dir='ltr'>discat</span> <span class='ocrx_word' id='word_1_527' title='bbox 3005 4563 3344 4620; x_wconf 86' lang='lat' dir='ltr'>cantilenam</span> <span class='ocrx_word' id='word_1_528' title='bbox 3371 4568 3651 4624; x_wconf 78' lang='lat' dir='ltr'>istam.Ter</span> 
     </span>
    </p>
   </div>
   <div class='ocr_carea' id='block_1_88' title="bbox 2072 4645 3651 4713">
    <p class='ocr_par' dir='ltr' id='par_1_88' title="bbox 2072 4645 3651 4713">
     <span class='ocr_line' id='line_1_91' title="bbox 2072 4645 3651 4713; baseline 0.011 -18"><span class='ocrx_word' id='word_1_529' title='bbox 2072 4645 2222 4695; x_wconf 76' lang='lat' dir='ltr'>terni</span> <span class='ocrx_word' id='word_1_530' title='bbox 2257 4649 2388 4696; x_wconf 79' lang='lat' dir='ltr'>sunt</span> <span class='ocrx_word' id='word_1_531' title='bbox 2418 4645 2569 4697; x_wconf 78' lang='lat' dir='ltr'>modi</span> <span class='ocrx_word' id='word_1_532' title='bbox 2615 4649 2814 4713; x_wconf 75' lang='lat' dir='ltr'>quibus</span> <span class='ocrx_word' id='word_1_533' title='bbox 2843 4653 3024 4704; x_wconf 73' lang='lat' dir='ltr'>omnis</span> <span class='ocrx_word' id='word_1_534' title='bbox 3048 4656 3332 4710; x_wconf 73' lang='lat' dir='ltr'>cantilena</span> <span class='ocrx_word' id='word_1_535' title='bbox 3354 4661 3651 4711; x_wconf 55' lang='lat' dir='ltr'>conteritur</span> 
     </span>
    </p>
   </div>
   <div class='ocr_carea' id='block_1_89' title="bbox 2069 4729 3645 4808">
    <p class='ocr_par' dir='ltr' id='par_1_89' title="bbox 2069 4729 3645 4808">
     <span class='ocr_line' id='line_1_92' title="bbox 2069 4729 3645 4808; baseline 0.011 -26"><span class='ocrx_word' id='word_1_536' title='bbox 2069 4735 2126 4782; x_wconf 91' lang='lat' dir='ltr'>et</span> <span class='ocrx_word' id='word_1_537' title='bbox 2143 4735 2345 4783; x_wconf 86' lang='lat' dir='ltr'>caetera</span> <span class='ocrx_word' id='word_1_538' title='bbox 2367 4729 2463 4801; x_wconf 84' lang='grc'>(4).</span> <span class='ocrx_word' id='word_1_539' title='bbox 2485 4731 2613 4786; x_wconf 81' lang='lat' dir='ltr'>Haec</span> <span class='ocrx_word' id='word_1_540' title='bbox 2639 4734 2787 4787; x_wconf 84' lang='lat' dir='ltr'>enim</span> <span class='ocrx_word' id='word_1_541' title='bbox 2819 4736 2892 4789; x_wconf 89' lang='lat' dir='ltr'>ad</span> <span class='ocrx_word' id='word_1_542' title='bbox 2917 4737 3328 4808; x_wconf 82' lang='lat' dir='ltr'>dignoscendas</span> <span class='ocrx_word' id='word_1_543' title='bbox 3356 4761 3540 4798; x_wconf 89' lang='lat' dir='ltr'>omnes</span> <span class='ocrx_word' id='word_1_544' title='bbox 3563 4761 3645 4798; x_wconf 84' lang='lat' dir='ltr'>ca-</span> 
     </span>
    </p>
   </div>
   <div class='ocr_carea' id='block_1_90' title="bbox 2067 4818 3644 4902">
    <p class='ocr_par' dir='ltr' id='par_1_90' title="bbox 2067 4818 3644 4902">
     <span class='ocr_line' id='line_1_93' title="bbox 2067 4818 3644 4902; baseline 0.01 -32"><span class='ocrx_word' id='word_1_545' title='bbox 2067 4818 2237 4872; x_wconf 90' lang='lat' dir='ltr'>nendi</span> <span class='ocrx_word' id='word_1_546' title='bbox 2264 4819 2565 4875; x_wconf 89' lang='lat' dir='ltr'>varietates</span> <span class='ocrx_word' id='word_1_547' title='bbox 2595 4822 2735 4877; x_wconf 91' lang='lat' dir='ltr'>adeo</span> <span class='ocrx_word' id='word_1_548' title='bbox 2764 4825 2920 4879; x_wconf 90' lang='lat' dir='ltr'>utilis</span> <span class='ocrx_word' id='word_1_549' title='bbox 2945 4833 3049 4891; x_wconf 88' lang='lat' dir='ltr'>est,</span> <span class='ocrx_word' id='word_1_550' title='bbox 3085 4836 3154 4883; x_wconf 92' lang='lat' dir='ltr'>ut</span> <span class='ocrx_word' id='word_1_551' title='bbox 3179 4833 3372 4902; x_wconf 82' lang='lat' dir='ltr'>pueris</span> <span class='ocrx_word' id='word_1_552' title='bbox 3397 4834 3554 4887; x_wconf 81' lang='lat' dir='ltr'>etiam</span> <span class='ocrx_word' id='word_1_553' title='bbox 3571 4833 3644 4886; x_wconf 76' lang='lat' dir='ltr'>fa-</span> 
     </span>
    </p>
   </div>
   <div class='ocr_carea' id='block_1_91' title="bbox 2064 4907 3640 4989">
    <p class='ocr_par' dir='ltr' id='par_1_91' title="bbox 2064 4907 3640 4989">
     <span class='ocr_line' id='line_1_94' title="bbox 2064 4907 3640 4989; baseline 0.01 -30"><span class='ocrx_word' id='word_1_554' title='bbox 2064 4907 2337 4962; x_wconf 92' lang='lat' dir='ltr'>cillimum</span> <span class='ocrx_word' id='word_1_555' title='bbox 2367 4909 2438 4962; x_wconf 90' lang='lat' dir='ltr'>ad</span> <span class='ocrx_word' id='word_1_556' title='bbox 2467 4909 2737 4966; x_wconf 88' lang='lat' dir='ltr'>musicam</span> <span class='ocrx_word' id='word_1_557' title='bbox 2768 4929 3052 4970; x_wconf 87' lang='lat' dir='ltr'>accessum</span> <span class='ocrx_word' id='word_1_558' title='bbox 3081 4925 3262 4989; x_wconf 89' lang='lat' dir='ltr'>paret.</span> <span class='ocrx_word' id='word_1_559' title='bbox 3297 4922 3556 4976; x_wconf 88' lang='lat' dir='ltr'>Similiter</span> <span class='ocrx_word' id='word_1_560' title='bbox 3587 4926 3640 4975; x_wconf 84' lang='lat' dir='ltr'>et</span> 
     </span>
    </p>
   </div>
   <div class='ocr_carea' id='block_1_92' title="bbox 2345 5017 3506 5109">
    <p class='ocr_par' dir='ltr' id='par_1_92' title="bbox 2345 5017 3506 5109">
     <span class='ocr_line' id='line_1_95' title="bbox 2345 5017 3506 5109; baseline 0.014 -39"><span class='ocrx_word' id='word_1_561' title='bbox 2345 5017 3375 5084; x_wconf 86' lang='lat' dir='ltr'>GaGfDGaDGGFDG</span> <span class='ocrx_word' id='word_1_562' title='bbox 3497 5104 3506 5109; x_wconf 90' lang='grc' dir='ltr'> </span> 
     </span>
    </p>
   </div>
   <div class='ocr_carea' id='block_1_93' title="bbox 2062 5121 3629 5206">
    <p class='ocr_par' dir='ltr' id='par_1_93' title="bbox 2062 5121 3629 5206">
     <span class='ocr_line' id='line_1_96' title="bbox 2062 5121 3629 5206; baseline 0.012 -33"><span class='ocrx_word' id='word_1_563' title='bbox 2062 5121 2187 5176; x_wconf 90' lang='lat' dir='ltr'>ista.</span> <span class='ocrx_word' id='word_1_564' title='bbox 2212 5123 2313 5175; x_wconf 82' lang='lat' dir='ltr'>Ter</span> <span class='ocrx_word' id='word_1_565' title='bbox 2342 5127 2455 5177; x_wconf 74' lang='lat' dir='ltr'>tria</span> <span class='ocrx_word' id='word_1_566' title='bbox 2464 5128 2796 5192; x_wconf 82' lang='lat' dir='ltr'>junctorum</span> <span class='ocrx_word' id='word_1_567' title='bbox 2818 5135 2946 5183; x_wconf 82' lang='lat' dir='ltr'>sun!</span> <span class='ocrx_word' id='word_1_568' title='bbox 2970 5134 3271 5188; x_wconf 71' lang='lat' dir='ltr'>intervalla</span> <span class='ocrx_word' id='word_1_569' title='bbox 3289 5152 3539 5191; x_wconf 76' lang='lat' dir='ltr'>sonorum</span> <span class='ocrx_word' id='word_1_570' title='bbox 3549 5137 3629 5206; x_wconf 84' lang='lat'>(5).</span> 
     </span>
    </p>
   </div>
   <div class='ocr_carea' id='block_1_94' title="bbox 2131 5229 3627 5301">
    <p class='ocr_par' dir='ltr' id='par_1_94' title="bbox 2131 5229 3627 5301">
     <span class='ocr_line' id='line_1_97' title="bbox 2131 5229 3627 5301; baseline 0.011 -20"><span class='ocrx_word' id='word_1_571' title='bbox 2131 5229 2417 5301; x_wconf 89' lang='lat' dir='ltr'>Superius,</span> <span class='ocrx_word' id='word_1_572' title='bbox 2452 5247 2578 5286; x_wconf 91' lang='lat' dir='ltr'>cum</span> <span class='ocrx_word' id='word_1_573' title='bbox 2607 5233 2676 5287; x_wconf 93' lang='lat' dir='ltr'>de</span> <span class='ocrx_word' id='word_1_574' title='bbox 2713 5235 2861 5289; x_wconf 88' lang='lat' dir='ltr'>notis</span> <span class='ocrx_word' id='word_1_575' title='bbox 2888 5241 3251 5295; x_wconf 88' lang='lat' dir='ltr'>monochordi</span> <span class='ocrx_word' id='word_1_576' title='bbox 3279 5248 3627 5299; x_wconf 88' lang='lat' dir='ltr'>tractaremus</span> 
     </span>
    </p>
   </div>
   <div class='ocr_carea' id='block_1_95' title="bbox 2128 5477 3261 5546">
    <p class='ocr_par' dir='ltr' id='par_1_95' title="bbox 2128 5477 3261 5546">
     <span class='ocr_line' id='line_1_98' title="bbox 2128 5477 3261 5546; baseline 0.013 -15"><span class='ocrx_word' id='word_1_577' title='bbox 2128 5478 2199 5543; x_wconf 84' lang='grc'>(4)</span> <span class='ocrx_word' id='word_1_578' title='bbox 2240 5477 2397 5533; x_wconf 90' lang='lat' dir='ltr'>Hanc</span> <span class='ocrx_word' id='word_1_579' title='bbox 2421 5481 2592 5536; x_wconf 91' lang='lat' dir='ltr'>habes</span> <span class='ocrx_word' id='word_1_580' title='bbox 2621 5484 2679 5539; x_wconf 91' lang='lat' dir='ltr'>in</span> <span class='ocrx_word' id='word_1_581' title='bbox 2707 5485 3005 5543; x_wconf 69' lang='lat' dir='ltr'>HERMANNi</span> <span class='ocrx_word' id='word_1_582' title='bbox 3030 5490 3261 5546; x_wconf 87' lang='lat' dir='ltr'>Musica.</span> 
     </span>
    </p>
   </div>
   <div class='ocr_carea' id='block_1_96' title="bbox 2127 5548 2798 5624">
    <p class='ocr_par' dir='ltr' id='par_1_96' title="bbox 2127 5548 2798 5624">
     <span class='ocr_line' id='line_1_99' title="bbox 2127 5548 2798 5624; baseline 0.016 -22"><span class='ocrx_word' id='word_1_583' title='bbox 2127 5548 2196 5624; x_wconf 86' lang='grc'>(5)</span> <span class='ocrx_word' id='word_1_584' title='bbox 2236 5551 2393 5606; x_wconf 87' lang='lat' dir='ltr'>Hanc</span> <span class='ocrx_word' id='word_1_585' title='bbox 2415 5553 2542 5608; x_wconf 89' lang='lat' dir='ltr'>vide</span> <span class='ocrx_word' id='word_1_586' title='bbox 2568 5555 2798 5612; x_wconf 88' lang='lat' dir='ltr'>ibidem.</span> 
     </span>
    </p>
   </div>
  </div>
