4016 6178
283 254 422 314 1401

1780 262 2067 319 MUSIGA.

3424 260 3566 322 1402

288 397 465 438 unam
491 399 722 440 causam
749 384 1066 440 dimisimus
1094 384 1484 452 indiscussam,
1521 387 1667 442 hanc
1687 385 1885 441 videli-
1901 389 2001 454 Ag
2035 386 2275 451 minuta,
2307 389 2366 440 et
2393 385 2472 439 sic
2495 383 2565 438 de
2589 383 3232 448 aliis.Quemadmodum
3262 403 3396 459 ergo
3413 393 3564 443 octa-

290 477 399 539 cet,
418 490 520 528 cur
536 480 748 544 septem
770 474 919 529 notis
939 474 1148 528 eaedem
1168 481 1532 546 repetantur;
1561 476 1706 546 quod
1739 493 1889 530 nunc
1968 491 2037 528 va
2064 481 2215 536 nota,
2251 491 2376 528 cum
2404 474 2586 545 prima
2616 479 2704 527 est
2724 473 2942 537 eadem,
2975 475 3070 528 sed
3092 492 3203 530 non
3229 477 3566 544 omnino,ita

290 561 431 616 libet
449 564 685 634 aperire.
711 564 936 634 Septem
950 570 1096 618 notae
1117 564 1186 617 ob
1208 564 1444 618 totidem
1479 581 1672 619 vocum
1688 565 1890 622 discre—
1969 563 2238 618 nimirum
2267 580 2370 616 vox
2389 567 2581 616 octava
2609 578 2737 616 cum
2767 563 2952 633 prima
2980 563 3039 618 in
3095 566 3219 619 soni
3271 566 3568 620 concordia

289 651 517 720 pantias
544 658 852 722 ponuntur.
879 653 1104 723 Septem
1129 659 1318 706 autem
1348 652 1542 722 positis
1571 653 1778 706 eaedem
1799 668 1889 705 re-

290 744 584 810 petuntur,
617 740 750 812 quia
776 757 902 795 cum
931 746 1147 812 septem
1177 758 1337 795 voces
1366 741 1514 795 inter
1541 758 1601 795 se
1637 741 1749 795 sint
1775 741 1890 795 dis-

291 844 464 894 sonae,
487 833 682 883 octava
700 846 829 883 cum
851 829 1036 900 prima
1079 831 1395 885 concordat.
1430 830 1591 894 Quod
1617 831 1709 884 ille
1730 847 1890 900 egre-

289 917 421 986 gius
440 918 648 972 artium
679 918 1046 989 investigator
1102 919 1174 990 (6)
1226 919 1538 974 rectissime
1593 919 1893 990 perpendit

292 1005 564 1077 quoniam
592 1007 676 1060 ait
703 1029 717 1065 :

369 1095 698 1164 Obloquitur
726 1100 978 1152 numeris
1005 1103 1204 1167 septem
1241 1099 1573 1153 discrimina
1606 1115 1818 1154 vocum.

290 1181 452 1239 Sicut
480 1199 613 1254 ergo
643 1201 809 1241 omne
835 1192 1060 1258 tempus
1105 1204 1206 1258 per
1261 1194 1474 1259 septem
1519 1188 1638 1243 dies
1695 1188 1889 1255 currit,

287 1269 429 1325 dum
460 1271 720 1327 videlicet
739 1279 954 1346 septem
987 1281 1307 1340 transeunt,
1331 1281 1388 1329 et
1403 1277 1610 1330 eaedem
1628 1282 1895 1348 repetun—

287 1364 406 1426 tur,
439 1360 520 1414 sic
549 1363 761 1416 musica
778 1379 881 1433 per
907 1368 1120 1434 septem
1151 1365 1545 1419 tantummodo
1572 1382 1771 1420 vocum
1798 1381 1896 1419 va-

292 1447 528 1503 rietates
555 1450 832 1520 graditur.
856 1451 1180 1507 Notandum
1209 1458 1420 1521 tamen,
1453 1455 1601 1525 quod
1631 1459 1777 1508 notae
1793 1470 1896 1508 eaa-

289 1537 425 1591 dem
454 1543 807 1609 repetuntur,
835 1541 933 1594 sed
962 1557 1075 1596 non
1103 1542 1334 1597 omnino
1383 1544 1613 1607 eaedem,
1659 1543 1792 1614 quia
1833 1544 1893 1598 in

294 1626 483 1696 ﬁgura
501 1643 615 1681 non
636 1627 864 1682 eaedem.
887 1631 1071 1685 Aliam
1109 1648 1354 1702 namque
1381 1633 1621 1702 ﬁguram
1645 1632 1815 1686 habet
1850 1633 1894 1686 F

290 1715 467 1770 aliam
496 1715 545 1770 G
575 1716 829 1788 capitalis
856 1725 914 1774 et
953 1720 1078 1792 ipsa
1106 1721 1154 1776 G
1184 1722 1460 1794 capitalis,
1495 1723 1666 1777 aliam
1719 1737 1888 1792 quam

957 1880 1068 1914 aa
1177 1845 1573 1917 dcnca

355 1911 566 1966 Επειι.
661 1955 849 1998 καί
957 1911 1570 2024 δξσῇξήέξ

1973 663 2056 706 est
2077 653 2295 714 eadem,
2335 651 2432 706 sed
2476 667 2588 705 non
2610 651 2859 716 omnino,
2885 655 3019 722 quia
3047 670 3218 708 sonus
3247 655 3354 709 iste
3377 655 3564 725 gravis

1973 741 2189 808 est,ille
2212 745 2428 796 acutus.
2463 741 2532 793 Et
2561 740 2650 794 hic
2675 740 2914 794 canendi
2942 743 3141 796 modus
3179 743 3465 799 rarissime
3506 743 3566 797 in

1971 835 2140 884 cantu
2173 829 2414 884 usitatus
2445 829 2940 899 reperitur.Grmco
2953 836 3144 886 autem
3163 832 3430 886 vocabulo
3451 833 3568 886 dia-

1972 937 2148 990 pason
2176 919 2524 984 nominatur,
2553 918 2700 988 quod
2723 917 3129 989 interpretatur
3157 921 3226 974 de
3283 921 3566 988 omnibus,

1975 1013 2032 1063 et
2048 1009 2154 1062 hoc
2172 1024 2376 1062 nomen
2393 1006 2583 1077 habet,
2603 1007 2720 1061 sive
2759 1008 2908 1078 quod
2950 1025 3145 1064 omnes
3171 1011 3566 1066 consonantiae

1974 1098 2032 1152 in
2063 1115 2122 1151 se
2143 1098 2398 1162 includit,
2426 1097 2540 1150 sive
2571 1097 2721 1167 quod
2763 1096 2833 1150 ab
2885 1113 2998 1151 una
3026 1115 3156 1152 voce
3185 1099 3456 1153 inchoans
3493 1099 3566 1154 ad

1977 1192 2232 1241 octavam
2263 1186 2468 1240 saltum
2501 1185 2654 1250 facit,
2686 1185 2877 1256 sicque
2899 1202 3093 1240 omnes
3141 1203 3337 1241 vocum
3365 1188 3570 1242 discre-

1977 1276 2219 1347 pantias,
2253 1291 2375 1346 quae
2423 1279 2558 1328 sunt
2603 1280 2840 1345 septem,
2870 1274 2929 1328 in
2961 1291 3021 1328 se
3076 1277 3345 1333 continet.
3385 1276 3567 1340 Quam

1977 1366 2268 1438 pulchram
2297 1379 2426 1418 vero
2446 1363 3027 1435 quamquedecentem
3059 1364 3572 1434 diapasonconcor-

1978 1455 2130 1509 diam
2155 1453 2362 1507 habeat
2400 1452 2627 1523 probari
2649 1451 2910 1522 perfacile
2957 1458 3060 1519 est,
3093 1453 3140 1506 si
3169 1453 3279 1507 duo
3332 1453 3419 1507 vel
3452 1457 3568 1508 tres

1978 1543 2147 1597 simul
2171 1545 2416 1606 cantent,
2451 1541 2531 1594 ita
2560 1539 2788 1605 scilicet,
2812 1546 2876 1595 ut
2902 1557 3050 1594 unus
3077 1541 3256 1612 gravi,
3288 1541 3568 1596 secundus

1976 1637 2161 1699 acuta,
2188 1630 2392 1687 tertius
2413 1630 2707 1685 excellenti
2737 1647 2867 1684 voce
2894 1635 3089 1685 utatur
3115 1630 3222 1685 hoc
3249 1630 3433 1686 modo.

609 2022 829 2078 Laudes
865 2024 1130 2080 salvatori
1167 2040 1300 2079 voce
1337 2022 1694 2079 modulemur
1729 2024 1996 2096 supplici.

372 2124 531 2178 Acut.
647 2116 775 2170 GG
882 2113 1206 2170 GaaGd
1261 2125 1287 2157 θ

1437 2114 1766 2188 ηοειρδ
1860 2116 1996 2170 GG

608 2205 829 2261 Laudes
864 2204 1130 2258 salvatori
1164 2218 1303 2260 voce
1341 2203 1699 2259 modulemur
1735 2205 1992 2277 supplici.

383 2335 549 2392 Grav.

647 2294 774 2350 ΓΓ
886 2293 1304 2348 ΓΑΑΓΒΟ
1377 2294 1657 2349 ΒΟΑΓ
1728 2297 1778 2348 Α
1867 2294 1994 2349 ΓΓ

608 2384 827 2441 Laudes
867 2383 1137 2438 salvatori
1172 2398 1305 2438 voce
1341 2382 1698 2438 modulemur
1733 2383 1990 2456 supplici.

374 2591 649 2650 Nonnulli
669 2591 840 2646 etiam
855 2590 1127 2661 diapason
1144 2587 1569 2643 consonantiam
1587 2592 1788 2643 vocant
1815 2589 1901 2642 vel
1916 2603 1963 2661 Β
1982 2589 2222 2660 primam
2242 2591 2300 2643 et
2328 2593 2583 2643 octavam
2611 2596 2802 2644 vocem
2821 2590 2907 2644 vel
2937 2590 3170 2647 inferius
3197 2592 3570 2660 diatessaron,

1982 2683 2039 2732 et
2062 2678 2322 2749 diapente
2354 2678 2632 2749 superius,
2664 2679 2750 2732 vel
2779 2696 2808 2733 e
2857 2696 3120 2734 converso
3174 2681 3467 2747 habeatur,
3511 2686 3578 2735 ut

1981 2767 2130 2820 inter
2160 2767 2201 2821 C
2231 2771 2288 2820 et
2307 2783 2356 2834 c,
2384 2767 2588 2821 interD
2629 2772 2686 2821 et
2726 2767 2782 2835 d,
2821 2767 2970 2823 inter
2990 2770 3032 2823 E
3062 2773 3119 2824 et
3142 2786 3193 2837 e,
3215 2770 3365 2840 quod
3385 2769 3445 2824 in
3468 2770 3574 2824 hac

1981 2856 2162 2927 ﬁgura
2190 2855 2544 2910 considerare
2570 2861 2751 2927 potes.

305 2689 540 2757 propter
563 2680 1003 2754 proportionem,
1035 2678 1120 2732 vel
1151 2678 1284 2748 quia
1307 2678 1365 2731 in
1405 2677 1589 2748 prima
1624 2683 1681 2732 et
1708 2681 1902 2732 octava

299 2788 607 2828 consonam
637 2769 820 2824 reddit
839 2767 1299 2831 modulationem,
1331 2766 1418 2819 vel
1467 2765 1637 2819 etiam
1663 2766 1798 2837 quia
1833 2784 1899 2820 ex

295 2860 680 2916 consonantiis
709 2863 945 2924 constat,
979 2856 1258 2927 siquidem
1312 2855 1663 2909 diatessaron
1707 2860 1765 2909 et
1786 2855 1901 2909 dia-

293 2955 468 3023 pente
497 2949 849 3004 constituunt
873 2945 1165 3017 diapason,
1215 2943 1531 3017 praesertim
1577 2959 1706 2998 cum
1752 2943 1902 2998 inter

1629 3332 1723 3421 ..ςῶ
1736 3325 1749 3348 ⁸
1805 3367 1840 3403 o
1979 3367 2014 3403 θ
2050 3297 2178 3420 €54

1578 3409 1663 3497 (ᾦκ
1896 3409 1933 3462 d
2161 3409 2262 3488 00/

1498 3480 1589 3582 “se,
1618 3526 1691 3595 οὓ
2163 3479 2356 3610 (ἓθέα

1342 3584 1488 3725 χῶὖῦ
1496 3589 1736 3730 ερθςιὲθᾳ
1757 3690 1806 3732 ᾳ
1917 3517 2190 3715 \035
2218 3600 2322 3702 θρθ
2358 3596 2460 3692 ἕνα

1315 3733 1344 3770 o
1437 3715 1504 3772 ’ἐτ’
1581 3716 1638 3773 6?
1712 3719 1772 3779 ςο
2053 3707 2132 3795 οξρ
2165 3697 2269 3790 ὀοφ
2313 3691 2410 3785 θέε,
2443 3684 2568 3786 ἢκ.

1177 3756 1323 3904 $6“?
1352 3771 1453 3862 $3,
1472 3760 1596 3881 δέ)
1603 3767 1730 3886 φθέδ
2107 3776 2239 3888 θθομ
2260 3769 2314 3830 ᾧ
2540 3769 2630 3871 (<9:

1149 4023 1204 4078 θ
1297 4042 1331 4080 ³
1444 4029 1499 4097 α
1783 4031 2047 4140 ἕ·
2356 4010 2402 4069 F
2520 4007 2566 4060 θ
2657 4030 2692 4069 ⁸

1579 4177 1663 4260 6%
1783 4143 1837 4178 τι
1880 4127 1932 4159 τ’
1978 4145 2032 4180 τι
2191 4147 2295 4249 ᾂᾷ
2325 4211 2371 4262 ἢ

1517 4251 1552 4286 θ
1649 4244 1682 4278 θ
2148 4232 2203 4288 ςὲδ
2283 4235 2352 4289 ὼε

1399 4272 1495 4369 9’0
1533 4261 1778 4382 ’09yoéa’o
2057 4273 2161 4376 eis?
2177 4279 2304 4394 θεῷ
2332 4283 2438 4386 ᾀᾷ

1489 4359 1717 4522 9οέςέἲο
2022 4361 2069 4404 δ
2097 4369 2346 4512 ὒῡδοῷέδ

2166 4497 2214 4540 ὁ

1779 4657 1835 4712 ς)
1893 4602 1941 4658 D
2058 4598 2121 4661 Θ

368 4924 452 4996 (6)
494 4924 784 4996 Virgilius.

367 4992 446 5064 (7')
490 4996 556 5051 In
579 4992 730 5051 scala
762 4997 980 5051 musica
1004 5011 1108 5050 vox
1133 4994 1320 5066 gravis
1353 4999 1410 5050 et
1439 4998 1608 5049 acuta
1635 4993 1717 5048 ita
1743 4993 2076 5066 exprimitur
2103 4993 2313 5049 nostris
2342 4992 2571 5047 notulis.

1659 5371 1957 5388 Ἥ

1758 5333 1956 5346 ..ὤ

1971 5378 2154 5387 _——.__

2090 5293 2387 5305 _—_—.___

2754 5336 2998 5346 —.————

2161 5379 2318 5388 ——~—-——

2328 5323 3595 5397 -ί--δ-ἷΙ-ι--Ι--ι---ἷ

2072 5446 2166 5485 mo
2310 5431 2386 5486 du
2534 5433 2586 5492 le
2728 5451 2857 5490 mur
2964 5450 3068 5505 sup
3206 5432 3284 5507 pli
3435 5433 3486 5488 ci

269 5561 597 5622 Excellens
621 5577 756 5616 vero
787 5561 844 5615 in
875 5575 1144 5632 suprema
1166 5564 1360 5614 octava
1387 5573 1487 5613 seu
1515 5557 1880 5628 bisdiapason
1903 5555 2285 5612 constituitur.
